4596 6406
451 427 513 490 648
1034 423 1081 477 EX
1100 421 1276 477 caucana
1293 422 1332 476 lx
1351 421 1531 477 anemurio

558 594 611 660 Ad
629 596 690 661 hec
707 595 792 660 idern
809 595 971 661 mendacii
998 597 1095 677 filius,
1118 596 1281 660 falsitates
1297 595 1497 660 falsitatibus
1513 596 1693 673 cumulans,
1717 601 1752 658 ut
1779 616 1843 679 quo
1858 596 1955 681 plura
1978 594 2116 659 menda-

454 702 577 764 ciorum
594 701 675 764 retia
692 700 814 765 orditus
839 700 946 780 fuerit,
971 722 1009 764 eo
1028 700 1232 785 gravioribus
1250 721 1284 764 sc
1301 699 1412 764 dolcat
1428 700 1581 784 periculis
1597 700 1769 778 irretitum,
1794 699 1834 762 de
1851 699 1945 763 nohis
1962 698 2118 763 mendaci

453 805 614 889 scriptura
635 804 835 890 pronuntiat,
860 803 946 888 quod
971 806 1011 885 oi,
1035 811 1070 868 ut
1092 803 1323 868 Lombardiam
1340 804 1495 889 pacificus
1512 811 1544 866 ct
1561 803 1695 867 inermis
1711 803 1856 884 intraret,
1881 804 2116 889 promittentes

331 921 369 963 Es·
384 925 438 973 los·
454 908 540 993 quod
562 929 680 994 aspera
703 908 766 972 sibi
789 915 1055 973 converteremus
1078 908 1241 994 inplens,
1264 929 1323 993 pro
1340 929 1400 971 sua
1416 907 1605 971 confusione
1623 907 1859 992 suggessimus,
1887 916 1920 973 et
1945 929 2011 970 non
2036 929 2115 993 per·

454 1013 622 1077 misimus⁸
650 1011 744 1075 obice
773 1012 959 1075 nuntiorum
990 1018 1023 1075 ct
1054 1012 1234 1076 litterarum
1264 1018 1448 1075 nostrarum
1477 1011 1669 1075 intentionis
1704 1033 1762 1077 sue
1796 1019 1901 1075 metas
1934 1013 2115 1098 attingere.

454 1116 504 1180 Ac
527 1113 660 1194 deinde,
690 1116 765 1200 quia
797 1114 859 1178 sibi
882 1116 1030 1200 potentia
1051 1135 1117 1178 nou
1140 1115 1381 1198 suffragabatur
1403 1135 1587 1193 armorum,
1617 1114 1651 1176 in
1675 1134 1812 1199 regnum
1836 1115 1941 1180 redire
1966 1123 2117 1196 coactus,

455 1219 496 1284 ad
526 1218 715 1282 instantiam
745 1226 891 1282 nostram
913 1218 1080 1282 Romanos
1109 1225 1185 1281 tunc
1209 1218 1395 1283 Viterbium
1426 1219 1658 1304 impugnantes
1686 1217 1852 1284 diffidasse
1880 1227 1913 1284 et
1942 1221 1975 1284 in
1999 1220 2116 1285 Viter-

455 1323 619 1386 hiensium
651 1320 834 1387 subsidium
869 1329 1034 1387 strenuam
1068 1322 1199 1386 misisse
1234 1322 1384 1385 militiam
1418 1343 1454 1386 se
1485 1323 1569 1386 salso
1604 1323 1740 1398 asserit;
1776 1345 1901 1409 nosque
1936 1324 2116 1411 scripsisse

455 1427 613 1491 Romanis
636 1426 670 1490 id
693 1431 805 1512 preter
828 1427 1062 1490 conscientiam
1085 1432 1229 1490 nostram
1253 1426 1340 1505 fieri,
1369 1431 1403 1489 et
1436 1447 1509 1489 cum
1533 1427 1615 1512 ipsis
1639 1448 1678 1491 eo
1701 1428 1888 1514 irrequisito
1911 1428 2115 1492 refonnasse

457 1528 665 1595 concordiam
696 1529 730 1593 in
757 1529 924 1615 querelam
954 1528 1104 1606 adducit,
1135 1551 1220 1594 novo
1251 1530 1315 1593 sibi
1346 1528 1510 1594 blanditus
1538 1529 1725 1610 mendacio,
1757 1531 1843 1615 quod
1872 1529 2116 1597 dissidentibus

457 1635 576 1700 iterum
605 1634 646 1697 ab
671 1634 812 1699 ecclesie
843 1655 925 1719 pace
948 1632 1124 1712 Romanis,
1152 1633 1239 1698 idem
1267 1655 1332 1698 non
1363 1640 1498 1699 vocatus
1528 1656 1603 1699 cunr
1626 1634 1769 1700 Corrado
1799 1642 1876 1700 nato
1906 1657 1983 1713 suo,
2013 1657 2117 1722 quern

457 1737 551 1802 nobis
576 1737 732 1801 obtulerit
755 1736 914 1816 obsidem,
937 1737 978 1801 ad
1001 1738 1204 1823 presentiam
1226 1744 1372 1802 nostram
1395 1738 1617 1824 personaliter
1639 1740 1775 1804 veniens
1792 1745 1826 1803 et
1841 1739 1976 1804 arbitrio
1998 1745 2117 1803 nostro

457 1848 579 1905 motam
602 1841 818 1926 interipsum
842 1847 875 1906 et
889 1839 1094 1904 Lombardos
1118 1839 1282 1906 discordie
1307 1862 1439 1905 causam
1464 1861 1650 1927 exponens,
1674 1849 1795 1906 terram
1818 1843 1906 1907 sedis
1929 1844 2117 1929 apostolice

458 1951 649 2031 occupatam
673 1945 743 2009 eius
767 1945 830 2008 iuri
853 1945 997 2009 restituit
1020 1951 1054 2009 ct
1076 1944 1262 2008 libertatem
1279 1935 1548 2008 ecclesiasticam
1563 1945 1596 2009 in
1620 1952 1740 2010 statum
1756 1946 1898 2032 primum
1914 1953 1948 2012 et
1963 1947 2117 2012 debitum

459 2050 658 2114 reformavit.
705 2048 881 2112 Outinam
905 2049 967 2112 iste
991 2046 1159 2111 falsidicus
1185 2056 1274 2112 esset
1297 2048 1345 2112 vir
1368 2048 1494 2113 habens
1525 2049 1689 2134 spiritum!
1725 2049 1900 2115 Outinam
1923 2050 2117 2115 huiusmodi

461 2153 645 2239 propositio
668 2153 823 2217 falsitatis
847 2173 959 2216 verum
981 2150 1153 2216 habuisset
1176 2156 1344 2216 eventum!
1377 2151 1487 2238 Ipsius
1509 2174 1588 2217 vero
1612 2153 1796 2237 negotium,
1821 2154 1907 2238 quod
1929 2176 1989 2242 per·
2013 2176 2118 2220 vene-

460 2256 598 2321 rabilem
627 2257 761 2320 fratrem
784 2263 932 2322 nostrum
955 2256 1238 2343 archiepiscopum
1261 2256 1486 2322 Ravennatem
1511 2257 1551 2322 de
1576 2257 1787 2322 restituendis
1811 2259 1841 2323 ei
1865 2266 1898 2324 et
1920 2259 2007 2324 dicto
2033 2259 2118 2324 Cor-

458 2361 537 2425 rado
560 2360 687 2424 iuribus
711 2361 792 2447 ipsis
815 2361 848 2425 in
871 2382 974 2446 regno
997 2361 1260 2425 Ierosolimitano
1286 2361 1461 2425 subtractis
1485 2360 1667 2425 ordinatum
1690 2363 1808 2439 fuerat,
1831 2384 1900 2442 nos,
1924 2384 2023 2449 quam
2049 2363 2117 2428 cito

459 2465 570 2530 delata
591 2464 699 2550 potuit
721 2464 887 2530 numerari
910 2464 1061 2550 pecunia,
1085 2463 1302 2543 destruxisse,
1331 2462 1485 2528 fidelibus
1509 2464 1587 2544 suis,
1612 2485 1693 2548 quos
1716 2485 1782 2528 non
1805 2466 1875 2532 sine
1899 2467 2118 2532 ecclesiarum

459 2569 619 2634 incendiis
643 2576 677 2634 et
699 2568 866 2633 hominum
892 2569 1057 2652 stragibus
1080 2568 1210 2632 hostilis
1233 2567 1427 2633 devastabat
1450 2569 1600 2649 insultus,
1624 2569 1728 2655 ipsius
1752 2569 1960 2634 interdixisse
1978 2591 2118 2635 succur-

459 2694 548 2751 sum,
581 2679 614 2737 et
645 2672 686 2737 ob
718 2670 751 2735 id
781 2693 841 2737 nos
872 2673 1021 2736 nuntium
1050 2673 1197 2737 noluisse
1227 2674 1280 2737 vel
1310 2673 1437 2738 litteras
1461 2672 1641 2751 destinare,
1674 2673 1858 2738 contrarius
1883 2673 2011 2738 veritati
2037 2697 2120 2738 con-

459 2777 616 2860 queritur.
668 2776 718 2841 Ac
743 2776 919 2841 Civitatem
943 2776 1089 2841 castelle
1121 2782 1233 2840 contra
1263 2776 1401 2840 formam
1429 2776 1520 2863 pacis
1545 2783 1577 2840 ot
1599 2777 1735 2840 fratrum
1759 2783 1944 2840 nostrorum
1977 2776 2122 2840 consilia

460 2880 494 2943 in
524 2879 575 2943 sui
606 2879 685 2944 iuris
716 2879 932 2966 preiudicium
962 2880 1102 2946 detineri
1133 2901 1153 2944 a
1180 2878 1289 2959 nobis,
1324 2880 1392 2944 suis
1428 2901 1563 2945 exarare
1601 2880 1719 2944 litteris
1752 2880 1827 2944 stilo
1859 2878 2024 2944 mendacii
2053 2901 2121 2944 non

460 2989 602 3048 veretur.

571 3086 764 3171 Quanquam
788 3094 897 3150 autem
921 3086 984 3150 hiis
1008 3086 1174 3170 figmentis
1199 3085 1328 3150 modica
1344 3087 1465 3150 veritas
1488 3086 1679 3150 intermixta
1695 3085 1817 3170 aliquid
1840 3087 1958 3151 coloris
1982 3085 2117 3166 adiciat,
2173 3107 2198 3144 as

461 3196 498 3253 ut
520 3195 631 3254 tamen
655 3189 848 3274 intelligatis
871 3190 1027 3275 apertius,
1052 3188 1139 3274 quod
1163 3195 1263 3252 totam
1288 3190 1385 3252 huius
1410 3190 1583 3254 commenti
1601 3190 1720 3254 seriem
1737 3211 1801 3254 nou
1818 3190 1946 3254 modica
1961 3190 2120 3266 falsitatis

463 3291 604 3358 adiectio
636 3293 819 3372 decolorat,
858 3314 916 3378 pro
947 3299 1037 3356 certo
1067 3292 1202 3372 scitote,
1238 3291 1324 3377 quod
1352 3314 1442 3372 cunr,
1473 3293 1557 3357 sicut
1583 3315 1668 3358 nunc
1703 3315 1745 3359 ex
1777 3301 1961 3380 temporum
1995 3301 2121 3358 eventu

462 3397 680 3477 convincitur,
712 3397 853 3462 discrete
885 3397 988 3460 monti
1016 3396 1227 3460 verisimilius
1262 3395 1429 3460 videretur
1457 3397 1565 3481 ipsum
1595 3394 1636 3460 dc
1659 3397 1852 3461 Lombardis
1880 3418 1975 3462 suum
2006 3398 2120 3483 potius

462 3485 618 3586 consequi
634 3500 835 3586 propositum
852 3499 1010 3586 potuisse,
1035 3498 1062 3560 si
1079 3519 1114 3562 se
1132 3498 1206 3574 illis,
1221 3521 1303 3583 quos
1319 3500 1512 3585 populorum
1529 3499 1745 3564 numerositas
1762 3499 2029 3586 profunditasque
2047 3502 2119 3564 val-

462 3605 578 3684 lorum,
602 3625 764 3668 armorum
779 3603 874 3689 copia
896 3624 934 3666 ac
957 3622 1123 3665 murorum
1147 3601 1254 3665 reddit
1276 3601 1416 3666 altitudo
1440 3603 1591 3680 munitos,
1617 3604 1748 3689 pietatis
1765 3611 1891 3690 patrem
1909 3603 2119 3669 exhibuisset

462 3716 495 3773 et
518 3708 692 3772 clementie
717 3707 893 3786 dominum,
917 3727 1015 3791 quam
1039 3705 1067 3768 si
1083 3705 1299 3769 trementibus
1322 3727 1381 3792 pro
1406 3707 1502 3792 culpa
1517 3707 1670 3794 imposita
1686 3707 1824 3772 subditis
1844 3706 1977 3771 ultionis
1999 3715 2119 3772 exerto

463 3832 618 3876 mucrone
642 3811 799 3876 terribilis
822 3811 855 3873 in
879 3809 992 3873 cuncis
1016 3815 1205 3873 occurreret
1228 3815 1441 3890 armatomm,
1471 3809 1503 3874 ci
1525 3831 1601 3888 uos,
1630 3811 1685 3895 qui
1713 3811 1800 3875 bona
1828 3812 1917 3896 pacis
1941 3831 2119 3896 procurare

461 3921 625 3993 tenemur,
652 3912 824 3978 bonafide
849 3913 1029 3992 suasimus,
1060 3918 1095 3976 ut
1118 3919 1242 3976 armate
1267 3913 1383 3978 militie
1407 3913 1527 3976 omisso
1552 3921 1676 3978 terrore
1706 3912 1766 3977 sub
1797 3913 1991 3978 indictamm
2015 3915 2119 3977 ornis-

462 4019 553 4083 sione
576 4038 735 4102 penarum
759 4022 793 4081 ct
816 4016 1050 4080 beneficiorum
1075 4016 1240 4082 oblatione
1265 4016 1339 4080 illos
1366 4016 1408 4081 ad
1435 4016 1562 4101 imperii
1587 4017 1795 4082 devotionem
1820 4017 2003 4082 reduceret.
2051 4015 2118 4089 Qui

463 4122 526 4186 etsi
548 4121 583 4185 in
605 4120 837 4185 Lombardiam
860 4121 990 4184 famulis
1015 4119 1154 4207 stipatus
1178 4120 1357 4186 inermibus
1381 4121 1591 4197 accessisset,
1622 4121 1699 4206 quia
1721 4127 1832 4185 tamen
1856 4120 1985 4186 consilii
2007 4119 2116 4184 fidelis

463 4226 583 4289 oblitus
617 4224 650 4288 in
683 4232 811 4309 partem
845 4223 1114 4289 Cremonensium
1150 4224 1271 4289 cedens
1294 4231 1384 4288 actor
1411 4224 1516 4288 factus
1548 4231 1599 4288 est
1631 4225 1809 4302 scismatis,
1846 4224 2047 4309 scissamque
2082 4223 2117 4286 in

462 4328 643 4393 discordias
672 4325 903 4391 Lombardiam
932 4328 1048 4391 fortius
1087 4328 1235 4392 scindere
1272 4335 1304 4391 et
1333 4326 1599 4392 Mediolanenses
1633 4350 1653 4391 a
1680 4349 1716 4392 so
1745 4328 1924 4392 terroribus
1955 4332 1989 4391 et
2016 4327 2117 4390 minis

462 4433 596 4517 abigere
621 4429 755 4509 studuit,
779 4453 861 4515 quos
885 4451 958 4496 cum
981 4431 1121 4496 adversa
1144 4440 1236 4516 parte
1259 4429 1300 4494 ad
1323 4431 1482 4494 unitatem
1506 4429 1636 4496 trahere
1654 4431 1762 4516 potius
1779 4430 1893 4496 debuit
1908 4431 1941 4494 in
1960 4429 2116 4494 funiculis

464 4536 619 4615 caritatis,
643 4554 708 4599 uon
733 4541 783 4599 est
806 4535 892 4621 quod
915 4541 1027 4600 nostre
1050 4535 1229 4621 imputetur
1251 4534 1448 4612 innocentie,
1473 4535 1501 4598 si
1525 4556 1583 4621 spe
1599 4535 1772 4618 frustratus
1789 4535 1822 4598 in
1839 4534 1993 4620 Apuliam
2008 4533 2116 4612 rediit,

463 4639 534 4723 ipso
559 4639 630 4722 spei
654 4647 811 4724 concepte
835 4639 1004 4703 interitum
1020 4646 1226 4725 procurante.
1265 4639 1346 4702 Post
1358 4639 1419 4703 hec
1436 4659 1534 4722 super
1546 4638 1684 4702 tuitione
1701 4637 1863 4703 libertatis
1880 4638 2115 4718 ecclesiastice,

463 4763 561 4828 super
583 4741 777 4827 extirpanda
799 4742 945 4806 heretica
967 4742 1127 4826 pravitate
1151 4741 1272 4804 nostris
1296 4740 1511 4826 beneplacitis
1533 4746 1683 4826 paratum
1708 4762 1743 4804 ss
1767 4739 1929 4816 obtulit¹;
1952 4741 1993 4805 ad
2017 4762 2116 4827 quem

462 4867 632 4910 recurrens
663 4845 774 4909 littera
801 4850 914 4909 nostra
941 4843 1124 4930 respondit,
1157 4842 1244 4928 quod
1274 4864 1347 4907 cum
1379 4844 1412 4906 in
1441 4864 1543 4928 regno
1574 4865 1653 4925 suo,
1681 4843 1739 4908 ubi
1767 4845 1876 4909 nullus
1905 4864 2036 4910 uranum
2064 4847 2119 4911 vel

464 4947 582 5034 pedem
605 4950 729 5035 absque
753 4949 855 5035 ipsius
878 4956 988 5014 movet
1011 4947 1149 5033 imperio
1159 4947 1182 5024 ²,
1206 4947 1238 5010 in
1262 4947 1359 5011 fidem
1383 4947 1578 5012 catholicam
1594 4947 1722 5012 heresis
1739 4947 1837 5013 latius
1853 4969 1981 5014 venena
1997 4949 2118 5013 dition-

464 5053 559 5118 deret
581 5059 615 5118 et
637 5054 772 5118 libertas
797 5053 939 5118 ecclesis
963 5052 1058 5138 quasi
1080 5052 1211 5137 penitus
1229 5053 1419 5116 conculcata
1436 5051 1569 5133 iaceret,
1593 5073 1658 5115 non
1675 5051 1871 5117 credebatur
1886 5053 1985 5138 capiti
2001 5053 2119 5117 salutis

463 5156 619 5222 adhibere
641 5157 834 5238 remedium,
857 5156 912 5241 qui
934 5156 1052 5243 pedem
1077 5177 1135 5220 suo
1159 5155 1345 5220 reddiderat
1369 5163 1520 5221 contactu
1541 5154 1740 5221 morbosum.
1780 5156 1898 5242 Sisque
1922 5177 2118 5242 responsum
2175 5189 2202 5230 ιι

569 5416 591 5481 ·)
609 5418 747 5484 permissus
765 5415 797 5468 B.

566 5550 593 5612 1)
614 5551 691 5619 ΟΜ.
704 5555 769 5615 488,
779 5554 834 5605 495
846 5554 943 5606 attor.
1013 5551 1042 5618 2)
1059 5549 1114 5604 Sed
1124 5551 1192 5605 baec
1202 5551 1285 5604 uerba
1296 5567 1322 5604 a.
1336 5555 1417 5616 1236,
1438 5550 1495 5606 Oct.
1508 5555 1554 5616 23,
1569 5568 1600 5620 p.
1615 5555 1679 5614 602,
1698 5551 1737 5604 lin
1757 5555 1800 5616 21,
1818 5550 1980 5621 imperatori
1991 5551 2123 5621 scripsit,-

462 5636 493 5689 s'a
511 5635 610 5692 litteris
628 5636 717 5690 adbuc
735 5638 903 5702 extantibus,
921 5655 992 5710 quae
1009 5637 1039 5691 in
1056 5637 1111 5706 fiae
1129 5654 1155 5690 a.
1174 5643 1243 5692 1132
1261 5642 1286 5692 et
1303 5636 1384 5692 initio
1403 5653 1428 5693 ιι.
1447 5643 1517 5694 1233
1534 5637 1618 5694 eidam
1635 5638 1736 5692 missae
1754 5643 1828 5702 suat,
1846 5653 1931 5711 neque
1947 5637 2014 5692 hacc
2030 5655 2122 5711 nequa

464 5723 607 5791 sequentia
624 5723 761 5796 leguntur.
