4448 6420
666 331 867 388 EPISTOLAII
885 332 1073 389 SEDEC'I'AE.
1110 335 1185 390 1223.
1692 343 1750 404 157

100 501 254 568 Ceterum
286 505 362 589 quia
389 526 454 569 non
483 504 688 570 obliviscitur
717 505 879 571 Dominus
909 507 1075 588 misereri,
1106 529 1147 572 nc
1178 509 1295 574 saltem
1327 530 1445 576 nomen
1478 534 1571 577 suum
1603 521 1750 578 sanctum

99 609 236 673 ulterius
267 610 300 672 in
330 610 484 694 gentibus
512 611 774 696 blasphemetur,
812 632 889 676 ecoe
920 615 1097 699 resumpsit
1127 635 1260 679 causam
1292 615 1457 706 propriam
1486 615 1752 703 promovendam,

100 713 268 796 negotium
291 711 392 778 Terre
417 712 536 778 Sancte
560 715 688 779 noviter
712 714 933 781 instaurando.
979 715 1074 780 Adeo
1105 718 1191 782 enim
1214 739 1270 782 cor
1291 718 1456 782 karissimi
1484 719 1517 782 in
1540 717 1670 784 Christo
1693 718 1753 782 filii

100 815 204 879 nostri
225 812 431 902 FlridericiJ,
459 815 683 881 Romanorum
706 818 914 903 imperatoris
938 839 1069 905 semper
1096 821 1228 905 augusti
1255 827 1289 885 ct
1317 822 1406 905 regis
1430 820 1558 898 Sicilie,
1587 821 1752 901 animavit,

100 917 190 1004 quod
213 918 255 982 ad
278 939 337 983 nos
359 919 393 982 in
416 918 630 1006 Campaniam
652 921 788 985 veniens
818 929 1018 1007 spontaneus
1047 925 1216 1009 corporale
1240 925 1385 1010 prestitit
1406 925 1639 1006 iuramentum,
1667 923 1754 1010 quod

101 1023 132 1086 in
158 1022 244 1086 festo
267 1021 357 1086 beati
371 1021 526 1087 Iohannis
542 1023 685 1109 baptiste
709 1025 814 1110 primo
837 1024 947 1088 futuro
969 1033 1044 1110 post
1065 1026 1234 1090 biennium
1256 1027 1318 1091 iter
1336 1028 1489 1114 arripiet⁸
1511 1026 1753 1107 transfretandi,

102 1123 198 1190 etad
221 1125 443 1190 exhibendum
467 1128 596 1213 plenius
620 1148 699 1212 erga
720 1128 903 1213 predictam
928 1135 1047 1193 terram
1073 1129 1256 1195 devotionis
1281 1131 1434 1196 affectum
1456 1137 1566 1195 natam
1589 1131 1754 1196 karissimi

102 1231 134 1293 in
150 1228 283 1293 Christo
306 1229 365 1294 filii
387 1232 490 1294 nostri
506 1231 662 1295 Iohannis
678 1232 815 1296 illustris
838 1233 927 1316 regis
951 1233 1205 1298 lerosolimitani
1229 1233 1375 1298 affidavit
1396 1234 1527 1319 publice
1550 1233 1583 1299 in
1605 1255 1754 1314 uxorem,

103 1354 201 1418 quare
226 1331 259 1396 in
274 1332 392 1397 codem
407 1332 492 1397 festo
507 1335 696 1420 passagium
712 1334 889 1399 indiximus
912 1337 1078 1420 generale,
1101 1336 1227 1400 firmam
1250 1359 1341 1422 spem
1357 1337 1574 1422 fiduciamque
1590 1343 1753 1416 tenentes,

101 1435 187 1522 qnod
210 1435 432 1501 consolabitur
446 1436 607 1502 Dominus
629 1438 760 1524 plebem
785 1459 888 1519 suam,
912 1439 1088 1510 restituens
1111 1440 1206 1503 nobis
1228 1440 1410 1505 Ierusalem
1433 1447 1466 1505 et
1488 1440 1752 1525 circumpositam

101 1541 287 1623 regionem,
311 1546 345 1603 et
368 1546 531 1605 certantes
556 1561 614 1625 pro
637 1541 709 1626 ipsa
732 1541 880 1624 legitime
905 1541 1074 1605 coronabit
1097 1543 1131 1605 in
1154 1543 1210 1606 illa
1232 1542 1373 1628 figurata
1395 1563 1455 1628 per
1476 1543 1588 1622 istam,
1618 1562 1680 1626 qne
1704 1547 1755 1606 est

103 1645 255 1730 superins
284 1649 390 1708 mater
417 1651 539 1707 nostra.
584 1642 624 1706 In
653 1649 719 1706 tam
749 1662 827 1728 ergo
855 1651 968 1709 sancto
1002 1651 1035 1710 et
1063 1653 1129 1709 tam
1156 1645 1257 1710 arduo
1284 1646 1418 1730 negotio
1452 1665 1491 1710 eo
1514 1652 1547 1710 te
1570 1643 1754 1708 fiducialius

102 1748 319 1832 requirentes,
343 1767 406 1833 qno
422 1747 656 1833 promptiorem
673 1746 751 1810 fidei
774 1753 808 1810 et
822 1749 1009 1832 proniorem
1031 1747 1216 1813 devotionis
1233 1749 1385 1813 affectum
1408 1747 1530 1813 habere
1554 1754 1587 1813 te
1604 1748 1755 1811 novimus

102 1870 180 1933 erga
202 1847 322 1930 Deuin,
345 1849 551 1915 nobilitatem
574 1857 664 1914 tuam
688 1870 857 1933 rogamus,
880 1871 1050 1914 monemus
1074 1858 1108 1916 et
1132 1852 1343 1917 exhortamur
1365 1853 1397 1915 in
1421 1850 1578 1932 Domino,
1603 1851 1755 1936 quatinus

103 1955 197 2038 plura
229 1973 325 2038 quam
356 1954 579 2039 exprimamus
608 1952 786 2039 prudenter
817 1954 1024 2039 intelligens,
1056 1955 1118 2019 hoc
1151 1963 1313 2042 oportuno
1342 1961 1489 2040 tempore
1518 1953 1650 2022 domino
1678 1953 1756 2019 Iesu

104 2055 251 2134 Christo,
283 2057 338 2141 qui
361 2056 423 2122 etsi
446 2057 606 2121 bonorum
629 2063 813 2122 nostrorum
842 2078 907 2120 non
938 2063 1051 2142 egeat,
1083 2058 1232 2122 exhibita
1254 2064 1364 2123 tamen
1386 2059 1449 2123 sibi
1471 2058 1573 2142 gratis
1597 2057 1756 2142 obsequia

103 2159 254 2244 gratuitis
270 2159 541 2225 retributionibus
556 2161 858 2247 incomparabiliter
874 2168 1113 2247 recompensat,
1136 2162 1241 2226 modis
1257 2162 1375 2246 quibus
1397 2167 1492 2248 potes
1507 2161 1664 2225 assistere
1687 2181 1752 2224 non

104 2265 262 2345 desistas,
288 2265 335 2328 ita
365 2265 450 2348 quod
479 2266 675 2329 continuatis
705 2264 873 2350 obsequiis
903 2265 1037 2330 totalem
1065 2267 1183 2330 ostiam
1212 2267 1361 2352 proberis
1384 2265 1525 2330 Domino
1548 2262 1757 2328 laudabiliter

105 2367 292 2450 immolare,
315 2389 354 2432 ac
377 2367 480 2434 aliosb
505 2367 546 2432 ad
570 2367 657 2433 idem
680 2374 736 2432 tuo
759 2369 906 2434 animans
934 2369 1114 2456 exemplari
1137 2370 1294 2434 maiorem
1316 2368 1377 2434 tibi
1400 2387 1569 2455 compares
1593 2367 1758 2431 cumulum

105 2472 304 2536 meritorum.
347 2470 401 2534 Ad
428 2470 490 2536 hec
514 2492 642 2556 quoque
670 2492 735 2536 non
757 2470 968 2537 mediocriter
988 2471 1091 2538 debes
1114 2471 1225 2537 induci
1248 2493 1291 2536 ex
1319 2493 1377 2553 eo,
1400 2470 1487 2556 quod
1508 2470 1701 2536 karissimus
1724 2470 1757 2533 in

106 2573 236 2640 Christo
259 2575 345 2639 filius
368 2581 481 2639 noster
503 2574 540 2638 F.
562 2574 785 2640 Romanorum
808 2576 985 2662 imperator
1007 2577 1160 2657 illustris,
1184 2577 1270 2640 siout
1292 2575 1326 2639 in
1349 2575 1420 2640 eius
1443 2575 1561 2639 litteris
1584 2573 1756 2661 perspexi·

105 2699 175 2742 mus
200 2678 371 2760 contineri,
393 2677 517 2743 habere
540 2681 573 2742 te
596 2679 732 2764 cupiens
756 2679 789 2742 in
806 2677 928 2743 Christi
952 2679 1085 2744 servitio
1110 2680 1234 2744 socium
1258 2682 1291 2742 et
1312 2678 1505 2764 precipuum
1527 2678 1757 2757 consultorem,

105 2781 144 2846 ad
167 2788 224 2848 tue
240 2782 467 2847 subventionis
482 2781 643 2846 auxilium
665 2781 779 2847 decem
803 2782 893 2846 milia
908 2783 1113 2846 marcharum
1136 2782 1197 2846 tibi
1213 2783 1331 2847 offerat
1344 2781 1528 2846 liberaliter
1550 2787 1583 2845 et
1604 2779 1757 2860 libenter,

106 2905 197 2971 spem
220 2885 450 2950 nichilominus
473 2885 612 2949 innuens
636 2885 752 2949 auxilii
786 2886 941 2970 potioris,
971 2885 1057 2971 quod
1088 2887 1200 2972 utique
1224 2907 1290 2950 non
1312 2883 1465 2972 expedit⁰
1491 2884 1678 2971 aspernari,
1705 2902 1758 2964 ne,

47 3017 51 3053 r
108 2989 193 3074 quod
215 2995 344 3054 avertat
366 2988 537 3070 Dominus,
563 2987 687 3053 Christi
710 3009 841 3054 causam
864 2989 1102 3076 parvipendere
1126 2989 1295 3055 videreris.

213 3109 290 3175 Dat.
313 3110 467 3176 Lateran.
490 3109 521 3174 V
546 3109 621 3174 Kal.
645 3110 735 3191 lllaii,
759 3111 967 3196 pontificatus
990 3112 1093 3175 nostri
1117 3131 1201 3175 anno
1224 3109 1301 3175 VII.

729 3389 1141 3398 m

218 3764 407 3858 Honorius
421 3791 487 3856 111
500 3805 591 3873 papa
612 3790 770 3855 estesse
788 3788 908 3856 careri·
927 3787 1073 3869 sarrae
1092 3806 1150 3867 per
1167 3783 1420 3866 passaranum
1440 3781 1760 3865 Hierosolymorum

110 3901 285 3966 constitutis
299 3897 440 3976 modat,
461 3900 497 3960 at
512 3893 690 3980 [liedulfo]
699 3891 912 3975 patriarchas,
935 3892 986 3956 cari
1002 3891 1119 3972 plenae
1134 3888 1299 3972 legationis
1315 3887 1453 3970 officium
1474 3887 1509 3949 ia
1527 3885 1625 3950 Terra
1641 3885 1761 3951 Sancto

111 4004 297 4081 arcessit,
320 4001 481 4066 humititer
502 3997 679 4064 tateodaat.
722 4001 723 4004 ’
1396 3994 1490 4066 1223,
1514 3989 1598 4054 Mai.
1622 3991 1674 4053 12.

212 4121 289 4176 noa.
307 4121 365 4175 111
379 4119 446 4192 Rep.
471 4119 526 4174 ror.
545 4117 598 4183 ιν,
617 4122 666 4185 rr,-
685 4116 746 4170 aa.
771 4115 835 4180 vn,
854 4119 917 4170 153.

112 4351 474 4446 Archiepiscopis
513 4355 556 4423 et
588 4348 819 4441 episcopis
853 4352 898 4420 et
932 4343 1158 4436 magistris
1194 4347 1235 4416 et
1271 4341 1483 4416 fratribus
1511 4338 1762 4433 Hospitalis

112 4481 152 4551 et
177 4473 354 4566 Templi
387 4493 434 4546 ac
467 4473 622 4544 domus
649 4469 1031 4544 Theutonicorum
1065 4464 1321 4556 ceterisque
1348 4460 1516 4535 Christi
1551 4460 1763 4534 fidelibus

203 4587 432 4668 universis
458 4613 540 4686 per
567 4592 927 4685 patriarchatum
953 4586 1362 4662 lerosolimitanum
1390 4582 1663 4657 constitutis,

221 4739 257 4804 Si
279 4738 373 4804 Deus
401 4729 748 4823 incircumscriptibilis
776 4744 810 4800 et
836 4736 1030 4815 immensus,
1061 4734 1116 4819 qui
1145 4755 1205 4798 nec
1232 4733 1342 4818 aliquo
1365 4730 1543 4797 includitur
1564 4729 1635 4795 loco
1659 4751 1763 4795 neca

114 4865 276 4930 quoquam
300 4841 495 4922 excluditur,
519 4847 570 4906 set
593 4841 740 4906 existens
763 4841 849 4905 intra
871 4839 980 4904 omnia
1002 4858 1065 4902 non
1082 4838 1239 4918 inclusus,
1263 4842 1358 4901 extra
1380 4835 1489 4899 omnia
1508 4853 1574 4897 non
1597 4834 1763 4914 exclusus,

113 4971 170 5014 sua
192 4948 365 5014 maiestate
389 4947 494 5032 replet
517 4951 550 5012 et
571 4945 688 5010 circuit
702 4944 864 5019 universa,
887 4941 1118 5007 nichilominus
1135 4940 1327 5025 angelorum
1342 4937 1524 5002 ministeria
1544 4936 1628 5002 miro
1650 4934 1763 5000 ordine

113 5055 257 5138 miraque
280 5050 467 5138 provisione
484 5049 662 5135 dispensat,
687 5049 769 5112 alios
792 5048 866 5112 aliis
888 5045 1047 5112 ineffabili
1062 5044 1270 5131 providentia
1291 5039 1512 5130 preponendo,
1535 5040 1636 5104 multo
1658 5039 1763 5123 magis

113 5177 188 5238 nos,
220 5155 277 5242 qui
304 5155 401 5219 simul
429 5154 463 5218 in
493 5152 632 5218 diversis
660 5152 742 5216 locis
774 5150 988 5238 corporaliter
1017 5169 1091 5214 esse
1122 5169 1187 5213 non
1217 5168 1408 5233 possumus,
1440 5163 1578 5210 necesse
1605 5140 1764 5206 habemns

114 5258 303 5348 dispensare
326 5265 513 5322 nostrorum
534 5255 719 5321 ministeria
742 5253 947 5319 subditorum
970 5258 1004 5318 et
1025 5257 1225 5339 potestatem
1247 5249 1342 5315 nobis
1364 5271 1385 5313 a
1406 5247 1480 5314 Deo
1504 5264 1695 5311 concessam
1717 5244 1764 5309 ibi

55 5379 75 5417 ⁴0
116 5384 270 5430 exercere
295 5382 354 5448 per
375 5361 478 5442 alios,
500 5360 557 5426 ubi
581 5381 655 5426 esse
679 5359 898 5446 personaliter
919 5379 984 5423 non
1008 5358 1167 5422 valemus.
1212 5353 1256 5420 nt
1279 5351 1411 5440 quidem
1433 5357 1525 5416 tanta
1548 5354 1599 5414 est
1621 5346 1765 5413 arduitas

216 5623 242 5690 ¹)
260 5623 369 5692 arripuit
386 5622 420 5673 B.
500 5619 525 5688 ¹³)
542 5639 572 5674 ac
590 5623 622 5674 ad
638 5623 702 5676 alios
721 5621 753 5673 Β.
835 5618 856 5682 e)
875 5619 996 5688 expendit
1014 5617 1047 5670 R.
