4576 6390
445 398 508 462 432
1026 393 1074 448 EX
1092 393 1268 449 GREGORII
1285 393 1324 447 IX
1342 391 1523 449 REGIS'PRO

447 568 651 648 mandamus,
675 569 828 654 quatinus
852 568 880 632 si
895 567 1004 653 aliqua
1019 566 1367 631 excommunicationis
1384 567 1548 631 sententia
1561 566 1691 631 obiecta
1706 565 1809 631 fuerit
1825 566 2105 654 prosequentibus

446 674 554 760 ipsum
577 673 745 758 negotium
768 671 821 735 rel
844 671 985 736 testibus
1013 676 1149 757 propter
1179 669 1242 732 hoc
1271 668 1491 754 producendis
1514 670 1567 733 rel
1597 670 1694 734 alicui
1727 668 1920 750 eorundem,
1950 693 1993 735 ne
2026 693 2104 736 con-

446 777 553 861 tingat
575 782 711 862 propter
738 774 800 838 hoc
828 773 996 858 negotium
1027 771 1195 859 impediri,
1232 772 1407 837 sufficienti
1433 773 1474 837 ab
1505 772 1568 836 hiis
1591 773 1645 837 vel
1667 771 1707 836 ab
1731 794 1770 836 eo
1794 775 1945 838 cautione
1969 782 2106 862 recepta

447 878 533 965 quod
555 878 631 960 hiis,
653 899 712 965 pro
735 876 854 963 quibus
878 876 1063 940 constiterit
1084 874 1222 940 eandem
1245 877 1443 941 sententiam
1458 875 1696 940 rationabiliter
1712 896 1785 940 esse
1799 876 1934 957 illatam,
1958 899 2103 962 congrue

448 983 595 1063 satisfiet,
619 981 716 1047 etde
740 981 923 1045 manifestis
946 979 1085 1066 prestita
1106 979 1196 1065 prius
1220 978 1376 1060 emenda,
1399 979 1556 1044 relaxetis
1579 977 1762 1065 predictam
1785 981 1986 1046 sententiam
2009 981 2104 1046 iuxta

446 1086 583 1150 formam
607 1085 746 1150 ecclesie
771 1082 812 1148 ad
835 1083 1007 1148 cantelam.
1052 1081 1148 1154 Quod
1170 1082 1198 1146 si
1220 1103 1285 1146 non
1308 1103 1421 1147 omnes
1445 1089 1508 1147 etc.

556 1204 634 1270 Dat.
655 1204 809 1269 Lateran.
833 1203 886 1268 III
909 1201 987 1268 ldus
1009 1202 1106 1283 Iunii,
1129 1224 1216 1267 anno
1240 1203 1390 1288 septimo.

1069 1449 1481 1457 —-————-—-——--—-—

1231 1691 1317 1765 537.

558 1801 733 1920 Quattuor
754 1829 900 1910 acaia
924 1830 1071 1913 crepare
1091 1829 1146 1894 rx
1163 1849 1267 1909 maai
1288 1828 1326 1893 aa
1347 1829 1511 1895 merciae
1532 1831 1747 1896 Alcmenae
1768 1834 1980 1915 occupandis,
2004 1837 2040 1914 1)
2061 1833 2106 1898 aa

448 1929 665 2018 [Sipcfriium
686 1932 767 2016 111]
787 1932 1050 2013 archiepiscopum
1072 1931 1307 2013 Mopsmtirmm,
1331 1931 1531 2016 [Commium
1544 1933 1603 2018 ΙΙ]
1624 1935 1798 2016 episcmmm
1819 1936 2104 2002 Hildestsemensem

449 2041 478 2101 et
504 2037 684 2103 Conradum
705 2036 743 2100 de
764 2036 931 2119 Marbarp,
953 2039 990 2120 2)
1012 2035 1056 2100 ad
1076 2036 1231 2116 episcopos
1246 2057 1308 2115 pcr
1329 2035 1554 2119 Mopaatmam
1569 2040 1769 2120 provinciam
1790 2040 1980 2116 cmstitutas,
2002 2042 2039 2118 3)
2061 2040 2106 2104 ad

448 2139 647 2204 Fridericum
663 2139 878 2204 Romanorum
899 2139 1125 2219 imperatorem,
1147 2141 1184 2221 4)
1207 2137 1251 2202 ad
1265 2138 1441 2203 Hearicum
1462 2161 1561 2222 repom
1584 2142 1652 2205 cias
1663 2141 1769 2222 fitium
1782 2141 1937 2221 directac;
1959 2142 2107 2207 describit

447 2243 539 2320 ritus,
561 2263 638 2325 quoa
659 2243 788 2325 quidam
809 2243 957 2307 baeretici
971 2242 1138 2321 observent,
1159 2242 1363 2322 hortaturque
1378 2247 1537 2307 utcontra
1552 2243 1670 2307 cosdem
1684 2245 1895 2324 spiritualiter
1908 2249 1938 2309 et
1953 2251 2107 2326 tenspora-

449 2345 522 2411 liter
540 2345 720 2427 procedant.
1560 2349 1654 2424 1233,
1678 2345 1754 2413 Ian.
1779 2351 1829 2422 13,
1853 2350 1894 2410 14
1916 2351 1945 2411 et
1967 2352 2017 2411 11.

553 2467 634 2534 Grep.
653 2466 703 2520 IX
723 2465 793 2534 Rea.
815 2465 873 2519 Vct.
893 2463 945 2528 IV,
966 2468 1101 2530 53-55;
1127 2464 1191 2519 Lib.
1214 2464 1284 2529 VII,
1308 2469 1369 2533 177,
1393 2467 1546 2531 178,179,
1568 2469 1632 2519 180.
1681 2467 1727 2520 Aa
1745 2465 1808 2521 Lib.
1830 2465 1905 2535 VII,
1928 2469 1982 2520 177
2000 2465 2107 2520 Pertrii

448 2551 587 2620 excerptor
604 2551 790 2620 supplevimus
808 2569 842 2604 es
860 2551 950 2620 Rapa.
970 2567 996 2603 a.
1015 2553 1097 2613 1233,
1115 2554 1132 2614 ἕ
1150 2554 1264 2604 42-45.

553 2636 690 2705 Pettium,
708 2636 778 2707 Bep.
798 2639 881 2706 9230,
901 2639 980 2700 9231,
1000 2639 1080 2690 9229.

1261 2756 1288 2820 Ι.

451 2884 842 2976 ..archiepiscopo
869 2882 1141 2975 maguntino,
1170 2885 1442 2978 ..episcopo
1469 2884 1796 2959 Hildesemensi
1823 2891 1865 2960 et
1891 2887 2105 2979 magistro

727 3003 932 3077 Conrado
961 3004 1011 3078 de
1038 3004 1267 3094 Marbuch,
1295 3006 1567 3097 predicatori
1594 3007 1718 3080 verbi
1744 3005 1831 3079 Dei.

285 3187 433 3238 mm,
558 3152 636 3218 Vox
657 3153 691 3217 in
713 3151 818 3217 Rama
840 3151 952 3217 audita
975 3159 1042 3234 est,
1075 3154 1221 3239 ploratus
1249 3154 1372 3218 multus
1403 3160 1436 3218 et
1463 3155 1627 3235 ulutatus,
1656 3154 1782 3221 Rachel
1806 3157 1928 3242 plorat,
1951 3154 2106 3220 videlicet

449 3254 504 3342 pia
527 3262 632 3321 mater
654 3257 804 3338 eeclesia,
833 3257 930 3336 filios,
958 3278 1039 3342 quos
1061 3257 1212 3321 diabolus
1236 3263 1358 3320 mactat
1384 3263 1417 3321 et
1439 3256 1556 3343 perdit,
1585 3264 1618 3323 et
1640 3259 1733 3342 quasi
1756 3259 2015 3345 conselationsm
2037 3279 2105 3323 non

449 3359 581 3446 recipit,
612 3359 688 3445 quia
709 3359 784 3438 filii,
812 3381 903 3425 more
926 3360 1037 3446 ripere
1060 3361 1173 3425 matris
1196 3361 1325 3425 viscera
1345 3360 1547 3441 lacerantes,
1578 3362 1683 3447 ipsam
1705 3362 1894 3428 interimere
1917 3362 2104 3427 moliuntur.

448 3463 534 3528 Nam
554 3462 727 3528 multitudo
751 3463 899 3528 dolorum
922 3465 1119 3548 urgentium,
1143 3465 1260 3549 quibus
1282 3472 1319 3528 ut
1342 3465 1527 3550 parturiens
1551 3473 1655 3530 mater
1677 3467 1749 3552 ipsa
1765 3465 1993 3545 circumdatur,
2015 3466 2105 3530 roci-

320 3593 363 3636 101,
376 3598 432 3645 spo.
449 3567 549 3632 serari
577 3587 650 3632 sam
677 3572 711 3633 et
740 3565 865 3632 dicere:
897 3566 1072 3632 ‘Ventrem
1101 3588 1211 3632 meum
1235 3566 1348 3647 doleo,
1382 3576 1531 3632 ventrem
1560 3589 1668 3633 meum
1698 3567 1815 3648 doleo’,
1845 3589 1919 3634 cum
1945 3568 2108 3655 propheta

300 3696 363 3740 ram.
378 3701 433 3749 sa.
451 3669 629 3756 compellit.
674 3668 757 3734 (lum
780 3669 867 3735 enirn
889 3670 994 3734 omnis
1018 3676 1168 3734 creatura
1190 3691 1293 3755 usque
1317 3668 1423 3734 adhuc
1446 3670 1641 3754 ingemiscat
1664 3671 1843 3736 secundum
1866 3672 2049 3758 apostolum
2073 3678 2107 3736 et

450 3774 625 3859 parturiat,
654 3773 824 3859 genitricis
850 3773 992 3846 ecclesie
1021 3794 1115 3837 sacer
1135 3780 1249 3837 uterus
1273 3773 1437 3838 viscerum
1461 3795 1593 3838 suorum
1616 3774 1727 3840 dolore
1751 3775 1918 3856 turbatur,
1948 3797 2010 3862 que
2034 3775 2104 3840 fere
2158 3802 2170 3842 a

305 3901 432 3953 narsis.
451 3877 625 3962 singularis
649 3876 812 3941 morsibus
835 3875 1073 3961 discerpuntur.
1119 3874 1181 3940 llle
1206 3874 1368 3960 siquidem
1391 3875 1526 3941 coluber
1548 3883 1725 3958 tortuosus,
1749 3898 1847 3963 quem
1870 3878 2106 3942 obstetricante

450 4000 549 4043 manu
576 3978 711 4043 Domini
739 3978 779 4044 de
808 3979 958 4045 cavernis
987 3979 1145 4065 propriis,
1180 3979 1366 4042 carnalibus
1399 3980 1524 4044 scilicet
1556 3979 1723 4045 hominum
1751 3980 1919 4060 cordibus,
1952 3979 2107 4045 eductum

450 4083 606 4169 legimus,
635 4083 690 4169 qui
721 4089 833 4147 contra
856 4102 912 4146 eos
935 4089 1059 4168 pugnat
1090 4081 1312 4162 extrinsecus,
1342 4081 1517 4167 inquibus
1541 4083 1736 4148 intrinsecus
1760 4084 1825 4148 iam
1847 4104 1912 4147 non
1935 4089 2050 4168 regnat
2073 4089 2107 4148 et

451 4205 588 4270 quorum
610 4185 788 4251 dominium
811 4187 898 4250 intus
921 4184 1082 4269 perdidit,
1111 4185 1199 4249 bella
1230 4185 1363 4249 molitur
1384 4185 1490 4265 foras,
1520 4207 1638 4250 novam
1661 4189 1925 4273 persecutionem
1954 4187 2106 4268 ecclesie,

451 4308 571 4374 sponse
596 4286 733 4370 Christi,
766 4288 865 4353 immo
888 4288 997 4353 verius
1030 4308 1150 4374 sponso
1175 4285 1324 4369 Christo,
1356 4309 1416 4374 per
1442 4289 1608 4354 ministros
1632 4310 1709 4354 suos
1733 4291 1901 4376 operarios
1923 4290 2104 4376 iniquitatis

451 4390 622 4456 instaurat.
683 4390 761 4478 lpse
791 4393 893 4472 enirn,
926 4391 981 4477 qui
1010 4391 1212 4477 aprincipio
1243 4391 1276 4454 in
1303 4391 1442 4456 veritate
1475 4414 1540 4457 non
1573 4394 1664 4458 stetit
1696 4400 1747 4458 set
1773 4400 1900 4461 mutare
1930 4394 2045 4459 nititur
2073 4394 2107 4458 in

452 4493 658 4559 mendacium
680 4494 866 4576 veritatem,
893 4501 931 4559 ut
952 4493 1050 4559 latius
1075 4515 1133 4558 sue
1156 4493 1281 4558 fraudis
1304 4495 1392 4560 virus
1416 4496 1577 4577 effundat,
1600 4495 1737 4582 perdere
1760 4505 1959 4583 pregnantes
1982 4498 2108 4562 animas

454 4597 612 4676 elaborat,
636 4616 678 4661 ne
702 4596 789 4661 fetus
813 4596 899 4678 fidei,
924 4606 1043 4682 quemt
1065 4618 1108 4661 ex
1130 4616 1241 4662 amore
1266 4597 1376 4663 divino
1400 4604 1633 4686 conceperant,
1662 4599 1704 4663 ad
1726 4607 1856 4686 partum
1876 4601 2007 4666 valeant
2029 4621 2106 4665 con-

453 4702 572 4766 sumati
605 4701 714 4787 operis
746 4703 927 4788 pervenire.
984 4700 1081 4766 Unde
1109 4722 1185 4782 nos,
1222 4702 1277 4787 qui
1312 4724 1421 4767 curam
1451 4709 1603 4768 tenemur
1637 4725 1695 4768 sue
1725 4704 1937 4770 fecunditatis
1972 4704 2107 4785 habere,

453 4805 547 4891 quasi
578 4805 721 4870 secantis
752 4804 887 4890 perfidie
919 4826 1073 4870 mucrone
1103 4805 1360 4886 conscindimur,
1395 4804 1472 4869 dum
1506 4805 1541 4869 in
1576 4807 1644 4870 suis
1673 4807 1857 4872 visceribus
1887 4807 2106 4873 hereticorum

453 4909 672 4975 scindentium
708 4909 778 4974 eius
812 4915 941 4974 uterum
975 4908 1145 4973 venenatis
1181 4909 1310 4994 sagittis
1346 4909 1423 4972 novi
1454 4909 1573 4974 erroris
1610 4917 1645 4975 et
1682 4909 1883 4975 confusionis
1922 4910 2108 4996 appetimur

280 5037 362 5082 mres.
377 5043 433 5090 aur.
452 5013 610 5079 inaudite.
656 5011 780 5077 Totusb
801 5032 941 5097 namque
966 5011 999 5075 in
1022 5012 1239 5077 amaritudine
1262 5011 1409 5076 funditur
1431 5012 1581 5098 spiritus,
1613 5013 1753 5078 effusum
1777 5019 1829 5078 est
1850 5013 1885 5077 in
1907 5020 1996 5078 terra
2017 5014 2109 5079 iecur

453 5124 611 5198 nostrum,
634 5117 765 5181 turbata
788 5123 839 5182 est
859 5115 970 5180 anima
990 5121 1102 5179 nostra
1116 5115 1212 5180 valde
1229 5137 1267 5179 ae
1284 5115 1438 5201 impletus
1458 5113 1626 5180 doloribus
1639 5123 1756 5181 venter
1770 5123 1893 5197 noster,
1917 5116 2109 5182 defecerunt

452 5243 511 5308 pre
533 5221 677 5285 lacrimis
701 5219 787 5284 oculi
811 5218 915 5284 nostri
938 5224 972 5283 et
995 5239 1094 5305 super
1117 5224 1184 5281 tam
1206 5216 1357 5281 nefandis
1386 5217 1686 5284 abominationibus
1710 5225 1978 5284 contremuerunt
1999 5240 2108 5301 renes,

454 5324 564 5390 omnia
586 5323 715 5388 viscera
745 5328 821 5387 sunt
851 5328 1027 5403 commota,
1059 5323 1238 5407 reprimere
1266 5321 1418 5385 lacrimas
1441 5328 1476 5386 et
1498 5323 1666 5388 continere
1698 5323 1838 5409 suspiria
1859 5344 1926 5387 non
1947 5325 2107 5390 valemus.
2159 5357 2187 5395 ω

454 5427 548 5494 Sicut
570 5428 657 5492 enim
685 5426 796 5492 littere
823 5432 934 5492 vestre
962 5423 1080 5511 grandi
1106 5445 1234 5490 merore
1264 5426 1362 5510 plene
1393 5431 1427 5490 st
1455 5425 1617 5491 immenso
1644 5425 1756 5493 dolore
1785 5447 1851 5491 non
1881 5447 1983 5492 vacus
2011 5427 2108 5493 nobis

562 5687 585 5757 ⁸)
604 5691 650 5757 laq.
669 5707 734 5758 quos
751 5691 791 5744 eet
807 5691 882 5758 icsra
900 5689 991 5742 valeat.
1072 5685 1097 5755 ¹³)
1115 5689 1197 5741 Tohrs
1213 5714 1247 5725 -
1265 5705 1331 5758 opus
1347 5689 1452 5742 luxuria
1470 5707 1501 5743 es
1519 5689 1604 5759 Rapa
