4560 6420
433 405 494 466 704
1042 398 1090 452 Ex
1108 397 1283 452 GREGORH
1302 398 1341 452 IX
1360 397 1545 453 sneisanc

430 571 634 660 providentie
650 594 708 636 sue
726 572 862 637 consilio
878 572 1050 652 tolerante,
1072 578 1109 634 ut
1125 571 1178 634 vel
1194 570 1236 635 ad
1253 592 1327 636 eum
1344 571 1480 636 redeant
1495 569 1616 635 utendo
1632 570 1760 634 felicius
1777 570 1931 635 libertate
1949 568 2092 648 arbitrii,

431 680 484 743 vel
506 677 637 742 demum
659 677 762 741 iustas
785 676 936 760 querelas
960 696 1024 738 non
1047 674 1192 739 habeant
1219 680 1332 739 eontra
1354 675 1462 760 ipsum
1485 673 1607 738 tamdiu
1630 673 1886 738 misericorditer
1902 673 2092 760 expectati,

431 802 557 847 necnon
574 787 611 845 ut
627 779 777 844 fidelibus
794 778 835 844 ad
852 778 1043 844 exercitium
1059 778 1188 842 virtutis
1205 777 1357 857 existant,
1381 777 1530 841 laborum
1547 796 1679 840 suorum
1696 776 1750 860 qui
1767 798 1831 840 non
1846 776 1931 862 perit
1945 777 2090 842 fructum

432 883 551 951 exinde
574 884 762 950 habituris·.
808 882 891 947 Cum
914 883 1014 968 igitur
1036 882 1100 963 hii,
1128 882 1238 969 quiin
1261 881 1398 946 Estonie
1422 881 1570 967 partibus
1593 901 1654 966 per
1676 878 1740 944 Dei
1762 879 1900 965 gratiam
1923 879 1966 942 ad
1989 878 2090 943 fidem

432 988 611 1054 Christiani
632 987 773 1053 nominis
798 992 872 1050 sunt
895 985 1056 1066 conversi,
1078 1007 1098 1050 a
1114 985 1262 1050 barbari
1276 985 1560 1051 circumstantibus
1576 984 1803 1071 multipliciter
1815 985 2035 1050 molestentur
2051 1005 2091 1047 ac

431 1114 491 1179 per
512 1092 575 1157 hee
598 1097 712 1178 petant
735 1091 798 1155 sibi
815 1111 834 1154 a
850 1089 972 1155 Christi
987 1088 1139 1154 fidelibus
1157 1089 1338 1154 subveniri:
1362 1088 1602 1154 fraternitatem
1615 1095 1758 1154 vestram
1772 1108 1945 1152 monemus
1962 1094 1997 1153 et
2011 1087 2090 1152 hor-

432 1204 539 1260 tamur
550 1196 584 1259 in
594 1194 736 1260 Domino
749 1215 788 1258 ae
800 1195 833 1260 iu
850 1179 1076 1260 remissionem
1090 1199 1273 1258 vestrorum
1289 1192 1489 1278 iniungimus
1506 1199 1725 1279 peecatorum,
1742 1197 1902 1277 quatenus
1919 1193 2091 1257 subiectos

260 1378 261 1382 Ἰ
432 1300 525 1364 vobis
548 1300 687 1386 populos
709 1298 872 1362 moneatis
895 1297 1053 1362 attentius
1076 1304 1110 1362 et
1133 1297 1311 1362 efficaciter
1334 1297 1507 1378 inducatis,
1529 1303 1566 1361 ut
1582 1296 1624 1360 ad
1639 1303 1730 1361 tante
1745 1295 1912 1360 felicitatis
1935 1295 2091 1360 bravium

260 1427 330 1470 moa.
345 1433 413 1480 saar.
432 1408 646 1490 properantes
678 1409 711 1468 et
737 1408 898 1489 ponentes
932 1422 1005 1465 eum
1031 1399 1148 1485 Moyse
1177 1399 1322 1486 gladium
1353 1423 1452 1489 supra
1478 1401 1584 1466 femur
1614 1408 1727 1465 centra
1752 1399 1939 1465 huiusmodi
1968 1405 2090 1484 gentes

432 1506 621 1571 idololatras
645 1512 678 1569 et
700 1506 857 1592 populum
880 1510 1136 1568 murmurantem
1160 1510 1291 1568 eumont
1319 1504 1353 1568 in
1381 1502 1556 1590 splendore
1580 1525 1744 1568 armerum
1765 1501 1915 1582 Domini,
1945 1504 2090 1568 accincti
2143 1523 2166 1560 1⁰

275 1625 357 1672 anim.
371 1631 413 1678 aa.
433 1609 475 1674 ad
497 1610 567 1674 eius
591 1609 731 1695 prelium
753 1606 977 1695 preliandum,
1000 1608 1055 1692 qui
1079 1627 1233 1672 coronam
1256 1607 1403 1692 legitime
1427 1609 1629 1673 certantibus
1652 1608 1858 1693 repromittit.
1904 1606 1974 1671 Nos
1999 1607 2090 1672 euim

433 1714 473 1779 de
496 1713 729 1798 omnipotentis
745 1711 810 1777 Dei
833 1709 1057 1776 misericordia
1080 1717 1113 1774 et
1135 1710 1308 1776 beatorum
1323 1711 1415 1775 Petri
1438 1718 1471 1776 et
1486 1712 1581 1777 Pauli
1605 1712 1829 1798 apestolorum
1853 1710 1924 1774 eius
1940 1711 2089 1776 auetori-

433 1824 501 1882 tate
525 1817 639 1881 confisi
661 1817 810 1881 omnibus
834 1837 912 1880 rere
935 1814 1157 1902 penitentibus
1186 1820 1220 1880 et
1243 1814 1418 1896 confessis,
1446 1823 1513 1879 tam
1542 1814 1777 1899 crucesignatis
1800 1821 1985 1880 vestramm
2016 1814 2091 1879 dio-

434 1941 544 1985 eesum
566 1941 625 2007 pro
649 1941 806 1984 succursu
830 1919 931 1984 Terre
956 1918 1076 1983 Sancte
1105 1917 1292 1982 volentibus
1315 1924 1393 1981 vota
1420 1941 1479 1983 sua
1506 1920 1539 1982 in
1568 1917 1753 1983 huiusmodi
1785 1916 1969 1982 subsidium
1998 1937 2091 1981 com-

432 2031 573 2104 mutare,
597 2044 694 2108 quam
716 2023 790 2088 aliis
813 2022 991 2088 earundem
1015 2022 1199 2102 dicessum,
1227 2022 1282 2107 qui
1306 2029 1419 2088 eontra
1441 2022 1518 2087 fidei
1541 2030 1653 2088 nostre
1676 2022 1789 2086 hostes
1812 2022 1855 2086 ad
1876 2027 1990 2107 partes
2013 2021 2090 2086 illas
2142 2037 2164 2075 1⁵

433 2127 649 2208 accesserint,
680 2125 803 2192 ibidem
839 2129 956 2192 saltem
985 2148 1046 2213 per
1073 2146 1194 2190 annum
1226 2126 1259 2190 iu
1286 2126 1472 2191 huiusmodi
1499 2126 1577 2192 Iesu
1605 2125 1727 2190 Christi
1758 2124 1889 2189 servitio
1917 2123 2090 2206 moraturi,

432 2233 521 2296 illam
544 2228 781 2314 indulgentiam
798 2230 984 2316 elargimur,
1008 2228 1331 2314 qua'transeuntibus
1346 2229 1381 2294 iu
1396 2229 1498 2295 Terre
1516 2228 1636 2296 Sancte
1653 2226 1833 2293 subsidium
1850 2233 1901 2291 est
1916 2248 2090 2293 concessa.

540 2348 617 2416 Dat.
642 2349 753 2419 Later.
776 2350 860 2415 XIX
882 2350 958 2417 Kal.
982 2351 1113 2416 Ianuar.
1139 2370 1223 2414 auno
1247 2348 1340 2417 XIV.

1221 2941 1306 3013 797.

541 3066 731 3177 (irenaeus
752 3096 808 3161 IX
826 3117 913 3178 papa
934 3098 1014 3162 clero
1036 3102 1065 3162 et
1083 3098 1199 3179 populo
1220 3097 1434 3164 &canatensi
1455 3099 1627 3181 sipaificat,
1650 3118 1682 3163 se
1704 3102 1841 3163 matram
1864 3097 2093 3176 Rcmnatease,

435 3199 517 3281 qaod
538 3199 693 3264 civitatem
719 3219 782 3264 csse
804 3203 932 3278 stataet,
954 3223 975 3265 a
998 3201 1213 3266 iurisdictione
1235 3203 1377 3267 ccclesiae
1392 3201 1643 3266 Humanatensis
1656 3202 1789 3266 eximere
1803 3202 1890 3282 eique
1905 3201 2095 3284 dr'pnitntem
2143 3220 2167 3260 a

433 3304 635 3386 episcopalem
657 3303 829 3382 macedam,
858 3305 958 3369 sedem
979 3306 1199 3370 Ancharianam
1220 3329 1242 3371 a
1257 3307 1376 3387 populo
1399 3306 1584 3370 Aaaiasano
1605 3305 1770 3370 Frieleriee
1796 3305 1876 3368 dicte
1905 3305 2095 3384 imperatori

432 3407 620 3474 adhaerente
641 3407 685 3472 ad
705 3408 863 3472 ecelesiam
884 3409 986 3474 sancti
1007 3408 1173 3487 Flaviani,
1195 3430 1274 3490 qaae
1296 3409 1332 3474 de
1354 3413 1451 3474 cebro
1472 3409 1661 3474 cathedralis
1683 3411 1734 3488 sa,
1756 3408 1985 3488 transferendo.

1737 3515 1830 3590 1240,
1850 3510 1926 3577 Dec.
1949 3514 2005 3576 22.

538 3633 620 3701 Grcp.
639 3631 689 3684 IX
705 3630 773 3700 Rap.
790 3631 853 3708 Vol.
877 3634 946 3697 VII,
967 3635 1016 3698 345
1043 3633 1105 3687 Lib.
1124 3635 1202 3697 XIV,
1221 3637 1281 3686 189.
1326 3633 1433 3688 Pertaii
1454 3633 1592 3704 exemplar
1617 3633 1805 3703 supplevimus
1833 3649 1867 3686 ea
1894 3631 1992 3704 Rapa.
2021 3635 2093 3688 Arra

577 3723 593 3771 2
710 3759 715 3772 .

433 3719 494 3772 ⁶⁰⁶¹·
514 3722 676 3870 aifbtfdiisi,
691 3725 763 3874 liep.
783 3807 887 3869 10975;
901 3819 1050 3872 perperam
1067 3805 1148 3858 etium
1165 3803 1216 3857 aab
1236 3806 1298 3858 Iun.
1313 3811 1351 3870 21,
1369 3821 1396 3858 a.
1416 3809 1518 3872 10899,
1536 3805 1628 3860 eaden
1647 3806 1763 3875 epistola
1779 3806 1874 3875 posita
1891 3810 1941 3858 est.
2143 3735 2167 3774 ²⁵

890 4047 1020 4122 Claro
1050 4054 1093 4122 et
1119 4050 1283 4142 populo
1311 4049 1631 4124 Racanstensi.

541 4199 646 4265 Recte
680 4196 971 4262 considerationisx
988 4199 1140 4264 examine
1174 4199 1258 4264 libra
1292 4200 1489 4286 presidentis
1525 4200 1739 4287 appenditur,
1775 4221 1848 4264 oum
1883 4199 2090 4266 subditorum

434 4303 550 4367 merita
572 4303 618 4366 sio
642 4304 729 4366 iusta
750 4301 962 4367 extimatione
985 4308 1174 4387 pensantur,
1197 4310 1233 4367 ut
1248 4303 1440 4368 devotorum
1456 4303 1623 4388 obsequiis
1645 4303 1816 4368 retributio
1832 4302 1934 4388 digna
1949 4325 2088 4392 respon·

434 4403 511 4469 deat
533 4412 566 4469 et
589 4405 755 4491 opprobrii
778 4426 863 4490 pena
886 4405 1038 4490 perpetui
1061 4405 1242 4471 infidelium
1265 4407 1351 4471 colla
1372 4414 1510 4493 premat.
1530 4489 1537 4497 .
1558 4406 1611 4472 Sic
1635 4407 1778 4472 enimin
1801 4407 1961 4473 bonomm
1983 4408 2087 4473 bene·
2139 4425 2165 4464 ³⁰

434 4508 516 4572 ficiis
543 4507 655 4594 plures
686 4505 727 4570 ad
757 4508 874 4572 merita
895 4507 1051 4571 virtutum
1082 4510 1238 4594 erigimus
1267 4516 1301 4573 et
1332 4510 1364 4574 in
1397 4531 1572 4596 pravorum
1603 4511 1698 4596 penis
1729 4511 1849 4576 ceteris
1877 4509 2091 4597 delinquendi

433 4610 604 4675 audaciam
626 4610 849 4696 prohibemus.
893 4609 1095 4697 Eapropter,
1118 4613 1250 4679 dilectib
1273 4614 1306 4677 iu
1330 4612 1460 4678 domino
1484 4615 1560 4694 filii,
1584 4621 1682 4700 prout
1705 4616 1858 4680 convenit
1880 4615 2090 4681 attendentes

433 4713 518 4797 qued
541 4714 574 4776 in
597 4713 770 4778 devotione
794 4714 934 4779 ecclesie
958 4715 1048 4779 illam
1072 4717 1243 4780 studuistis
1273 4717 1450 4782 observare
1483 4719 1718 4798 constantiam,
1748 4718 1835 4804 quod
1862 4740 1922 4784 nee
1946 4717 2092 4806 dampna

433 4837 543 4881 rerum
563 4816 655 4881 vebis
678 4838 736 4902 per
751 4815 955 4881 Fridericum
979 4818 1103 4884 dietum
1125 4819 1372 4905 imperatorem,
1396 4821 1462 4885 Dei
1485 4827 1520 4886 et
1542 4822 1683 4886 ecclesie
1707 4821 1889 4902 inimicum,
1911 4822 2005 4886 illata
2028 4844 2090 4888 nee

433 4922 579 5010 pericula
606 4941 776 5008 corporum
808 4942 866 4985 vos
889 4943 909 4985 a
931 4921 1090 4988 fidelitate
1121 4924 1208 4988 sedis
1237 4925 1417 5011 apostolice
1448 4933 1598 4990 avertere
1623 4931 1816 5012 potuerunt,
1845 4931 1879 4990 et
1906 4946 2091 5010 congmum

435 5026 631 5091 extimantes
653 5032 689 5088 ut
713 5032 854 5089 castrum
876 5024 1122 5108 Raeauatense,
1153 5027 1240 5112 quod
1270 5028 1311 5094 de
1336 5036 1446 5094 cetero
1475 5051 1550 5094 esse
1581 5029 1747 5094 civitatem
1777 5029 1964 5109 statuimus,
1998 5036 2094 5114 grata

433 5128 681 5194 honorificentia
708 5129 923 5208 extollamus,
957 5129 998 5194 de
1034 5131 1197 5195 communi
1225 5131 1361 5196 fratrum
1391 5139 1577 5197 nostrerum
1604 5133 1742 5197 consilio
1772 5139 1805 5197 et
1833 5153 1973 5196 assensu
2002 5140 2092 5198 terre

434 5238 554 5314 vestre,
578 5253 675 5317 quam
698 5231 955 5298 aiurisdictione
972 5233 1112 5299 ecclesie
1128 5234 1387 5301 Humanatensis
1404 5238 1589 5318 eximimus,
1614 5237 1856 5325 episcopalem⁰
1878 5236 2092 5302 concedimus

434 5337 648 5422 dignitatem,
672 5357 692 5400 a
714 5335 954 5402 maledictionis
978 5337 1052 5402 filiis
1075 5339 1197 5426 populo
1219 5340 1422 5422 Auximano,
1445 5341 1501 5426 qui
1524 5340 1609 5405 dieto
1633 5339 1801 5405 Friderice
1824 5339 1889 5406 Dei
1913 5341 2092 5406 eeclesiam

434 5439 645 5527 persequenti
673 5437 782 5503 divino
810 5439 926 5506 timere
957 5441 1141 5528 postposito
1173 5443 1425 5530 dampnabiliter
1454 5443 1669 5524 adheserunt,
1705 5445 1747 5509 ad
1776 5444 1951 5510 ecclesiam
1984 5447 2092 5512 saneti
2144 5459 2172 5500 ⁴⁰

538 5702 562 5768 ⁸)
579 5704 707 5774 leaeque
725 5704 798 5755 Man.
868 5702 894 5772 l³)
913 5706 1050 5759 dilecti-
1067 5707 1198 5762 velamus
1216 5724 1247 5760 aa
1264 5707 1349 5778 Rapa.
1420 5709 1445 5769 ο)
1462 5707 1632 5779 episcopalem
1650 5708 1719 5762 deest
1735 5709 1763 5759 in
1780 5707 1842 5780 ch.
