4596 6406
445 413 508 480 628
1020 407 1067 467 ax
1085 407 1260 467 senecen
1277 403 1317 464 1x
1334 403 1515 466 REGIS'PRO

443 589 531 655 illius
547 589 728 657 intentione
750 587 963 676 querendum,
987 587 1042 673 qui
1065 585 1165 652 nichil
1195 585 1264 672 agit
1286 585 1320 651 in
1342 584 1489 652 tenebris
1513 593 1565 652 set
1587 585 1621 650 in
1643 583 1727 670 luce,
1750 593 1787 652 nt
1809 583 1878 652 eius
1903 583 1969 651 sint
1996 603 2101 672 opera

443 694 637 771 manifesta
660 696 757 760 arbor
780 694 866 760 enim
890 714 910 756 a
931 691 1039 756 fructu
1062 692 1272 776 cognoscitur
1294 697 1328 756 et
1351 692 1470 756 caritas
1493 692 1536 755 ab
1560 691 1689 756 ellectu.
1735 690 1786 755 Tu
1808 710 1897 776 ergo,
1919 690 1967 754 fili
1989 689 2098 754 karis-

443 797 542 879 sime,
570 820 590 862 a
618 799 794 865 devotione
820 795 913 862 'sedis
945 795 1126 881 apostolice
1150 795 1262 858 matris
1285 800 1359 875 tue,
1389 795 1542 880 quicquid
1574 801 1770 881 suggeratur
1791 795 1832 859 ab
1855 795 1981 880 aliquo,
2004 794 2097 857 nullo

442 922 585 986 unquam
617 902 759 967 turberis
789 901 947 987 impulsu,
983 905 1035 963 set
1065 918 1154 978 cam,
1190 918 1252 982 que
1275 903 1308 962 te
1332 897 1461 962 sincero
1485 898 1592 963 cordis
1615 899 1737 963 ellectu
1759 897 1866 984 diligit
1888 904 1922 962 et
1944 897 2097 974 honorat,

442 1010 477 1068 tu
500 1026 630 1091 quoque
658 1007 768 1071 filialis
790 1005 973 1069 devotionis
999 1003 1200 1088 gratitudine
1225 1004 1445 1088 prosequaris.
1484 1003 1639 1068 Oetcmm
1661 1003 1841 1068 venerabili
1859 1002 1959 1067 fratre
1981 1008 2096 1065 nostro

442 1106 749 1174 ..claromontensi
775 1110 947 1198 episcopo¹
976 1109 1089 1173 nuntio
1113 1116 1169 1172 tuo
1193 1115 1226 1172 et
1249 1108 1369 1192 regalis
1394 1109 1590 1172 excellentie
1614 1108 1732 1172 litteris
1755 1107 1895 1193 gratanti
1918 1106 2096 1171 allectione

440 1214 593 1299 receptis,
617 1221 650 1278 ct
673 1220 739 1277 tam
762 1215 908 1300 ipsarum
932 1214 1017 1278 serie
1041 1213 1222 1276 litterarum
1247 1233 1345 1297 quarn
1369 1211 1430 1276 hiis
1453 1233 1517 1297 que
1540 1211 1627 1276 idem
1651 1212 1824 1297 episcopus
1849 1231 1947 1297 super
1961 1211 2095 1275 relaxa-

441 1315 530 1380 tione
552 1317 717 1381 interdicti
741 1317 881 1382 ecclesie
904 1316 1117 1382 Belvacensis
1141 1338 1183 1381 ex
1206 1324 1299 1402 parte
1322 1322 1379 1380 tua
1401 1316 1496 1380 nobis
1520 1316 1674 1402 exposuit
1697 1315 1870 1379 intellectis
1894 1315 1994 1379 etiam
2018 1312 2095 1377 dili-

440 1427 566 1504 genter,
590 1423 666 1506 quia
689 1430 721 1488 te
744 1423 830 1487 inter
853 1430 980 1508 ceteros
1004 1442 1100 1506 reges
1124 1421 1303 1485 catholicos
1327 1428 1361 1484 et
1383 1419 1547 1506 principes
1572 1418 1775 1483 Christianos
1798 1418 1933 1505 speciali
1956 1415 2096 1481 caritate

440 1522 605 1609 diligimus
629 1547 667 1591 ac
690 1549 750 1613 per
771 1527 833 1591 hoo
855 1527 920 1590 tuis
943 1525 1061 1590 deesse
1085 1524 1268 1603 desideriis,
1292 1530 1447 1609 quantum
1470 1545 1542 1587 oum
1556 1522 1630 1587 Deo
1646 1543 1830 1608 possumus,
1852 1543 1918 1586 non
1933 1522 2094 1599 valemus,

439 1627 593 1692 effectum
617 1630 706 1693 illius
730 1629 897 1694 interdicti
921 1636 975 1693 tue
999 1628 1183 1693 devotionis
1208 1627 1345 1692 obtentu
1365 1626 1490 1691 tamdiu
1511 1626 1665 1690 duximus
1688 1624 1964 1712 suspendendum,
1986 1625 2095 1690 donec

439 1730 545 1795 eidem
569 1734 710 1798 ecclesie
733 1734 901 1820 provisum
927 1733 1026 1797 fuerit
1057 1732 1098 1797 de
1128 1739 1275 1818 pastore,
1305 1731 1411 1818 parati
1440 1751 1571 1816 semper
1602 1751 1642 1793 ea
1670 1730 1814 1810 allicere,
1844 1751 1906 1814 que
1931 1731 2091 1793 honorem

437 1839 528 1898 tuum
551 1837 729 1923 respiciant
756 1845 789 1902 et
814 1846 1036 1924 augmentum.

544 1956 619 2025 Dat.
643 1957 796 2024 Lateran.
820 1960 887 2025 VII
908 1959 985 2025 Kal.
1008 1959 1104 2040 Iunii,
1128 1981 1212 2023 anno
1236 1958 1439 2025 duodecimo.

542 2077 581 2142 In
604 2079 744 2145 eundem
767 2081 836 2146 fere
859 2080 991 2144 modum
1014 2131 1021 2145 .
1047 2130 1054 2143 .
1079 2079 1199 2144 illustri
1222 2080 1335 2164 regine
1357 2076 1579 2143 Francorum²
1602 2098 1723 2162 usque:
1746 2077 1787 2142 ab
1811 2078 1940 2143 effectu.
1987 2077 2089 2142 Oete-

437 2203 507 2245 rum
529 2185 711 2249 venerabili
735 2186 833 2250 fratre
850 2192 961 2249 nostro
979 2183 1241 2249 Claromontcnsi
1258 2185 1414 2270 episcopo
1431 2189 1492 2248 etc.
1509 2203 1628 2267 usquc:
1653 2189 1874 2266 augmentum.
1898 2181 1983 2255 Quia
1997 2203 2091 2262 vero,

436 2293 557 2368 quanto
583 2288 669 2352 circa
691 2310 751 2353 nos
776 2297 808 2354 st
824 2288 1005 2352 Romanam
1030 2288 1204 2352 ecclesiam
1228 2295 1283 2352 tua
1306 2288 1427 2373 regalis
1451 2287 1621 2351 sinceritas
1644 2285 1775 2348 maioris
1798 2286 1882 2369 gerit
1904 2284 2090 2349 devotionis

439 2390 603 2474 affectum,
628 2399 720 2457 tanto
743 2395 775 2456 in
799 2414 833 2458 se
857 2393 1014 2458 devotos³
1036 2393 1134 2458 debet
1157 2393 1256 2457 etiam
1279 2393 1364 2456 filios
1388 2391 1619 2472 indevotione
1648 2390 1736 2455 sedis
1759 2391 1937 2475 apostolice
1970 2390 2089 2454 fortius

435 2493 588 2576 solidare,
614 2496 842 2562 celsitudinem
865 2505 955 2561 tuam
984 2518 1152 2584 rogamus,
1183 2517 1353 2560 monemus
1383 2504 1416 2562 ct
1443 2497 1611 2560 hortamur
1633 2495 1790 2559 attentius
1814 2517 1851 2559 ac
1874 2496 2088 2559 obsocramus

434 2595 469 2659 in
493 2597 624 2663 dominc
647 2599 726 2664 Iesu
749 2600 889 2680 Christo,
912 2607 1072 2686 quatenus
1096 2599 1182 2686 apud
1206 2599 1345 2664 eundem
1368 2608 1479 2664 natum
1503 2607 1604 2677 tuum,
1626 2604 1664 2662 ut
1680 2597 1798 2661 talibus
1822 2599 2087 2662 oblocutionibus

436 2721 532 2765 aures
555 2703 763 2787 aliquatenus
785 2726 850 2769 non
874 2705 1018 2786 inclinet,
1042 2704 1165 2769 crebris
1189 2704 1422 2768 monitionibus
1454 2710 1489 2767 et
1515 2702 1639 2769 sedulis
1669 2702 1949 2768 exhortationibus
1973 2702 2088 2766 effica-

436 2805 519 2869 citer
542 2807 705 2875 elabores.

459 2989 463 3006 ,
542 2927 618 2994 Dat.
641 2937 678 2995 ut
701 2954 808 3018 supra.

540 3049 580 3113 ln
614 3051 753 3117 eundem
784 3054 853 3118 fere
888 3053 1020 3119 modum
1046 3102 1086 3118 ..
1117 3053 1365 3140 archiepiscopo
1393 3053 1674 3138 Rothcmagensi³
1706 3071 1824 3137 usquc:
1863 3057 2087 3138 augmentum.

432 3149 516 3224 Quia
531 3173 609 3218 vero
625 3161 657 3220 te
674 3163 839 3241 tamquam
856 3157 964 3222 nobile
988 3157 1128 3222 ecclesis
1141 3156 1205 3222 Dei
1229 3157 1412 3222 membrum
1436 3164 1469 3222 et
1485 3158 1691 3244 columpnam
1713 3158 1913 3221 immobilem
1937 3157 2082 3222 ecclesie

437 3253 606 3321 Gallicane
630 3281 694 3324 non
717 3267 828 3347 potest
851 3263 940 3326 zelus
963 3283 1028 3326 non
1052 3247 1224 3326 comedere
1248 3263 1360 3325 metris
1391 3269 1446 3326 tue
1475 3283 1537 3326 nec
1569 3267 1664 3348 potes
1696 3261 1871 3347 opprobria
1893 3261 1940 3324 illi
1964 3282 2085 3347 expro-

435 3356 600 3425 brantium
624 3364 841 3447 equanimiter
865 3367 1038 3445 sustinere,
1062 3365 1264 3446 mandamus,
1288 3365 1440 3450 quatinus
1463 3364 1643 3451 prudenter
1664 3364 1837 3429 attendens
1860 3364 1893 3427 in
1915 3363 2085 3426 machina-

430 3462 574 3528 tionibus
611 3465 795 3532 huiusmodi
831 3469 908 3554 quid
941 3477 1066 3554 agatur,
1100 3491 1174 3534 cum
1203 3491 1269 3534 non
1299 3470 1403 3534 solum
1427 3468 1467 3532 ad
1491 3468 1743 3533 conculcandam
1765 3467 1952 3533 libertatem
1977 3467 2086 3532 eccle-

431 3566 612 3649 siasticam,
643 3577 694 3634 set
716 3573 840 3638 utinam
863 3595 929 3637 non
952 3572 991 3637 ad
1016 3573 1227 3638 evertendam
1250 3573 1349 3638 fidem
1372 3573 1566 3637 catholicam
1594 3573 1798 3655 intendatur,
1833 3574 1866 3636 in
1894 3593 1957 3658 quo
1991 3577 2084 3636 tanto

429 3670 544 3736 lortius
576 3680 628 3738 set
658 3681 768 3741 tamen
797 3677 924 3741 cantius
957 3697 1122 3763 opponere
1151 3684 1183 3742 te
1214 3683 1359 3764 oportet,
1394 3683 1514 3763 quanto
1543 3677 1650 3741 cernis
1680 3659 1826 3762 apertius
1850 3677 1883 3740 in
1905 3677 1968 3741 hoc
1991 3677 2081 3762 peri-

429 3775 536 3838 culum
554 3798 723 3844 commune
739 3781 863 3844 versari
887 3787 920 3845 et
946 3781 992 3845 sie
1016 3782 1108 3864 quasi
1129 3782 1296 3868 proprium
1319 3781 1527 3867 prosequeris
1550 3781 1722 3860 intercsse,
1744 3787 1810 3844 tam
1833 3778 1920 3867 apud
1942 3779 2083 3845 eundem

432 3899 545 3963 regem
580 3902 677 3965 quam
713 3882 800 3969 apud
836 3884 1042 3948 karissimam
1078 3885 1111 3948 in
1146 3884 1276 3949 Christo
1310 3884 1409 3949 filiam
1429 3923 1432 3938 ·
1449 3891 1594 3949 nostram
1630 3932 1637 3948 .
1667 3933 1674 3949 .
1702 3885 1850 3969 reginam
1879 3883 2081 3948 Francorum

394 4007 400 4026 τ
433 3981 595 4047 illustrem
618 3992 757 4051 matrem
781 3989 851 4052 cius
882 3987 1006 4052 sedulis
1029 3988 1261 4053 monitionibus
1285 3996 1319 4053 et
1335 3988 1458 4052 crebris
1476 3988 1758 4053 exhortationibus
1776 3987 1953 4053 secundum
1970 3987 2079 4052 datam

431 4084 491 4147 tibi
513 4107 533 4148 a
555 4085 628 4152 Deo
652 4090 857 4175 prudentiam
882 4091 1061 4156 efficaciter
1082 4091 1231 4156 elabores
1241 4090 1265 4173 ¹³,
1288 4098 1325 4155 ut
1347 4090 1434 4156 idem
1458 4113 1518 4157 rex
1541 4099 1705 4176 tamquam
1721 4092 1874 4178 princeps
1898 4092 2079 4156 catholicus

428 4194 462 4250 et
484 4187 623 4254 devotus
647 4192 833 4259 huiusmodi
858 4195 1120 4259 oblocutionibus
1144 4214 1240 4259 aures
1264 4194 1470 4280 aliquatenus
1494 4217 1559 4260 non
1582 4196 1732 4272 inclinet3
1756 4197 1943 4260 mandatum
1967 4204 2078 4260 autem
2133 4221 2159 4260 rs

427 4299 574 4356 nostrum
597 4302 664 4359 tam
687 4295 873 4382 diligenter,
897 4305 964 4363 tam
988 4297 1167 4363 efficaciter
1189 4298 1322 4363 studeas
1338 4299 1529 4386 adimplere,
1554 4301 1640 4386 quod
1661 4302 1831 4387 diligentie
1855 4307 1910 4365 tue
1934 4298 2077 4363 studium

426 4395 551 4460 clareat
573 4419 632 4482 per
655 4401 806 4465 effectum
832 4409 866 4467 et
888 4425 948 4467 nos
972 4403 1169 4467 sinceritatis
1193 4409 1247 4466 tue
1271 4403 1380 4466 zelum·
1400 4403 1564 4489 possimus
1588 4405 1705 4469 merito
1730 4403 1968 4469 commendare.

532 4517 607 4581 Dat.
630 4517 784 4588 Lateran.
806 4522 874 4587 VII
896 4523 971 4587 Kal.
995 4523 1092 4602 Iunii,
1115 4521 1322 4609 pontificatus
1345 4525 1447 4589 nostri
1471 4546 1555 4589 anno
1579 4525 1783 4590 duodecimo.

1043 4751 1454 4762 ———-——-———-—.........

1206 4964 1280 5038 729

526 5055 716 5168 Gregorius
738 5082 794 5150 IX
812 5107 900 5166 papa
920 5083 1126 5171 [Adriatico]
1147 5087 1341 5153 donniccllac
1365 5086 1558 5154 Turritanac
1580 5089 1689 5154 scribit
1710 5111 1742 5157 sc
1764 5091 1912 5173 Gnelfirm
1935 5094 1972 5158 dc
1994 5094 2076 5158 Por-

418 5190 509 5254 eoria
530 5189 750 5269 ciprovidissc
772 5190 1049 5254 rnatrimonioh'tcr
1070 5191 1293 5272 solaciandum,
1316 5194 1403 5274 cique
1425 5194 1568 5273 mandat,
1597 5200 1633 5258 at
1651 5203 1884 5276 procuratorem
1905 5199 1942 5262 dc
1964 5201 2073 5262 ronlri·
2126 5213 2154 5252 ⁴⁰

417 5293 521 5358 monio
541 5293 750 5357 contrahendo
771 5293 814 5357 ad
838 5293 944 5358 sortem
960 5295 1158 5374 apostolicam
1181 5296 1385 5365 transrrritlat.
1433 5299 1485 5384 Os.
1508 5320 1538 5362 n.
1562 5303 1635 5365 ²726.
1712 5303 1806 5378 1238,
1829 5301 1912 5365 Μιιιῗ.
1935 5307 1986 5368 31.

526 5411 607 5480 Grep.
626 5412 676 5472 IX
693 5412 763 5483 neq.
785 5413 844 5470 Vol.
866 5413 1064 5481 V1,22;L2·o.
1084 5416 1158 5482 XII,
1178 5422 1235 5472 121.

523 5625 545 5688 ξι)
564 5625 656 5674 devota
674 5623 705 5675 Β.
806 5624 830 5692 l)
848 5627 961 5679 elaboret
980 5629 1011 5681 le.

521 5727 546 5794 1)
567 5725 692 5794 Ehryonc.
796 5727 824 5796 2)
843 5727 994 5786 Blanchac.
1098 5735 1126 5805 3)
1145 5736 1231 5790 Petro
1248 5736 1280 5790 de
1300 5737 1467 5792 Colloncdim
