4524 6412
773 373 973 456 EPISTOLAE
991 378 1180 435 SELECTAE.
1217 381 1292 436 1²30.
1800 391 1861 452 335

313 682 519 749 Ebcrbardns
540 689 789 772 arcbieprieeopus
811 695 1072 777 Salisbnrpensis‚
1095 697 1276 782 Sipep‘rielus
1297 701 1456 780 episapns
1478 701 1734 783 Ratisponcnsis,
1756 707 1861 770 Bern-

205 785 325 849 bardus
346 785 413 850 elna
436 788 628 856 Karintbiae
649 795 806 859 virinensis
827 802 933 861 notum
954 799 1088 879 sauciat,
1110 821 1142 863 sc
1167 802 1345 868 Gerlroleum
1366 803 1403 868 de
1419 803 1589 887 Salrvlncrp
1612 808 1720 872 intrare
1738 807 1861 893 fecisse,

204 889 288 970 qnod
306 891 537 970 fideiussionem
561 915 625 975 pro
646 898 841 964 restitutione
862 901 1029 967 Mareliae
1050 907 1079 967 et
1101 902 1245 968 Ducatus
1262 903 1385 990 factam
1408 908 1567 971 servaturi
1588 909 1667 988 sint,
1695 911 1863 975 secundnm

204 992 288 1074 qnod
308 994 345 1057 in
366 995 481 1059 litteris
508 998 576 1061 suis
601 1004 631 1064 et
651 1001 854 1089 [Bertboldi]
873 1005 1073 1086 patriarchae
1096 1006 1330 1089 Aquilcpiensis
1351 1012 1380 1073 et
1400 1005 1561 1095 [Ottonis]
1582 1011 1671 1076 ducis
1692 1013 1861 1078 Meroniac

142 1119 153 1156 s
205 1097 422 1177 contineatnr;
443 1100 482 1184 rs.
504 1120 537 1167 n.
560 1103 626 1172 XI.
1501 1116 1594 1193 1230,
1616 1115 1699 1200 Anp.
1721 1119 1775 1181 28.

269 1337 272 1346 ¹
315 1313 426 1398 [Herpa
448 1316 508 1400 Il]
528 1319 777 1401 archiepiscopus
798 1321 1012 1400 Arelatensis,
1044 1322 1196 1408 [Petrus]
1223 1325 1449 1390 Wintoniensis
1470 1331 1499 1391 ct
1520 1328 1639 1414 Mlilo]
1660 1329 1862 1396 Bclvaccnsis

206 1418 340 1498 episcopi
362 1420 520 1483 universis
541 1424 649 1486 notum
668 1423 801 1503 samarit,
825 1425 998 1489 Iohannem
1020 1427 1194 1506 episcopum
1210 1425 1414 1491 Sobiucnsem
1435 1431 1465 1491 et
1481 1429 1629 1495 Tlcomnm
1645 1432 1861 1514 presbytorum

206 1521 401 1586 cardinalem
427 1524 611 1604 imperatori
636 1527 848 1606 mandavisse,
876 1549 916 1594 ne
942 1529 1103 1609 impediat,
1134 1529 1212 1610 quin
1241 1530 1414 1611 electiones,
1442 1534 1667 1612 postulationes
1693 1539 1723 1599 et
1747 1538 1860 1616 confir-

206 1625 358 1690 mationes
378 1627 576 1691 ecclrsiarmn
597 1634 626 1691 et
647 1631 906 1695 monasteriorum
927 1633 963 1695 in
984 1652 1078 1713 repno
1101 1632 1195 1696 libere
1214 1634 1309 1712 fiant,
1337 1638 1372 1696 ret
1404 1621 1812 1702 aornibas'beuamstbas
1832 1642 1861 1702 ct

131 1747 155 1784 ιο
205 1729 286 1810 filiis
307 1729 463 1810 qnondam
484 1729 651 1812 Rapaalcti
671 1733 708 1796 de
729 1734 853 1797 Aversa
873 1738 902 1798 et
926 1734 1115 1815 Templariis
1135 1737 1165 1799 ct
1185 1733 1416 1814 Hospitalariis
1438 1738 1629 1819 satisfaciat,
1656 1744 1685 1804 et
1712 1744 1748 1804 ut
1768 1762 1790 1804 a
1811 1741 1862 1805 elie

204 1831 410 1895 absolutionis
437 1851 631 1915 sauciosque
657 1835 701 1898 act
727 1841 791 1900 octo
816 1857 936 1902 munes
957 1841 1063 1902 caveat
1084 1837 1227 1901 ccclesiae
1248 1858 1306 1918 per
1325 1839 1538 1919 fideiussores,
1568 1861 1645 1924 quos
1672 1843 1744 1924 ipsa
1763 1845 1861 1908 nomi-

206 1937 325 1999 natura
346 1935 389 1998 sit
394 1957 405 2014 ‚·
426 1955 531 2002 munes
545 1942 648 2003 annm
666 1941 824 2005 contiones
833 1961 895 2022 pro
914 1941 1013 2005 Terra
1025 1941 1145 2006 Sancta
1155 1942 1331 2022 praestitas
1348 1943 1382 2006 in
1402 1942 1580 2026 intepritate
1599 1965 1659 2008 sno
1667 1967 1862 2027 parmam,

206 2057 359 2118 expensas
386 2038 427 2102 ab
455 2041 582 2105 ccclesia
608 2062 668 2122 pro
694 2042 835 2107 libertate
864 2063 924 2108 sna
951 2044 1164 2109 conservanda
1192 2050 1311 2109 emaus
1340 2046 1447 2112 debere
1469 2068 1576 2128 papae
1601 2049 1742 2120 restitui,
1775 2053 1805 2114 ct
1832 2051 1862 2114 si

207 2142 378 2224 imperator
399 2141 473 2208 baec
497 2163 562 2208 non
583 2145 798 2225 observaverit,
820 2167 891 2211 cnm
911 2147 1207 2212 excommunicatum
1228 2133 1300 2215 csse.
1501 2153 1594 2229 1230,
1617 2152 1698 2232 Anp.
1720 2156 1774 2220 28.

986 2335 1083 2401 XIII.

132 2457 154 2495 ¹⁵
317 2443 561 2530 [Eberhardns]
587 2446 836 2532 archiepiscopus
858 2448 1109 2531 Salisburpensis
1136 2451 1166 2512 et
1194 2448 1408 2534 [Sipet'ridne]
1434 2449 1594 2532 episeopus
1619 2449 1861 2534 Ratisponcnsis

204 2549 361 2614 universis
381 2549 463 2614 idem
484 2547 633 2614 scribunt.
1498 2556 1593 2633 1230,
1615 2554 1698 2635 Anp.
1720 2557 1773 2621 23.

982 2652 1074 2718 XIV.

312 2763 679 2851 maerensmaerens,
709 2763 936 2849 [Wilbelmus]
957 2764 1165 2843 Mutinensis,
1189 2765 1435 2851 [Pollicearins]
1457 2768 1660 2833 Mantuanus
1679 2769 1862 2851 episomam

208 2867 353 2953 G[nala]
374 2868 560 2933 Brivicnsis
581 2868 693 2932 electas
713 2867 871 2932 universis
892 2867 974 2932 idem
995 2867 1145 2932 scribnnt.
1501 2873 1593 2951 1230,
1615 2873 1698 2956 nup.
1719 2875 1773 2937 28.

314 3169 501 3235 Friderieas
513 3167 728 3234 Rornanorum
743 3169 910 3250 imperator
924 3169 1066 3234 mundns
1078 3168 1269 3254 afficiatibns
1282 3169 1350 3234 mis
1360 3191 1419 3251 per
1432 3171 1675 3237 institiariatnm
1686 3171 1861 3238 Berenscm

130 3287 156 3326 ‘2⁰
207 3279 236 3339 et
257 3274 470 3339 Basilicatom
491 3274 669 3340 constitutis
695 3273 839 3350 madet,
869 3276 905 3336 nt
931 3273 1024 3338 nulle
1041 3291 1181 3354 persam
1201 3271 1407 3337 canusina
1427 3275 1631 3339 conveniatur
1651 3276 1786 3342 civiliter
1805 3295 1861 3342 scu

207 3377 416 3443 criminaliter
444 3398 549 3443 coram
580 3376 680 3442 inetice
709 3374 878 3453 securiori,
905 3374 972 3438 nisi
998 3374 1131 3440 civiliter
1160 3395 1254 3456 snper
1275 3374 1391 3461 sevelis.
1448 3376 1537 3441 Idem
1565 3378 1693 3459 scripsit
1718 3378 1861 3444 mnnibcrs

207 3482 296 3566 repul
317 3481 369 3546 sni
391 3480 583 3546 institionis.
659 3468 664 3481 ⁸
926 3465 929 3470 ¹
1498 3482 1772 3562 stemmate.

846 3690 1243 3699 W—--d

989 4002 1077 4074 416.

316 4111 507 4222 Gripo-tas
527 4141 583 4206 IX
597 4162 687 4221 papa
708 4140 908 4206 Friderienru
930 4141 1145 4206 Rorrrmornm
1166 4142 1382 4220 illustratorem
1398 4145 1558 4220 precatur,
1582 4144 1616 4203 nt
1638 4141 1691 4206 boc
1712 4142 1780 4224 ipso
1800 4142 1859 4218 die,

208 4265 268 4325 qno
290 4245 326 4307 in
345 4243 497 4326 premium
519 4245 632 4308 matris
652 4243 794 4309 culmine
815 4248 1004 4324 revertatur,
1030 4245 1114 4326 filios
1139 4245 1272 4308 Tbonrac
1300 4245 1420 4308 convitis
1445 4237 1627 4311 &lanensis
1653 4249 1683 4309 et
1703 4245 1860 4326 qnorodam

131 4367 156 4406 os
209 4347 375 4429 Rappoldi
396 4346 433 4411 cle
455 4348 580 4412 Averso
600 4347 662 4412 sibi
683 4347 856 4413 liberaliter
876 4348 1036 4431 lorpiatnr
1057 4351 1087 4412 et
1107 4347 1253 4426 rmnittert,
1276 4367 1345 4412 cum
1367 4347 1432 4410 iam
1453 4366 1518 4411 nvn
1539 4350 1678 4428 opertam
1698 4348 1801 4430 ipsum
1823 4351 1859 4414 in

207 4451 315 4532 aliquo
336 4450 373 4515 de
394 4450 436 4514 iis
456 4450 610 4518 dubitare.
1498 4453 1592 4529 1230,
1613 4451 1697 4534 Anp.
1719 4455 1772 4517 28.

312 4570 394 4640 arcp.
412 4571 462 4625 rx
484 4572 554 4644 aa.
576 4571 636 4628 ra.
658 4573 687 4640 r,
706 4591 736 4644 p.
758 4578 827 4640 rsa·
848 4575 917 4643 pac
939 4571 999 4627 ea.
1022 4571 1089 4637 111,
1113 4589 1140 4624 a.
1154 4529 1201 4625 a.
1238 4569 1358 4624 norma
1375 4586 1411 4624 a
1433 4569 1529 4642 nep.
1549 4573 1620 4624 aa.
1642 4571 1703 4626 aer.
1727 4590 1754 4628 a.
1776 4578 1858 4644 mse,

273 4687 305 4696 -
322 4661 349 4710 2.

206 4661 222 4724 ἕ
241 4662 271 4712 n
307 4661 449 4816 baubat,
467 4743 537 4814 Rep.
557 4747 638 4798 8594.

768 4869 1000 4945 Friderieo
1034 4869 1300 4961 imperatori.

309 5018 345 5082 Si
361 5019 459 5083 Anna
478 5017 658 5082 discessum
674 5017 778 5084 Tobie
801 5018 859 5082 filii
882 5017 933 5082 sui
956 5038 1020 5082 non
1044 5016 1209 5082 sustinens
1232 5018 1405 5104 patienter,
1428 5036 1505 5079 mox
1528 5016 1671 5082 lacrimis
1691 5016 1858 5090 effluebat,

209 5121 238 5187 si
266 5143 356 5187 more
384 5121 559 5207 impatiens
597 5121 737 5186 exiliens
765 5120 909 5207 quotidie
939 5121 1100 5186 circuibat
1131 5120 1201 5186 vies
1233 5142 1362 5198 omnes,
1391 5140 1450 5206 per
1480 5139 1560 5204 quas
1589 5117 1730 5183 reditum
1761 5120 1858 5183 anxie

209 5222 430 5310 prestolando,
454 5231 487 5289 et
509 5222 641 5288 tandem
665 5225 698 5288 in
722 5223 897 5310 supercilio
920 5223 1041 5287 montis
1065 5217 1202 5303 sedens,
1225 5223 1295 5287 viso
1325 5223 1366 5288 de
1393 5222 1571 5306 longinquo
1600 5221 1667 5286 filio
1691 5221 1859 5301 redeunte,

209 5326 434 5413 inexplicabili
456 5325 575 5411 gaudio
598 5327 774 5392 exultavit:
798 5333 919 5412 quanto
941 5347 1026 5392 nune
1042 5324 1185 5413 tripudio
1201 5325 1377 5390 hilareseat
1392 5332 1496 5389 mater
1511 5325 1663 5406 eeclesia,
1679 5345 1742 5410 que
1758 5323 1860 5389 filium

133 5451 159 5490 rs
212 5431 381 5495 excelsum
402 5450 461 5517 pre
484 5429 616 5514 regibus
640 5435 744 5508 terre,
772 5428 814 5494 de
837 5429 973 5515 regione
996 5428 1271 5495 dissimilitudinis
1293 5427 1336 5492 ad
1359 5449 1395 5493 se
1418 5427 1534 5514 recipit
1556 5427 1764 5505 redeuntem,
1788 5429 1859 5515 quis

210 5535 318 5599 valeat
340 5533 450 5600 verbis
473 5534 526 5599 vel
546 5533 666 5599 litteris
690 5533 872 5620 explicere,
900 5555 973 5598 eum
1003 5555 1069 5599 non
1092 5531 1298 5599 sithominis
1321 5531 1421 5596 etiam
1443 5531 1582 5598 affectus
1613 5531 1762 5620 proprios
1785 5553 1859 5619 per·

95 5665 98 5672 ·
210 5637 296 5708 seete
327 5657 426 5728 posse
456 5634 649 5727 depromere
679 5656 739 5724 per
767 5635 906 5702 affatus?
952 5635 1143 5722 Magnificat
1172 5634 1304 5722 quidem
1333 5634 1443 5700 anima
1472 5641 1584 5702 nostra
1609 5633 1803 5714 Dominum,
1827 5621 1861 5699 et
