4576 6390
747 400 948 462 EPISTOLAE
966 401 1155 461 SELEGTAE.
1192 404 1267 462 1234.
1768 414 1831 480 469
1934 421 1937 428 “

178 583 290 642 autem
305 575 405 641 nichil
422 578 552 643 omnino
570 577 655 644 desit
677 579 718 643 ad
735 585 801 644 tam
819 587 966 644 sanctum
985 581 1154 666 negotium
1171 581 1445 667 prosequendum,
1467 583 1630 650 universis
1648 586 1829 670 catholicis,

179 681 235 764 qui
257 680 298 745 ab
322 680 439 745 eodem
461 681 570 767 priore
587 685 775 748 commoniti
798 684 905 748 crucis
922 692 1089 769 assumpto
1106 691 1270 750 caractere
1293 685 1335 749 ad
1357 687 1577 752 hereticorum
1595 691 1826 754 exterminium

178 805 214 848 se
237 785 452 864 accinxerint,
475 785 565 849 illam
588 786 826 873 indulgentiam
849 787 995 873 illudque
1018 789 1226 874 privilegium
1243 789 1429 875 elargimur,
1453 811 1516 876 qus
1539 791 1770 857 accedentibus
1794 793 1827 856 in

178 885 279 951 Terre
304 885 425 951 Sancte
450 887 631 952 subsidium
655 890 886 955 conceduntur.

112 1036 124 1074 ι
284 1007 361 1072 Dat
384 1005 538 1073 Lateran.
562 1007 676 1073 Idibus
699 1010 882 1094 Februarii,
905 1031 990 1075 anno
1014 1012 1165 1097 septimo.

797 1305 1210 1314 ———-—-

952 1581 1039 1654 575.

284 1683 476 1802 Gregorius
489 1717 545 1782 IX
559 1739 647 1799 papa
661 1719 818 1784 universis
837 1719 957 1785 Christi
968 1719 1114 1800 fidelibus
1130 1741 1193 1800 per
1207 1720 1384 1798 Licaniam,
1401 1719 1577 1801 Prassram,
1595 1722 1830 1802 Goldlandiam,

173 1822 408 1887 Finnlandiam
422 1822 443 1900 ¹,
464 1821 645 1901 Estoniam,
668 1822 895 1906 Semigalliam,
922 1823 1130 1889 Ourlandiam
1152 1829 1319 1889 electuros
1341 1826 1562 1907 neophytorum
1584 1831 1614 1890 et
1628 1847 1830 1910 paganorum

167 1926 352 2006 prouincias
381 1930 410 1989 et
434 1925 560 1989 insulis
589 1927 766 1990 constitutis
791 1927 913 2005 scribit,
944 1947 976 1991 se
1004 1927 1205 1993 Willielmum
1230 1929 1405 2008 episcopam
1426 1928 1584 2008 qnondvrm
1605 1929 1829 2009 Mutinensem,

173 2029 230 2109 qni
250 2028 458 2109 episcopalem
480 2047 571 2092 mam
593 2028 757 2105 dimiserit,
780 2029 824 2093 ad
838 2033 950 2108 parles
971 2050 1077 2094 coram
1098 2030 1269 2094 destinasse
1291 2031 1380 2111 eique
1401 2031 1568 2112 legationis
1590 2032 1727 2112 officinm
1749 2053 1828 2097 com·

98 2154 122 2193 10
173 2132 308 2209 rnidsse,
335 2135 364 2194 et
390 2131 512 2196 litteras
537 2136 566 2194 et
593 2131 806 2214 indulgentias
827 2132 1029 2217 [Boldnino]
1056 2134 1195 2214 episcopo
1217 2133 1451 2215 Semigalliensi
1477 2153 1635 2198 cmsmssas
1663 2153 1827 2201 revocasse.

175 2233 224 2319 ef.
247 2255 279 2298 a.
301 2238 375 2300 aar.
1454 2239 1548 2315 1234,
1570 2237 1664 2302 Febr.
1685 2239 1739 2303 21.

279 2353 361 2423 (ἔτερ.
380 2353 429 2406 IX
446 2352 515 2420 Bag.
533 2351 596 2405 Lib.
621 2352 688 2418 VII,
708 2359 773 2408 558.
809 2353 928 2409 Edirnas
946 2373 981 2410 aa
999 2356 1090 2426 Rayn.
1109 2357 1182 2410 Ana.
1199 2357 1261 2410 cccl.
1280 2373 1306 2410 α.
1326 2360 1404 2421 1234,
1422 2359 1439 2421 §
1456 2361 1501 2410 45.

277 2441 413 2504 Putttast,
428 2439 495 2508 Rea.
514 2441 593 2494 9413.

344 2652 577 2728 Universis
604 2646 781 2726 Christi
798 2653 1010 2725 fidelihus
1037 2673 1113 2744 per
1139 2653 1386 2743 Livoniam,
1413 2653 1650 2742 Prussiam,

96 2807 120 2845 ιι
191 2773 524 2877 Gothlandiam,
551 2773 865 2861 Winlandiam,
899 2773 1140 2861 Estoniem,
1176 2774 1488 2867 Semigalliam‚
1524 2761 1838 2846 Curlandiam‘

376 2899 418 2967 et
445 2900 615 2967 ceteras
642 2895 972 2987 neophytorum
998 2899 1041 2968 et
1067 2915 1343 2986 paganorum
1369 2894 1622 2987 provincias
1666 2899 1668 2904 '

728 3019 768 3087 et
793 3014 969 3086 insulas
996 3015 1273 3088 constitutis

279 3161 450 3242 Quoniam,
474 3168 511 3225 ut
534 3162 580 3225 ait
602 3164 787 3248 apostolus:
817 3161 1004 3235 ‘Quomodo
1027 3163 1235 3244 invocabunt,
1264 3163 1298 3226 in
1322 3184 1418 3249 quem
1440 3184 1506 3227 non
1529 3162 1747 3244 credidemnt,
1770 3161 1824 3228 vel
1845 3196 1908 3239 m,
1924 3202 1957 3251 10,

172 3263 332 3349 quomodo
357 3263 491 3328 credent
513 3264 562 3345 ei,
594 3286 692 3349 quem
724 3286 790 3330 non
817 3265 1012 3330 audierunt?
1044 3273 1100 3328 aut
1129 3264 1290 3350 quomodo
1313 3265 1447 3330 audient
1470 3267 1541 3331 sine
1563 3266 1767 3354 predicante,
1791 3273 1825 3330 et
1862 3253 1946 3293 ¹⁴‘¹⁵·

94 3389 120 3427 ao
174 3366 336 3452 quomodo
367 3366 583 3452 predicabunt
613 3369 677 3432 nisi
707 3370 918 3433 mittanturl'
951 3369 1124 3433 suscitavit
1156 3369 1233 3433 olim
1255 3369 1417 3434 Dominus
1449 3371 1600 3456 spiritum
1629 3369 1827 3435 venerabilis

173 3471 280 3535 fratris
303 3473 406 3534 nostri
427 3469 590 3535 Willelmi
614 3473 762 3558 episcopi
785 3471 948 3557 quondam
970 3471 1185 3562 Mutinensis,
1215 3473 1270 3557 qui
1293 3472 1333 3537 de
1357 3471 1510 3537 mandato
1534 3472 1623 3537 sedis
1646 3471 1828 3558 apostoliea

173 3573 214 3636 ad
236 3595 382 3659 paganos
405 3574 480 3638 illos
503 3573 682 3655 accedens,
705 3576 760 3660 qui
783 3577 870 3639 circa
892 3573 1045 3659 regiones
1069 3583 1196 3641 vestras
1220 3577 1382 3658 existunt,
1405 3597 1471 3640 non
1493 3575 1656 3640 modicam
1677 3574 1825 3639 multitu-

173 3676 283 3741 dinem
306 3676 486 3742 eorundem
509 3677 549 3741 ad
574 3678 776 3762 agnitionem
799 3680 949 3744 veritatis
973 3679 1126 3759 adduxit,
1149 3680 1325 3744 multorum
1348 3681 1382 3743 in
1406 3680 1454 3744 eis
1477 3700 1624 3745 errorum
1648 3676 1825 3763 generibus

153 3781 379 3868 exstirpatis,
412 3780 530 3866 quibus
560 3781 607 3845 ita
630 3783 741 3847 miseri
765 3783 963 3848 tenebantur
991 3783 1156 3869 impliciti,
1187 3791 1224 3847 ut
1246 3786 1369 3847 cultum
1393 3782 1573 3847 Christiani
1594 3781 1735 3846 nominis
1759 3800 1824 3843 non

174 3883 346 3966 habentes,
371 3906 499 3950 omnem
515 3886 731 3951 intentionem
757 3909 848 3952 suam
872 3888 973 3953 cultui
996 3895 1124 3952 tantum
1137 3887 1315 3952 visibilium
1332 3888 1545 3974 applicarent.
1590 3885 1714 3948 Verum
1736 3882 1824 3948 idem

50 4029 51 4032 ι
173 3987 359 4073 episcopus,
383 3989 521 4054 elevatis
545 3990 648 4054 oculis
671 3990 786 4056 videns
810 3991 896 4076 quod
919 3992 1072 4075 regiones
1095 3999 1204 4056 vestre
1227 3991 1303 4056 albe
1326 3998 1402 4055 sunt
1425 3991 1489 4054 iam
1512 3988 1553 4053 ad
1575 4008 1728 4067 messem,
1751 4006 1953 4070 cumam,

172 4089 266 4154 Iesus
290 4091 440 4155 Christus
463 4091 544 4156 deus
568 4100 697 4174 noster,
728 4095 813 4158 sicut
843 4095 1039 4181 accipimus,
1068 4115 1167 4180 super
1189 4101 1323 4178 gentem
1345 4101 1488 4158 vestram
1512 4093 1693 4157 clementer
1720 4089 1825 4174 respi-

172 4195 261 4258 ciens
286 4196 406 4258 cstium
429 4196 499 4260 eius
524 4197 714 4261 salvationis
737 4197 890 4283 dignatus
914 4200 957 4262 sit
980 4199 1125 4284 aperire,
1155 4219 1193 4262 ac
1222 4198 1263 4263 ad
1287 4199 1474 4284 spirituales
1497 4195 1653 4275 delicias,
1688 4212 1825 4258 conver-

173 4298 298 4361 sionem
332 4298 487 4364 videlicet
514 4302 623 4384 gentis
654 4301 819 4382 eiusdem,
853 4304 932 4366 totis
963 4301 1136 4367 desideriis
1165 4303 1307 4388 totisque
1336 4302 1435 4366 animi
1465 4298 1618 4364 medullis
1646 4296 1824 4383 suspirans,

171 4401 282 4481 nobis,
317 4402 372 4485 qui
407 4403 515 4466 locum
551 4403 641 4467 illius
676 4405 755 4470 licet
788 4406 943 4470 immeriti
973 4413 1122 4470 tenemus
1152 4406 1185 4468 in
1218 4406 1330 4486 terris,
1365 4404 1420 4490 qui
1452 4401 1624 4488 discipulis
1660 4400 1727 4464 suis
1761 4400 1822 4463 ait:

171 4503 316 4588 ‘Rogata
341 4503 507 4569 dominum
534 4506 671 4588 messis,
700 4515 737 4570 ut
766 4509 874 4573 mittat
897 4509 1064 4594 operarios
1087 4509 1121 4571 in
1142 4527 1286 4571 messem
1309 4507 1426 4588 suam’,
1456 4527 1530 4570 cum
1561 4505 1666 4567 multa
1687 4523 1822 4590 precum
1835 4531 1978 4586 mm,

170 4607 326 4671 instantia
349 4615 382 4671 et
404 4607 610 4672 lacrimarum
633 4611 802 4675 affluentia
824 4612 1037 4698 supplicavit,
1068 4617 1105 4674 ut
1135 4631 1209 4674 aum
1238 4617 1395 4694 expertus
1428 4631 1504 4674 cure
1527 4607 1692 4672 laboriosa
1716 4613 1823 4670 certa-

170 4712 259 4775 mina
281 4712 471 4796 pastoralis,
504 4733 697 4799 quamquam
727 4716 833 4800 possit
862 4714 973 4780 dicere
1002 4735 1075 4778 cum
1105 4714 1270 4800 apostolo:
1305 4712 1452 4776 ‘Bonum
1483 4719 1650 4776 certamen
1674 4709 1822 4791 certavi’,
1838 4739 1976 4792 mg„

171 4835 301 4877 cursum
324 4816 434 4901 cupiat
456 4816 663 4901 perfectioris
687 4818 797 4904 operis
820 4839 1063 4898 consummare,
1092 4825 1128 4882 ut
1157 4817 1189 4880 oi
1217 4837 1337 4880 corona
1359 4817 1487 4881 iustitis
1510 4815 1551 4880 dc
1576 4815 1702 4900 reliquo
1725 4834 1822 4898 repo-

172 4923 282 5000 natur,
315 4918 422 5004 ipsum
451 4920 643 5006 episcopatu
672 4929 807 5007 propter
830 4943 888 4986 vos
911 4919 1091 4984 Mutinensi
1114 4919 1268 5000 dimisso,
1298 4927 1448 5006 paratum
1476 4918 1653 5006 provehis
1684 4916 1712 4980 si
1739 4936 1821 5001 opus

169 5021 269 5086 fuerit
300 5022 399 5086 etiam
430 5023 566 5087 calicem
595 5021 709 5088 bibere
732 5024 914 5110 passionis,
944 5024 978 5087 in
1008 5044 1150 5087 messem
1172 5021 1306 5086 Domini
1334 5022 1464 5086 mittere
1488 5020 1707 5105 dignaremur.
1751 5016 1821 5082 Nos

169 5124 269 5209 igitur
301 5125 391 5211 pium
423 5126 494 5190 eius
529 5132 563 5190 et
597 5134 744 5190 sanctum
775 5127 978 5214 propositum
1009 5127 1044 5190 in
1072 5125 1215 5189 Domino
1246 5124 1528 5205 commendantes,
1559 5143 1597 5186 ac
1627 5127 1821 5186 revocantes

169 5228 344 5312 legationis
361 5227 504 5293 officium
527 5235 561 5292 et
582 5229 753 5293 universas
770 5230 898 5294 litteras
921 5236 955 5293 et
977 5228 1199 5314 indulgentias
1214 5228 1397 5294 venerabili
1419 5227 1512 5291 fratri
1534 5231 1647 5290 nostm
1664 5224 1820 5311 episcopo

170 5330 414 5417 Semigalliensi
437 5352 631 5414 concessas,
665 5333 804 5398 eumad
834 5332 1124 5418 evangelizandum
1147 5331 1301 5415 gentibus
1325 5352 1445 5396 nomen
1468 5329 1591 5394 domini
1615 5326 1718 5392 nostri
1741 5325 1822 5390 Iesu

93 5447 120 5488 ⁴⁰
172 5434 305 5518 Christi,
329 5437 501 5501 commisso
525 5436 588 5500 sibi
611 5437 709 5524 plene
725 5439 901 5522 legationis
918 5437 1036 5520 olficio,
1059 5435 1100 5501 ad
1123 5442 1234 5522 partes
1257 5436 1346 5521 ipsas
1362 5433 1562 5522 providimus
1579 5428 1820 5509 destinandum,

274 5695 299 5766 1)
317 5696 371 5768 Ap.
390 5696 520 5752 Patttost
538 5697 555 5750 l.
574 5713 594 5750 c.
614 5697 640 5750 ct
658 5693 801 5763 Perlbact,
819 5695 938 5786 Reuss,
952 5693 1022 5764 Rep.
1036 5711 1067 5764 p.
1086 5699 1128 5761 41,
1144 5711 1172 5748 ιι.
1189 5697 1245 5747 128
1257 5708 1406 5762 perperam
1423 5686 1632 5744 ‘Wirlandiuar'
1649 5687 1774 5762 agimus.
