4576 6390
767 376 966 438 balatonna
983 377 1173 440 SELEG‘IAE.
1205 379 1281 439 1234.
1791 383 1852 451 491

199 567 291 647 parte
316 555 484 624 societatis
506 561 618 621 nostre
642 578 699 622 cas
722 564 870 644 prestare
893 556 1013 622 debeat
1037 558 1223 638 cautiones,
1247 579 1328 644 quas
1350 557 1446 623 nobis
1470 555 1613 623 eeclesia
1634 555 1754 623 viderit
1777 579 1851 623 esse

200 665 362 730 efficaces.
407 663 460 727 Ad
491 663 584 726 cuius
607 664 654 727 rei
686 663 876 727 memoriam
900 668 933 726 et
961 662 1112 727 stabilem
1141 663 1329 728 firmitatem
1360 683 1497 750 presens
1529 663 1688 748 scriptum
1719 661 1791 726 fieri
1822 667 1855 725 et

200 769 381 854 sigillorum
404 772 594 830 nostrorum
617 766 754 832 fecimus
778 767 980 853 appensione
1003 767 1132 830 muniri.

824 1011 1235 1019 -...-..--------..,--.

892 1287 894 1290 -
983 1238 1070 1311 604.

311 1353 503 1462 &reportas
525 1377 581 1444 IX
596 1400 687 1460 papa
709 1379 976 1464 archipresbytero
999 1377 1155 1443 Padnano
1178 1381 1206 1442 et
1228 1379 1269 1443 A.
1296 1377 1460 1441 Tamisino
1483 1375 1631 1440 canonico
1652 1373 1799 1454 mandat,
1821 1381 1857 1440 nt

133 1519 145 1557 ³
197 1481 400 1568 [Aldricnm]
422 1483 596 1562 episcopum
612 1481 832 1546 Tridentinnm
853 1504 874 1546 a
897 1483 1107 1546 molestatione
1129 1482 1273 1564 Epaonrs
1294 1482 1370 1545 dicti
1392 1479 1570 1545 comitissis
1591 1479 1741 1559 Eppr‘ano
1763 1500 1854 1544 cano

198 1587 264 1650 nici
289 1585 470 1649 Tridentini
490 1584 636 1649 desishre
653 1584 792 1670 samarit.
1522 1589 1615 1669 1234,
1637 1591 1716 1659 Non,
1739 1591 1768 1657 3,

304 1704 387 1775 Grep.
406 1705 456 1758 IX
473 1704 542 1771 Rea
567 1703 622 1758 Vol.
642 1705 662 1758 1
667 1703 696 1771 V,
715 1708 784 1764 226,·
803 1704 866 1758 Lib.
891 1703 974 1768 VIII,
993 1708 1057 1758 295.

343 1972 352 1990 .
381 1972 389 1987 .
417 1915 810 2006 archipresbytero
837 1915 1047 1990 Paduanc
1076 1919 1118 1987 et
1145 1911 1189 1984 Α.
1218 1911 1449 1986 Tarvisino
1477 1921 1707 1994 canonico.

308 2063 448 2130 Gravcm
473 2063 584 2128 dilecti
606 2063 666 2127 filii
681 2062 854 2148 Hagnonis
871 2064 952 2128 dicti
968 2063 1096 2128 comitis
1112 2062 1153 2126 de
1170 2061 1342 2149 Eppiano¹
1366 2062 1557 2130 subdiaconi
1579 2071 1684 2134 nostri
1707 2071 1854 2136 canonici

123 2206 149 2243 ω
176 2243 178 2250 p
200 2169 385 2234 Tridentini
401 2169 588 2252 querelam⁸
610 2168 806 2254 recepimus,
831 2169 1054 2233 continentem
1071 2165 1157 2252 quod
1173 2165 1371 2230 venerabilis
1387 2165 1487 2232 irater
1503 2177 1616 2236 noster
1633 2221 1662 2237 ..
1679 2174 1855 2260 episcopus

199 2273 409 2337 Tridentinus
439 2271 628 2336 homiuibus
657 2271 798 2335 civitatis
827 2277 861 2335 ct
887 2270 1056 2334 districtus
1086 2269 1287 2350 Tridentini,
1319 2291 1361 2334 ne
1394 2271 1511 2356 aliquis
1542 2275 1687 2360 ipsorum
1719 2275 1856 2344 auderet

198 2377 291 2440 iuxta
317 2377 484 2461 antiquam
513 2375 781 2440 consuetudinem
810 2376 844 2438 in
875 2373 1125 2458 argentifodinis
1149 2373 1297 2438 ciusdem
1326 2377 1475 2439 canonici
1505 2376 1655 2444 laborare
1681 2386 1714 2444 et
1736 2381 1854 2445 meroi-

199 2481 309 2544 mouia
339 2500 448 2544 rerum
476 2480 641 2543 venalium
672 2498 746 2542 cum
776 2478 964 2542 hominibus
998 2477 1102 2563 ipsius
1132 2477 1280 2541 canonici
1310 2484 1344 2542 et
1372 2479 1443 2542 eius
1477 2486 1598 2546 terram
1631 2483 1855 2549 habitantibus

200 2583 403 2664 contrahere,
426 2584 460 2646 in
484 2603 583 2667 grave
606 2582 711 2667 ipsius
733 2581 925 2645 subdiaconi
940 2580 1158 2667 preiudicium
1180 2581 1349 2645 interdixit
1372 2589 1405 2647 et
1427 2582 1506 2648 tecit
1526 2586 1657 2670 publice
1682 2586 1742 2650 sub
1766 2593 1856 2652 certa

201 2707 286 2774 pena
308 2707 388 2751 voce
417 2687 575 2772 preconia
596 2686 763 2766 interdici,
799 2686 946 2749 homines
971 2685 1106 2750 eosdem
1128 2707 1149 2748 a
1171 2686 1335 2748 communi
1358 2686 1428 2750 toro
1453 2693 1487 2751 ct
1515 2688 1672 2753 haetenus
1695 2695 1854 2755 consueto

198 2791 233 2854 in
256 2791 327 2854 eius
349 2790 509 2855 iacturam
532 2790 709 2853 maximam
731 2789 863 2874 penitus
888 2785 1112 2865 excludendo,
1137 2794 1170 2851 et
1192 2789 1274 2851 alias
1296 2789 1470 2874 irrogando
1495 2791 1558 2855 sibi
1582 2789 1724 2878 dampna
1746 2799 1780 2857 et
1803 2793 1853 2856 in-

200 2895 300 2958 iurias
324 2915 383 2980 pro
408 2915 465 2959 sue
489 2894 583 2958 libito
604 2893 791 2956 voluntatis.
837 2890 982 2976 Ideoque
1006 2890 1153 2956 districte
1176 2889 1269 2955 vobis
1292 2913 1352 2977 per
1374 2895 1554 2979 apostolica
1579 2895 1702 2981 scripta
1723 2895 1856 2960 manda·

200 3019 283 3077 mus,
307 2998 468 3082 quatinus,
493 2999 520 3062 si
544 3004 596 3061 est
617 2997 672 3076 ita,
697 2997 770 3060 loco
794 3001 864 3058 tuto
887 2995 1037 3080 partibus
1061 2996 1241 3079 assignato,
1266 2996 1406 3060 eundem
1431 2999 1633 3083 episcopum,
1657 2999 1744 3084 quod
1767 3000 1853 3065 dicto

203 3100 403 3165 subdiacono
427 3100 467 3165 de
491 3100 641 3186 dampnis
666 3108 699 3164 et
721 3099 848 3192 iniupiis
873 3099 973 3161 illatis
997 3098 1189 3176 satisfaciat,
1213 3104 1417 3179 alienetur,
1441 3107 1475 3164 et
1497 3102 1538 3165 ab
1562 3102 1633 3165 eius
1657 3123 1757 3187 super
1779 3125 1854 3188 pre-

201 3205 310 3268 missis
334 3203 479 3267 indebita
501 3203 730 3267 molestatione
754 3200 912 3282 desistat,
943 3199 1039 3264 modo
1069 3200 1217 3287 predicto
1240 3202 1435 3266 auctoritate
1459 3210 1571 3268 nostra
1593 3207 1707 3289 previa
1730 3207 1855 3272 ratione

202 3307 338 3392 cogatis.
384 3304 479 3378 Quod
502 3306 529 3369 si
550 3326 615 3370 non
638 3327 752 3369 omnes
776 3311 838 3369 etc.

309 3426 385 3490 Dat.
409 3427 547 3507 Perusii,
569 3425 623 3489 ΙΙΙ
645 3425 729 3489 Non.
753 3424 914 3489 Novemb.
937 3423 1146 3510 pontificatus
1170 3424 1274 3488 nostri
1297 3445 1382 3489 anno
1406 3431 1531 3489 octavo.

822 3667 1235 3675 -.-..---...-.-......-..-.....-.--—-0

987 3892 1073 3966 605.

309 4009 499 4121 (imperiae
514 4031 570 4098 IX
578 4055 666 4114 papa
681 4034 843 4097 aniversae
862 4031 982 4097 Christi
1000 4032 1107 4113 fideles
1124 4053 1184 4112 per
1198 4052 1328 4114 repnnm
1343 4032 1504 4097 Franciae
1518 4034 1698 4098 constitutos
1720 4034 1764 4098 ad
1785 4035 1856 4099 snb-

203 4143 320 4206 sidr’nm
343 4141 461 4206 Terrae
484 4137 621 4202 Sanctae
648 4142 760 4217 evocat,
792 4155 925 4219 nrapnas
952 4137 1167 4218 indnlpentios
1187 4137 1377 4217 promittens
1398 4141 1427 4199 ct
1456 4136 1539 4213 alia,
1567 4138 1680 4218 qnibns
1701 4139 1857 4220 nepotiani

203 4247 285 4311 illud
306 4244 499 4325 capediatnr,
522 4245 671 4306 statuens.
1498 4243 1592 4318 1234,
1614 4239 1693 4304 Noc.
1717 4245 1768 4305 17.

308 4366 388 4432 Grep.
407 4362 456 4416 IX
477 4363 545 4429 Rea
566 4359 625 4413 Vol.
645 4360 698 4425 IV,
719 4363 792 4427 230;
814 4360 877 4414 Lib.
901 4359 991 4422 VIII,
1017 4362 1078 4413 315.
1115 4357 1210 4412 Hnins
1233 4359 1365 4428 epistolae
1383 4359 1514 4414 Perteins
1540 4359 1611 4414 nihii
1633 4359 1778 4429 descripsit
1801 4360 1857 4415 nisi

201 4451 406 4520 inscriptionem
424 4453 449 4501 et
466 4452 558 4501 notam
573 4447 798 4514 chronolopioam,
815 4447 979 4517 sipnifioans
997 4447 1058 4500 eins
1077 4452 1195 4500 tenorem
1211 4446 1289 4514 apnd
1309 4445 1481 4500 Meliboeam
1495 4447 1590 4501 Paris.
1608 4445 1736 4500 inveniri.
1772 4447 1857 4515 Apnd

202 4539 274 4591 hnnc
292 4535 421 4606 epistola,
448 4534 485 4587 ad
504 4532 607 4587 Christi
623 4533 721 4601 fideles
742 4550 794 4601 per
817 4549 930 4603 repnnm
951 4533 1070 4603 Anqliae
1088 4534 1251 4587 constitutos
1276 4533 1383 4586 directa
1406 4535 1487 4605 ellI
1501 4533 1575 4586 Non.
1594 4533 1667 4601 Sept.
1686 4549 1759 4588 anno
1784 4534 1861 4586 VIII

202 4624 278 4689 data,
295 4623 346 4676 aab
365 4619 469 4688 duplici
485 4620 577 4687 sorana
595 4620 711 4687 lepitnr:
729 4624 754 4685 1)
774 4620 873 4673 Matth.
889 4621 954 4673 Par.
971 4619 1071 4672 Chron.
1084 4620 1192 4673 maiora
1210 4619 1251 4673 ed.
1264 4618 1372 4685 Lnord,
1390 4623 1408 4671 t.
1421 4621 1480 4684 III,
1494 4635 1524 4688 p.
1540 4622 1693 4687 309-312,
1711 4622 1740 4686 2)
1758 4617 1856 4672 ibidem

126 4733 151 4772 ω
199 4728 230 4781 p.
249 4711 408 4763 eso-287.
426 4707 530 4758 Forma
549 4712 563 4758 1
582 4722 643 4759 enin
660 4705 724 4760 aliis
742 4707 824 4758 rebns
842 4723 876 4759 ea
889 4707 994 4774 Royeri
1011 4706 1044 4760 de
1062 4705 1221 4759 Wendoeoer
1232 4705 1367 4759 Floribus
1383 4704 1563 4758 historiarum
1581 4704 1743 4774 deprompto
1760 4705 1856 4759 altimo

198 4799 283 4868 parte
301 4791 433 4848 destituta
452 4797 499 4857 est,
516 4797 535 4845 2
552 4791 659 4860 intepra
677 4791 785 4861 onmem
803 4792 851 4846 sed
868 4793 1007 4846 nonnullis
1025 4793 1102 4858 locis,
1119 4796 1151 4846 nt
1167 4792 1252 4860 facile
1269 4791 1354 4856 vides,
1372 4790 1511 4845 adornata
1530 4791 1572 4844 orl
1588 4790 1669 4844 aliter
1681 4797 1789 4845 mutata
1807 4797 1856 4847 est.

203 4883 307 4949 Ropers'
327 4881 453 4934 lectiones
470 4878 673 4948 praeferendas
695 4894 750 4932 esse
773 4881 893 4932 testatur
916 4879 998 4932 etiam
1024 4879 1145 4946 formala
1167 4879 1197 4930 in
1221 4878 1433 4946 Banmpartenb.
1457 4875 1649 4937 Formelbncb,
1677 4873 1781 4929 Fontes
1802 4891 1856 4932 rer.

203 4971 299 5022 Austr.
318 4973 343 5020 2.
356 4966 436 5020 Abth.
455 4971 473 5019 t.
487 4964 582 5028 XXV,
598 4969 702 5034 p.166‚
720 4982 792 5034 qnae
810 4965 870 5020 licet
889 4971 993 5019 tentum
1010 4966 1133 5019 mutilum
1150 4964 1259 5028 habeat,
1278 4971 1374 5031 tamen,
1392 4977 1452 5016 oum
1470 4980 1505 5016 ea
1521 4959 1680 5016 anthentica
1697 4962 1857 5023 manaverit,

200 5055 293 5125 pretio
316 5068 371 5106 non
392 5057 475 5106 caret.
511 5051 676 5120 Propterea,
698 5056 729 5102 nt
752 5056 854 5105 textam
873 5052 1027 5104 anthentica
1053 5069 1134 5120 qnam
1153 5052 1312 5120 proximam
1330 5050 1435 5112 demna,
1457 5049 1487 5100 in
1506 5047 1600 5117 prima
1614 5051 1699 5116 porte
1718 5046 1857 5114 Roaernrn

125 5160 151 5200 ss
205 5140 306 5210 [Roga]
325 5139 411 5193 recab
432 5151 540 5200 snmus,
565 5137 688 5190 nltimam
708 5143 816 5206 partem
840 5154 875 5191 ea
896 5139 996 5191 Matth.
1018 5138 1085 5191 Par.
1108 5137 1178 5205 [Μ]
1200 5137 1387 5206 adinnpentes.
1425 5133 1595 5188 Particulam
1615 5131 1700 5184 luins
1719 5131 1858 5200 epistolae,

204 5243 288 5297 qnam
305 5242 339 5278 ea
357 5225 425 5291 Rea.
443 5229 578 5293 sumptam
590 5222 758 5292 Raynaldna
769 5223 928 5277 Annalibus
947 5224 1008 5278 anis
1026 5241 1051 5276 a.
1069 5227 1147 5290 1234,
1165 5226 1181 5286 §
1198 5226 1237 5276 30
1256 5223 1383 5284 inseruit,
1402 5237 1436 5274 ea
1455 5220 1517 5274 dns
1535 5217 1653 5272 editione
1666 5216 1856 5286 proponimus.

307 5310 442 5374 Potthaot
460 5309 526 5377 Rep.
546 5311 636 5375 9765;
653 5309 691 5377 cs.
710 5312 791 5364 9525.

1230 5446 1750 5457 ...—.-—.-.--—————-·—-.—-—-—·

309 5553 331 5620 ¹)
350 5555 454 5620 querela
472 5553 503 5605 R.

306 5675 331 5742 1)
353 5671 503 5725 Comitatus
521 5687 555 5724 ea
572 5671 755 5740 septentrione
773 5670 870 5740 oppidi
893 5669 1048 5724 itidentini
1065 5668 1137 5724 abac
1155 5673 1204 5722 est.
