4538 6426
401 422 467 476 XVI
1134 417 1348 472 PRAEFATIO.

514 615 562 679 12.
597 609 799 689 mandamus,
823 612 975 697 quatinus
1000 612 1122 676 vocatis
1146 611 1201 697 qui
1222 611 1345 676 luerint
1369 608 1527 674 evocandi
1552 615 1585 672 et
1608 607 1745 691 cognita
1769 628 1868 693 super·
1890 607 2056 700 premissis

405 716 595 801 diligentius
619 715 769 791 veritate,
793 735 925 780 causam
948 718 1002 780 etc.
1025 718 1060 777 cl
1082 715 1118 778 ia
1141 718 1191 779 11.

510 840 559 902 13.
594 836 796 918 mandamus,
811 836 963 922 quatinus
978 837 1104 901 vocatis
1127 836 1182 922 qui
1205 836 1327 901 fuerint
1350 831 1510 900 evocandi
1534 838 1567 897 ct
1589 830 1709 897 auditis
1735 831 1909 923 hincinde
1936 853 2055 920 propo-

403 941 484 1020 sitis,
509 938 594 1025 quod
619 940 811 1006 canonicum
834 941 943 1021 fuerit,
967 940 1189 1026 appellatione
1213 945 1339 1004 remota
1362 937 1523 1016 statuatis,
1547 936 1705 1001 facientes
1729 939 1781 1001 etc.
1806 940 1841 1000 at
1863 935 1952 1004 tna.

518 1065 566 1124 14.
601 1058 803 1138 mandamus,
819 1061 972 1146 quatinus
995 1066 1149 1126 revocato
1173 1061 1205 1123 in
1228 1059 1355 1123 irritum
1371 1055 1528 1143 quidquid
1550 1063 1625 1143 post
1650 1057 1905 1144 appellationem
1931 1043 2057 1143 [contra

407 1173 555 1230 tenorem
577 1163 853 1250 indulgentiarum
869 1162 935 1251 cic]
959 1165 992 1229 in
1010 1161 1094 1252 [eius
1117 1161 1184 1252 cic]
1209 1161 1425 1251 preiudieium
1447 1162 1638 1226 inveneritis
1661 1166 1901 1247 attemptatum,
1917 1159 2057 1225 audiatis

408 1289 540 1334 causam
564 1274 598 1332 st
620 1268 841 1354 appellatione
864 1275 992 1332 remota
1014 1269 1078 1333 line
1103 1267 1215 1332 debito
1239 1264 1431 1331 terminetis.

515 1392 563 1454 15.
598 1390 798 1477 prefigentes
821 1388 970 1475 partibus
998 1389 1174 1454 terminum
1198 1391 1457 1474 competentem,
1488 1406 1552 1470 quo
1583 1391 1795 1473 compareant
1817 1406 1925 1450 coram
1953 1384 2057 1464 nobis,

401 1491 486 1579 quod
509 1493 632 1557 iustum
654 1493 753 1558 inerit
776 1497 960 1577 recepture.

511 1616 560 1677 16.
597 1613 704 1700 Super
735 1613 807 1677 aliis
831 1633 924 1692 vero,
951 1633 1014 1697 que
1047 1613 1239 1697 contingunt
1268 1612 1436 1697 negotium
1461 1617 1695 1691 memoratum,
1727 1611 1883 1698 inspectis
1908 1609 2056 1676 eiusdem

402 1716 657 1782 circumstantiis
685 1714 861 1801 diligenter
889 1717 1006 1802 agatis,
1035 1721 1132 1802 prout
1155 1713 1336 1780 secundum
1359 1714 1467 1780 Deum
1496 1715 1680 1779 animarum
1709 1715 1807 1780 saluti
1834 1717 1882 1780 ccl
1911 1715 2058 1779 simil-iter

402 1820 549 1886 videritis
573 1819 741 1906 expedire.

512 1943 560 2004 17.
593 1939 710 2005 Testes
733 1947 853 2021 autem,
870 1942 926 2026 qui
948 1940 1070 2005 fuerint
1086 1940 1255 2019 nominati,
1273 1939 1299 2001 si
1324 1961 1359 2004 se
1383 1940 1499 2024 gratia,
1518 1939 1592 2004 odio
1608 1940 1660 2004 val
1686 1939 1802 2005 timore
1821 1939 2057 2018 subtraxerint,

401 2066 461 2130 per
477 2065 648 2112 censuram
664 2045 923 2112 ecclesiasticam
940 2051 1092 2110 cessante
1109 2044 1332 2130 appellatione
1350 2044 1476 2129 cogatis
1487 2045 1617 2109 veritati
1634 2044 1857 2109 testimonium
1870 2043 2056 2131 perhibere.

512 2166 561 2228 18.
597 2165 869 2246 contradictores,
903 2166 929 2230 si
963 2166 1018 2250 qui
1051 2165 1189 2244 fuerint,
1223 2165 1277 2230 vel
1314 2165 1456 2230 rebelles
1491 2187 1551 2251 per
1585 2186 1761 2230 censuram
1799 2164 2056 2230 ecclesiasticam

401 2269 621 2355 appellatione
645 2271 829 2356 postposita
852 2269 1106 2355 compescendo,
1132 2267 1304 2356 [advocato
1328 2269 1370 2333 ad
1393 2268 1464 2350 hoe,
1490 2270 1517 2335 si
1541 2291 1623 2356 opus
1647 2269 1759 2350 fuerit,
1784 2267 1906 2333 auxilio
1930 2267 2056 2333 brachii

403 2370 585 2459 secularis].

514 2495 561 2558 19.
596 2497 728 2580 proviso
756 2516 797 2559 ne
829 2497 862 2559 in
891 2501 1013 2561 terram
1041 2492 1301 2582 [universitatem
1329 2491 1395 2582 cta]
1426 2493 1776 2560 excommunicationis
1807 2494 1861 2558 vel
1895 2489 2057 2558 interdicti

402 2598 581 2662 sententias
604 2597 717 2664 feratis
740 2600 810 2665 sine
834 2599 1015 2686 apostolica
1039 2598 1126 2664 sodis
1151 2598 1303 2663 mandato
1328 2599 1475 2686 speciali.

514 2720 564 2783 20.
597 2718 695 2782 nullis
718 2719 838 2785 litteris
863 2719 1067 2785 obstantibus
1091 2718 1206 2784 harum
1233 2726 1347 2810 tenore
1376 2719 1476 2784 tacito
1504 2741 1523 2783 a
1553 2719 1634 2784 sede
1658 2719 1839 2805 apostolico
1862 2717 2055 2803 impetratis.

513 2841 564 2902 21.
598 2839 838 2906 nonobstante
863 2842 1094 2907 constitutione
1118 2841 1248 2906 concilii
1271 2842 1447 2926 generalis,
1472 2863 1536 2928 qua
1559 2847 1701 2918 cavetur,
1725 2863 1766 2906 ne
1783 2841 1857 2926 quis
1873 2840 1958 2904 ultra
1973 2836 2055 2904 duas

403 2941 508 3006 dietas
533 2949 629 3007 extra
651 2964 744 3008 suam
767 2943 925 3010 diocesim
948 2966 1007 3032 por
1028 2945 1155 3010 litteras
1179 2945 1378 3030 apostolicas
1403 2945 1445 3010 ad
1468 2945 1621 3010 iudicium
1646 2943 1731 3010 trahi
1754 2945 1867 3032 possit.

496 3115 498 3118 ’
555 3085 603 3160 Iu
624 3089 832 3182 paralogia:

511 3222 561 3288 22.
596 3219 818 3288 Prudentibus
842 3223 1023 3308 virginibus
1046 3225 1099 3286 cto.
1123 3226 1159 3286 at
1180 3223 1215 3286 in
1238 3227 1269 3289 4.
1369 3225 1371 3228 ’

509 3345 559 3406 23.
595 3343 799 3428 Religiosam
822 3345 925 3409 vitam
948 3345 1147 3430 eligentibus
1169 3347 1223 3412 ctc.
1247 3348 1283 3408 at
1305 3345 1340 3408 iu
1363 3347 1392 3407 6.

509 3464 560 3526 24.
594 3462 797 3551 Eapropter,
827 3464 938 3529 dilecti
967 3465 1002 3528 in
1031 3464 1173 3529 Domino
1202 3465 1277 3545 lilii,
1303 3465 1420 3530 vestris
1449 3465 1547 3530 iustis
1579 3464 1854 3552 postulationibus
1879 3464 2059 3528 elementer

401 3564 573 3629 annuimus
597 3573 630 3632 et
660 3568 836 3633 ecclesiam
867 3565 1127 3654 [monasterium]
1155 3617 1250 3648 ....‚
1275 3568 1308 3632 in
1336 3589 1401 3653 qua
1430 3567 1541 3634 divino
1570 3569 1748 3655 mancipati
1778 3569 1857 3632 estis
1888 3566 2057 3652 obsequio,

403 3667 463 3732 sub
486 3667 575 3734 beati
598 3669 688 3736 Petri
712 3677 745 3736 et
767 3677 880 3736 nostra
906 3671 1109 3757 protectione
1139 3671 1334 3757 suscipimus
1359 3678 1392 3736 et
1422 3672 1588 3757 presentis
1620 3671 1731 3758 scripti
1765 3670 1938 3758 privilegio
1968 3691 2057 3734 com·

401 3773 579 3850 munimus;
601 3773 635 3837 in
658 3775 771 3861 primis
795 3772 955 3861 siquidem
979 3781 1173 3854 statuentes,
1197 3780 1234 3838 ut
1257 3775 1336 3839 ordo
1358 3777 1534 3841 canonicus
1551 3772 1787 3864 [monasticus]‚
1804 3773 1860 3860 qui
1877 3772 2057 3839 secundum

399 3874 508 3941 Deum
532 3884 566 3943 et
587 3877 676 3943 beati
700 3928 733 3944 ..
757 3880 905 3966 regulam
933 3881 967 3943 in
990 3879 1106 3944 eadem
1135 3879 1276 3944 ecclesia
1305 3877 1532 3968 [monasterio]
1562 3882 1729 3946 institutus
1758 3902 1831 3946 esse
1867 3879 2056 3960 dinoscitur,

400 3980 571 4066 perpetuis
593 3980 715 4048 ibidem
737 3983 940 4070 temporibus
964 3982 1199 4048 inviolabiliter
1223 3981 1424 4049 observetur.

509 4104 560 4168 25.
595 4101 754 4168 Preterea
776 4125 987 4189 quascunque
1010 4103 1251 4191 possessiones,
1283 4124 1476 4190 quecunque
1505 4105 1592 4170 bona
1621 4106 1737 4172 eadem
1764 4106 1905 4171 ecclesia
1930 4103 2055 4192 [mona-

404 4202 552 4291 sterium]
577 4206 861 4292 impresentiarum
877 4209 961 4273 iuste
978 4214 1012 4273 et
1027 4209 1184 4273 canonice
1202 4208 1350 4293 possidet
1367 4216 1424 4273 aut
1440 4209 1473 4273 in
1489 4209 1637 4274 futurum
1653 4211 1747 4274 iustis
1765 4208 1870 4274 modis
1885 4215 2056 4296 prestante

401 4305 543 4372 Domino
566 4310 687 4395 poterit
709 4309 861 4396 adipisci,
890 4312 984 4375 firma
1005 4311 1099 4376 vobis
1122 4313 1307 4397 vestrisque
1336 4313 1584 4378 successoribus
1614 4321 1647 4378 et
1674 4312 1800 4378 illibata
1823 4320 2055 4400 permaneant,

401 4410 435 4474 in
459 4411 577 4497 quibus
600 4411 662 4477 hee
686 4415 825 4501 propriis
849 4414 1001 4479 duximus
1030 4415 1244 4503 exprimenda
1275 4416 1457 4482 vocabulis:
1487 4418 1595 4482 locum
1623 4418 1746 4503 ipsum,
1774 4419 1808 4481 in
1836 4437 1900 4501 quo
1927 4415 2057 4503 prelata

402 4514 544 4581 eeclesia
569 4513 826 4604 [monasterium]
852 4518 915 4583 sita
938 4526 998 4598 est,
1023 4541 1098 4583 eum
1121 4520 1271 4586 omnibus
1296 4521 1501 4607 pertinentiis
1526 4523 1593 4585 suis
1616 4507 1669 4585 cto.

510 4637 563 4700 26.
599 4636 686 4704 Sane
708 4639 875 4703 novalium
898 4649 1101 4722 vestrorum,
1124 4663 1186 4727 que
1210 4643 1350 4729 propriis
1374 4643 1525 4708 manibus
1549 4643 1603 4708 vel
1633 4642 1817 4731 sumptibus
1841 4641 1962 4722 colitis,
1986 4642 2055 4707 sive

400 4739 441 4805 de
465 4745 648 4804 vestrorum
675 4741 865 4809 animalium
893 4745 1100 4810 nutrimentis
1129 4747 1239 4811 nullus
1268 4768 1288 4811 a
1315 4747 1409 4812 vobis
1437 4747 1584 4813 decimas
1616 4749 1751 4834 exigere
1775 4748 1828 4814 vel
1857 4753 2055 4832 extorquere

401 4849 581 4930 presumat.

510 4949 562 5013 27.
598 4947 816 5015 Prohibamus
843 4950 991 5038 insuper,
1026 4973 1067 5018 ne
1101 4952 1212 5038 aliqua
1243 4975 1386 5041 persona
1414 4975 1473 5020 vos
1508 4953 1629 5020 audeat
1664 4955 1706 5021 ad
1741 4956 1902 5022 secularia
1935 4953 2058 5021 iudicia

400 5070 596 5137 provocare,
630 5057 681 5117 set
714 5053 743 5116 si
777 5052 848 5138 quis
880 5052 1038 5119 adversus
1066 5077 1125 5119 vos
1154 5056 1278 5142 aliquid
1305 5057 1369 5122 sibi
1397 5057 1575 5124 crediderit
1598 5058 1639 5123 de
1662 5059 1732 5125 iure
1756 5065 1962 5146 competere,
1993 5059 2054 5125 sub

400 5153 617 5219 ecclesiastici
641 5156 792 5220 examine
815 5155 926 5221 iudicii
950 5156 1144 5245 experiendi
1166 5159 1287 5226 habeat
1309 5161 1512 5228 facultatem.

508 5276 559 5338 28.
593 5273 675 5341 (lum
709 5285 820 5344 autem
855 5279 1010 5364 generale
1044 5280 1254 5346 interdictum
1283 5290 1370 5350 terre
1399 5284 1513 5364 luerit,
1539 5285 1639 5350 liceat
1663 5284 1758 5351 vobis
1787 5285 1907 5350 clausis
1937 5284 2054 5360 ianuis,

401 5379 545 5444 exclusis
569 5382 858 5445 excommunicatis
890 5388 923 5446 et
951 5382 1151 5464 interdictis,
1180 5406 1244 5449 non
1282 5387 1422 5473 pulsatis
1450 5389 1618 5474 campanis
1643 5409 1820 5476 suppressa
1842 5410 1922 5455 voce
1945 5389 2055 5454 divina

401 5482 509 5549 officia
531 5483 712 5550 celebrare.

509 5605 561 5670 29.
596 5603 723 5668 Orisma
758 5625 850 5685 vero,
886 5607 994 5673 oleum
1035 5616 1202 5687 sanctum,
1243 5614 1510 5680 consecrationes
1546 5615 1697 5679 altarium
1736 5635 1796 5680 sau
1836 5615 2054 5688 basilicarum,

400 5703 620 5771 ordinationes
649 5707 842 5772 clericorum
872 5706 1149 5800 [monachorum],
1177 5713 1232 5799 qui
1261 5713 1303 5778 ad
1332 5735 1442 5780 sacros
1471 5716 1603 5784 ordines
1636 5717 1758 5784 fuerint
1780 5717 2012 5809 promovendi,
2035 5737 2055 5782 a
