4596 6406
464 423 526 486 680
1042 419 1089 473 EX
1108 418 1283 473 enecetur
1301 419 1339 473 IX
1359 417 1540 473 REGIS'I'RO

572 595 612 658 In
643 592 783 658 eundem
817 593 949 658 modum
982 642 1022 658 ..
1054 583 1302 678 archiepiscopo
1338 592 1539 672 Turonensi,
1576 644 1583 657 .
1610 645 1615 655 .
1647 592 1896 680 archiepiscopo
1929 593 2124 675 Remensi·,

466 749 473 764 .
490 747 497 762 .
513 697 761 784 archiepiscopo
778 696 1001 781 Lugdunensi,
1027 746 1033 761 .
1051 697 1318 781 archiepiscopo
1336 695 1586 780 Burdcgalensi,
1611 747 1619 761 .
1636 745 1643 758 .
1661 697 1910 784 archiepiscopo
1924 698 2124 778 Viennensi,

466 852 499 868 ..
522 801 770 887 archiepiscope
794 800 976 881 auxitano,
1001 849 1034 867 ..
1057 800 1306 885 archiepiscopo
1329 799 1520 877 Bisuntine,
1545 851 1575 864 ..
1602 799 1849 887 archiepiscopo
1873 801 2124 880 Ebredunensi,

466 955 474 971 .
491 954 499 970 .
514 905 761 990 archiepiscopo
777 903 1046 990 Retbomagensi,
1072 953 1079 968 .
1096 953 1103 967 .
1118 903 1366 990 archiepiscopo
1378 902 1587 983 Bituricensi,
1612 903 1901 992 ..archiepiscopo
1918 905 2123 971 Arelatensi.

572 1008 612 1072 In
636 1007 776 1072 eundem
799 1007 930 1072 modum
955 1056 986 1074 ..
1009 1008 1164 1093 episcope
1187 1006 1369 1071 Parisiensi
1391 1028 1510 1092 usque:
1534 1027 1692 1071 onerosus
1717 1009 1851 1073 existas.

573 1111 613 1175 In
637 1110 777 1176 eundem
800 1111 932 1176 modum
956 1160 963 1175 .
985 1159 992 1174 .
1018 1111 1173 1197 episcopo
1197 1110 1403 1188 Oarnotensi,
1427 1158 1460 1176 ..
1484 1110 1640 1194 episcopo
1664 1110 1873 1194 Lexoviensi,
1906 1160 1940 1176 ..
1965 1115 2125 1200 episeopo

466 1215 741 1296 Oenomanncnsi,
766 1264 798 1282 ..
823 1216 979 1302 episcopo
1003 1215 1246 1294 Aurelianensi,
1272 1263 1302 1279 ..
1327 1214 1483 1301 episeopo
1500 1212 1708 1296 Belvacensi,
1731 1217 1940 1303 ..episcopo
1965 1216 2125 1282 Camera-

467 1319 572 1396 ccnsi‚
605 1320 822 1407 ..episcopo
852 1318 1132 1396 claromontensi,
1164 1365 1197 1383 ..
1222 1318 1379 1402 episcope
1403 1315 1656 1396 Neumasensib,
1689 1321 1905 1406 ..episcopo
1929 1320 2126 1402 Biterrensi,

468 1423 684 1510 ..episeopo
708 1422 895 1504 Anieiensi,
930 1471 971 1486 ..
1000 1423 1156 1508 episcopo
1180 1420 1378 1505 Agathensi,
1413 1469 1451 1486 ..
1481 1421 1637 1507 episeopo
1660 1422 1865 1505 Pictavensi,
1901 1425 2125 1512 ..episcopo

468 1526 717 1608 Carcasonensi,
743 1577 775 1592 ..
799 1527 955 1613 episcopo
979 1526 1152 1591 Tolosano.

573 1630 613 1694 In
641 1629 781 1694 eundem
814 1629 945 1694 modum
977 1629 1119 1715 capitulo
1144 1628 1330 1693 Senonensi
1358 1649 1477 1713 usque:
1514 1630 1714 1694 necessitate
1746 1636 1884 1714 urgente
1914 1638 2063 1696 vestrum
2093 1639 2127 1697 et
2222 1637 2224 1642 '

467 1733 605 1797 aliorum
628 1735 801 1798 consilium
816 1733 965 1798 videmus
986 1733 1161 1820 plurimum
1185 1739 1392 1818 oportunum,
1416 1733 1664 1796 universitatem
1688 1741 1829 1799 vestram
1853 1741 1914 1799 etc.
1938 1757 2058 1821 usquc:
2083 1735 2127 1798 ad

468 1837 652 1922 proximum
686 1837 806 1900 festum
842 1837 1091 1901 resurrectionis
1125 1836 1296 1900 Dominice
1332 1835 1373 1898 ad
1407 1857 1466 1899 nos
1502 1837 1701 1921 sollempnes
1737 1845 1769 1901 et
1803 1839 1958 1924 providos
1990 1841 2127 1904 nuntios

468 1940 651 2022 destinetis,
675 1942 729 2025 qui
751 1942 822 2006 vice
839 1949 949 2005 restra
966 1943 1046 2006 utile
1068 1941 1163 2005 nobis
1180 1941 1213 2004 in
1229 1941 1336 2004 causis
1354 1941 1494 2005 ecclesie
1509 1941 1680 2005 consilium
1693 1943 1887 2026 largientem
1910 1943 2044 2028 proviso
2062 1950 2127 2006 etc.

577 2045 616 2108 In
639 2044 778 2109 eundem
801 2046 932 2108 modum
955 2045 1098 2131 capitulo
1114 2043 1310 2122 Turonensi,
1335 2044 1477 2129 capitulo
1494 2043 1763 2129 Rothomagensi,
1787 2045 1930 2130 capitulo
1954 2045 2126 2126 Remensi,

469 2149 613 2235 capitulo
648 2148 876 2233 Lugdunensi,
915 2149 1057 2233 capitulo
1091 2146 1288 2227 Viennensi,
1330 2147 1474 2232 capitulo
1508 2146 1696 2226 Bisuntino,
1739 2150 1881 2233 capitulo
1914 2147 2128 2228 Bituricensi‚

470 2254 613 2340 capitulo
637 2251 877 2330 Ebredunensi,
902 2252 1044 2335 capitulo
1068 2251 1245 2328 Auxitano,
1270 2249 1411 2334 capitulo
1427 2250 1619 2329 Parisiensi,
1644 2251 1787 2336 capitulo
1804 2252 2010 2332 Oarnotensi,
2036 2254 2128 2338 eapi-

429 2353 436 2365 “
470 2359 539 2422 tulo
567 2357 817 2436 Aurelianensi,
850 2355 993 2440 capitulo
1027 2353 1305 2431 cenomannensi,
1341 2353 1483 2438 capitulo
1517 2353 1735 2435 Lexoviensi,
1771 2354 1913 2440 capitulo
1944 2354 2128 2432 Anieiensi,

472 2462 616 2546 capitulo
641 2459 903 2525 Olaromontano.

579 2564 617 2627 In
642 2563 782 2628 eundem
804 2563 937 2628 modum
961 2563 1103 2650 capitulo
1127 2563 1274 2648 generali
1297 2561 1576 2641 Cisterciensium,
1600 2569 1636 2626 ut
1659 2563 1788 2626 mittant
1810 2569 1949 2647 quatuor
1973 2564 2126 2629 abbates.

579 2668 617 2731 In
643 2667 783 2732 eundem
806 2667 937 2732 modum
961 2716 995 2731 ..
1018 2666 1130 2730 abbati
1154 2666 1463 2744 Premonstratensi,
1487 2672 1523 2728 ut
1546 2667 1764 2750 personaliter
1785 2667 1905 2731 veniat.

578 2771 617 2835 In
641 2771 780 2835 eundem
804 2770 935 2834 medum
961 2771 1121 2834 ..abbati
1144 2769 1367 2848 Cluniacensi,
1392 2821 1398 2835 .
1417 2819 1423 2832 .
1440 2769 1552 2832 abbati
1569 2769 1703 2833 Maioris
1720 2769 1911 2835 Monasterii
1921 2771 1943 2848 ¹,
1969 2821 1997 2836 ..
2016 2772 2130 2836 abbati

472 2874 743 2961 compendiensi,
772 2922 805 2938 ..
830 2874 941 2938 abbati
964 2873 1217 2953 Fiscannensi2,
1242 2873 1413 2938 ..abbati
1438 2873 1550 2937 Sancti
1573 2873 1729 2952 Dionisii,
1753 2875 1844 2938 fratri
1868 2873 2062 2941 Guillielmo
2088 2875 2130 2941 de

470 2979 583 3044 ordine
609 2978 887 3043 Certusianorum.
1456 2993 1457 2996 ’

1004 3178 1012 3196 .
1044 3175 1052 3190 .
1081 3121 1254 3194 illustri
1281 3120 1375 3211 regi
1401 3117 1596 3192 Francis.

329 3304 419 3356 ,Q
435 3309 455 3347 7,
580 3269 687 3357 Super
709 3273 807 3336 bases
830 3292 948 3336 aureas
976 3271 1017 3334 ad
1040 3272 1148 3335 locum
1179 3268 1446 3334 sanctificationis
1476 3268 1655 3332 ornandum
1685 3269 1873 3334 animalium
1901 3271 1964 3334 tria
1991 3293 2131 3355 genera,

473 3361 641 3438 cherubim
665 3375 805 3456 scilieet,
837 3375 942 3440 lconis
967 3381 999 3440 et
1021 3374 1132 3453 bovis,
1164 3395 1202 3436 ae
1232 3393 1349 3436 cneum
1379 3392 1468 3435 mare
1494 3369 1637 3456 desuper
1665 3373 1826 3458 sapientia
1849 3374 2036 3440 Salomonis
2069 3399 2131 3441 ex·

473 3478 585 3556 trusit,
608 3478 669 3542 hoe
693 3479 727 3541 in
750 3480 891 3543 eeclesia
915 3485 1067 3542 secutura
1090 3476 1328 3554 demonstrans,
1352 3475 1435 3539 utin
1453 3475 1624 3539 exordium
1641 3477 1786 3540 caritatis
1808 3498 1983 3561 exurgens,
2007 3482 2132 3544 amaris

473 3602 649 3666 conspersa
672 3581 825 3646 fluetibus
849 3589 882 3646 et
905 3580 1088 3645 turbinibus
1112 3581 1251 3664 agitata,
1281 3576 1321 3643 de
1351 3578 1485 3663 prelatis
1516 3585 1549 3642 et
1580 3578 1719 3642 subditis
1747 3601 1785 3643 ae
1809 3581 2011 3666 principibus
2037 3584 2129 3649 orbis

472 3682 650 3770 presidium
684 3685 819 3750 dextere
856 3685 1057 3750 sublevantis
1091 3689 1255 3769 expectet.
1309 3682 1391 3745 Cum
1421 3682 1521 3766 igitur
1549 3689 1652 3747 mater
1683 3684 1823 3748 ecelesia
1860 3685 1945 3749 inter
1978 3686 2129 3752 turbines

473 3790 576 3854 seculi
597 3789 752 3873 gravibus
777 3797 935 3874 occupata
960 3788 1108 3873 negociis
1142 3808 1237 3870 reges
1273 3793 1376 3866 terre,
1409 3784 1549 3849 ecclesie
1574 3787 1718 3870 prelatos
1743 3794 1776 3851 et
1800 3788 1947 3854 subditos
1975 3812 2013 3854 ae
2045 3792 2132 3855 elios

472 3890 584 3955 mundi
606 3893 770 3978 principes
798 3891 983 3956 decreverit
1009 3891 1185 3966 advocare,
1220 3896 1256 3952 ut
1288 3910 1401 3954 eorum
1433 3888 1592 3952 varietate
1617 3890 1738 3953 vestita
1765 3897 1798 3954 et
1830 3891 1954 3955 munita
1982 3894 2133 3960 consiliis

473 3995 671 4080 graviaque
696 4003 927 4060 successerunt
951 3994 1084 4079 negotia
1107 3994 1216 4057 valcat
1237 3992 1367 4056 felicius
1392 3991 1563 4076 expedire,
1586 3999 1635 4072 te,
1658 3993 1703 4056 lili
1728 3995 1909 4072 carissime,
1934 4018 2034 4081 quem
2059 3999 2133 4084 ipsa

474 4098 514 4162 dc
539 4100 796 4183 regenerationis
821 4099 927 4183 gratia
949 4098 1056 4162 reddit
1078 4097 1180 4159 filium
1205 4103 1237 4160 et
1261 4096 1456 4160 sinceritatis
1480 4097 1687 4180 prerogativa
1718 4095 1886 4178 dilectum,
1919 4097 1960 4163 de
1990 4100 2133 4166 fratrum

473 4210 658 4267 nostrorum
676 4204 811 4268 consilio
827 4201 868 4266 ad
885 4201 946 4266 hec
962 4200 1158 4265 fiducialiter
1173 4199 1359 4279 invitamus,
1384 4200 1596 4263 serenitatem
1619 4208 1708 4263 tuam
1732 4209 1885 4286 rogantes
1902 4209 1934 4266 et
1951 4213 2130 4270 monentes

474 4306 644 4385 attentius,
669 4315 829 4390 quatenus
852 4329 955 4392 usque
980 4306 1020 4369 ad
1043 4306 1229 4390 proximum
1253 4305 1372 4368 festum
1396 4305 1644 4368 resurrectionis
1668 4304 1840 4370 Dominice
1864 4306 1904 4370 ad
1928 4329 1988 4371 nos
2012 4307 2133 4375 fideles

474 4415 507 4474 et
530 4409 684 4495 providos
707 4410 840 4474 nuntios
864 4415 920 4474 tua
944 4408 1104 4473 celsitudo
1128 4409 1337 4486 transmittat,
1362 4408 1415 4491 qui
1440 4428 1538 4492 super
1562 4407 1776 4493 expediendis
1801 4411 1909 4473 causis
1932 4411 2134 4478 universalis

475 4511 614 4576 ecclesie
638 4513 718 4576 utile
743 4513 836 4578 nobis
861 4513 1034 4577 consilium
1056 4513 1129 4577 viee
1153 4513 1244 4596 regia
1267 4512 1457 4596 largiantur,
1482 4517 1518 4574 ut
1541 4511 1663 4577 habeat
1687 4515 1720 4577 in
1745 4520 1776 4578 tc
1802 4513 1988 4580 Christiana
2012 4519 2134 4604 religio

474 4614 657 4678 devotionis
681 4615 776 4680 solite
800 4616 903 4680 lilium
928 4623 960 4679 ct
986 4622 1172 4702 promptum
1196 4613 1362 4701 profectus
1388 4613 1607 4678 ecelesiastici
1634 4617 1822 4698 zelatorem,
1845 4619 1909 4682 tuis
1932 4620 2135 4687 utilitatibus

474 4717 723 4783 retributionem
747 4717 891 4782 debitam
915 4719 1110 4805 impensura.

585 4837 662 4905 Dat.
687 4845 723 4903 ut
747 4860 855 4925 supra.

1058 5024 1067 5042 .
1097 5023 1105 5041 .
1137 4966 1289 5040 eorniti
1316 4966 1542 5041 Flandrie.

582 5114 664 5180 Cum
687 5138 804 5200 graves
828 5119 1008 5204 apostolice
1033 5116 1120 5181 sedis
1144 5122 1280 5180 eventus
1306 5123 1339 5181 et
1362 5139 1478 5182 causas
1506 5119 1609 5182 seculi
1633 5117 1796 5204 principes
1817 5137 1881 5180 nen
1898 5115 2016 5182 deceat
2039 5121 2137 5208 igne-

474 5241 557 5297 rare,
581 5227 735 5304 tanquam
757 5222 945 5285 necessaria
968 5223 1080 5284 matris
1105 5221 1245 5285 ecclesie
1269 5221 1469 5302 fulcimenta,
1493 5221 1737 5286 imminentibus
1754 5220 1849 5284 nobis
1866 5241 1970 5306 nuper
1986 5225 2134 5308 negotiis

474 5322 637 5407 gravibus,
662 5344 725 5407 que
749 5322 940 5388 difficultate
965 5324 1015 5388 sni
1038 5346 1110 5389 oum
1133 5331 1189 5389 tuo
1214 5332 1247 5389 et
1263 5326 1400 5389 aliorum
1417 5326 1554 5390 consilio
1570 5325 1775 5390 decrevimus
1796 5322 1965 5410 expedire,
1991 5326 2133 5391 sinceri-

581 5581 605 5649 ⁸)
624 5587 655 5635 ln
673 5583 783 5635 eundem
800 5586 912 5647 modum,
930 5585 999 5650 quod
1016 5595 1074 5638 ants
1086 5588 1283 5654 utrumquodque
1300 5604 1392 5638 nomen
1409 5587 1542 5652 repetitum
1561 5595 1605 5650 cst,
1622 5587 1758 5638 οτηίείηιιω.
1840 5584 1863 5651 b)
1881 5586 1897 5635 i.
1916 5602 1937 5636 e.
1956 5588 2138 5644 Nemausensi.

579 5705 604 5771 l)
622 5704 804 5757 Marmoutier
821 5703 904 5758 iusta
928 5703 1022 5759 l'oura
1110 5706 1138 5776 2)
1157 5705 1277 5777 Ftccmp
1296 5721 1330 5760 ea
1347 5703 1529 5777 septentrione
1552 5703 1600 5760 civ.
1619 5705 1661 5758 Le
1679 5704 1774 5762 Hace
1792 5704 1822 5759 iu
1839 5719 1889 5764 ora
1906 5702 2002 5764 maris.
