<?xml version="1.0" encoding="UTF-8"?>
<!DOCTYPE html PUBLIC "-//W3C//DTD XHTML 1.0 Transitional//EN"
    "http://www.w3.org/TR/xhtml1/DTD/xhtml1-transitional.dtd">
<html xmlns="http://www.w3.org/1999/xhtml" xml:lang="en" lang="en">
 <head>
  <title>
</title>
<meta http-equiv="Content-Type" content="text/html;charset=utf-8" />
  <meta name='ocr-system' content='tesseract 3.04.00' />
  <meta name='ocr-capabilities' content='ocr_page ocr_carea ocr_par ocr_line ocrx_word'/>
</head>
<body>
  <div class='ocr_page' id='page_1' title='image "./monumentagerman00peipgoog/monumentagerman00peipgoog_0133.png"; bbox 0 0 4494 6426; ppageno 0'>
   <div class='ocr_carea' id='block_1_1' title="bbox 396 359 1502 434">
    <p class='ocr_par' dir='ltr' id='par_1_1' title="bbox 396 359 1502 434">
     <span class='ocr_line' id='line_1_1' title="bbox 396 359 1502 434; baseline -0.011 -2"><span class='ocrx_word' id='word_1_1' title='bbox 396 367 455 434; x_wconf 85' lang='lat'>110</span> <span class='ocrx_word' id='word_1_2' title='bbox 982 364 1030 421; x_wconf 83' lang='lat' dir='ltr'>EX</span> <span class='ocrx_word' id='word_1_3' title='bbox 1048 364 1204 422; x_wconf 85' lang='lat' dir='ltr'><strong>HONORII</strong></span> <span class='ocrx_word' id='word_1_4' title='bbox 1226 363 1266 418; x_wconf 92' lang='grc' dir='ltr'>ΙΙΙ</span> <span class='ocrx_word' id='word_1_5' title='bbox 1284 359 1464 421; x_wconf 81' lang='lat' dir='ltr'>REGIS&#39;I&#39;RO</span> <span class='ocrx_word' id='word_1_6' title='bbox 1499 389 1502 396; x_wconf 61' lang='grc'><em>’</em></span> 
     </span>
    </p>
   </div>
   <div class='ocr_carea' id='block_1_2' title="bbox 394 539 2051 1043">
    <p class='ocr_par' dir='ltr' id='par_1_2' title="bbox 394 539 2051 1043">
     <span class='ocr_line' id='line_1_2' title="bbox 396 539 2051 628; baseline 0.001 -21"><span class='ocrx_word' id='word_1_7' title='bbox 396 549 513 608; x_wconf 83' lang='lat' dir='ltr'>estex</span> <span class='ocrx_word' id='word_1_8' title='bbox 537 541 673 628; x_wconf 88' lang='lat' dir='ltr'>speciali</span> <span class='ocrx_word' id='word_1_9' title='bbox 696 542 802 627; x_wconf 89' lang='lat' dir='ltr'>gratis</span> <span class='ocrx_word' id='word_1_10' title='bbox 825 547 858 606; x_wconf 91' lang='lat' dir='ltr'>et</span> <span class='ocrx_word' id='word_1_11' title='bbox 882 541 1011 606; x_wconf 90' lang='lat' dir='ltr'>sincero</span> <span class='ocrx_word' id='word_1_12' title='bbox 1036 540 1180 606; x_wconf 86' lang='lat' dir='ltr'>caritatis</span> <span class='ocrx_word' id='word_1_13' title='bbox 1205 541 1338 620; x_wconf 82' lang='lat' dir='ltr'>aflectu,</span> <span class='ocrx_word' id='word_1_14' title='bbox 1362 539 1529 606; x_wconf 89' lang='lat' dir='ltr'>suadendo</span> <span class='ocrx_word' id='word_1_15' title='bbox 1554 541 1676 625; x_wconf 89' lang='lat' dir='ltr'>eidem,</span> <span class='ocrx_word' id='word_1_16' title='bbox 1700 564 1741 608; x_wconf 87' lang='lat' dir='ltr'>ne</span> <span class='ocrx_word' id='word_1_17' title='bbox 1766 543 1829 609; x_wconf 91' lang='lat' dir='ltr'>sibi</span> <span class='ocrx_word' id='word_1_18' title='bbox 1854 541 2051 609; x_wconf 89' lang='lat' dir='ltr'>eontrarium</span> 
     </span>
     <span class='ocr_line' id='line_1_3' title="bbox 395 644 2051 732; baseline 0.002 -23"><span class='ocrx_word' id='word_1_19' title='bbox 395 644 647 731; x_wconf 74' lang='lat' dir='ltr'>suggerentibus</span> <span class='ocrx_word' id='word_1_20' title='bbox 671 647 704 709; x_wconf 91' lang='lat' dir='ltr'>in</span> <span class='ocrx_word' id='word_1_21' title='bbox 722 645 786 710; x_wconf 92' lang='lat' dir='ltr'>biis</span> <span class='ocrx_word' id='word_1_22' title='bbox 809 652 864 710; x_wconf 89' lang='lat' dir='ltr'>aut</span> <span class='ocrx_word' id='word_1_23' title='bbox 886 645 959 709; x_wconf 87' lang='lat' dir='ltr'>aliis</span> <span class='ocrx_word' id='word_1_24' title='bbox 982 666 1078 710; x_wconf 87' lang='lat' dir='ltr'>aures</span> <span class='ocrx_word' id='word_1_25' title='bbox 1100 644 1281 730; x_wconf 89' lang='lat' dir='ltr'>imperialis</span> <span class='ocrx_word' id='word_1_26' title='bbox 1304 645 1486 709; x_wconf 86' lang='lat' dir='ltr'>maiestatis</span> <span class='ocrx_word' id='word_1_27' title='bbox 1509 645 1654 728; x_wconf 83' lang='lat' dir='ltr'>inclinet,</span> <span class='ocrx_word' id='word_1_28' title='bbox 1678 667 1753 710; x_wconf 90' lang='lat' dir='ltr'>curn</span> <span class='ocrx_word' id='word_1_29' title='bbox 1775 646 1850 732; x_wconf 88' lang='lat' dir='ltr'>plns</span> <span class='ocrx_word' id='word_1_30' title='bbox 1866 647 2051 714; x_wconf 76' lang='lat' dir='ltr'>benefactis</span> 
     </span>
     <span class='ocr_line' id='line_1_4' title="bbox 394 746 2050 837; baseline 0 -23"><span class='ocrx_word' id='word_1_31' title='bbox 394 750 516 814; x_wconf 90' lang='lat' dir='ltr'>nostris</span> <span class='ocrx_word' id='word_1_32' title='bbox 555 748 689 814; x_wconf 89' lang='lat' dir='ltr'>credere</span> <span class='ocrx_word' id='word_1_33' title='bbox 723 748 844 814; x_wconf 89' lang='lat' dir='ltr'>debeat</span> <span class='ocrx_word' id='word_1_34' title='bbox 878 769 974 834; x_wconf 89' lang='lat' dir='ltr'>quam</span> <span class='ocrx_word' id='word_1_35' title='bbox 1016 746 1190 812; x_wconf 80' lang='lat' dir='ltr'>fallacibus</span> <span class='ocrx_word' id='word_1_36' title='bbox 1233 746 1438 812; x_wconf 80' lang='lat' dir='ltr'>sermonibus</span> <span class='ocrx_word' id='word_1_37' title='bbox 1474 748 1623 813; x_wconf 90' lang='lat' dir='ltr'>aliorum.</span> <span class='ocrx_word' id='word_1_38' title='bbox 1689 750 1793 815; x_wconf 90' lang='lat' dir='ltr'>Porro</span> <span class='ocrx_word' id='word_1_39' title='bbox 1826 748 1955 815; x_wconf 88' lang='lat' dir='ltr'>fodrum</span> <span class='ocrx_word' id='word_1_40' title='bbox 1989 773 2050 837; x_wconf 89' lang='lat' dir='ltr'>per</span> 
     </span>
     <span class='ocr_line' id='line_1_5' title="bbox 395 851 2050 940; baseline 0 -22"><span class='ocrx_word' id='word_1_41' title='bbox 395 851 608 940; x_wconf 81' lang='lat' dir='ltr'>Campaniam</span> <span class='ocrx_word' id='word_1_42' title='bbox 631 861 665 919; x_wconf 91' lang='lat' dir='ltr'>et</span> <span class='ocrx_word' id='word_1_43' title='bbox 691 853 890 918; x_wconf 87' lang='lat' dir='ltr'>Maritimam</span> <span class='ocrx_word' id='word_1_44' title='bbox 913 874 932 916; x_wconf 90' lang='lat' dir='ltr'>a</span> <span class='ocrx_word' id='word_1_45' title='bbox 954 853 1076 917; x_wconf 90' lang='lat' dir='ltr'>nuntiis</span> <span class='ocrx_word' id='word_1_46' title='bbox 1099 852 1164 916; x_wconf 91' lang='lat' dir='ltr'>tuis</span> <span class='ocrx_word' id='word_1_47' title='bbox 1197 851 1308 936; x_wconf 87' lang='lat' dir='ltr'>colligi</span> <span class='ocrx_word' id='word_1_48' title='bbox 1332 852 1433 916; x_wconf 86' lang='lat' dir='ltr'>facias</span> <span class='ocrx_word' id='word_1_49' title='bbox 1458 859 1492 916; x_wconf 88' lang='lat' dir='ltr'>et</span> <span class='ocrx_word' id='word_1_50' title='bbox 1514 854 1670 939; x_wconf 88' lang='lat' dir='ltr'>predictis</span> <span class='ocrx_word' id='word_1_51' title='bbox 1694 853 1902 939; x_wconf 89' lang='lat' dir='ltr'>imperatoris</span> <span class='ocrx_word' id='word_1_52' title='bbox 1926 855 2050 918; x_wconf 88' lang='lat' dir='ltr'>nuntiis</span> 
     </span>
     <span class='ocr_line' id='line_1_6' title="bbox 396 955 1858 1043; baseline -0.001 -21"><span class='ocrx_word' id='word_1_53' title='bbox 396 956 556 1038; x_wconf 80' lang='lat' dir='ltr'>exbiberi,</span> <span class='ocrx_word' id='word_1_54' title='bbox 579 963 616 1020; x_wconf 91' lang='lat' dir='ltr'>ut</span> <span class='ocrx_word' id='word_1_55' title='bbox 639 955 725 1042; x_wconf 94' lang='lat' dir='ltr'>quod</span> <span class='ocrx_word' id='word_1_56' title='bbox 748 957 931 1042; x_wconf 89' lang='lat' dir='ltr'>incepimus</span> <span class='ocrx_word' id='word_1_57' title='bbox 954 956 1063 1022; x_wconf 88' lang='lat' dir='ltr'>facere</span> <span class='ocrx_word' id='word_1_58' title='bbox 1088 955 1128 1019; x_wconf 93' lang='lat' dir='ltr'>de</span> <span class='ocrx_word' id='word_1_59' title='bbox 1152 955 1257 1040; x_wconf 89' lang='lat' dir='ltr'>gratia</span> <span class='ocrx_word' id='word_1_60' title='bbox 1278 955 1417 1036; x_wconf 88' lang='lat' dir='ltr'>liberali,</span> <span class='ocrx_word' id='word_1_61' title='bbox 1440 955 1621 1022; x_wconf 86' lang='lat' dir='ltr'>liberaliter</span> <span class='ocrx_word' id='word_1_62' title='bbox 1645 957 1858 1043; x_wconf 85' lang='lat' dir='ltr'>compleatur.</span> 
     </span>
    </p>
   </div>
   <div class='ocr_carea' id='block_1_3' title="bbox 505 1075 1753 1162">
    <p class='ocr_par' dir='ltr' id='par_1_3' title="bbox 505 1075 1753 1162">
     <span class='ocr_line' id='line_1_7' title="bbox 505 1075 1753 1162; baseline 0.002 -22"><span class='ocrx_word' id='word_1_63' title='bbox 505 1075 582 1140; x_wconf 88' lang='lat' dir='ltr'>Dat.</span> <span class='ocrx_word' id='word_1_64' title='bbox 603 1076 757 1142; x_wconf 88' lang='lat' dir='ltr'>Lateran.</span> <span class='ocrx_word' id='word_1_65' title='bbox 781 1075 835 1141; x_wconf 89' lang='lat' dir='ltr'>III</span> <span class='ocrx_word' id='word_1_66' title='bbox 860 1075 938 1140; x_wconf 92' lang='lat' dir='ltr'>Idus</span> <span class='ocrx_word' id='word_1_67' title='bbox 961 1075 1136 1141; x_wconf 91' lang='lat' dir='ltr'>Decembr.</span> <span class='ocrx_word' id='word_1_68' title='bbox 1160 1076 1370 1162; x_wconf 85' lang='lat' dir='ltr'>pontificatus</span> <span class='ocrx_word' id='word_1_69' title='bbox 1393 1076 1498 1141; x_wconf 89' lang='lat' dir='ltr'>nostri</span> <span class='ocrx_word' id='word_1_70' title='bbox 1520 1097 1605 1142; x_wconf 89' lang='lat' dir='ltr'>anno</span> <span class='ocrx_word' id='word_1_71' title='bbox 1630 1077 1753 1160; x_wconf 91' lang='lat' dir='ltr'>quinto.</span> 
     </span>
    </p>
   </div>
   <div class='ocr_carea' id='block_1_4' title="bbox 397 1195 2053 1368">
    <p class='ocr_par' dir='ltr' id='par_1_4' title="bbox 397 1195 2053 1368">
     <span class='ocr_line' id='line_1_8' title="bbox 506 1195 2053 1283; baseline -0.001 -22"><span class='ocrx_word' id='word_1_72' title='bbox 506 1197 545 1261; x_wconf 91' lang='lat' dir='ltr'>In</span> <span class='ocrx_word' id='word_1_73' title='bbox 568 1196 709 1262; x_wconf 87' lang='lat' dir='ltr'>eundem</span> <span class='ocrx_word' id='word_1_74' title='bbox 730 1195 862 1261; x_wconf 90' lang='lat' dir='ltr'>modum</span> <span class='ocrx_word' id='word_1_75' title='bbox 886 1197 1042 1282; x_wconf 89' lang='lat' dir='ltr'>scriptum</span> <span class='ocrx_word' id='word_1_76' title='bbox 1067 1203 1118 1262; x_wconf 90' lang='lat' dir='ltr'>cst</span> <span class='ocrx_word' id='word_1_77' title='bbox 1133 1195 1294 1279; x_wconf 65' lang='lat' dir='ltr'>Aletrium</span> <span class='ocrx_word' id='word_1_78' title='bbox 1318 1195 1516 1261; x_wconf 89' lang='lat' dir='ltr'>subdiacono</span> <span class='ocrx_word' id='word_1_79' title='bbox 1540 1202 1574 1261; x_wconf 91' lang='lat' dir='ltr'>ct</span> <span class='ocrx_word' id='word_1_80' title='bbox 1590 1197 1760 1282; x_wconf 88' lang='lat' dir='ltr'>capellano</span> <span class='ocrx_word' id='word_1_81' title='bbox 1783 1201 1906 1274; x_wconf 89' lang='lat' dir='ltr'>nostro,</span> <span class='ocrx_word' id='word_1_82' title='bbox 1928 1217 2053 1283; x_wconf 89' lang='lat' dir='ltr'>usque:</span> 
     </span>
     <span class='ocr_line' id='line_1_9' title="bbox 397 1302 777 1368; baseline -0.003 -1"><span class='ocrx_word' id='word_1_83' title='bbox 397 1302 606 1368; x_wconf 88' lang='lat' dir='ltr'>sermonibus</span> <span class='ocrx_word' id='word_1_84' title='bbox 629 1302 777 1366; x_wconf 91' lang='lat' dir='ltr'>aliorum.</span> 
     </span>
    </p>
   </div>
   <div class='ocr_carea' id='block_1_5' title="bbox 1021 1461 1431 1468">
    <p class='ocr_par' dir='ltr' id='par_1_5' title="bbox 1021 1461 1431 1468">
     <span class='ocr_line' id='line_1_10' title="bbox 1021 1461 1431 1468; baseline -0.002 -1"><span class='ocrx_word' id='word_1_85' title='bbox 1021 1461 1431 1468; x_wconf 67' lang='lat'><em>--——.—.-..---—-...—....</em></span> 
     </span>
    </p>
   </div>
   <div class='ocr_carea' id='block_1_6' title="bbox 1189 1709 1272 1783">
    <p class='ocr_par' dir='ltr' id='par_1_6' title="bbox 1189 1709 1272 1783">
     <span class='ocr_line' id='line_1_11' title="bbox 1189 1709 1272 1783; baseline 0.048 -4"><span class='ocrx_word' id='word_1_86' title='bbox 1189 1709 1272 1783; x_wconf 86' lang='lat'><strong>156.</strong></span> 
     </span>
    </p>
   </div>
   <div class='ocr_carea' id='block_1_7' title="bbox 399 1820 2136 2139">
    <p class='ocr_par' dir='ltr' id='par_1_7' title="bbox 399 1820 2136 2139">
     <span class='ocr_line' id='line_1_12' title="bbox 508 1820 2057 1934; baseline 0.001 -20"><span class='ocrx_word' id='word_1_87' title='bbox 508 1820 696 1914; x_wconf 79' lang='lat' dir='ltr'>Honorius</span> <span class='ocrx_word' id='word_1_88' title='bbox 710 1850 871 1929; x_wconf 79' lang='lat' dir='ltr'>IIIpapa</span> <span class='ocrx_word' id='word_1_89' title='bbox 886 1847 1127 1930; x_wconf 75' lang='lat' dir='ltr'>arcfricpiscopis</span> <span class='ocrx_word' id='word_1_90' title='bbox 1148 1853 1176 1912; x_wconf 89' lang='lat' dir='ltr'>ct</span> <span class='ocrx_word' id='word_1_91' title='bbox 1199 1852 1275 1915; x_wconf 76' lang='lat' dir='ltr'>aliis</span> <span class='ocrx_word' id='word_1_92' title='bbox 1287 1853 1443 1932; x_wconf 77' lang='lat' dir='ltr'>praelatis</span> <span class='ocrx_word' id='word_1_93' title='bbox 1458 1871 1665 1934; x_wconf 67' lang='lat' dir='ltr'>pernequam</span> <span class='ocrx_word' id='word_1_94' title='bbox 1679 1849 1862 1915; x_wconf 82' lang='lat' dir='ltr'>Arelatcnsc</span> <span class='ocrx_word' id='word_1_95' title='bbox 1878 1854 2057 1917; x_wconf 74' lang='lat' dir='ltr'>constitutis</span> 
     </span>
     <span class='ocr_line' id='line_1_13' title="bbox 399 1952 2136 2036; baseline 0.001 -17"><span class='ocrx_word' id='word_1_96' title='bbox 399 1954 545 2032; x_wconf 71' lang='lat' dir='ltr'>modat,</span> <span class='ocrx_word' id='word_1_97' title='bbox 567 1957 603 2018; x_wconf 81' lang='lat' dir='ltr'>at</span> <span class='ocrx_word' id='word_1_98' title='bbox 624 1953 802 2030; x_wconf 79' lang='lat' dir='ltr'>consilium,</span> <span class='ocrx_word' id='word_1_99' title='bbox 833 1952 992 2015; x_wconf 66' lang='lat' dir='ltr'>auxilium</span> <span class='ocrx_word' id='word_1_100' title='bbox 1015 1955 1044 2014; x_wconf 88' lang='lat' dir='ltr'>ct</span> <span class='ocrx_word' id='word_1_101' title='bbox 1064 1953 1204 2033; x_wconf 73' lang='grc'><strong><em>[4444444</em></strong></span> <span class='ocrx_word' id='word_1_102' title='bbox 1221 1959 1383 2036; x_wconf 77' lang='lat' dir='ltr'>praestent</span> <span class='ocrx_word' id='word_1_103' title='bbox 1407 1953 2055 2036; x_wconf 66' lang='grc' dir='ltr'><strong><em>04444444444444441444444111444444Ῑ444444ῗ,</em></strong></span> <span class='ocrx_word' id='word_1_104' title='bbox 2123 1995 2136 2026; x_wconf 77' lang='lat'>0</span> 
     </span>
     <span class='ocr_line' id='line_1_14' title="bbox 399 2055 1757 2139; baseline -0.001 -17"><span class='ocrx_word' id='word_1_105' title='bbox 399 2059 450 2122; x_wconf 81' lang='grc' dir='ltr'>4444Ι</span> <span class='ocrx_word' id='word_1_106' title='bbox 470 2057 656 2122; x_wconf 71' lang='lat' dir='ltr'>Frtdmtcas</span> <span class='ocrx_word' id='word_1_107' title='bbox 677 2055 892 2119; x_wconf 68' lang='lat' dir='ltr'>amanomm</span> <span class='ocrx_word' id='word_1_108' title='bbox 914 2056 1085 2136; x_wconf 79' lang='lat' dir='ltr'>imperator</span> <span class='ocrx_word' id='word_1_109' title='bbox 1105 2056 1160 2120; x_wconf 80' lang='lat' dir='ltr'>hcc</span> <span class='ocrx_word' id='word_1_110' title='bbox 1181 2077 1311 2139; x_wconf 75' lang='grc'><strong><em>4494444444</em></strong></span> <span class='ocrx_word' id='word_1_111' title='bbox 1330 2057 1542 2122; x_wconf 74' lang='lat' dir='ltr'>ordinandam</span> <span class='ocrx_word' id='word_1_112' title='bbox 1563 2057 1757 2122; x_wconf 69' lang='grc' dir='ltr'><strong><em>4444444444νὶ4.</em></strong></span> 
     </span>
    </p>
   </div>
   <div class='ocr_carea' id='block_1_8' title="bbox 502 2158 1965 2314">
    <p class='ocr_par' dir='ltr' id='par_1_8' title="bbox 502 2158 1965 2314">
     <span class='ocr_line' id='line_1_15' title="bbox 881 2158 1965 2239; baseline 0.006 -17"><span class='ocrx_word' id='word_1_113' title='bbox 881 2185 883 2192; x_wconf 95' lang='grc'><strong><em>·</em></strong></span> <span class='ocrx_word' id='word_1_114' title='bbox 1698 2161 1792 2239; x_wconf 82' lang='lat'>1220,</span> <span class='ocrx_word' id='word_1_115' title='bbox 1813 2158 1888 2228; x_wconf 90' lang='lat' dir='ltr'>Dcc.</span> <span class='ocrx_word' id='word_1_116' title='bbox 1913 2166 1965 2229; x_wconf 83' lang='lat'>13.</span> 
     </span>
     <span class='ocr_line' id='line_1_16' title="bbox 502 2242 1180 2314; baseline 0 -16"><span class='ocrx_word' id='word_1_117' title='bbox 502 2243 578 2298; x_wconf 84' lang='lat' dir='ltr'>Hon.</span> <span class='ocrx_word' id='word_1_118' title='bbox 596 2243 654 2297; x_wconf 88' lang='lat' dir='ltr'>III</span> <span class='ocrx_word' id='word_1_119' title='bbox 669 2243 736 2311; x_wconf 66' lang='lat' dir='ltr'>Rea.</span> <span class='ocrx_word' id='word_1_120' title='bbox 760 2242 817 2297; x_wconf 83' lang='lat' dir='ltr'>Vol.</span> <span class='ocrx_word' id='word_1_121' title='bbox 835 2243 898 2308; x_wconf 88' lang='grc' dir='ltr'><em>ΙΙΙ,</em></span> <span class='ocrx_word' id='word_1_122' title='bbox 916 2246 965 2310; x_wconf 77' lang='lat'>44,-</span> <span class='ocrx_word' id='word_1_123' title='bbox 982 2242 1044 2297; x_wconf 79' lang='lat' dir='ltr'>Lib.</span> <span class='ocrx_word' id='word_1_124' title='bbox 1069 2244 1098 2314; x_wconf 89' lang='lat' dir='ltr'>V,</span> <span class='ocrx_word' id='word_1_125' title='bbox 1116 2246 1180 2298; x_wconf 78' lang='lat'><strong><em>229.</em></strong></span> 
     </span>
    </p>
   </div>
   <div class='ocr_carea' id='block_1_9' title="bbox 503 2328 928 2399">
    <p class='ocr_par' dir='ltr' id='par_1_9' title="bbox 503 2328 928 2399">
     <span class='ocr_line' id='line_1_17' title="bbox 503 2328 928 2399; baseline -0.002 -17"><span class='ocrx_word' id='word_1_126' title='bbox 503 2329 639 2394; x_wconf 71' lang='lat' dir='ltr'>raama,</span> <span class='ocrx_word' id='word_1_127' title='bbox 657 2328 728 2399; x_wconf 67' lang='lat' dir='ltr'>neq.</span> <span class='ocrx_word' id='word_1_128' title='bbox 748 2331 828 2393; x_wconf 85' lang='grc'><strong><em>4449,</em></strong></span> <span class='ocrx_word' id='word_1_129' title='bbox 848 2331 928 2382; x_wconf 87' lang='grc'><strong><em>4444.</em></strong></span> 
     </span>
    </p>
   </div>
   <div class='ocr_carea' id='block_1_10' title="bbox 452 2568 2005 2785">
    <p class='ocr_par' dir='ltr' id='par_1_10' title="bbox 452 2533 2005 2785">
     <span class='ocr_line' id='line_1_18' title="bbox 452 2568 2005 2664; baseline 0.001 -21"><span class='ocrx_word' id='word_1_130' title='bbox 452 2568 821 2662; x_wconf 83' lang='lat' dir='ltr'>Archiepiscopis</span> <span class='ocrx_word' id='word_1_131' title='bbox 849 2574 891 2642; x_wconf 87' lang='lat' dir='ltr'>et</span> <span class='ocrx_word' id='word_1_132' title='bbox 918 2571 1141 2664; x_wconf 87' lang='lat' dir='ltr'>episcopis</span> <span class='ocrx_word' id='word_1_133' title='bbox 1167 2594 1217 2645; x_wconf 91' lang='lat' dir='ltr'>ac</span> <span class='ocrx_word' id='word_1_134' title='bbox 1247 2571 1425 2645; x_wconf 85' lang='lat' dir='ltr'>dilectis</span> <span class='ocrx_word' id='word_1_135' title='bbox 1452 2571 1560 2645; x_wconf 85' lang='lat' dir='ltr'>filiis</span> <span class='ocrx_word' id='word_1_136' title='bbox 1586 2570 1688 2644; x_wconf 87' lang='lat' dir='ltr'>aliis</span> <span class='ocrx_word' id='word_1_137' title='bbox 1716 2571 2005 2646; x_wconf 86' lang='lat' dir='ltr'>ecclesiarum</span> 
     </span>
     <span class='ocr_line' id='line_1_19' title="bbox 677 2689 1779 2785; baseline 0.003 -24"><span class='ocrx_word' id='word_1_138' title='bbox 677 2689 861 2780; x_wconf 86' lang='lat' dir='ltr'>prelatis</span> <span class='ocrx_word' id='word_1_139' title='bbox 890 2710 970 2781; x_wconf 89' lang='lat' dir='ltr'>per</span> <span class='ocrx_word' id='word_1_140' title='bbox 996 2714 1180 2785; x_wconf 86' lang='lat' dir='ltr'>regnum</span> <span class='ocrx_word' id='word_1_141' title='bbox 1208 2692 1475 2767; x_wconf 83' lang='lat' dir='ltr'>Arelatense</span> <span class='ocrx_word' id='word_1_142' title='bbox 1503 2691 1779 2765; x_wconf 79' lang='lat' dir='ltr'>constitutis</span> 
     </span>
    </p>
   </div>
   <div class='ocr_carea' id='block_1_11' title="bbox 358 2834 2126 3753">
    <p class='ocr_par' dir='ltr' id='par_1_11' title="bbox 358 2834 2126 3753">
     <span class='ocr_line' id='line_1_20' title="bbox 508 2834 2057 2923; baseline -0.001 -22"><span class='ocrx_word' id='word_1_143' title='bbox 508 2836 713 2901; x_wconf 88' lang='lat' dir='ltr'>Karissimus</span> <span class='ocrx_word' id='word_1_144' title='bbox 736 2837 769 2900; x_wconf 93' lang='lat' dir='ltr'>in</span> <span class='ocrx_word' id='word_1_145' title='bbox 794 2837 924 2902; x_wconf 81' lang='lat' dir='ltr'>Christo</span> <span class='ocrx_word' id='word_1_146' title='bbox 947 2836 1032 2899; x_wconf 91' lang='lat' dir='ltr'>filius</span> <span class='ocrx_word' id='word_1_147' title='bbox 1056 2843 1169 2900; x_wconf 87' lang='lat' dir='ltr'>noster</span> <span class='ocrx_word' id='word_1_148' title='bbox 1191 2835 1394 2917; x_wconf 84' lang='lat' dir='ltr'>Fridericus,</span> <span class='ocrx_word' id='word_1_149' title='bbox 1418 2834 1639 2899; x_wconf 88' lang='lat' dir='ltr'>Romanorum</span> <span class='ocrx_word' id='word_1_150' title='bbox 1664 2835 1844 2921; x_wconf 89' lang='lat' dir='ltr'>imperator</span> <span class='ocrx_word' id='word_1_151' title='bbox 1867 2842 1900 2900; x_wconf 87' lang='lat' dir='ltr'>ct</span> <span class='ocrx_word' id='word_1_152' title='bbox 1923 2857 2057 2923; x_wconf 87' lang='lat' dir='ltr'>semper</span> 
     </span>
     <span class='ocr_line' id='line_1_21' title="bbox 405 2937 2059 3028; baseline -0.002 -21"><span class='ocrx_word' id='word_1_153' title='bbox 405 2949 564 3028; x_wconf 87' lang='lat' dir='ltr'>augustus</span> <span class='ocrx_word' id='word_1_154' title='bbox 588 2947 621 3005; x_wconf 87' lang='lat' dir='ltr'>ct</span> <span class='ocrx_word' id='word_1_155' title='bbox 642 2963 702 3005; x_wconf 83' lang='lat' dir='ltr'>rex</span> <span class='ocrx_word' id='word_1_156' title='bbox 720 2940 843 3022; x_wconf 80' lang='lat' dir='ltr'>Sicilie,</span> <span class='ocrx_word' id='word_1_157' title='bbox 867 2961 1003 3026; x_wconf 90' lang='lat' dir='ltr'>regnum</span> <span class='ocrx_word' id='word_1_158' title='bbox 1021 2939 1218 3005; x_wconf 81' lang='lat' dir='ltr'>Arelatense</span> <span class='ocrx_word' id='word_1_159' title='bbox 1235 2940 1355 3005; x_wconf 90' lang='lat' dir='ltr'>dilecto</span> <span class='ocrx_word' id='word_1_160' title='bbox 1377 2940 1444 3004; x_wconf 89' lang='lat' dir='ltr'>filio</span> <span class='ocrx_word' id='word_1_161' title='bbox 1465 2940 1567 3004; x_wconf 92' lang='lat' dir='ltr'>nobili</span> <span class='ocrx_word' id='word_1_162' title='bbox 1583 2941 1652 3003; x_wconf 81' lang='lat' dir='ltr'>viro</span> <span class='ocrx_word' id='word_1_163' title='bbox 1670 2937 1859 3004; x_wconf 84' lang='lat' dir='ltr'>Guillielmo</span> <span class='ocrx_word' id='word_1_164' title='bbox 1876 2939 2059 3004; x_wconf 90' lang='lat' dir='ltr'>marchioni</span> 
     </span>
     <span class='ocr_line' id='line_1_22' title="bbox 400 3042 2059 3131; baseline -0.002 -20"><span class='ocrx_word' id='word_1_165' title='bbox 400 3046 638 3112; x_wconf 85' lang='lat' dir='ltr'>Montisferrati</span> <span class='ocrx_word' id='word_1_166' title='bbox 661 3045 840 3127; x_wconf 80' lang='lat' dir='ltr'>commisit,</span> <span class='ocrx_word' id='word_1_167' title='bbox 868 3046 939 3131; x_wconf 90' lang='lat' dir='ltr'>qui,</span> <span class='ocrx_word' id='word_1_168' title='bbox 970 3045 1055 3109; x_wconf 89' lang='lat' dir='ltr'>sicut</span> <span class='ocrx_word' id='word_1_169' title='bbox 1084 3066 1194 3108; x_wconf 90' lang='lat' dir='ltr'>coram</span> <span class='ocrx_word' id='word_1_170' title='bbox 1226 3044 1322 3110; x_wconf 90' lang='lat' dir='ltr'>nobis</span> <span class='ocrx_word' id='word_1_171' title='bbox 1353 3045 1521 3131; x_wconf 81' lang='lat' dir='ltr'>exposuit,</span> <span class='ocrx_word' id='word_1_172' title='bbox 1552 3064 1688 3128; x_wconf 92' lang='lat' dir='ltr'>regnum</span> <span class='ocrx_word' id='word_1_173' title='bbox 1712 3042 1819 3128; x_wconf 92' lang='lat' dir='ltr'>ipsum</span> <span class='ocrx_word' id='word_1_174' title='bbox 1842 3043 1875 3105; x_wconf 93' lang='lat' dir='ltr'>in</span> <span class='ocrx_word' id='word_1_175' title='bbox 1898 3042 2059 3108; x_wconf 86' lang='lat' dir='ltr'>fidelitate</span> 
     </span>
     <span class='ocr_line' id='line_1_23' title="bbox 404 3145 2126 3237; baseline -0.003 -22"><span class='ocrx_word' id='word_1_176' title='bbox 404 3151 535 3237; x_wconf 91' lang='lat' dir='ltr'>imperii</span> <span class='ocrx_word' id='word_1_177' title='bbox 565 3157 599 3215; x_wconf 88' lang='lat' dir='ltr'>et</span> <span class='ocrx_word' id='word_1_178' title='bbox 629 3151 769 3215; x_wconf 89' lang='lat' dir='ltr'>ecclesie</span> <span class='ocrx_word' id='word_1_179' title='bbox 793 3149 966 3216; x_wconf 89' lang='lat' dir='ltr'>devotione</span> <span class='ocrx_word' id='word_1_180' title='bbox 996 3149 1163 3213; x_wconf 86' lang='lat' dir='ltr'>desideret</span> <span class='ocrx_word' id='word_1_181' title='bbox 1193 3149 1344 3216; x_wconf 88' lang='lat' dir='ltr'>solidare.</span> <span class='ocrx_word' id='word_1_182' title='bbox 1391 3148 1473 3212; x_wconf 81' lang='lat' dir='ltr'>(lum</span> <span class='ocrx_word' id='word_1_183' title='bbox 1501 3148 1601 3232; x_wconf 90' lang='lat' dir='ltr'>igitur</span> <span class='ocrx_word' id='word_1_184' title='bbox 1626 3147 1713 3212; x_wconf 88' lang='lat' dir='ltr'>idem</span> <span class='ocrx_word' id='word_1_185' title='bbox 1740 3145 1885 3210; x_wconf 87' lang='lat' dir='ltr'>marchio</span> <span class='ocrx_word' id='word_1_186' title='bbox 1918 3153 1952 3210; x_wconf 87' lang='lat' dir='ltr'>et</span> <span class='ocrx_word' id='word_1_187' title='bbox 1982 3168 2060 3233; x_wconf 91' lang='lat' dir='ltr'>pro·</span> <span class='ocrx_word' id='word_1_188' title='bbox 2114 3171 2126 3209; x_wconf 78' lang='grc'>4</span> 
     </span>
     <span class='ocr_line' id='line_1_24' title="bbox 358 3249 2060 3340; baseline -0.003 -23"><span class='ocrx_word' id='word_1_189' title='bbox 358 3291 359 3295; x_wconf 63' lang='lat'><em>=</em></span> <span class='ocrx_word' id='word_1_190' title='bbox 405 3255 563 3319; x_wconf 91' lang='lat' dir='ltr'>ienitores</span> <span class='ocrx_word' id='word_1_191' title='bbox 587 3254 638 3318; x_wconf 88' lang='lat' dir='ltr'>sui</span> <span class='ocrx_word' id='word_1_192' title='bbox 662 3275 791 3340; x_wconf 89' lang='lat' dir='ltr'>semper</span> <span class='ocrx_word' id='word_1_193' title='bbox 813 3254 936 3319; x_wconf 90' lang='lat' dir='ltr'>fuerint</span> <span class='ocrx_word' id='word_1_194' title='bbox 958 3254 1019 3317; x_wconf 84' lang='lat' dir='ltr'>viri</span> <span class='ocrx_word' id='word_1_195' title='bbox 1043 3253 1194 3317; x_wconf 86' lang='lat' dir='ltr'>catholici</span> <span class='ocrx_word' id='word_1_196' title='bbox 1218 3260 1252 3318; x_wconf 90' lang='lat' dir='ltr'>et</span> <span class='ocrx_word' id='word_1_197' title='bbox 1274 3252 1414 3318; x_wconf 89' lang='lat' dir='ltr'>ecclesie</span> <span class='ocrx_word' id='word_1_198' title='bbox 1437 3250 1584 3316; x_wconf 88' lang='lat' dir='ltr'>Romane</span> <span class='ocrx_word' id='word_1_199' title='bbox 1608 3250 1736 3331; x_wconf 87' lang='lat' dir='ltr'>devoti,</span> <span class='ocrx_word' id='word_1_200' title='bbox 1764 3271 1802 3313; x_wconf 90' lang='lat' dir='ltr'>ac</span> <span class='ocrx_word' id='word_1_201' title='bbox 1825 3271 1885 3336; x_wconf 91' lang='lat' dir='ltr'>per</span> <span class='ocrx_word' id='word_1_202' title='bbox 1907 3249 1970 3314; x_wconf 92' lang='lat' dir='ltr'>boc</span> <span class='ocrx_word' id='word_1_203' title='bbox 1993 3271 2060 3314; x_wconf 92' lang='lat' dir='ltr'>non</span> 
     </span>
     <span class='ocr_line' id='line_1_25' title="bbox 404 3352 2059 3443; baseline -0.002 -23"><span class='ocrx_word' id='word_1_204' title='bbox 404 3357 525 3422; x_wconf 85' lang='lat' dir='ltr'>iniuste</span> <span class='ocrx_word' id='word_1_205' title='bbox 549 3377 736 3443; x_wconf 80' lang='lat' dir='ltr'>speremus,</span> <span class='ocrx_word' id='word_1_206' title='bbox 766 3355 852 3441; x_wconf 90' lang='lat' dir='ltr'>quod</span> <span class='ocrx_word' id='word_1_207' title='bbox 876 3356 1045 3441; x_wconf 89' lang='lat' dir='ltr'>negotium</span> <span class='ocrx_word' id='word_1_208' title='bbox 1066 3354 1159 3432; x_wconf 91' lang='lat' dir='ltr'>fidei,</span> <span class='ocrx_word' id='word_1_209' title='bbox 1188 3363 1345 3440; x_wconf 92' lang='lat' dir='ltr'>quantum</span> <span class='ocrx_word' id='word_1_210' title='bbox 1375 3355 1408 3418; x_wconf 95' lang='lat' dir='ltr'>in</span> <span class='ocrx_word' id='word_1_211' title='bbox 1437 3354 1508 3440; x_wconf 93' lang='lat' dir='ltr'>ipso</span> <span class='ocrx_word' id='word_1_212' title='bbox 1531 3353 1647 3434; x_wconf 86' lang='lat' dir='ltr'>fuerit,</span> <span class='ocrx_word' id='word_1_213' title='bbox 1678 3373 1871 3438; x_wconf 86' lang='lat' dir='ltr'>promovere</span> <span class='ocrx_word' id='word_1_214' title='bbox 1902 3352 2059 3432; x_wconf 78' lang='lat' dir='ltr'>studebit,</span> 
     </span>
     <span class='ocr_line' id='line_1_26' title="bbox 402 3454 2059 3546; baseline -0.002 -22"><span class='ocrx_word' id='word_1_215' title='bbox 402 3460 609 3526; x_wconf 87' lang='lat' dir='ltr'>universitati</span> <span class='ocrx_word' id='word_1_216' title='bbox 631 3466 740 3525; x_wconf 89' lang='lat' dir='ltr'>vestre</span> <span class='ocrx_word' id='word_1_217' title='bbox 763 3481 822 3546; x_wconf 91' lang='lat' dir='ltr'>per</span> <span class='ocrx_word' id='word_1_218' title='bbox 844 3459 1025 3546; x_wconf 87' lang='lat' dir='ltr'>apostolica</span> <span class='ocrx_word' id='word_1_219' title='bbox 1048 3459 1170 3545; x_wconf 87' lang='lat' dir='ltr'>scripta</span> <span class='ocrx_word' id='word_1_220' title='bbox 1192 3458 1403 3539; x_wconf 88' lang='lat' dir='ltr'>mandamus,</span> <span class='ocrx_word' id='word_1_221' title='bbox 1433 3457 1585 3542; x_wconf 89' lang='lat' dir='ltr'>quatinus</span> <span class='ocrx_word' id='word_1_222' title='bbox 1609 3456 1716 3522; x_wconf 89' lang='lat' dir='ltr'>eidem</span> <span class='ocrx_word' id='word_1_223' title='bbox 1740 3454 1773 3520; x_wconf 91' lang='lat' dir='ltr'>id</span> <span class='ocrx_word' id='word_1_224' title='bbox 1797 3455 1890 3520; x_wconf 86' lang='lat' dir='ltr'>iuxta</span> <span class='ocrx_word' id='word_1_225' title='bbox 1911 3462 2059 3521; x_wconf 88' lang='lat' dir='ltr'>nostram</span> 
     </span>
     <span class='ocr_line' id='line_1_27' title="bbox 404 3559 2057 3649; baseline -0.003 -21"><span class='ocrx_word' id='word_1_226' title='bbox 404 3563 556 3628; x_wconf 88' lang='lat' dir='ltr'>fiduciam</span> <span class='ocrx_word' id='word_1_227' title='bbox 578 3562 711 3627; x_wconf 83' lang='lat' dir='ltr'>facienti</span> <span class='ocrx_word' id='word_1_228' title='bbox 734 3571 882 3649; x_wconf 86' lang='lat' dir='ltr'>prestare</span> <span class='ocrx_word' id='word_1_229' title='bbox 908 3562 1066 3627; x_wconf 88' lang='lat' dir='ltr'>studeatis</span> <span class='ocrx_word' id='word_1_230' title='bbox 1090 3562 1277 3643; x_wconf 90' lang='lat' dir='ltr'>consilium,</span> <span class='ocrx_word' id='word_1_231' title='bbox 1299 3562 1458 3626; x_wconf 86' lang='lat' dir='ltr'>auxilium</span> <span class='ocrx_word' id='word_1_232' title='bbox 1482 3559 1700 3640; x_wconf 78' lang='lat' dir='ltr'>attererem,</span> <span class='ocrx_word' id='word_1_233' title='bbox 1723 3566 1821 3646; x_wconf 86' lang='lat' dir='ltr'>prout</span> <span class='ocrx_word' id='word_1_234' title='bbox 1843 3561 1968 3645; x_wconf 87' lang='lat' dir='ltr'>negotii</span> <span class='ocrx_word' id='word_1_235' title='bbox 1993 3560 2057 3623; x_wconf 89' lang='lat' dir='ltr'>sibi</span> 
     </span>
     <span class='ocr_line' id='line_1_28' title="bbox 404 3665 1142 3753; baseline -0.003 -23"><span class='ocrx_word' id='word_1_236' title='bbox 404 3667 570 3731; x_wconf 89' lang='lat' dir='ltr'>commissi</span> <span class='ocrx_word' id='word_1_237' title='bbox 592 3667 755 3753; x_wconf 88' lang='lat' dir='ltr'>promotio</span> <span class='ocrx_word' id='word_1_238' title='bbox 778 3665 944 3730; x_wconf 84' lang='lat' dir='ltr'>videbitur</span> <span class='ocrx_word' id='word_1_239' title='bbox 965 3667 1142 3752; x_wconf 89' lang='lat' dir='ltr'>postulare.</span> 
     </span>
    </p>
   </div>
   <div class='ocr_carea' id='block_1_12' title="bbox 510 3785 1388 3870">
    <p class='ocr_par' dir='ltr' id='par_1_12' title="bbox 510 3785 1388 3870">
     <span class='ocr_line' id='line_1_29' title="bbox 510 3785 1388 3870; baseline -0.001 -20"><span class='ocrx_word' id='word_1_240' title='bbox 510 3786 587 3851; x_wconf 90' lang='lat' dir='ltr'>Dat.</span> <span class='ocrx_word' id='word_1_241' title='bbox 609 3786 763 3852; x_wconf 89' lang='lat' dir='ltr'>Lateran.</span> <span class='ocrx_word' id='word_1_242' title='bbox 786 3786 902 3852; x_wconf 90' lang='lat' dir='ltr'>Idibus</span> <span class='ocrx_word' id='word_1_243' title='bbox 924 3785 1133 3866; x_wconf 90' lang='lat' dir='ltr'>Decembris,</span> <span class='ocrx_word' id='word_1_244' title='bbox 1157 3807 1241 3850; x_wconf 90' lang='lat' dir='ltr'>anno</span> <span class='ocrx_word' id='word_1_245' title='bbox 1266 3786 1388 3870; x_wconf 89' lang='lat' dir='ltr'>quinto.</span> 
     </span>
    </p>
   </div>
   <div class='ocr_carea' id='block_1_13' title="bbox 405 3904 2060 4098">
    <p class='ocr_par' dir='ltr' id='par_1_13' title="bbox 405 3904 2060 4098">
     <span class='ocr_line' id='line_1_30' title="bbox 509 3904 2060 3995; baseline -0.003 -23"><span class='ocrx_word' id='word_1_246' title='bbox 509 3910 549 3972; x_wconf 94' lang='lat' dir='ltr'>In</span> <span class='ocrx_word' id='word_1_247' title='bbox 584 3908 725 3974; x_wconf 89' lang='lat' dir='ltr'>eundem</span> <span class='ocrx_word' id='word_1_248' title='bbox 758 3908 891 3973; x_wconf 89' lang='lat' dir='ltr'>modurn</span> <span class='ocrx_word' id='word_1_249' title='bbox 927 3910 1085 3995; x_wconf 87' lang='lat' dir='ltr'>scriptum</span> <span class='ocrx_word' id='word_1_250' title='bbox 1120 3915 1171 3973; x_wconf 90' lang='lat' dir='ltr'>est</span> <span class='ocrx_word' id='word_1_251' title='bbox 1203 3930 1302 3994; x_wconf 90' lang='lat' dir='ltr'>super</span> <span class='ocrx_word' id='word_1_252' title='bbox 1332 3907 1394 3972; x_wconf 92' lang='lat' dir='ltr'>boc</span> <span class='ocrx_word' id='word_1_253' title='bbox 1426 3959 1432 3972; x_wconf 95' lang='lat'><strong><em>.</em></strong></span> <span class='ocrx_word' id='word_1_254' title='bbox 1458 3956 1464 3970; x_wconf 94' lang='lat'>.</span> <span class='ocrx_word' id='word_1_255' title='bbox 1495 3906 1635 3972; x_wconf 80' lang='lat' dir='ltr'>Iliensil</span> <span class='ocrx_word' id='word_1_256' title='bbox 1666 3912 1700 3971; x_wconf 90' lang='lat' dir='ltr'>et</span> <span class='ocrx_word' id='word_1_257' title='bbox 1731 3956 1739 3972; x_wconf 91' lang='lat'><strong><em>.</em></strong></span> <span class='ocrx_word' id='word_1_258' title='bbox 1772 3904 2060 3970; x_wconf 80' lang='lat' dir='ltr'>.Valentinensi²</span> 
     </span>
     <span class='ocr_line' id='line_1_31' title="bbox 405 4009 1835 4098; baseline -0.001 -22"><span class='ocrx_word' id='word_1_259' title='bbox 405 4010 581 4098; x_wconf 87' lang='lat' dir='ltr'>episcopis,</span> <span class='ocrx_word' id='word_1_260' title='bbox 604 4019 745 4097; x_wconf 83' lang='lat' dir='ltr'>excepto</span> <span class='ocrx_word' id='word_1_261' title='bbox 768 4012 826 4076; x_wconf 93' lang='lat' dir='ltr'>ubi</span> <span class='ocrx_word' id='word_1_262' title='bbox 849 4010 983 4076; x_wconf 90' lang='lat' dir='ltr'>dicitur:</span> <span class='ocrx_word' id='word_1_263' title='bbox 1007 4012 1229 4086; x_wconf 89' lang='lat' dir='ltr'>universitati;</span> <span class='ocrx_word' id='word_1_264' title='bbox 1253 4013 1287 4075; x_wconf 93' lang='lat' dir='ltr'>in</span> <span class='ocrx_word' id='word_1_265' title='bbox 1310 4011 1374 4075; x_wconf 89' lang='lat' dir='ltr'>ista</span> <span class='ocrx_word' id='word_1_266' title='bbox 1397 4009 1529 4074; x_wconf 89' lang='lat' dir='ltr'>dieitur:</span> <span class='ocrx_word' id='word_1_267' title='bbox 1553 4009 1750 4074; x_wconf 83' lang='lat' dir='ltr'>fraternitati</span> <span class='ocrx_word' id='word_1_268' title='bbox 1774 4014 1835 4074; x_wconf 90' lang='lat' dir='ltr'>etc.</span> 
     </span>
    </p>
   </div>
   <div class='ocr_carea' id='block_1_14' title="bbox 403 4129 2119 4736">
    <p class='ocr_par' dir='ltr' id='par_1_14' title="bbox 403 4129 2119 4736">
     <span class='ocr_line' id='line_1_32' title="bbox 512 4129 2057 4220; baseline -0.001 -25"><span class='ocrx_word' id='word_1_269' title='bbox 512 4131 551 4195; x_wconf 91' lang='lat' dir='ltr'>In</span> <span class='ocrx_word' id='word_1_270' title='bbox 574 4131 714 4197; x_wconf 90' lang='lat' dir='ltr'>eundem</span> <span class='ocrx_word' id='word_1_271' title='bbox 737 4130 869 4196; x_wconf 90' lang='lat' dir='ltr'>modum</span> <span class='ocrx_word' id='word_1_272' title='bbox 899 4131 1055 4217; x_wconf 89' lang='lat' dir='ltr'>scriptum</span> <span class='ocrx_word' id='word_1_273' title='bbox 1079 4138 1130 4196; x_wconf 88' lang='lat' dir='ltr'>est</span> <span class='ocrx_word' id='word_1_274' title='bbox 1153 4129 1330 4220; x_wconf 68' lang='lat' dir='ltr'>Olourado]</span> <span class='ocrx_word' id='word_1_275' title='bbox 1354 4131 1530 4196; x_wconf 88' lang='lat' dir='ltr'>Portuensi</span> <span class='ocrx_word' id='word_1_276' title='bbox 1554 4131 1729 4217; x_wconf 91' lang='lat' dir='ltr'>episcopo,</span> <span class='ocrx_word' id='word_1_277' title='bbox 1762 4129 1943 4216; x_wconf 86' lang='lat' dir='ltr'>apostolice</span> <span class='ocrx_word' id='word_1_278' title='bbox 1968 4129 2057 4195; x_wconf 88' lang='lat' dir='ltr'>sedis</span> 
     </span>
     <span class='ocr_line' id='line_1_33' title="bbox 403 4233 2119 4322; baseline -0.001 -23"><span class='ocrx_word' id='word_1_279' title='bbox 403 4236 525 4320; x_wconf 89' lang='lat' dir='ltr'>legato,</span> <span class='ocrx_word' id='word_1_280' title='bbox 548 4257 668 4321; x_wconf 89' lang='lat' dir='ltr'>usque:</span> <span class='ocrx_word' id='word_1_281' title='bbox 703 4236 861 4300; x_wconf 81' lang='lat' dir='ltr'>auxilium</span> <span class='ocrx_word' id='word_1_282' title='bbox 885 4243 917 4300; x_wconf 94' lang='lat' dir='ltr'>et</span> <span class='ocrx_word' id='word_1_283' title='bbox 939 4236 1099 4317; x_wconf 89' lang='lat' dir='ltr'>favorem,</span> <span class='ocrx_word' id='word_1_284' title='bbox 1123 4244 1157 4301; x_wconf 88' lang='lat' dir='ltr'>et</span> <span class='ocrx_word' id='word_1_285' title='bbox 1179 4236 1281 4300; x_wconf 90' lang='lat' dir='ltr'>facias</span> <span class='ocrx_word' id='word_1_286' title='bbox 1304 4257 1323 4300; x_wconf 97' lang='lat' dir='ltr'>a</span> <span class='ocrx_word' id='word_1_287' title='bbox 1345 4235 1480 4322; x_wconf 88' lang='lat' dir='ltr'>prelatis</span> <span class='ocrx_word' id='word_1_288' title='bbox 1511 4242 1545 4299; x_wconf 87' lang='lat' dir='ltr'>et</span> <span class='ocrx_word' id='word_1_289' title='bbox 1564 4235 1637 4298; x_wconf 90' lang='lat' dir='ltr'>aliis</span> <span class='ocrx_word' id='word_1_290' title='bbox 1662 4233 1920 4298; x_wconf 89' lang='lat' dir='ltr'>consistentibus</span> <span class='ocrx_word' id='word_1_291' title='bbox 1943 4233 1976 4297; x_wconf 93' lang='lat' dir='ltr'>in</span> <span class='ocrx_word' id='word_1_292' title='bbox 2001 4241 2057 4298; x_wconf 87' lang='lat' dir='ltr'>tua</span> <span class='ocrx_word' id='word_1_293' title='bbox 2107 4257 2119 4290; x_wconf 79' lang='lat'>:›.</span> 
     </span>
     <span class='ocr_line' id='line_1_34' title="bbox 403 4336 2056 4426; baseline -0.001 -25"><span class='ocrx_word' id='word_1_294' title='bbox 403 4339 569 4423; x_wconf 88' lang='lat' dir='ltr'>legatione</span> <span class='ocrx_word' id='word_1_295' title='bbox 600 4341 751 4426; x_wconf 88' lang='lat' dir='ltr'>prestari.</span> <span class='ocrx_word' id='word_1_296' title='bbox 809 4339 1006 4425; x_wconf 84' lang='lat' dir='ltr'>Specialiter</span> <span class='ocrx_word' id='word_1_297' title='bbox 1035 4347 1145 4405; x_wconf 90' lang='lat' dir='ltr'>autem</span> <span class='ocrx_word' id='word_1_298' title='bbox 1174 4338 1381 4404; x_wconf 88' lang='lat' dir='ltr'>venerabiles</span> <span class='ocrx_word' id='word_1_299' title='bbox 1411 4338 1529 4402; x_wconf 88' lang='lat' dir='ltr'>fratres</span> <span class='ocrx_word' id='word_1_300' title='bbox 1561 4344 1691 4402; x_wconf 90' lang='lat' dir='ltr'>nostros</span> <span class='ocrx_word' id='word_1_301' title='bbox 1723 4389 1728 4402; x_wconf 95' lang='lat'><em>.</em></span> <span class='ocrx_word' id='word_1_302' title='bbox 1755 4385 1762 4399; x_wconf 92' lang='lat'><strong>.</strong></span> <span class='ocrx_word' id='word_1_303' title='bbox 1786 4336 2056 4402; x_wconf 88' lang='lat' dir='ltr'>Valentinensem</span> 
     </span>
     <span class='ocr_line' id='line_1_35' title="bbox 405 4441 2057 4531; baseline 0 -25"><span class='ocrx_word' id='word_1_304' title='bbox 405 4449 439 4506; x_wconf 88' lang='lat' dir='ltr'>et</span> <span class='ocrx_word' id='word_1_305' title='bbox 468 4489 475 4503; x_wconf 95' lang='lat'>.</span> <span class='ocrx_word' id='word_1_306' title='bbox 506 4489 513 4505; x_wconf 91' lang='lat'><strong>.</strong></span> <span class='ocrx_word' id='word_1_307' title='bbox 541 4441 700 4507; x_wconf 89' lang='lat' dir='ltr'>Diensem</span> <span class='ocrx_word' id='word_1_308' title='bbox 734 4445 925 4531; x_wconf 87' lang='lat' dir='ltr'>episcopos,</span> <span class='ocrx_word' id='word_1_309' title='bbox 958 4444 998 4509; x_wconf 90' lang='lat' dir='ltr'>de</span> <span class='ocrx_word' id='word_1_310' title='bbox 1034 4466 1171 4530; x_wconf 90' lang='lat' dir='ltr'>quorum</span> <span class='ocrx_word' id='word_1_311' title='bbox 1205 4444 1269 4508; x_wconf 89' lang='lat' dir='ltr'>fide</span> <span class='ocrx_word' id='word_1_312' title='bbox 1303 4451 1400 4528; x_wconf 88' lang='lat' dir='ltr'>atque</span> <span class='ocrx_word' id='word_1_313' title='bbox 1434 4441 1608 4529; x_wconf 90' lang='lat' dir='ltr'>prudentia</span> <span class='ocrx_word' id='word_1_314' title='bbox 1642 4462 1702 4506; x_wconf 92' lang='lat' dir='ltr'>nos</span> <span class='ocrx_word' id='word_1_315' title='bbox 1734 4449 1768 4505; x_wconf 89' lang='lat' dir='ltr'>et</span> <span class='ocrx_word' id='word_1_316' title='bbox 1797 4441 1884 4506; x_wconf 89' lang='lat' dir='ltr'>idern</span> <span class='ocrx_word' id='word_1_317' title='bbox 1912 4443 2057 4506; x_wconf 88' lang='lat' dir='ltr'>marchio</span> 
     </span>
     <span class='ocr_line' id='line_1_36' title="bbox 405 4545 2058 4635; baseline 0.002 -28"><span class='ocrx_word' id='word_1_318' title='bbox 405 4545 549 4629; x_wconf 87' lang='lat' dir='ltr'>gerimus</span> <span class='ocrx_word' id='word_1_319' title='bbox 572 4545 723 4611; x_wconf 90' lang='lat' dir='ltr'>fiduciam</span> <span class='ocrx_word' id='word_1_320' title='bbox 746 4551 933 4635; x_wconf 89' lang='lat' dir='ltr'>specialem,</span> <span class='ocrx_word' id='word_1_321' title='bbox 957 4549 989 4612; x_wconf 90' lang='lat' dir='ltr'>ei</span> <span class='ocrx_word' id='word_1_322' title='bbox 1012 4549 1215 4613; x_wconf 92' lang='lat' dir='ltr'>consiliarios</span> <span class='ocrx_word' id='word_1_323' title='bbox 1239 4556 1273 4612; x_wconf 91' lang='lat' dir='ltr'>et</span> <span class='ocrx_word' id='word_1_324' title='bbox 1294 4548 1484 4612; x_wconf 83' lang='lat' dir='ltr'>auxiliarios</span> <span class='ocrx_word' id='word_1_325' title='bbox 1508 4547 1658 4632; x_wconf 91' lang='lat' dir='ltr'>deputes,</span> <span class='ocrx_word' id='word_1_326' title='bbox 1681 4552 1717 4610; x_wconf 90' lang='lat' dir='ltr'>ut</span> <span class='ocrx_word' id='word_1_327' title='bbox 1740 4545 1811 4609; x_wconf 89' lang='lat' dir='ltr'>vice</span> <span class='ocrx_word' id='word_1_328' title='bbox 1835 4551 1891 4609; x_wconf 90' lang='lat' dir='ltr'>tna</span> <span class='ocrx_word' id='word_1_329' title='bbox 1915 4545 2058 4631; x_wconf 87' lang='lat' dir='ltr'>dirigant</span> 
     </span>
     <span class='ocr_line' id='line_1_37' title="bbox 405 4649 2057 4736; baseline 0.002 -25"><span class='ocrx_word' id='word_1_330' title='bbox 405 4669 538 4732; x_wconf 89' lang='lat' dir='ltr'>gressus</span> <span class='ocrx_word' id='word_1_331' title='bbox 562 4649 633 4713; x_wconf 88' lang='lat' dir='ltr'>eius</span> <span class='ocrx_word' id='word_1_332' title='bbox 656 4657 690 4715; x_wconf 92' lang='lat' dir='ltr'>et</span> <span class='ocrx_word' id='word_1_333' title='bbox 717 4652 838 4716; x_wconf 89' lang='lat' dir='ltr'>faciant</span> <span class='ocrx_word' id='word_1_334' title='bbox 861 4652 941 4732; x_wconf 86' lang='lat' dir='ltr'>alia,</span> <span class='ocrx_word' id='word_1_335' title='bbox 970 4673 1032 4736; x_wconf 93' lang='lat' dir='ltr'>que</span> <span class='ocrx_word' id='word_1_336' title='bbox 1061 4651 1187 4736; x_wconf 91' lang='lat' dir='ltr'>negotii</span> <span class='ocrx_word' id='word_1_337' title='bbox 1214 4651 1277 4715; x_wconf 92' lang='lat' dir='ltr'>sibi</span> <span class='ocrx_word' id='word_1_338' title='bbox 1306 4651 1471 4716; x_wconf 88' lang='lat' dir='ltr'>commissi</span> <span class='ocrx_word' id='word_1_339' title='bbox 1497 4650 1657 4736; x_wconf 91' lang='lat' dir='ltr'>promotio</span> <span class='ocrx_word' id='word_1_340' title='bbox 1687 4649 1850 4714; x_wconf 89' lang='lat' dir='ltr'>videbitur</span> <span class='ocrx_word' id='word_1_341' title='bbox 1878 4651 2057 4735; x_wconf 90' lang='lat' dir='ltr'>postulare.</span> 
     </span>
    </p>
   </div>
   <div class='ocr_carea' id='block_1_15' title="bbox 513 4767 781 4858">
    <p class='ocr_par' dir='ltr' id='par_1_15' title="bbox 513 4767 781 4858">
     <span class='ocr_line' id='line_1_38' title="bbox 513 4767 781 4858; baseline 0.015 -27"><span class='ocrx_word' id='word_1_342' title='bbox 513 4767 588 4832; x_wconf 87' lang='lat' dir='ltr'>Dat.</span> <span class='ocrx_word' id='word_1_343' title='bbox 611 4777 648 4835; x_wconf 90' lang='lat' dir='ltr'>ut</span> <span class='ocrx_word' id='word_1_344' title='bbox 671 4794 781 4858; x_wconf 87' lang='lat' dir='ltr'>supra.</span> 
     </span>
    </p>
   </div>
   <div class='ocr_carea' id='block_1_16' title="bbox 1192 5155 1275 5227">
    <p class='ocr_par' dir='ltr' id='par_1_16' title="bbox 1192 5155 1275 5227">
     <span class='ocr_line' id='line_1_39' title="bbox 1192 5155 1275 5227; baseline 0.012 -1"><span class='ocrx_word' id='word_1_345' title='bbox 1192 5155 1275 5227; x_wconf 84' lang='lat'><strong>157.</strong></span> 
     </span>
    </p>
   </div>
   <div class='ocr_carea' id='block_1_17' title="bbox 404 5262 2060 5480">
    <p class='ocr_par' dir='ltr' id='par_1_17' title="bbox 404 5262 2060 5480">
     <span class='ocr_line' id='line_1_40' title="bbox 509 5262 2060 5379; baseline 0.001 -24"><span class='ocrx_word' id='word_1_346' title='bbox 509 5262 698 5358; x_wconf 69' lang='lat' dir='ltr'>Honorius</span> <span class='ocrx_word' id='word_1_347' title='bbox 713 5293 876 5376; x_wconf 79' lang='lat' dir='ltr'>IIIpapc</span> <span class='ocrx_word' id='word_1_348' title='bbox 889 5293 1054 5379; x_wconf 79' lang='lat' dir='ltr'>P[ctcpio]</span> <span class='ocrx_word' id='word_1_349' title='bbox 1068 5294 1246 5358; x_wconf 80' lang='lat' dir='ltr'>Alboncasc&#39;</span> <span class='ocrx_word' id='word_1_350' title='bbox 1268 5295 1406 5374; x_wconf 76' lang='lat' dir='ltr'>episcopo</span> <span class='ocrx_word' id='word_1_351' title='bbox 1422 5295 1560 5373; x_wconf 70' lang='lat' dir='ltr'>assaliat,</span> <span class='ocrx_word' id='word_1_352' title='bbox 1584 5313 1615 5358; x_wconf 87' lang='grc'>44</span> <span class='ocrx_word' id='word_1_353' title='bbox 1628 5293 1829 5358; x_wconf 73' lang='lat' dir='ltr'>Frt&#39;dcrfcuuz</span> <span class='ocrx_word' id='word_1_354' title='bbox 1845 5293 2060 5358; x_wconf 74' lang='lat' dir='ltr'>Rmtzacwmm</span> 
     </span>
     <span class='ocr_line' id='line_1_41' title="bbox 404 5397 2059 5480; baseline 0 -19"><span class='ocrx_word' id='word_1_355' title='bbox 404 5398 622 5478; x_wconf 66' lang='lat' dir='ltr'>famosiorem</span> <span class='ocrx_word' id='word_1_356' title='bbox 652 5417 719 5462; x_wconf 80' lang='lat' dir='ltr'>aaa</span> <span class='ocrx_word' id='word_1_357' title='bbox 746 5419 815 5462; x_wconf 85' lang='lat' dir='ltr'>cum</span> <span class='ocrx_word' id='word_1_358' title='bbox 838 5403 975 5463; x_wconf 80' lang='lat' dir='ltr'>consorte</span> <span class='ocrx_word' id='word_1_359' title='bbox 1002 5398 1069 5462; x_wconf 82' lang='lat' dir='ltr'>eius</span> <span class='ocrx_word' id='word_1_360' title='bbox 1090 5418 1268 5477; x_wconf 56' lang='lat' dir='ltr'>seracusam</span> <span class='ocrx_word' id='word_1_361' title='bbox 1295 5399 1350 5480; x_wconf 80' lang='lat' dir='ltr'>qui</span> <span class='ocrx_word' id='word_1_362' title='bbox 1378 5419 1446 5463; x_wconf 80' lang='grc'><strong><em>444444</em></strong></span> <span class='ocrx_word' id='word_1_363' title='bbox 1473 5419 1504 5461; x_wconf 88' lang='grc'>44</span> <span class='ocrx_word' id='word_1_364' title='bbox 1525 5399 1676 5462; x_wconf 69' lang='grc'><strong><em>4444444444</em></strong></span> <span class='ocrx_word' id='word_1_365' title='bbox 1702 5397 1886 5462; x_wconf 68' lang='lat' dir='ltr'>Christiano</span> <span class='ocrx_word' id='word_1_366' title='bbox 1911 5399 2059 5480; x_wconf 74' lang='lat' dir='ltr'>prosince</span> 
     </span>
    </p>
   </div>
   <div class='ocr_carea' id='block_1_18' title="bbox 450 5650 956 5726">
    <p class='ocr_par' dir='ltr' id='par_1_18' title="bbox 450 5650 956 5726">
     <span class='ocr_line' id='line_1_42' title="bbox 450 5650 956 5726; baseline 0.004 -18"><span class='ocrx_word' id='word_1_367' title='bbox 450 5650 457 5664; x_wconf 89' lang='lat'>&#39;</span> <span class='ocrx_word' id='word_1_368' title='bbox 509 5655 536 5726; x_wconf 83' lang='lat'>1)</span> <span class='ocrx_word' id='word_1_369' title='bbox 557 5655 712 5720; x_wconf 77' lang='lat' dir='ltr'>Desiderio,</span> <span class='ocrx_word' id='word_1_370' title='bbox 782 5658 809 5726; x_wconf 75' lang='lat'>2)</span> <span class='ocrx_word' id='word_1_371' title='bbox 830 5657 956 5712; x_wconf 78' lang='lat' dir='ltr'>Gcrcfcto.</span> 
     </span>
    </p>
   </div>
   <div class='ocr_carea' id='block_1_19' title="bbox 0 0 2261 6420">
    <p class='ocr_par' dir='ltr' id='par_1_19' title="bbox 0 0 2261 6420">
     <span class='ocr_line' id='line_1_43' title="bbox 0 0 2261 6420; baseline 0 0"><span class='ocrx_word' id='word_1_372' title='bbox 0 0 2261 6420; x_wconf 95' lang='lat' dir='ltr'> </span> 
     </span>
    </p>
   </div>
  </div>
 </body>
</html>
