4538 6426
751 357 951 412 EPISTOLAE
970 355 1159 410 SELEC'I'AE.
1192 355 1266 409 1216.
1818 360 1835 420 7

181 529 327 612 signatus
356 530 399 592 sit
431 533 459 592 et
490 529 573 592 alter
599 530 700 592 erneis
726 531 901 593 charactere
928 529 1078 593 desideret
1106 529 1271 611 insigniri,
1306 530 1397 593 liccat
1428 530 1603 594 vicesimam
1629 534 1838 612 proventuum

181 634 383 697 ecclesiaram
404 653 533 697 snernm
556 633 735 712 dandatenc
758 634 920 696 saccnrsrn'
946 631 1061 695 Terrae
1085 632 1222 696 Ser-ictae
1244 653 1345 696 secane
1368 632 1497 713 deterre,
1519 633 1574 698 boe
1595 635 1739 699 concedit.

1506 740 1599 814 1216,
1621 736 1696 802 Dec.
1719 741 1751 804 2.
1795 760 1797 764 ’

289 856 362 910 Hon.
386 856 443 908 ΙΙΙ
462 855 530 925 Reg.
559 856 614 909 Vol.
640 857 669 922 Ι,
692 859 733 918 21,
743 860 796 920 22,
819 855 879 908 Lib.
904 856 929 908 I.
954 858 999 908 86.
1046 856 1140 909 Huius
1164 857 1296 925 epistolae
1320 861 1450 920 tenorem,
1475 873 1551 925 quan
1574 857 1641 925 qnia
1667 863 1748 911 notns
1770 862 1837 924 act,

115 948 127 984 ὁ
182 941 312 995 Pcrtsins
331 957 386 994 non
404 942 565 1010 descripsit,
586 942 692 1010 snnvpsi
714 958 747 994 ee
768 941 876 994 Cironii
898 942 1001 1010 Quinte
1021 941 1132 1010 Conipil.
1160 943 1267 996 Decret.
1291 943 1365 997 Hon.
1384 943 1446 1007 ΙΙΙ,
1465 943 1511 996 lib.
1530 943 1592 1008 ΙΙΙ,
1611 944 1652 998 tit.
1670 948 1716 1012 20,
1735 959 1795 1011 cap.
1813 949 1836 1013 1,

181 1026 231 1080 nbi
249 1046 309 1082 conv
324 1044 416 1097 marn
434 1028 615 1096 inscriptione
632 1027 792 1080 instructam
810 1033 835 1080 et
853 1030 918 1080 noto
937 1027 1129 1098 elnonelopica
1147 1031 1281 1081 enrerrtern
1299 1029 1413 1082 incenis.

286 1115 422 1176 Pottlsest
442 1113 509 1180 Rea.
531 1116 608 1166 7814.

416 1310 460 1382 Α.
490 1309 803 1400 Salzburgensi
832 1313 873 1381 et
899 1308 937 1379 F.
966 1309 1324 1399 Bertesgademsi
1349 1311 1603 1401 prepositis.

292 1455 491 1520 Postulastis
523 1480 583 1543 per
611 1467 738 1522 nostras
767 1459 894 1521 litteras
919 1457 1067 1536 edoceri,
1100 1479 1140 1521 an
1170 1459 1263 1521 vobis
1293 1459 1451 1542 professis
1476 1459 1620 1524 ordinem
1644 1459 1837 1542 regularem,

105 1582 129 1616 ιο
185 1579 322 1642 querum
345 1562 428 1625 alter
451 1563 696 1646 crucesignatus
720 1568 770 1625 est
794 1571 827 1625 et
849 1561 993 1644 reliquus
1018 1562 1123 1624 crucis
1147 1561 1335 1624 charactere
1359 1560 1524 1626 desiderat
1546 1563 1711 1646 insigniri,
1740 1563 1838 1624 liceat

182 1663 372 1726 vicesimam
408 1670 624 1748 proventuum
665 1664 879 1728 ecelesiarum
915 1670 1098 1727 vestrarum
1139 1663 1329 1749 deputatam
1373 1666 1541 1729 succursui
1574 1665 1675 1729 Terre
1719 1664 1837 1728 Sancte

184 1764 313 1830 deferre
337 1767 521 1845 vobiscum,
551 1774 585 1831 ut
608 1790 667 1853 per
690 1789 747 1831 vos
771 1768 919 1853 proficiat
943 1768 1030 1830 illius
1054 1775 1140 1831 terre
1165 1770 1348 1842 succursui,
1371 1770 1426 1852 qui
1448 1769 1554 1854 parati
1576 1770 1657 1832 estis
1680 1789 1838 1854 personas

184 1877 311 1932 vestras
342 1890 507 1954 exponere
543 1871 675 1935 servitio
711 1871 788 1934 Iesu
825 1870 961 1950 Christi,
996 1871 1170 1955 presertim
1207 1893 1280 1934 eum
1314 1872 1408 1935 multi
1444 1871 1595 1957 exemplo
1632 1872 1838 1936 emulationis

184 1972 359 2036 laudabilis
388 1974 554 2059 provocati
583 1973 623 2036 ad
655 1972 849 2037 currendum
887 1981 961 2057 post
990 1994 1048 2036 vos
1076 1975 1214 2036 viriliter
1247 1975 1471 2057 accingantur,
1501 1975 1669 2059 preliaturi
1700 1975 1839 2059 prelium

106 2095 129 2130 u
186 2074 320 2139 Domini
355 2084 468 2141 eontra
500 2083 626 2162 gentes.
688 2075 773 2148 (luia
804 2098 882 2140 vero
917 2076 1105 2140 liberationi
1139 2083 1224 2141 terre
1258 2078 1345 2140 illius
1380 2079 1457 2140 totis
1489 2077 1613 2140 viribus
1645 2079 1838 2163 aspiramus,

185 2178 377 2242 discretioni
401 2186 508 2243 vestre
531 2200 590 2265 per
613 2181 795 2265 apostoliea
818 2181 938 2264 scripta
962 2179 1171 2256 mandamus,
1203 2181 1373 2263 quatinus,
1405 2181 1433 2243 si
1462 2180 1601 2244 ecclesie
1625 2188 1733 2244 vestre
1756 2180 1838 2243 alias

185 2303 245 2367 per
273 2282 454 2346 absentiam
481 2290 622 2347 vestram
651 2284 828 2348 enormiter
861 2303 925 2346 non
959 2282 1125 2362 lednutur,
1157 2289 1189 2346 et
1222 2304 1280 2346 vos
1309 2284 1405 2347 utiles
1434 2284 1560 2348 fueritis
1589 2290 1676 2347 terre
1704 2282 1839 2346 Domini

184 2385 286 2449 verbo
318 2386 440 2471 pariter
470 2393 504 2450 et
533 2388 699 2471 exemplo,
732 2385 819 2471 quod
848 2386 1046 2450 conscientie
1077 2394 1187 2450 vestre
1217 2386 1369 2450 duximus
1402 2386 1666 2470 relinquendum,
1695 2386 1839 2450 dimissis

184 2489 450 2575 procuratoribus
480 2489 606 2553 idoneis
631 2490 663 2552 in
692 2490 842 2552 ecelesiis
866 2489 998 2566 vestris,
1029 2490 1167 2569 potestis
1198 2496 1231 2553 et
1254 2490 1411 2552 tenemini
1435 2497 1545 2553 votum
1568 2490 1840 2575 peregrinationis

104 2618 130 2653 a
185 2591 385 2677 adimplere,
419 2613 457 2656 ae
495 2593 541 2656 sic
577 2600 688 2678 potest
722 2594 755 2656 in
790 2614 870 2656 usus
900 2600 1028 2656 vestros
1064 2595 1202 2657 transire
1233 2594 1391 2657 vicesima
1419 2594 1631 2658 eeclesiarum
1661 2599 1840 2658 vestrarum

185 2694 343 2780 deputata
366 2694 526 2758 subsidio
549 2695 650 2759 Terre
676 2695 806 2759 Sancte.

294 2796 370 2860 Dat.
393 2796 497 2862 Rome
520 2798 606 2884 apud
634 2798 790 2862 Sanctum
813 2799 963 2878 Petrum,
987 2798 1057 2861 IIII
1080 2798 1164 2865 Non.
1188 2798 1361 2863 Decembr.
1392 2799 1600 2885 pontificatus
1627 2799 1729 2863 nostri
1755 2820 1839 2864 anno

185 2923 302 2987 primo.

298 3039 462 3126 Scriptum
485 3047 535 3105 est
559 3062 658 3125 super
680 3041 741 3104 hoc
770 3041 802 3103 in
831 3041 971 3104 eundem
995 3041 1064 3105 tere
1095 3042 1225 3106 modum
1251 3092 1258 3105 .
1283 3091 1291 3105 .
1315 3043 1563 3128 archiepiscopo
1587 3041 1841 3124 Salzburgensi¹

106 3169 130 3204 ss
185 3165 305 3228 usque:
330 3144 475 3208 subsidio
498 3143 598 3208 Terre
624 3143 754 3208 Sancte.
800 3144 853 3207 Ad
875 3144 936 3209 hee
959 3151 1070 3209 autem
1092 3147 1242 3210 volumus
1266 3154 1299 3210 et
1322 3146 1522 3224 mandamus,
1546 3151 1582 3209 ut
1604 3144 1841 3228 crucesignatis

184 3269 246 3332 per
269 3246 544 3331 salzburgensem
567 3247 766 3332 provinciam
798 3249 986 3312 constitutis
1015 3271 1057 3313 ex
1085 3257 1179 3334 parte
1208 3258 1321 3315 nostra
1344 3252 1511 3333 iniungas,
1539 3256 1576 3312 ut
1604 3271 1638 3313 se
1663 3245 1841 3333 parented
1943 3277 1949 3286 ·

184 3349 463 3415 transfretandum
487 3352 520 3414 in
542 3353 691 3436 proximo
718 3351 827 3416 futuro
855 3354 1023 3437 passagie,
1056 3353 1143 3437 quod
1176 3355 1208 3417 in
1231 3355 1379 3438 generali
1402 3353 1541 3417 coneilio
1565 3358 1616 3417 est
1639 3372 1841 3437 expressum.

283 3453 369 3520 Dat.
392 3463 427 3517 ut
452 3475 563 3540 supra.
794 3457 797 3462 '

997 3767 1032 3840 9.

299 3861 485 3962 Honorius
513 3899 579 3963 III
599 3920 684 3978 popu
714 3897 952 3978 arclsiepiscmris
979 3901 1008 3960 et
1029 3900 1175 3962 enicerso
1198 3899 1316 3980 pemissio
1342 3919 1400 3976 per
1422 3896 1597 3960 Francicus
1619 3895 1783 3958 celestitnto
1812 3896 1845 3954 in

107 4025 133 4061 a·
186 4002 367 4063 scarrioriam
388 4007 509 4066 resecat
530 4002 785 4082 appropinquare
808 4002 1039 4084 transfretandi
1062 4003 1229 4065 terminant
1252 4004 1287 4065 in
1314 4000 1455 4082 persecuti
1482 3999 1611 4062 caecilio
1632 3998 1841 4072 cartalitatnnt,

185 4104 244 4183 qni
264 4123 328 4166 nen
350 4103 459 4168 debesa
475 4105 652 4186 proropmi.
698 4103 799 4167 Addit
824 4124 855 4166 se
876 4103 1036 4188 [Simoni]
1062 4103 1195 4186 Pyrenei
1217 4103 1445 4182 archiepiscopo
1469 4101 1652 4177 rnurrdasse,
1675 4103 1711 4162 nt
1732 4119 1782 4162 eos
1803 4099 1846 4162 ed

186 4207 221 4270 id
242 4211 373 4270 moneat.
498 4211 500 4214 ’
1506 4207 1600 4282 1216,
1622 4201 1698 4268 Dec.
1724 4203 1754 4265 5.

292 4326 366 4378 Hon.
386 4326 443 4378 ΙΙΙ
457 4325 524 4394 ch.
549 4325 603 4379 Vol.
623 4325 648 4390 I,
666 4330 772 4392 co,21;
791 4325 853 4380 Lib.
874 4327 899 4390 I,
920 4331 962 4380 81.
999 4325 1118 4380 Edimns
1137 4343 1171 4379 ee
1190 4325 1282 4394 Rapa.
1302 4325 1375 4378 Aren.
1397 4326 1458 4378 ecel.
1476 4341 1502 4378 a.
1521 4327 1598 4392 1216,
1616 4327 1633 4388 §
1649 4326 1768 4376 22-23.

290 4412 424 4481 Potttcet,
443 4411 509 4478 ch.
529 4415 610 4466 5381.

111 4627 136 4658 ,a
190 4585 574 4682 ArchiepiseopiS,
602 4588 848 4680 episcopis,
876 4588 1118 4661 abbatibus
1145 4593 1187 4660 et
1210 4587 1311 4661 aliis
1331 4585 1622 4659 ecelesiarum
1642 4586 1845 4676 prelatis,

289 4711 593 4803 principibus
619 4709 874 4782 baronibus
904 4715 946 4781 et
973 4710 1186 4781 universo
1214 4709 1382 4800 populo
1410 4729 1486 4798 per
1512 4705 1744 4779 Franciam

886 4829 1147 4902 constitute.

299 4975 382 5041 Cum
406 4975 532 5040 dicatur
560 4975 653 5039 uobis
678 4997 697 5038 a
719 4975 862 5040 Domine
884 4998 944 5061 per
965 4977 1173 5062 prophetam:
1200 4975 1321 5051 Ulcisia,
1345 4991 1504 5049 necesses
1526 4972 1619 5051 peresi
1637 4970 1712 5034 taba
1733 4972 1837 5034 exculto
1855 4985 1891 5027 Es.
1912 4991 1964 5036 nu·

192 5083 226 5144 in
246 5079 432 5160 fortitudine
455 5099 552 5142 ccccm
575 5083 670 5156 trans,
694 5085 804 5143 tacere
828 5079 944 5145 amodo
972 5101 1037 5143 neu
1060 5080 1230 5158 debemus,
1253 5079 1329 5163 quin
1347 5074 1388 5140 ad
1410 5075 1514 5162 prelia
1527 5072 1660 5136 Domini
1680 5073 1849 5159 prelianda

118 5201 142 5236 ⁴⁰
194 5184 398 5248 Christianus
427 5183 547 5247 milites
576 5182 828 5266 compellamus;
861 5203 935 5244 nam
969 5205 1070 5268 prope
1095 5191 1155 5264 ost,
1189 5189 1226 5246 ut
1248 5182 1359 5245 veniat
1382 5187 1511 5263 tempus
1534 5196 1657 5263 pugne,
1691 5199 1753 5261 quo
1790 5199 1848 5240 rex

195 5295 306 5354 noster
331 5285 492 5349 Dominus
519 5283 702 5348 dominator
732 5307 790 5348 sue
822 5286 928 5349 erucis
959 5286 1116 5350 vexillum
1140 5286 1302 5371 explicet,
1333 5291 1369 5348 ut
1396 5304 1455 5346 suo
1481 5285 1679 5363 congregato
1703 5281 1850 5343 exercitu

373 5447 398 5452 .-
408 5447 614 5454 ..-.....-.-...-..-...-
627 5447 636 5452 -
652 5447 674 5452 -..
688 5447 701 5452 --
720 5447 1152 5454 —-..--.-...—...—..-..-.--.—.-.--
1163 5443 1385 5452 ..m—-m--m
1571 5440 1630 5446 -—--
1640 5440 1700 5445 =——

296 5547 319 5612 ¹)
337 5548 457 5598 subsidiis
476 5547 526 5597 Cir.

297 5665 323 5730 1)
342 5663 507 5720 Eberhardo
524 5663 567 5720 11.
