4494 6426
435 388 476 450 95
1022 375 1068 429 EX
1088 373 1244 430 HONORII
1262 374 1302 428 [Π
1320 373 1500 429 REGISTRO
1554 431 1557 437 ,

434 552 691 642 providentiam,
724 553 866 617 maxime
899 551 927 616 si
951 549 1129 615 Christiani
1158 570 1178 612 a
1204 554 1297 634 parte
1328 549 1385 612 illa
1407 569 1510 634 usque
1534 546 1616 612 adeo
1639 547 1852 628 infestantur,
1887 545 1972 632 quod
1996 551 2087 610 tanto

436 657 610 722 videantur
632 657 755 722 auxilio
778 654 936 740 indigere.
981 653 1086 718 Porro
1109 652 1190 716 alias
1215 653 1339 736 regiam
1362 651 1640 737 magnificentiam
1663 672 1728 715 non
1751 650 1901 730 deceret,
1930 649 2004 714 aliis
2028 671 2087 734 pro

438 760 500 826 fide
525 758 713 825 Christiana
736 758 974 846 pugnantibus,
1001 763 1034 821 te
1056 777 1174 820 vacare
1198 755 1301 840 quieti
1321 756 1376 819 vel
1399 755 1545 840 negociis
1570 754 1767 842 specialibus
1791 753 1954 839 occupari.
1999 751 2088 815 Illud

436 864 586 952 profecto
610 862 745 928 credere
768 883 834 927 non
848 862 1006 942 valemus,
1030 858 1262 947 quodquidam
1286 859 1459 938 somniant,
1482 863 1515 924 te
1540 863 1652 922 eontra
1668 877 1804 942 regnum
1820 856 1977 921 Armenia
1999 857 2087 921 velle

437 989 528 1033 arma
549 987 698 1048 movere,
727 986 800 1030 curn
824 964 1012 1045 credamus,
1039 969 1164 1029 tantam
1187 985 1261 1028 esse
1284 963 1318 1027 in
1341 963 1433 1048 regia
1456 963 1632 1028 serenitate
1655 960 1877 1047 pmdentiam,
1901 960 1988 1046 quod
2010 982 2088 1047 per-

436 1071 549 1159 spicue
572 1069 679 1149 vides,
716 1076 871 1156 quantum
901 1067 1100 1155 perieulum,
1135 1073 1256 1153 quanta
1283 1068 1421 1148 iactura,
1457 1074 1580 1153 quanta
1606 1066 1753 1131 conlusio
1781 1085 1841 1152 per
1867 1064 1929 1129 hoc
1953 1064 2087 1128 evenire

438 1178 553 1260 posset
574 1171 728 1237 fidelibus
751 1172 936 1236 constitutis
959 1172 992 1235 in
1015 1172 1163 1258 partibus
1191 1171 1325 1236 orientis
1356 1192 1395 1235 ac
1418 1172 1478 1234 toti
1500 1171 1622 1256 populo
1647 1168 1851 1250 Christiane,
1874 1174 1908 1234 et
1930 1173 2088 1254 quantum

436 1277 616 1362 apostolice
651 1274 723 1340 sedi
756 1282 789 1341 et
823 1276 985 1340 universis
1017 1275 1170 1340 fidelibus
1207 1281 1240 1340 te
1275 1274 1431 1339 redderes
1466 1273 1631 1360 odiosum,
1666 1272 1693 1336 si
1729 1293 1829 1352 nune,
1862 1271 1964 1336 totius
1999 1270 2088 1335 orbis

438 1378 617 1444 Christiani
638 1379 763 1443 viribus
785 1399 844 1465 pro
873 1400 1030 1443 succursu
1062 1385 1118 1443 tuo
1150 1385 1183 1444 et
1205 1379 1306 1443 Terre
1332 1378 1451 1443 Sancte
1474 1378 1659 1456 concussis,
1688 1383 1724 1440 tu
1752 1375 1914 1439 communi
1943 1374 2088 1438 utilitate

436 1481 625 1568 posthabita
638 1481 828 1547 intenderes
846 1482 993 1568 speciali,
1016 1503 1090 1567 que,
1114 1482 1178 1546 nisi
1196 1482 1357 1547 communi
1373 1487 1523 1568 promota
1545 1481 1693 1558 feliciter,
1715 1500 1781 1544 non
1796 1483 1909 1566 posset
1925 1477 2089 1542 stabiliter
2142 1501 2164 1538 ιο

436 1584 631 1671 promoveri.
676 1584 772 1648 Licet
793 1585 894 1669 igitur
916 1585 1127 1665 confidamus,
1151 1585 1236 1672 quod
1258 1592 1293 1650 tu
1316 1586 1377 1650 hee
1400 1584 1579 1672 prudenter
1601 1581 1774 1648 attendens
1802 1581 1942 1647 evitabis
1964 1579 2089 1665 aliquid

437 1691 616 1767 attentare,
644 1708 703 1773 per
733 1686 819 1770 quod
846 1688 955 1774 perire
986 1709 1024 1752 ac
1047 1688 1199 1774 evacuari
1221 1694 1335 1773 posset
1357 1694 1446 1752 totus
1471 1687 1579 1766 labor,
1603 1707 1700 1771 quem
1722 1685 1881 1750 hactenus
1903 1706 1962 1771 pro
1985 1683 2091 1748 Terra

438 1788 560 1854 Sancta
582 1789 682 1853 subiit
711 1790 854 1877 populus
875 1790 1096 1872 Christianus,
1125 1790 1369 1855 exabundanti
1401 1797 1510 1854 tamen
1540 1789 1600 1854 sub
1625 1789 1762 1853 obtentu
1791 1789 1895 1873 gratie
1918 1786 2027 1851 divine
2050 1807 2090 1851 ac

438 1897 549 1956 nostre
577 1897 610 1956 et
639 1892 699 1957 sub
727 1893 945 1958 anathematis
968 1915 1055 1981 pena
1085 1893 1146 1957 tibi
1173 1895 1368 1958 auctoritate
1397 1893 1597 1980 presentium
1628 1890 1867 1956 districtissime
1891 1891 2090 1968 inhibemus,

437 2016 479 2060 ne
502 1995 565 2060 hoc
589 2001 736 2082 ternpore
760 1997 966 2083 aliquatenus
999 2019 1090 2062 arma
1125 2017 1259 2062 moveas
1288 2002 1401 2060 eontra
1428 1996 1517 2082 ipsos
1539 1994 1704 2060 Armenes
1731 2000 1788 2059 aut
1815 1994 1981 2079 quoslibet
2004 1993 2087 2057 alios
2141 2018 2163 2054 a

439 2097 659 2180 Christianos,
691 2098 749 2165 sed
779 2099 930 2181 studeas,
961 2107 998 2165 ut
1029 2107 1099 2165 tota
1127 2099 1357 2165 Christianitas
1386 2099 1598 2164 ultramarina
1630 2099 1664 2163 in
1692 2099 1818 2163 unitate
1850 2097 2021 2178 consistat,
2056 2102 2090 2160 et

437 2202 619 2267 venerabili
651 2203 744 2267 fratri
778 2210 889 2268 nostro
919 2201 1083 2291 Plelagio]
1114 2203 1297 2269 Albaneusi
1329 2203 1499 2290 episeopo,
1534 2201 1714 2289 apostolice
1750 2201 1837 2266 sedis
1871 2202 1997 2286 legato,
2034 2201 2091 2285 qui

439 2305 666 2370 strenuitatem
693 2312 783 2371 tuam
810 2306 1000 2392 frequenter
1027 2309 1094 2372 suis
1127 2308 1223 2372 nobis
1251 2309 1370 2373 litteris
1401 2306 1655 2387 commendavit,
1690 2307 1774 2372 sicut
1807 2327 1947 2393 persone
1976 2312 2090 2369 nostre

436 2415 628 2473 reverenter
651 2407 825 2474 intendens
849 2409 997 2490 studeas,
1026 2410 1111 2496 quod
1140 2432 1311 2476 commune
1339 2411 1453 2498 populi
1476 2410 1655 2475 Christiani
1677 2409 1844 2494 negotium
1868 2409 2090 2474 desideratum

436 2511 597 2595 largiente
619 2511 761 2577 Domino
784 2520 1004 2599 consequatur
1026 2515 1190 2595 ellectum,
1213 2514 1420 2600 postmodum
1443 2513 1508 2578 tuis
1532 2513 1730 2600 specialibus
1753 2512 1931 2577 commodis
1954 2531 2090 2598 operam
2141 2540 2165 2579 aa

439 2613 631 2700 diligentius
654 2615 833 2701 utiliusque
857 2616 1000 2684 daturus.
1046 2618 1216 2705 Alioquin,
1240 2625 1526 2704 quantumcunque
1549 2623 1639 2681 tuam
1662 2615 1836 2702 diligamus
1858 2636 2034 2702 personam
2058 2620 2092 2679 et

438 2717 568 2782 deferre
597 2717 688 2802 regio
721 2717 872 2803 dignitati
906 2722 1061 2803 velimus,
1099 2730 1211 2787 eontra
1243 2729 1353 2787 tarnen
1385 2743 1590 2787 communem
1620 2721 1811 2802 utilitatem,
1845 2721 1943 2785 immo
1977 2725 2093 2785 contra

438 2822 546 2908 ipsum
568 2820 676 2885 Deum
700 2820 829 2889 deferre
852 2825 913 2889 tibi
936 2826 989 2890 vel
1012 2827 1161 2912 cuiquam
1185 2827 1241 2891 alii
1262 2848 1328 2891 non
1350 2847 1534 2913 possemus.

545 2923 621 2988 Dat.
644 2925 731 3010 apud
753 2925 876 2992 Urbem
900 2934 1057 3011 veterem,
1080 2928 1132 2992 III
1155 2928 1234 2994 Idus
1258 2928 1343 3014 hug.
1366 2929 1576 3015 pontificatus
1600 2927 1705 2993 nostri
1727 2949 1812 2993 anno
1835 2928 1958 3014 quinto.

1060 3207 1470 3215 -—-——..—.-.-—.—-

1225 3485 1308 3557 131.

546 3585 734 3681 Honorius
770 3618 838 3683 III
864 3640 956 3700 pape
991 3621 1148 3686 aauiucrsis
1184 3624 1381 3704 principebus
1423 3625 1591 3690 Teutonicae
1636 3626 1693 3690 sub
1730 3625 1839 3707 poenis
1877 3625 2092 3690 ecclesiasticis
2141 3649 2164 3687 a

437 3713 576 3793 modat,
597 3721 633 3780 ut
649 3723 766 3782 terram
787 3724 816 3787 et
836 3724 943 3786 ornata
957 3724 1032 3788 iura
1049 3725 1208 3791 Fridcriei
1223 3725 1438 3791 Barcanorum
1459 3729 1541 3809 rapis
1562 3728 1607 3793 ad
1623 3729 1738 3794 Terrae
1754 3729 1889 3796 Suuelue
1912 3748 2091 3795 succursum

438 3818 601 3899 mepuifioc
622 3839 654 3886 se
675 3823 865 3906 accingentis
885 3826 998 3891 illaesa
1018 3832 1148 3894 seraeut.
1728 3835 1822 3912 1220,
1844 3835 1927 3916 Aue.
1949 3835 2003 3897 20.

541 3937 615 3992 Heu.
634 3940 691 3995 ΙΙΙ
706 3941 776 4013 Req.
801 3944 857 3998 Vol.
876 3945 938 4010 ΙΙΙ,
958 3950 1004 4008 lt·
1022 3947 1084 4001 Lib.
1110 3948 1139 4012 V,
1159 3952 1204 4003 63.

540 4023 676 4091 Patttest,
693 4027 762 4100 Ray.
782 4032 864 4084 6334.

470 4237 703 4315 Universis
729 4243 1026 4339 principibus
1062 4255 1151 4325 tarn
1178 4254 1500 4330 ecclesiasticis
1528 4279 1659 4349 quam
1685 4254 1946 4344 mundanis
1978 4275 2057 4346 per
2140 4295 2165 4332 ss

980 4369 1242 4449 Teutoniam
1276 4376 1548 4451 constitutis

546 4506 629 4573 Cum
650 4511 843 4580 karissimus
865 4516 899 4581 in
923 4515 1054 4584 Christo
1077 4521 1163 4586 tilius
1186 4517 1298 4587 noster
1318 4523 1515 4604 Fridericus,
1537 4524 1675 4589 illustris
1697 4543 1757 4588 rex
1779 4522 1891 4589 Sicilie
1915 4525 1949 4588 in
1965 4524 2088 4589 Roma-

437 4630 551 4675 norum
585 4611 815 4700 imperatorem
850 4621 994 4704 electus,
1033 4623 1074 4688 ad
1116 4625 1218 4690 Terre
1256 4625 1375 4690 Sancte
1413 4648 1602 4692 succursum
1638 4626 1812 4712 magnifice
1854 4647 1889 4692 se
1929 4628 2091 4713 accingat,

438 4712 614 4780 Dominum
638 4724 671 4782 et
691 4723 903 4806 apostolicam
929 4725 1040 4791 sedern
1064 4748 1102 4793 ao
1116 4728 1396 4794 Christianitatem
1419 4736 1521 4795 totam
1543 4733 1756 4797 vehementer
1779 4730 1994 4812 offenderent,
2018 4731 2089 4818 qui-

438 4839 577 4905 cumque
604 4829 726 4888 terram
756 4833 790 4890 et
818 4828 890 4893 iura
918 4830 1048 4917 imperii
1072 4853 1130 4897 seu
1152 4834 1217 4897 alia
1244 4833 1284 4897 ad
1307 4833 1414 4920 ipsum
1438 4855 1550 4919 regem
1573 4855 1777 4920 quocumque
1800 4835 1871 4900 iure
1895 4837 2088 4921 spectantia,
2139 4863 2164 4902 ss

437 4943 500 5007 que
529 4924 637 4989 omnia
660 4929 721 4993 sub
745 4936 858 4995 nostra
884 4933 1020 5019 speciali
1043 4934 1234 5000 defensione
1259 4937 1478 5022 suscepimus,
1510 4943 1634 5002 temere
1664 4937 1909 5024 perturbarent,
1936 4960 1998 5003 nec
2028 4961 2089 5004 nos

437 5047 610 5111 possemus
625 5028 659 5093 id
681 5031 891 5119 inpatientia
912 5037 1066 5102 tolerare.
1090 5037 1234 5123 ldeoque
1258 5039 1507 5105 universitatem
1530 5047 1673 5106 vestram
1690 5061 1842 5126 rogamus
1866 5047 1900 5106 et
1922 5042 2090 5106 hortamur

437 5131 470 5194 in
491 5130 644 5216 Domino,
667 5141 702 5200 et
725 5136 785 5201 sub
809 5138 945 5203 obtentu
967 5141 1071 5224 gratie
1095 5140 1205 5206 divine
1227 5163 1265 5206 ao
1285 5149 1397 5208 nostre
1418 5165 1478 5231 per
1494 5144 1677 5231 apostoliea
1693 5144 1786 5209 vobis
1804 5144 1925 5231 scripta
1941 5143 2089 5211 districte

436 5235 648 5322 precipiendo
674 5237 876 5322 mandamus,
900 5243 1054 5328 quatinus
1076 5250 1109 5309 et
1132 5245 1180 5308 illi
1203 5251 1358 5324 vestrum,
1382 5247 1533 5332 quicum
1557 5247 1628 5333 ipso
1652 5267 1731 5332 rege
1755 5247 1951 5328 transibunt,
1975 5255 2089 5314 curent

437 5337 484 5402 sio
513 5336 662 5405 ordinate
691 5340 856 5409 dimittere
880 5350 1001 5409 terram
1026 5368 1137 5427 suam,
1171 5354 1204 5412 et
1232 5348 1281 5412 illi
1312 5348 1367 5433 qui
1396 5349 1612 5414 remanebunt
1634 5349 1669 5413 in
1691 5355 1794 5429 terra,
1825 5351 2022 5437 semetipsos
2050 5374 2089 5417 ao
2138 5377 2162 5418 ro

437 5461 514 5505 suos
538 5440 585 5506 sic
616 5455 754 5528 regere⁸
778 5445 931 5512 studeant
953 5455 988 5513 et
1015 5451 1056 5515 ab
1079 5451 1203 5516 illicitis
1235 5450 1426 5531 cohercere,
1460 5450 1547 5537 quod
1570 5457 1604 5517 et
1626 5453 1718 5537 regia
1739 5453 1812 5517 iura
1834 5453 1982 5532 interim,
2005 5455 2090 5526 sicut

542 5671 565 5738 ¹)
582 5689 669 5742 regem
687 5668 723 5725 R.
