4590 6366
457 393 519 454 570
1036 375 1084 431 EX
1103 375 1278 430 GREGORII
1296 374 1334 428 IX
1354 372 1534 428 REGISTRO

1279 461 1291 488 r

460 561 621 641 revocari,
651 581 689 624 ae
718 556 892 622 ecclesiam
916 553 1121 618 Gallicanam
1149 551 1180 613 in
1209 550 1348 635 pristino
1379 554 1467 612 statu
1497 556 1530 612 ct
1559 548 1683 612 honore
1709 569 1932 627 conservans,
1964 569 2043 612 eam
2069 567 2134 610 nou

456 665 614 730 molestes
643 684 704 728 neo
731 660 869 748 patiaris
898 657 939 721 ab
973 656 1047 720 aliis
1077 654 1260 732 molestari,
1295 653 1471 738 quinimmo
1497 654 1584 717 viros
1619 653 1865 717 ecclesiasticos
1897 651 2038 716 indulta
2072 651 2134 715 tibi

457 769 575 834 celitus
603 772 769 853 potestate
797 769 976 850 protegens
1007 765 1040 824 et
1071 757 1266 838 defendens,
1302 757 1444 822 rebelles
1479 758 1619 822 ecclesie
1648 756 1689 820 ad
1723 757 1827 842 ipsius
1861 756 2066 820 mandatum
2099 763 2132 820 et

458 872 618 935 unitatem
642 870 749 934 redire
774 866 970 954 compellas,
1003 862 1100 928 etde
1124 863 1251 926 damnis
1276 869 1309 926 et
1332 863 1477 944 iniuriis,
1501 873 1570 947 'que
1604 862 1645 926 ob
1668 862 1730 926 hcc
1753 862 1908 926 ecclesiis
1936 861 2130 925 Senonensi

457 996 517 1039 seu
540 974 614 1038 aliis
638 972 790 1036 dicuntur
817 971 922 1050 illata,
955 968 1079 1052 absque
1109 966 1324 1030 diminutione
1355 965 1507 1029 satisfieri
1535 965 1658 1044 iacias,
1691 966 1736 1029 ita
1758 963 1845 1050 quod
1868 986 1915 1029 ex
1949 965 2018 1030 hoc
2043 963 2130 1049 apud

456 1075 565 1142 Deum
588 1075 745 1141 merearis
769 1073 907 1159 gratiam
931 1071 1133 1157 ampliorem.

565 1177 619 1242 Ad
647 1179 726 1259 hec,
761 1198 835 1241 cum
865 1176 943 1239 clim
976 1174 1084 1238 felicis
1114 1172 1352 1239 recordationis
1377 1172 1544 1236 Honorius
1578 1193 1665 1258 papa
1699 1169 1919 1258 predecessor
1948 1177 2073 1236 noster
2098 1172 2132 1234 in

458 1304 571 1346 omnes
594 1282 705 1367 aliqua
728 1285 851 1344 statuta
866 1284 980 1342 contra
1003 1277 1144 1342 ecclesie
1162 1278 1348 1341 libertatern
1365 1275 1513 1354 edentes,
1537 1275 1601 1339 uisi
1625 1274 1710 1338 infra
1733 1273 1815 1337 duos
1838 1295 1976 1341 menses
2004 1281 2133 1338 statuta

458 1386 530 1472 ipsa
562 1391 735 1463 revocent,
773 1381 1119 1447 excommunicationis
1158 1380 1358 1445 sententiam
1400 1379 1513 1444 tulerit
1555 1386 1589 1443 et
1627 1400 1727 1464 super
1760 1378 1822 1442 hoc
1857 1400 2027 1444 canonem
2065 1380 2134 1442 lata

458 1489 623 1554 sententia
645 1487 878 1574 promulgarit,
907 1507 967 1549 nos
991 1485 1094 1572 ipsius
1119 1491 1270 1550 tenorem
1295 1484 1370 1564 tibi,
1402 1506 1444 1549 ne
1468 1483 1502 1547 id
1525 1490 1615 1548 tuam
1639 1483 1850 1548 serenitatem
1873 1483 1997 1563 lateat,
2028 1481 2126 1546 duxi·
2179 1511 2200 1546 rc

458 1613 530 1656 mus
553 1590 857 1664 transmittendum;
881 1589 936 1673 qui
959 1589 1034 1651 talis
1058 1589 1143 1652 est¹:

566 1694 746 1775 Noveritis‚
776 1693 863 1778 quod
886 1713 945 1757 nos
969 1712 1074 1776 nuper
1095 1693 1129 1754 in
1151 1692 1289 1755 basilica
1311 1691 1467 1776 principis
1490 1691 1732 1776 apostolorum,
1762 1694 1919 1774 presente
1945 1689 2125 1752 carissimo

457 1799 492 1864 in
522 1798 653 1862 Christo
687 1798 753 1862 filio
788 1801 899 1861 nostro
934 1793 1128 1872 Frederico‚
1161 1793 1383 1858 Romanorum
1418 1795 1618 1880 imperatore
1654 1800 1687 1858 et
1720 1814 1850 1879 semper
1882 1799 2052 1877 augusto,
2087 1793 2122 1855 in

459 1901 681 1967 celebratione
705 1901 897 1980 missarum,
921 1904 1093 1984 postquam
1118 1899 1216 1984 copiti
1242 1920 1300 1963 suo
1323 1899 1537 1985 imposuimus
1561 1898 1692 1983 imperii
1714 1896 1881 1975 diadema,
1907 1896 1951 1960 de
1977 1896 2122 1959 consilio

458 2008 594 2072 fratrum
626 2013 811 2071 nostrorum
839 2003 986 2068 accensis
1017 2004 1163 2067 candelis
1195 2005 1547 2068 excommunicavimus
1576 2024 1618 2068 ex
1648 2009 1741 2089 parte
1769 1999 1833 2065 Dei
1862 1999 2122 2085 omnipotentis,
2178 2027 2198 2062 n

458 2109 653 2175 auctoritate
684 2129 813 2193 quoque
842 2107 1013 2172 beatorum
1041 2109 1264 2193 apostolorum
1291 2108 1381 2172 Petri
1405 2117 1438 2173 et
1460 2108 1553 2172 Pauli
1583 2114 1616 2172 et
1645 2113 1774 2184 nostra,
1805 2125 1922 2168 omnes
1951 2103 2129 2168 hereticos

458 2213 630 2296 utriusque
654 2232 765 2290 sexus,
788 2231 993 2295 quocumque
1010 2211 1142 2275 nomine
1161 2219 1368 2286 censeantur,
1392 2211 1596 2289 attentares,
1620 2215 1842 2295 receptatores
1866 2213 1900 2271 et
1925 2207 2130 2272 defensores

460 2336 587 2396 eorum,
616 2336 678 2379 uec
706 2334 772 2378 uon
795 2320 829 2378 et
852 2314 908 2397 qui
936 2313 977 2377 de
1007 2320 1117 2378 cetero
1147 2316 1272 2379 servari
1301 2315 1441 2380 iecerint
1472 2322 1595 2379 statuta
1618 2313 1706 2378 edita
1728 2318 1762 2377 et
1784 2309 2051 2375 consuetudines
2075 2311 2131 2374 vel

461 2418 572 2505 potius
594 2417 771 2482 abusiones
795 2416 996 2481 introductas
1022 2424 1135 2481 contra
1159 2419 1420 2483 ecclesiasticam
1445 2418 1642 2496 libertatem,
1665 2417 1729 2480 nisi
1752 2436 1792 2480 ea
1814 2413 1855 2479 de
1880 2413 2132 2499 capitularibus

459 2521 527 2586 suis
562 2520 647 2584 infra
681 2520 763 2584 duos
799 2541 931 2585 menses
966 2527 1041 2605 post
1074 2521 1260 2587 huiusmodi
1298 2522 1556 2608 publicationem
1591 2520 1754 2585 sententie
1786 2520 1930 2584 fecerint
1964 2522 2132 2586 amoveri.
2183 2540 2205 2578 ‘a

459 2624 545 2688 Item
563 2623 884 2689 excommunicamus
901 2625 1092 2687 statutarios
1107 2632 1141 2689 et
1164 2627 1341 2714 scriptores
1361 2632 1557 2690 statutorum
1573 2626 1729 2711 ipsorum,
1751 2645 1811 2688 ncc
1834 2643 1901 2686 nou
1925 2629 2134 2710 potestates,

460 2727 613 2792 consules
638 2733 671 2790 et
695 2731 859 2806 rectores,
891 2727 1097 2791 consiliarios
1121 2729 1281 2809 locorum,
1311 2730 1368 2794 ubi
1392 2728 1432 2793 de
1457 2736 1567 2793 cetero
1591 2727 1734 2791 humana
1756 2732 1878 2790 statuta
1901 2728 1959 2789 vel
1984 2748 2134 2792 eonsue-

459 2829 590 2894 tudines
620 2828 708 2893 edite
736 2827 858 2892 luerint
887 2830 939 2893 vel
969 2836 1116 2908 servate,
1151 2853 1300 2896 necnon
1328 2840 1361 2896 et
1390 2833 1482 2912 illos,
1517 2832 1570 2916 qui
1594 2830 1771 2895 secuudum
1795 2851 1834 2895 ea
1857 2831 2137 2917 presumpserint

460 2931 604 2998 iudicare
628 2933 682 2996 vel
709 2932 743 2995 in
765 2930 931 3016 publicam
953 2933 1089 2996 formam
1113 2934 1257 2999 scribere
1282 2933 1432 2998 iudicata.

568 3052 645 3116 Dat.
670 3051 823 3131 Viterbii,
846 3051 911 3115 XV
932 3050 1007 3117 Kal.
1033 3053 1154 3134 Martii,
1178 3055 1387 3140 pontificatus
1410 3055 1514 3117 nostri
1537 3075 1612 3118 ann.
1634 3052 1694 3120 IX.

1087 3316 1497 3325 *qum-.-

1247 3559 1334 3632 673.

570 3669 761 3780 Greporios
788 3697 845 3762 IX
863 3718 954 3778 papo
982 3699 1177 3778 praeceptor-i
1203 3702 1232 3762 ct
1254 3698 1418 3783 fratribus
1448 3699 1570 3764 ordinis
1601 3700 1762 3765 ructante·
1787 3700 1823 3762 in
1849 3700 1957 3765 Areon
1982 3699 2134 3785 [moram

461 3800 690 3880 corapositioois
712 3820 807 3880 super
832 3799 947 3865 Terrae
970 3800 1107 3866 Sanctio
1134 3803 1255 3883 caputio
1275 3802 1401 3868 belitae
1424 3803 1619 3880 transmittit,
1643 3805 1744 3884 iisque
1766 3803 1909 3881 suomi,
1940 3808 1978 3868 ut
2003 3805 2134 3870 litteras

460 3922 537 3967 suos
558 3902 595 3967 de
617 3902 756 3967 abacta
778 3904 875 3967 castri
901 3903 1065 3986 tyrensis,
1095 3926 1174 3986 quoe
1202 3906 1246 3970 od
1272 3907 1441 3972 utilitatem
1468 3907 1667 3988 imperatoris
1693 3906 1800 3970 domat
1829 3925 1937 3970 eorum
1959 3913 2133 3975 canonicae

461 4008 512 4083 sit,
535 4006 604 4070 siae
625 4005 816 4090 difficultate
837 4006 900 4070 sibi
921 4006 1099 4074 concedant.
1149 4007 1202 4092 Cf.
1225 4028 1258 4072 n.
1283 4013 1355 4073 674.
1745 4013 1839 4089 1236,
1861 4011 1956 4075 Febr.
1982 4017 2037 4077 19.

569 4127 649 4194 Grec.
667 4126 717 4179 IX
734 4127 804 4198 Rep.
829 4125 885 4180 Vol.
903 4126 932 4190 V,
951 4131 1014 4193 111‚·
1032 4127 1095 4180 Lib.
1115 4129 1170 4194 IX,
1191 4132 1251 4183 391.

566 4211 703 4278 Pottbast,
721 4211 790 4282 ch.
808 4211 880 4266 aad.
898 4212 924 4276 I,
942 4215 1190 4269 locata-mato.

467 4465 513 4482 ..
547 4408 803 4500 preceptori
838 4413 880 4482 et
909 4408 1123 4484 fratribus
1154 4411 1394 4503 hospitalis
1427 4417 1578 4484 sancte
1604 4412 1739 4487 Marie
1765 4412 2128 4490 Teutonicorum

977 4529 1344 4606 lerosoliniitane
1371 4533 1416 4606 in
1443 4533 1601 4607 Acccn.

571 4673 670 4739 quta
692 4675 829 4740 sormam
854 4680 1101 4764 compositionis
1124 4681 1236 4746 habite
1261 4704 1360 4768 super
1383 4683 1516 4766 negotio
1541 4683 1642 4747 Terre
1660 4683 1791 4764 Sancte,
1817 4705 1914 4768 quam
1937 4685 2037 4750 robis
2061 4687 2125 4750 sub

464 4776 556 4840 bulla
577 4783 690 4841 nostra
711 4779 888 4862 mittimus,
911 4781 1065 4848 duximus
1088 4783 1336 4869 providendum,
1359 4791 1396 4849 ut
1418 4784 1558 4849 dilectus
1581 4786 1666 4850 tilius
1689 4785 1809 4850 nobilis
1832 4771 1939 4852 νίἰ..
1963 4790 2125 4876 princeps
2179 4819 2204 4857 ,a

465 4877 726 4962 Antiochenus²,
750 4885 943 4951 auctoritate
968 4886 1134 4950 karissimi
1157 4887 1191 4950 in
1215 4887 1348 4953 Christo
1371 4888 1431 4952 filii
1454 4890 1557 4952 nostri
1580 4889 1740 4955 Friderici
1762 4890 1986 4955 Romanorum
2016 4894 2127 4980 impe-

464 4984 581 5048 ratoris
605 4992 666 5050 etc.
683 4986 814 5052 baiulus
838 4989 1019 5071 institutus,
1041 4991 1179 5076 prestito
1204 4992 1382 5056 secundum
1406 4994 1500 5077 regni
1523 4993 1791 5059 cousuetudinem
1814 4995 1999 5060 iuramento
2025 5004 2060 5062 et
2081 4997 2126 5062 ab

463 5084 650 5152 hominibus
673 5089 820 5156 eiusdem
849 5094 943 5178 regni
970 5100 1119 5179 recepto,
1151 5101 1264 5160 teneat
1286 5097 1402 5160 vomnia
1430 5097 1501 5160 iura
1524 5103 1557 5161 et
1585 5103 1716 5162 tenutas
1745 5099 1839 5182 regni
1861 5098 2127 5170 lerosolimitani

463 5189 505 5254 ad
527 5213 639 5276 regem
665 5197 849 5279 spectantia
872 5218 946 5261 cum
974 5198 1106 5263 civitate
1130 5198 1285 5284 Tyrensi‚
1315 5206 1426 5288 preter
1449 5207 1590 5265 castrum
1618 5202 1738 5287 ipsius,
1768 5200 1854 5287 quod
1881 5223 1944 5287 per
1965 5201 2129 5270 dilectum

463 5292 565 5357 filium
593 5298 844 5382 ..magistrum
872 5301 1040 5365 vestrum³
1074 5300 1115 5366 de
1145 5303 1298 5368 mandato
1332 5309 1444 5369 nostro
1482 5311 1515 5368 et
1545 5304 1676 5368 domum
1705 5311 1848 5369 vestram
1880 5305 2053 5373 tenebitur
2089 5317 2125 5374 et
2176 5335 2203 5373 rc

463 5398 712 5464 conservabitur
739 5401 781 5465 ad
810 5402 987 5469 utilitatem
1015 5411 1048 5469 et
1078 5405 1238 5471 honorem
1268 5406 1476 5493 imperatoris
1505 5429 1543 5471 ac
1573 5407 1716 5472 Conradi
1745 5407 1813 5472 nati
1841 5409 1894 5473 sui
1921 5415 1957 5474 et
1985 5432 2127 5480 conser-

567 5656 593 5721 1)
614 5655 657 5722 Os.
675 5671 702 5709 a.
721 5659 784 5710 160.
854 5659 880 5726 2)
899 5657 1076 5716 Boemondus
1101 5661 1130 5717 V.
1200 5663 1228 5729 3)
1248 5663 1445 5720 Hermonnum.
