4448 6420
452 397 511 459 tlh
1037 389 1086 444 EX
1103 387 1260 444 HONORII
1278 385 1318 439 Π]
1337 383 1517 440 REGISTRO

446 568 679 648 attinentibus,
711 566 771 632 sub
801 573 913 632 nostre
944 563 1177 650 magnitudinis
1205 562 1388 647 recepimus
1417 561 1636 645 protectione,
1667 564 1699 624 et
1728 580 1841 624 omnes
1874 558 2102 644 possessiones

447 696 519 738 cum
552 673 701 736 omnibus
733 669 936 758 appendiciis
968 671 1053 748 suis,
1086 690 1166 752 quas
1196 667 1248 730 vel
1286 687 1344 729 nos
1378 664 1485 728 cidem
1518 664 1629 728 domui
1659 664 1870 744 contulimus,
1905 667 1958 730 vel
1993 666 2103 730 inclite

448 779 604 842 memorie
628 777 695 840 dux
712 775 881 840 Comedus
898 774 1045 850 Boemic,
1070 773 1122 835 rel
1146 771 1199 856 pic
1224 768 1458 834 recordationis
1482 767 1582 832 frater
1604 777 1716 833 noster
1730 768 1935 834 Wladialaus
1958 771 2103 834 marchio

450 881 608 960 Moravie,
631 882 685 945 vel
709 881 806 943 etiam
830 879 886 941 alii
901 877 1028 940 nobiles
1052 875 1122 952 viri,
1145 875 1198 936 rel
1221 873 1362 956 ingenue
1379 880 1536 952 matrone,
1562 873 1629 937 sive
1647 873 1747 936 etiam
1769 874 1825 936 alii
1843 872 1968 937 Christi
1989 873 2104 938 fideles

447 985 582 1048 minoris
600 984 766 1048 facultatis
790 988 822 1046 et
845 981 991 1066 potentie
1015 978 1140 1064 prefate
1157 976 1267 1039 domui
1285 977 1502 1052 contulerunt,
1527 976 1634 1040 eidem
1657 977 1760 1040 libere
1784 984 1817 1040 et
1840 978 1975 1061 pacifice
1998 978 2105 1064 possi·
2156 1017 2161 1029 ι

448 1088 570 1153 dendas
594 1095 707 1152 nostra
735 1087 827 1170 regia
849 1085 1044 1149 auctoritate
1070 1083 1308 1146 confirmamus.
1354 1081 1641 1167 Emancipavimus
1665 1081 1763 1145 etiam
1788 1083 1896 1145 omnia
1920 1082 2035 1168 predia
2054 1083 2106 1146 'eis

449 1194 568 1257 collata
592 1199 625 1256 et
650 1190 847 1256 conferenda
871 1211 943 1253 cunr
967 1208 1078 1251 eorum
1103 1187 1226 1250 colonis
1250 1193 1283 1249 et
1306 1185 1474 1270 inquilinis
1499 1191 1531 1248 ct
1555 1185 1642 1248 omni
1665 1185 1805 1263 familia,
1830 1187 1899 1250 sive
1924 1187 1989 1249 sint
2011 1185 2107 1250 liberi

449 1297 518 1359 sive
543 1296 645 1376 servi,
681 1295 721 1358 ab
745 1294 831 1358 omni
854 1293 925 1356 iure
954 1291 994 1355 ad
1024 1312 1103 1354 usus
1133 1295 1261 1352 nostros
1285 1289 1338 1351 vcl
1366 1289 1524 1352 nobilium
1555 1311 1574 1352 a
1603 1289 1697 1352 nobis
1726 1289 2031 1354 inbeneficiatorum
2054 1289 2107 1353 rel

449 1407 632 1463 ceterorum
667 1398 854 1462 officialium
888 1401 1057 1480 spectante
1092 1394 1144 1457 vel
1175 1393 1317 1456 utilitate
1350 1393 1529 1456 secuudum
1563 1414 1687 1456 morem
1719 1399 1805 1457 terre
1836 1394 2023 1478 pertinente
2055 1392 2107 1455 vel

449 1508 674 1580 accrescente,
707 1501 769 1564 hoc
803 1506 985 1563 statuentes
1023 1519 1064 1561 ne
1098 1496 1169 1581 quis
1205 1494 1464 1580 prenominatam
1499 1495 1630 1560 domum
1664 1497 1870 1582 aliquomodo
1909 1518 2010 1582 super
2042 1495 2106 1558 hiis

449 1605 582 1669 iustitiis
619 1606 671 1668 vel
706 1602 995 1668 consuetudinibus
1030 1601 1082 1664 vel
1118 1598 1390 1678 comoditstibus,
1433 1620 1496 1684 que
1532 1600 1607 1663 usui
1644 1602 1740 1683 regni
1773 1602 1825 1664 vel
1860 1601 2018 1664 nobilium
2054 1598 2107 1662 vel

450 1714 633 1771 ceterorum
665 1715 850 1793 competere
878 1705 1088 1784 videbantur,
1119 1703 1239 1766 audeat
1268 1704 1426 1788 impetere
1449 1704 1502 1767 vel
1532 1725 1687 1787 gravare,
1718 1705 1771 1767 vel
1799 1725 1839 1768 ea
1872 1725 1935 1788 que
1964 1725 1984 1767 a
2013 1703 2108 1767 nobis

450 1811 498 1874 eis
531 1831 688 1874 concessa
717 1817 806 1890 sunt,
840 1810 873 1873 in
903 1810 1029 1873 irritum
1062 1828 1227 1871 revocare.
1283 1806 1350 1870 Ubi
1383 1812 1493 1870 autem
1526 1829 1582 1870 eos
1613 1807 1653 1870 ab
1688 1808 1775 1870 omni
1806 1809 1876 1871 iure
1908 1807 2110 1891 generaliter

450 1914 664 1993 absolvimus,
697 1935 762 1977 non
797 1922 847 1978 cst
879 1936 1033 1992 neccsse,
1066 1920 1101 1976 ut
1136 1911 1175 1976 de
1208 1912 1317 1995 aliqua
1345 1911 1424 1974 iuris
1457 1911 1567 1996 spcoie
1599 1912 1715 1995 aliquis
1751 1912 1956 1996 questionem
1989 1910 2110 1974 debeat

451 2038 593 2081 movere.
654 2016 849 2080 Addidimus
885 2017 999 2095 etiam,
1038 2015 1125 2101 quod
1160 2016 1296 2079 firmiter
1332 2016 1495 2079 sancimus
1527 2015 1617 2100 ipsos
1652 2022 1685 2078 ct
1722 2037 1835 2079 eorum
1868 2015 2020 2078 homines
2051 2033 2111 2099 per
2172 2029 2182 2060 s

452 2121 606 2185 thelonea
630 2127 837 2184 transeuntes
866 2121 992 2183 nullum
1024 2118 1100 2182 dare
1124 2119 1313 2204 passagium
1345 2139 1403 2204 pro
1429 2141 1464 2182 se
1498 2119 1578 2204 ipsis
1602 2119 1654 2182 vel
1677 2139 1735 2204 pro
1759 2118 1923 2202 aliquibus
1947 2116 2046 2180 rebus
2071 2115 2112 2178 ad

452 2223 582 2286 domum
612 2245 725 2288 eorum
759 2221 1001 2309 spectantibus,
1036 2223 1100 2284 nisi
1133 2222 1197 2284 sint
1232 2229 1431 2285 mercatores
1467 2244 1579 2286 eorum
1611 2223 1748 2308 publici,
1781 2223 1836 2306 qui
1870 2243 1928 2307 pro
1964 2219 2111 2283 comodis

450 2328 590 2413 propriis
621 2326 816 2413 ampliandis
848 2327 1012 2400 laborant;
1047 2346 1128 2408 quos
1157 2346 1175 2387 a
1203 2325 1357 2388 theloniis
1387 2348 1451 2389 non
1481 2327 1693 2390 absolvimus.
1752 2323 1787 2387 Si
1816 2345 1894 2387 vero
1924 2323 2110 2407 contigerit,

451 2430 537 2514 quod
572 2431 689 2515 aliquis
728 2429 894 2494 occidatur
932 2429 972 2492 ab
1010 2429 1194 2493 homiuibus
1233 2451 1344 2493 corum
1384 2439 1416 2494 et
1450 2432 1545 2494 amici
1588 2431 1688 2494 occisi
1728 2430 1831 2493 velint
1868 2429 2033 2491 occisores
2070 2427 2110 2490 dc

452 2533 626 2597 homicidio
658 2534 835 2619 impetere,
870 2535 902 2598 in
933 2534 1022 2597 curia
1053 2541 1164 2597 nostra
1189 2533 1425 2620 respondeant,
1460 2557 1511 2598 res
1535 2556 1614 2598 vcro
1644 2535 1826 2598 occisorum
1849 2533 1882 2595 in
1904 2531 2113 2617 providentia
2164 2545 2174 2578 2

451 2639 586 2700 liatrum
609 2645 830 2722 permaneant.
878 2637 913 2700 Si
942 2644 1050 2700 autem
1080 2639 1130 2700 fur
1157 2637 1207 2699 vel
1240 2636 1339 2721 predo
1371 2639 1543 2700 manifeste
1575 2638 1608 2700 in
1636 2638 1707 2723 ipso
1739 2645 1814 2700 actu
1846 2634 2113 2721 deprehenditur,

451 2741 539 2803 bona
555 2741 635 2804 furis
653 2741 807 2805 fratribus
824 2749 1024 2816 remaneant,
1049 2748 1081 2804 et
1105 2741 1168 2825 ipsi
1186 2741 1363 2804 secundum
1383 2739 1651 2804 consuetudinem
1669 2748 1755 2804 terre
1779 2740 1933 2804 anostris
1950 2737 2113 2802 iudicibus

452 2844 635 2929 puniantur.
688 2844 723 2906 Si
755 2866 832 2908 vero
867 2867 985 2920 naroc,
1021 2845 1106 2929 quod
1140 2846 1241 2908 latine
1271 2853 1407 2908 vocatur
1437 2845 1620 2916 accusatio,
1656 2844 1762 2907 lurum
1795 2845 1847 2906 vel
1879 2849 2112 2906 nocturnorum

453 2947 635 3031 predonum
659 2969 757 3031 super
781 2969 891 3011 corum
915 2948 1063 3011 homines
1088 2949 1253 3026 evenerit,
1277 2948 1395 3012 iudicio
1420 2956 1528 3012 astent
1552 2949 1640 3011 curie
1666 2945 1844 3011 seeundum
1867 2967 1991 3009 morem
2014 2951 2114 3025 terre,

454 3052 486 3113 in
510 3052 600 3114 nullo
624 3059 735 3114 nostre
760 3052 946 3115 celsitudini
970 3074 1030 3115 nec
1053 3053 1184 3132 nostris,
1209 3052 1315 3136 quoad
1332 3054 1474 3137 aliquam
1490 3052 1676 3128 utilitatem,
1701 3050 1899 3136 responsuri,
1923 3048 1982 3112 sed
2006 3049 2113 3112 omnis
2164 3063 2186 3097 ι’]

455 3155 550 3239 culpe
574 3155 753 3218 satisfactio
777 3154 871 3218 cedat
895 3156 927 3217 in
949 3177 1027 3219 usus
1051 3157 1203 3230 h·atrum;
1233 3165 1266 3219 ct
1298 3163 1405 3219 tamen
1434 3156 1598 3232 homines,
1629 3155 1655 3217 si
1685 3155 1732 3218 rei
1755 3154 1876 3217 fuerint
1900 3151 2114 3237 comprobati,

457 3256 653 3322 adversariis
679 3257 892 3320 satisfaciant.
940 3257 974 3319 Sl
998 3279 1074 3320 vero
1100 3257 1195 3320 homo
1213 3267 1385 3322 accusatus
1409 3281 1468 3345 per
1490 3259 1646 3322 honestos
1663 3258 1787 3321 vicinos
1811 3278 1888 3320 suos
1911 3254 1976 3318 fide
2001 3277 2116 3318 eorum

454 3362 612 3446 requisita
634 3359 732 3423 fuerit
756 3360 936 3438 absolutus,
960 3361 1049 3424 curie
1073 3382 1137 3423 non
1161 3361 1374 3446 respondeam
1400 3369 1432 3425 ct
1454 3363 1515 3426 hoc
1540 3363 1714 3447 diligenter
1737 3360 1924 3438 notandum,
1948 3357 2035 3443 quod
2059 3359 2116 3422 ubi

455 3487 512 3528 eos
536 3464 577 3526 ab
602 3463 690 3526 omni
705 3464 846 3526 utilitate
870 3471 981 3525 nostra
1005 3471 1038 3526 et
1057 3471 1242 3527 nostrorum
1259 3465 1469 3547 absolvimus,
1493 3469 1592 3531 nichil
1617 3469 1707 3536 iuris.
1731 3467 1817 3552 quod
1840 3467 1879 3531 ad
1903 3469 1978 3543 hoc,
2001 3475 2113 3532 nostre

454 3565 670 3650 magnitudini
699 3567 752 3628 vcl
781 3572 966 3628 nostrorum
996 3566 1247 3629 comoditatibus
1277 3569 1464 3635 retinemus.
1511 3571 1628 3634 Nullus
1657 3573 1756 3634 etiam
1787 3579 1882 3655 cogat
1910 3572 2030 3635 fratres
2058 3575 2114 3634 aut
2162 3586 2173 3620 ··¹

455 3671 603 3733 homiues
633 3690 745 3732 eorum
775 3667 817 3731 ad
845 3668 976 3752 aliquod
1013 3669 1132 3732 servile
1162 3668 1303 3732 officium
1332 3673 1384 3734 vel
1423 3695 1482 3758 pro
1518 3681 1696 3737 castrorum
1730 3676 1937 3740 edificatione
1970 3676 2023 3739 vel
2054 3695 2112 3760 pro

456 3777 564 3859 aliquo
596 3772 728 3835 servitio
756 3773 830 3851 tali,
864 3770 950 3856 qumi
982 3773 1029 3834 eis
1064 3773 1106 3835 sit
1136 3773 1177 3835 ad
1206 3773 1476 3858 impedimentum
1505 3778 1667 3841 libertatis
1701 3801 1774 3854 sue,
1811 3779 1886 3864 quia
1915 3779 2048 3864 plenam
2081 3783 2114 3840 et

457 3882 618 3964 integram
642 3877 674 3940 in
708 3877 859 3941 omnibus
888 3877 1152 3962 possessionibus
1187 3879 1253 3940 suis
1285 3880 1332 3942 eis
1363 3883 1586 3945 concessimus
1614 3884 1816 3953 libertatem,
1848 3883 1894 3946 ita
1922 3889 1958 3945 ut
1986 3882 2050 3967 ipsi
2074 3879 2112 3942 dc

455 3982 640 4047 hominibus
665 3981 731 4043 suis
748 3979 923 4066 disponant
947 3984 1054 4045 omnia
1079 3982 1119 4046 ad
1136 3983 1316 4068 profectum
1340 3983 1464 4049 domus.
1511 3986 1592 4050 Cum
1608 4009 1687 4052 vero
1705 3988 1844 4051 celebris
1865 3987 2023 4049 memorie
2047 3993 2112 4048 tam

456 4089 671 4172 imperatores
701 4085 865 4167 magnifici
895 4107 990 4168 quam
1021 4087 1077 4147 alii
1108 4088 1336 4168 gloriosissimi
1372 4111 1467 4172 reges
1496 4092 1710 4176 prescriptam
1741 4090 1872 4154 domum
1901 4089 2112 4175 amplissimis
2159 4108 2185 4142 a·-

458 4190 631 4254 ditaverint
658 4187 923 4273 possessionibus
956 4195 988 4250 ct
1016 4190 1214 4253 nurniveriut
1238 4191 1433 4275 privilegiis,
1464 4215 1540 4274 uos,
1574 4195 1636 4257 etsi
1668 4195 1715 4257 cis
1744 4197 1950 4277 nequaquam
1980 4191 2111 4266 divitiis,

458 4303 568 4357 tamen
591 4313 649 4377 pro
673 4313 770 4376 posse
794 4299 906 4354 nostro
927 4293 1077 4355 volumus
1103 4293 1150 4355 cis
1174 4294 1280 4357 beatis
1304 4295 1466 4380 parificari
1494 4297 1635 4361 meritis:
1664 4297 1803 4382 ideoque
1834 4295 2032 4359 indulsimus
2056 4296 2112 4372 eis,

459 4395 546 4480 quod
571 4395 639 4457 sive
663 4395 803 4458 maiores
829 4395 897 4457 sive
915 4396 1057 4458 minores
1081 4397 1114 4459 in
1137 4418 1238 4480 regno
1261 4404 1372 4460 nostro
1395 4400 1560 4462 constituti
1584 4400 1732 4484 proprias
1753 4400 1983 4484 possessiones
2008 4398 2111 4464 eidem

458 4498 567 4562 domui
592 4497 805 4577 contulerint,
837 4501 890 4562 vel
919 4500 980 4585 ipsi
1007 4501 1132 4585 aliquas
1156 4501 1251 4563 iustis
1275 4501 1516 4566 conditionibus
1540 4506 1593 4566 vol
1616 4502 1736 4566 debitis
1760 4502 1865 4566 modis
1889 4503 2111 4586 acquisierint.

458 4603 499 4666 ab
516 4601 603 4665 omni
624 4599 751 4686 prefato
775 4601 844 4665 iure
868 4601 910 4664 ad
926 4624 1005 4666 usus
1022 4611 1150 4666 nostros
1176 4605 1227 4666 rel
1247 4612 1430 4668 nostrorum
1448 4605 1634 4670 accedente.
1659 4605 1837 4669 secundum
1861 4604 1949 4690 quod
1966 4606 2112 4691 superius
2159 4627 2177 4663 n

460 4711 511 4770 est
534 4703 795 4782 determinatum,
826 4705 958 4769 easdem
982 4707 1211 4791 possessiones
1236 4729 1308 4770 csse
1332 4709 1453 4771 liberas
1477 4715 1510 4771 et
1534 4708 1712 4786 absolutas,
1743 4717 1779 4772 ut
1801 4731 1860 4794 per
1882 4709 1967 4772 hanc
1992 4707 2113 4772 indulte

458 4808 621 4872 libertatis
651 4809 897 4872 concessionem
933 4817 966 4873 et
995 4811 1145 4874 utilitatis
1177 4813 1271 4875 nobis
1302 4812 1412 4876 debite
1442 4814 1650 4878 collationem
1682 4820 1792 4878 nostre
1821 4813 1995 4877 clementie
2032 4810 2116 4897 apud

459 4912 567 4976 Deum
596 4917 628 4975 et
657 4911 758 4996 ipsius
788 4919 924 4976 matrem
953 4921 1065 4977 nostra
1093 4916 1209 4978 merita
1237 4917 1301 4978 sint
1330 4915 1560 4979 favorabiliora
1589 4923 1622 4980 et
1646 4917 1893 4980 excellentiora.
1937 4915 1984 4980 Ut
2008 4923 2116 4979 autem

379 5005 380 5010 ἵ
458 5017 519 5088 hec
547 5021 657 5078 nostre
689 5016 930 5080 constitutionis
959 5018 1079 5102 pagina
1107 5025 1172 5081 tam
1204 5019 1329 5082 serenis
1359 5019 1559 5105 temporibus
1590 5020 1710 5084 nostris
1741 5041 1838 5104 quam
1867 5019 1986 5083 futuris
2019 5019 2116 5082 robur

458 5119 579 5183 habeat
613 5127 646 5182 ct
682 5119 884 5200 firmitatem,
927 5143 999 5184 eam
1038 5130 1148 5185 nostre
1188 5123 1397 5187 sublimitatis
1437 5125 1546 5206 sigillo
1584 5125 1721 5188 fecimus
1760 5123 1928 5208 insigniri,
1969 5123 2113 5187 districte

459 5224 658 5288 sanctientes
689 5229 725 5286 ut
753 5223 947 5309 quicumque
979 5225 1038 5290 has
1070 5226 1241 5289 libertates
1272 5228 1326 5290 vel
1354 5228 1574 5312 indulgentias
1606 5235 1730 5292 temere
1760 5227 1959 5311 transgressi
1986 5226 2116 5302 fuerint,

458 5328 511 5390 vel
536 5348 575 5389 ea
598 5348 660 5410 que
685 5349 703 5390 a
727 5327 821 5391 uobis
845 5329 896 5391 vel
913 5328 1203 5413 predecessoribus
1226 5332 1348 5394 nostris
1372 5333 1424 5395 vel
1448 5333 1582 5396 afratre
1599 5339 1710 5397 nostro
1734 5334 1786 5396 vel
1811 5332 1851 5396 ab
1876 5331 1949 5395 aliis
1965 5329 2117 5394 fidelibus

459 5430 536 5493 viris
573 5429 679 5493 eidem
712 5430 820 5496 domui
856 5439 930 5495 sunt
963 5433 1097 5506 collata,
1134 5433 1297 5497 violenter
1332 5435 1514 5500 invaserint
1546 5439 1600 5501 vel
1634 5435 1847 5510 abstulerint,
1885 5455 1972 5520 pena
2005 5433 2117 5497 decem

460 5555 643 5596 marcarum
671 5535 743 5597 auri
770 5536 803 5598 in
826 5542 970 5599 nostram
994 5557 1156 5601 cameram
1181 5536 1410 5602 solvendarum
1434 5539 1625 5624 puniantur,
1658 5541 1704 5604 ita
1731 5547 1841 5604 tamen
1868 5545 1904 5601 ut
1926 5537 2018 5628 prius
2041 5535 2117 5600 lasis

460 5638 674 5702 satisfaciant.

2163 5144 2182 5179 lt

2165 5661 2185 5696 hv
