4596 6406
999 413 1047 467 EX
1066 411 1242 467 alenconii
1259 412 1299 466 IX
1317 411 1497 466 analsrno

1205 747 1291 819 744.

533 863 724 972 Gregorius
745 887 802 952 IX
817 907 908 967 propo
924 887 1082 966 praetatis
1104 887 1231 952 statiis
1256 886 1376 954 Uteristi
1400 885 1546 967 fidelibus
1572 885 1661 967 repsi
1682 883 1841 948 Francius
1870 881 2020 956 retundat,
2052 883 2086 942 ut

425 992 616 1058 senensibus
644 992 681 1057 de
710 992 851 1072 ipsoram
884 989 995 1054 debitis
1024 989 1093 1053 sine
1120 990 1251 1078 speciali
1280 990 1428 1056 rnandeto
1456 1009 1512 1052 sno
1541 987 1787 1069 satisfactionem
1813 987 2000 1050 nullatenus
2024 985 2085 1048 irn-

423 1096 574 1178 peadaat.
1606 1133 1610 1142 ·
1695 1093 1788 1169 1239,
1810 1091 1919 1172 April.
1940 1093 1996 1153 28.

531 1215 614 1288 arcp.
634 1216 683 1270 rx
700 1215 768 1284 see.
790 1214 848 1271 vor.
874 1214 923 1282 rr,
943 1219 1009 1282 roe·
1027 1212 1091 1269 aas.
1110 1213 1203 1282 xnr,
1223 1217 1269 1268 30.

580 1486 588 1503 .
617 1485 626 1504 .
655 1428 1008 1521 archiepiscopis
1036 1433 1079 1502 et
1106 1427 1329 1519 episcopis
1356 1432 1397 1499 et
1425 1426 1928 1518 ecclesiarumprelatis
2153 1447 2165 1483 ⁵

426 1574 474 1623 ac
506 1550 734 1623 nobilibus
769 1550 874 1623 viris
912 1555 955 1624 et
987 1549 1094 1622 aliis
1121 1548 1288 1621 Christi
1325 1547 1544 1620 fidelihus
1580 1569 1661 1638 per
1692 1569 1877 1640 regnum
1905 1546 2087 1620 Francia

1118 1667 1395 1741 constitutis.

542 1819 781 1884 Maledictionis
804 1818 860 1882 filii
883 1818 1024 1903 populus
1047 1817 1214 1895 Senensis,
1237 1817 1412 1881 multorum
1436 1815 1669 1880 beneficiorum
1692 1817 1898 1880 immemores
1922 1837 1986 1901 que
2011 1825 2090 1880 sunt

431 1923 621 1987 multotiens
644 1945 664 1986 a
686 1923 887 2008 benignitate
917 1927 1029 1984 saneta
1057 1921 1169 1984 matris
1203 1920 1341 1984 eeclesia
1366 1920 1548 1998 consecuti,
1580 1942 1684 2006 nuper
1714 1920 1818 2005 ipsam
1848 1928 1960 2005 preter
1990 1941 2086 2006 spem

433 2033 466 2092 et
489 2026 639 2090 meritum
662 2026 804 2111 grauiter
834 2023 1000 2089 offendere
1030 2030 1310 2110 presumpserunt.
1362 2022 1408 2086 Ut
1439 2023 1537 2108 igitur
1559 2045 1618 2108 per
1641 2023 1878 2109 experientiam
1902 2022 2087 2088 doceantur
2141 2043 2168 2078 ιο

434 2151 630 2216 agnoscere,
663 2129 738 2215 quid
769 2129 817 2192 eis
845 2128 922 2192 boni
948 2149 1007 2215 per
1035 2127 1216 2192 devotionis
1245 2127 1415 2213 provenire
1450 2128 1608 2206 studium,
1637 2127 1754 2213 quidve
1783 2129 1858 2191 mali
1888 2128 1993 2214 possit
2028 2150 2091 2214 per

429 2232 671 2318 ingratitudinis
701 2232 815 2296 vitium
847 2231 1033 2310 imminere,
1064 2229 1273 2310 mandamus,
1306 2231 1457 2315 quatinus
1492 2229 1585 2294 dietis
1617 2230 1821 2295 senensibus
1852 2253 1895 2294 ex
1923 2252 2011 2294 nunc
2046 2231 2089 2296 de

431 2337 576 2424 ipsorum
611 2334 729 2399 debitis
759 2335 884 2421 absque
908 2340 1018 2399 nostro
1043 2334 1177 2418 speciali
1200 2334 1352 2399 mandato
1381 2335 1637 2399 satisfactionem
1667 2336 1852 2400 nullatenus
1880 2335 2093 2423 impendatis,

432 2447 587 2527 pretextu
612 2439 809 2504 detentionis
834 2437 1019 2504 huiusmodi
1042 2438 1165 2501 nullum
1189 2436 1364 2523 dampnum
1387 2439 1600 2524 imposterum
1622 2439 1793 2505 incursuri.

539 2560 616 2627 Dat.
639 2560 793 2626 Lateran.
817 2559 867 2624 IV
890 2559 963 2623 Kal.
987 2557 1075 2637 Maii,
1099 2579 1183 2621 anno
1207 2557 1303 2622 XIII.

539 2680 578 2744 In
602 2680 744 2746 eundem
767 2680 900 2745 modum
923 2678 1048 2745 eisdem
1071 2701 1130 2765 per
1152 2678 1381 2743 Alamanniam
1406 2680 1600 2743 constitutis.

538 2783 577 2847 In
601 2782 742 2849 eundem
765 2783 897 2848 modum
920 2783 1045 2849 eisdem
1067 2805 1126 2869 per
1148 2804 1285 2867 regnum
1310 2783 1429 2868 Anglie
1455 2783 1649 2848 constitutis.

1053 3061 1464 3070 ---——-———-—

1215 3337 1301 3409 745.

540 3451 731 3562 Gregorius
752 3477 808 3542 IX
822 3498 913 3559 pope
934 3476 1103 3561 [Pbitipipe
1131 3477 1345 3563 Vieedemino]
1360 3479 1521 3559 potestati,
1544 3479 1739 3542 consiliariis
1760 3481 1789 3542 et
1810 3481 1964 3543 emrrinuni
1987 3481 2093 3546 Iasiae-

433 3582 555 3646 ensium
578 3580 726 3659 eonoedit,
748 3585 784 3645 ut
799 3602 861 3662 per
877 3581 999 3646 litteras
1013 3581 1199 3661 apostolicas
1220 3585 1312 3646 extra
1325 3583 1500 3647 districtum
1514 3583 1650 3646 amictis
1671 3604 1747 3648 suae
1767 3583 1811 3647 art
1831 3583 1983 3648 indicium
2004 3588 2094 3651 trabi

430 3690 595 3768 nequeant.
1701 3691 1794 3766 1239,
1816 3688 1924 3770 April.
1945 3693 1999 3754 28.
2147 3697 2176 3736 2⁰

540 3791 622 3875 arip.
641 3806 689 3859 rx
704 3806 772 3874 aaa.
793 3805 852 3860 ror.
874 3805 923 3869 rr,
941 3808 1010 3871 roa·
1028 3803 1089 3857 na.
1109 3803 1197 3868 xm,
1217 3808 1264 3857 aa.

536 3892 670 3958 Pottbost,
689 3892 757 3964 neq.
775 3895 884 3957 10739;
902 3891 952 3946 sub
971 3889 1038 3946 Mai.
1058 3893 1087 3944 9.

627 4141 635 4157 .
665 4144 674 4161 .
703 4086 943 4180 potestati,
971 4084 1248 4159 consiliariis
1276 4092 1320 4160 et
1347 4089 1567 4162 communi
1593 4090 1891 4165 lanuensium.

541 4237 676 4301 Sincere
710 4235 891 4300 devotionis
924 4236 1080 4314 affectus,
1115 4257 1212 4320 quem
1242 4235 1283 4299 ad
1312 4257 1372 4299 nos
1403 4242 1436 4300 et
1465 4236 1646 4302 Romanam
1676 4241 1850 4306 ecclesiam
1879 4242 2001 4309 habere
2028 4267 2089 4309 vos

437 4341 596 4420 novimus,
619 4338 827 4404 laudabiliter
848 4345 1063 4425 promeretur,
1087 4345 1123 4402 ut
1144 4339 1263 4403 vestris
1287 4339 1510 4424 petitionibus,
1533 4350 1689 4427 quantum
1713 4366 1785 4408 cum
1804 4344 1878 4411 Deo
1902 4369 2089 4433 possumus,
2146 4367 2174 4404 2⁵

435 4464 628 4508 annuamus.
682 4441 763 4505 Cum
786 4442 885 4526 igitur
909 4447 1041 4527 propter
1070 4463 1261 4527 guerrarum
1290 4441 1492 4524 discrimina,
1522 4467 1584 4531 que
1614 4468 1699 4512 nunc
1726 4449 1896 4514 imminent
1922 4451 2090 4534 provincie

436 4544 649 4626 Lambardie,
683 4544 847 4608 ciuitatem
869 4536 1066 4608 Ianuen'sem
1098 4553 1131 4610 et
1160 4545 1340 4609 districtum
1371 4547 1474 4633 ipsius
1497 4549 1621 4634 absque
1646 4550 1791 4636 periculo
1820 4574 2033 4639 personarum
2056 4562 2091 4619 et

436 4669 544 4711 rerum
567 4668 631 4711 non
656 4647 789 4733 possitis
814 4647 923 4727 exire,
948 4647 1065 4711 vestris
1086 4647 1240 4734 precibus
1263 4648 1426 4729 Inclinati,
1449 4657 1486 4714 ut
1507 4673 1568 4736 per
1591 4652 1715 4718 litteras
1739 4662 1867 4719 nostras
1893 4663 1986 4720 extra
2009 4657 2090 4722 oiri-

439 4757 540 4814 tatem
563 4750 667 4836 ipsam
692 4755 726 4814 et
749 4748 930 4812 districtum
954 4750 1101 4815 eiusdem
1123 4771 1182 4814 vos
1207 4757 1240 4816 et
1264 4752 1352 4816 eires
1369 4755 1471 4818 vestri
1494 4776 1531 4818 ae
1554 4755 1704 4821 homines
1728 4758 1768 4822 de
1792 4756 1939 4822 districtu
1962 4758 2091 4845 prefato

435 4853 521 4917 trahi
544 4851 585 4917 ad
608 4850 765 4916 iudicium
788 4872 853 4915 non
876 4854 1020 4939 possitis,
1043 4856 1236 4919 auctoritate
1252 4855 1344 4921 robis
1367 4859 1570 4944 presentium
1593 4860 1812 4946 indulgemus,
1835 4861 1898 4925 nisi
1913 4861 1954 4926 de
1970 4862 2086 4927 huius·
2143 4884 2174 4923 so

434 4957 523 5022 modi
557 4955 761 5041 indulgentia
792 4956 932 5020 fecerint
963 4958 1178 5040 mentionem,
1217 4959 1426 5045 presentibus
1463 4983 1568 5047 usque
1600 4961 1641 5026 ad
1667 4971 1815 5029 nostrum
1847 4965 2090 5052 beneplacitum

436 5060 594 5126 ralitirris.
639 5060 729 5125 Nulli
753 5082 832 5146 ergo
855 5099 897 5108 -
920 5069 1031 5127 nostre
1055 5063 1278 5150 concessionis
1302 5070 1364 5129 etc.
1411 5063 1521 5151 Siquis
1543 5073 1653 5131 autem
1678 5073 1740 5132 etc.

540 5181 617 5246 Dat.
640 5183 794 5247 Lateran.
817 5182 888 5248 IIII
910 5182 985 5247 Kal.
1010 5183 1090 5248 Maii
1102 5183 1122 5264 ²,
1146 5204 1231 5248 anno
1254 5183 1349 5252 XIII.

538 5440 565 5506 1)
583 5440 644 5508 Ita,
668 5441 697 5494 V.
717 5441 758 5494 Gt.
778 5444 812 5496 A.
830 5441 903 5494 Mau
921 5439 1092 5509 osfimmnte,
1120 5441 1150 5495 in
1167 5441 1236 5513 Req.
1255 5442 1368 5510 bobun
1393 5443 1425 5498 iu
1443 5444 1531 5499 Dibro
1553 5445 1657 5500 turtum
1679 5445 1797 5516 reipubl.
1818 5445 1884 5500 (lere
1908 5446 1997 5514 [rust.
2012 5453 2091 5517 patr.

433 5528 566 5595 mosum]
584 5528 603 5580 t.
622 5529 767 5596 apere,
784 5531 885 5594 u.748,
902 5527 952 5581 uss
970 5527 1085 5598 epistota
1102 5531 1174 5583 certe
1191 5546 1225 5584 ea
1243 5529 1399 5586 authentico
1417 5533 1507 5588 relato
1524 5537 1572 5601 est,
1591 5531 1642 5587 Vll
1661 5533 1726 5588 Idns
1745 5531 1823 5587 Maii.
1859 5533 1959 5587 Nolam
1977 5534 2092 5588 etresc-
2145 5563 2173 5603 25

434 5613 551 5682 topicam
577 5612 607 5667 in
631 5612 698 5682 Res.
725 5613 850 5670 mendose
875 5612 1046 5683 ademptam
1068 5631 1126 5670 csse
1150 5615 1273 5672 conicere
1299 5631 1354 5671 uon
1381 5618 1454 5688 ticet,
1479 5635 1538 5678 aem
1561 5636 1649 5695 segue
1673 5619 1705 5680 in
1730 5617 1842 5682 duobus
1866 5618 2094 5698 praecedentibus

435 5700 561 5772 epistolis
577 5715 665 5774 neque
682 5699 713 5754 is
731 5699 840 5762 duobus
860 5700 1035 5776 sagmatibus
1053 5701 1144 5762 eadem
1161 5701 1327 5762 invenietur.
