4576 6390
424 360 487 426 454
959 393 963 400 ·
1007 353 1055 414 EX
1074 352 1250 416 canaoan
1268 352 1307 414 IX
1325 351 1506 414 REGISTRO

424 536 505 600 alias
532 555 719 622 proponens
748 554 864 600 causas
899 532 1053 616 fletuum,
1088 534 1151 598 nisi
1186 531 1271 620 quod
1305 534 1354 600 eis
1384 533 1439 598 ille
1470 532 1609 620 quedam
1643 534 1789 621 pretiosa
1822 531 2003 621 prebuerat
2042 533 2083 600 ad

286 659 305 699 a.
321 653 374 726 Ror-
389 659 409 706 ³,
428 640 562 705 delicias
587 646 620 704 et
643 647 801 705 ornatum.
846 639 939 704 Idem
963 661 1091 725 quoque
1116 640 1253 704 multum
1277 639 1441 725 placuisse
1464 639 1586 723 legitur
1608 639 1739 725 populo,
1762 637 1839 703 dum
1855 639 1972 704 Abner
1990 639 2083 705 ducis

304 712 389 751 Μ’
428 767 569 831 sequens
593 745 764 825 feretrum,
788 745 948 830 plangens
971 743 1012 808 ad
1034 745 1193 808 tumulum
1218 764 1327 808 coram
1351 742 1532 828 iniquitatis
1557 764 1631 806 euru
1655 742 1814 809 cecidisse
1837 744 1928 827 filiis,
1959 753 1993 811 ct
2015 769 2082 811 non

308 849 515 914 necassicut
545 849 655 933 ignavi
686 849 768 912 mori
803 848 927 928 solent,
958 854 1122 911 mortuum
1156 847 1361 910 lamentatur.
1416 845 1455 910 In
1484 867 1569 911 novo
1597 846 1736 932 denique
1766 855 1964 915 testamento
1992 853 2081 916 viros

424 953 609 1033 timoratos,
634 952 688 1036 qui
712 951 913 1037 sepelierunt
937 950 1156 1037 Stephanum,
1187 952 1306 1016 fecisse
1330 951 1497 1036 planctum
1521 972 1675 1036 magnum
1699 951 1839 1036 legimus
1863 975 1963 1038 super
1993 976 2081 1034 eum,

424 1055 479 1140 qui
501 1055 579 1119 licet
603 1060 691 1119 esset
720 1055 761 1118 ad
792 1076 874 1141 opus
905 1055 1052 1118 comunis
1080 1055 1252 1119 ministerii
1280 1053 1470 1140 deputatus,
1505 1062 1614 1119 tamen
1642 1077 1701 1141 per
1727 1057 1915 1121 unctionem
1946 1059 2082 1143 spiritus

423 1161 540 1246 plenus
563 1159 752 1224 fortitudine
776 1160 975 1246 paucitatem
1001 1158 1169 1224 nascentis
1194 1159 1334 1223 ecclesie
1358 1159 1513 1223 tuebatur
1535 1159 1691 1224 adversus
1715 1160 1958 1224 multitudinem
1982 1183 2082 1246 ayna-

423 1284 519 1348 goge.
582 1262 668 1337 Quid
704 1270 755 1327 est
788 1263 903 1348 igitur,
942 1284 960 1326 o
995 1263 1129 1349 prelati,
1165 1262 1251 1347 quod
1284 1263 1376 1327 velut
1408 1263 1436 1326 si
1475 1264 1722 1327 commissorum
1761 1262 1903 1351 dampna
1940 1286 2082 1350 gregum

422 1367 554 1430 minime
581 1367 751 1443 curaretis,
774 1366 965 1450 magistrum
986 1364 1172 1429 Conradum
1188 1365 1228 1428 de
1247 1364 1431 1445 Marburch,
1456 1366 1596 1430 ecclesie
1620 1367 1867 1452 paraninphum,
1892 1369 2081 1433 ministrum

422 1470 565 1550 luminis,
589 1469 822 1556 interemptum
839 1470 1037 1535 crudeliter¹
1060 1491 1079 1533 a
1101 1461 1311 1534 tenebrarum
1328 1470 1404 1532 filiis
1421 1491 1486 1532 non
1505 1469 1657 1534 defletis?
1683 1469 1783 1535 Cuius
1797 1470 1962 1537 Dominici
1987 1475 2078 1537 cauis

422 1574 534 1658 lingua
564 1574 679 1637 maiori
708 1574 829 1638 latratu
859 1575 976 1637 terruit
1003 1574 1099 1658 lupos
1132 1579 1269 1658 graves?
1315 1572 1395 1646 Quis
1425 1572 1523 1638 hodie
1553 1575 1625 1659 plus
1656 1575 1781 1637 zelatus
1813 1582 1863 1640 est
1890 1576 2081 1641 libertatem

277 1692 341 1733 vum.
356 1697 410 1740 aas.
427 1676 685 1740 ecclesiasticam
710 1683 743 1742 et
765 1678 935 1763 utriusque
958 1676 1099 1740 hominis
1123 1677 1308 1762 puritatem,
1332 1683 1368 1740 ut
1390 1676 1575 1741 israelitam
1599 1678 1652 1741 vel
1676 1698 1748 1741 cum
1765 1677 1979 1743 Madianitido
2002 1700 2079 1764 per-

425 1779 552 1844 foderet
582 1781 725 1865 pugione
748 1782 801 1845 vel
832 1781 1054 1844 immolantem
1076 1778 1184 1863 ydolis
1211 1778 1411 1844 trucidaret?
1455 1779 1575 1844 Annon
1605 1781 1676 1865 ipse
1706 1780 1856 1844 minister
1878 1782 1948 1846 veri
1971 1781 2081 1866 Moysi

296 1883 581 1949 1‹›s.c‚m.malitiam
605 1883 804 1948 mundialem
827 1884 916 1947 velut
943 1883 1080 1946 alteram
1103 1881 1232 1945 Iericho
1260 1881 1349 1945 tubis
1382 1881 1641 1946 sacerdotalibus
1665 1884 1854 1965 evertebat,
1881 1891 1917 1949 ut
1940 1885 2080 1969 quilibet

423 1987 472 2050 vir
494 1986 656 2066 cordatus,
680 1987 801 2071 agnitis
817 1987 915 2050 huius
932 1987 1008 2050 lune
1024 1985 1202 2049 menstruis
1226 1990 1259 2048 et
1282 1984 1424 2065 defectu,
1448 1987 1703 2071 perpetuitatem
1726 1987 1835 2072 potius
1858 1988 1983 2053 iustitie
2007 1990 2078 2052 veri
2145 2017 2157 2051 a

424 2090 502 2154 solis
533 2097 685 2174 quereret
712 2096 746 2155 et
775 2090 937 2153 haberet?
982 2087 1148 2171 Numquid
1179 2109 1243 2152 non
1273 2088 1424 2152 exhibuit
1451 2088 1544 2152 nobis
1572 2089 1710 2153 alterum
1740 2088 1989 2170 Mardoclreum,
2023 2091 2078 2176 qui

424 2193 560 2257 vertitur
593 2193 628 2256 in
663 2213 773 2258 amare
808 2199 1061 2277 contempnens,
1103 2191 1178 2275 quis
1211 2192 1347 2255 multam
1386 2191 1426 2256 de
1462 2198 1651 2278 contemptu
1686 2192 1793 2256 Amen
1826 2194 2078 2258 amaritudinem

423 2297 612 2382 reportavit,
635 2297 760 2362 Hester
782 2304 925 2383 neptem,
951 2295 1012 2359 hoc
1036 2300 1087 2359 est
1111 2295 1286 2359 ecclesiam
1310 2316 1369 2381 per
1385 2294 1508 2358 Christi
1523 2295 1711 2380 dignatione
1735 2296 1844 2360 fratris
1868 2299 2078 2382 evangelium

422 2405 622 2484 generatam,
639 2401 786 2485 gestiens
802 2399 960 2478 Assuero,
984 2397 1018 2462 id
1034 2404 1085 2462 est
1100 2397 1307 2478 beatitudini,
1325 2399 1488 2484 copulare,
1513 2405 1701 2463 constanter
1716 2401 1881 2464 accusavit
1897 2403 2087 2484 eunuchos,

422 2502 456 2565 in
478 2503 608 2588 longam
632 2524 846 2587 securamque
870 2500 1011 2565 nocendi
1038 2499 1209 2565 libidinem
1240 2500 1490 2587 superficialiter
1513 2508 1663 2566 exsertos
1687 2501 1866 2583 hereticos,
1898 2506 1953 2589 qui
1983 2513 2016 2570 et
2044 2507 2078 2570 in
2132 2557 2142 2570 .

422 2605 585 2670 excidium
609 2607 696 2692 regis
720 2607 824 2691 glorie
852 2605 981 2670 fuerant
1008 2603 1200 2684 machinati,
1230 2625 1312 2689 quos
1344 2604 1422 2667 fecit
1454 2603 1611 2689 suspendi
1637 2604 1797 2689 patibulo,
1828 2627 1902 2670 cum
1926 2615 2080 2693 patenter

422 2707 463 2774 de
486 2710 647 2796 pravitate
671 2710 838 2774 convictos
862 2709 1024 2794 solempni
1046 2708 1150 2772 voluit
1172 2709 1307 2772 interire
1331 2713 1504 2787 tormento,
1529 2713 1563 2771 et
1586 2708 1633 2771 sic
1657 2729 1692 2772 se
1716 2730 1774 2795 pro
1797 2710 1992 2775 liberatione
2017 2734 2078 2777 sue

422 2814 530 2899 gentis
554 2813 717 2900 exposuit,
741 2812 828 2898 quod
842 2812 960 2892 Amen,
984 2812 1038 2898 qui
1062 2812 1295 2898 iuterpretatur
1317 2813 1481 2897 iniquitas,
1507 2833 1568 2876 nec
1591 2813 1624 2876 in
1647 2813 1783 2876 articulo
1807 2811 2003 2879 discriminis
2027 2817 2079 2880 in-

297 2931 335 2972 as.
351 2938 405 2984 aar.
421 2916 573 2980 clinavit?
619 2916 781 2990 Quocirca
803 2937 862 2994 ne,
893 2917 1052 3000 scriptura
1074 2914 1203 2980 dicente
1226 2915 1314 2980 viros
1338 2916 1579 2994 misericordie,
1603 2937 1661 3002 pro
1686 2937 1724 2980 eo
1748 2916 1833 3001 quod
1857 2937 1922 2981 non
1946 2925 1997 2982 est
2021 2921 2080 3005 qui

421 3019 595 3103 recogitet,
629 3019 670 3083 de
698 3018 807 3083 medio
835 3018 923 3098 tolli,
959 3019 1052 3082 vobis
1080 3040 1144 3083 nou
1174 3019 1447 3105 persequentibus
1475 3041 1518 3083 ex
1547 3019 1655 3084 animo
1685 3027 1814 3086 tantum
1835 3022 1942 3086 scelus
1966 3023 2075 3088 simile

280 3123 598 3232 e.p13paa.qui0quam
625 3124 734 3188 valeat
765 3121 933 3208 imputari,
968 3143 1041 3186 cum
1075 3128 1108 3188 et
1135 3121 1319 3186 Antiochus
1353 3123 1435 3187 alias
1464 3123 1594 3208 iniquus
1623 3129 1656 3188 et
1685 3123 1804 3210 impius
1835 3125 1875 3190 de
1905 3125 1989 3190 Onie
2016 3128 2080 3191 viri

333 3220 338 3238 ’
367 3218 372 3228 '
426 3225 526 3289 sobrii
551 3233 584 3291 et
605 3225 746 3291 modesti
768 3232 873 3290 morte
902 3246 1005 3309 usque
1036 3225 1077 3288 ad
1105 3225 1255 3289 lacrimas
1278 3227 1488 3290 contristatus
1519 3232 1552 3292 et
1579 3247 1736 3291 accensus
1766 3230 1874 3294 animo
1902 3231 2078 3296 omicidam

371 3370 373 3376 ν
420 3351 565 3417 purpura
587 3330 703 3395 lecerit
726 3331 803 3395 exui
826 3336 860 3393 et
883 3329 1138 3393 circumductum
1163 3329 1231 3393 vita
1253 3330 1384 3416 privari,
1408 3351 1477 3410 vos,
1501 3330 1560 3393 filii
1576 3329 1714 3412 Isdrael,
1739 3333 1926 3398 sacerdotes
1942 3334 2078 3399 Domini

421 3440 455 3497 et
477 3455 574 3518 reges
596 3432 742 3498 fidelium
765 3433 965 3511 animarum,
993 3453 1051 3518 pro
1074 3431 1219 3495 vindicta
1242 3434 1355 3497 mortis
1379 3433 1483 3518 ipsius
1508 3439 1541 3496 et
1564 3435 1764 3498 relevatione
1788 3437 1927 3520 negotii,
1951 3438 1992 3502 ad
2014 3461 2076 3504 ex-

420 3536 622 3624 stirpandum
644 3538 795 3617 hereses,
825 3535 1041 3601 roborandam
1064 3534 1161 3600 fidem
1185 3537 1378 3601 catholicam
1401 3544 1435 3600 et
1457 3538 1700 3603 ecclesiasticas
1724 3541 1910 3605 sanctiones
1934 3541 2076 3608 decebat

420 3641 547 3726 accingi
564 3640 737 3727 Symeonis
762 3647 795 3706 et
816 3641 898 3705 Levi
921 3639 1049 3724 gladiis,
1075 3661 1277 3725 concrepare,
1296 3641 1436 3720 bucinis,
1461 3662 1534 3704 cum
1556 3643 1643 3705 vasis
1666 3643 1846 3728 procedere
1870 3645 1998 3709 bellicis
2021 3648 2076 3712 vel

420 3765 493 3808 cum
526 3743 707 3810 Machabeo
741 3744 824 3809 duce
858 3743 968 3808 divine
1002 3743 1086 3827 legis
1121 3742 1294 3829 perfugas,
1333 3764 1444 3806 canes
1466 3764 1614 3808 reversos
1648 3745 1690 3808 ad
1721 3747 1895 3829 vomitum,
1930 3769 2007 3814 sues
2042 3752 2077 3814 in

419 3849 590 3913 volutabro
613 3849 673 3912 luti
695 3849 795 3928 lotas,
824 3869 884 3933 per
907 3868 1020 3910 omnes
1044 3846 1268 3932 perversitatis
1293 3852 1326 3910 et
1349 3846 1545 3911 confidentia
1569 3869 1627 3911 sue
1651 3849 1794 3914 latebras
1817 3860 2075 3937 perscrutantes,

419 3952 638 4017 deiectionem
666 3952 780 4038 populi
810 3949 916 4014 fidelis
945 3949 1087 4034 erigere;
1122 3955 1155 4013 et
1186 3948 1297 4014 debito
1328 3949 1448 4014 iudicio
1479 3949 1720 4035 condempnare
1750 3953 1868 4040 impios
1898 3955 2075 4021 deberetis.

420 4055 505 4128 Quia
526 4056 635 4141 igitur,
658 4055 735 4118 licet
758 4060 872 4118 contra
895 4053 982 4117 viros
1000 4053 1195 4138 sanguinum
1212 4059 1420 4128 memoratos,
1443 4053 1585 4118 rebelles
1607 4054 1749 4136 luminis,
1772 4057 1857 4121 filios
1873 4057 2073 4142 desertores,
2144 4095 2152 4112 ν

419 4159 488 4242 qui,
522 4158 607 4244 quod
630 4158 737 4222 relatu
760 4156 959 4221 horrendum
989 4156 1096 4221 fuerat
1120 4163 1152 4220 et
1176 4155 1374 4242 stupendum
1403 4156 1530 4236 auditu,
1565 4157 1749 4242 predictum
1772 4162 1962 4245 magistrum
1986 4163 2074 4228 Ocn-

419 4260 544 4341 radum,
567 4262 672 4325 virum
689 4266 879 4326 consumate
896 4261 1025 4324 virtutis
1049 4266 1082 4324 et
1098 4280 1274 4347 preconem
1291 4259 1366 4323 fidei
1382 4257 1579 4340 Christiane,
1603 4261 1771 4346 sacrilegis
1788 4269 1900 4328 tenere
1923 4267 2075 4332 manibus

419 4370 452 4430 et
475 4365 582 4429 ferina
604 4371 713 4429 mente
742 4365 903 4450 perimere
932 4371 1217 4449 presumpserunt,
1247 4385 1284 4427 ac
1316 4370 1429 4427 contra
1457 4384 1569 4428 eorum
1594 4365 1769 4451 complices
1794 4369 1970 4434 severitate
1994 4393 2074 4435 con-

419 4467 517 4552 digna
539 4467 719 4553 procedere
753 4488 970 4553 nequeamus,
1006 4490 1078 4532 cum
1102 4468 1158 4532 vix
1191 4469 1374 4552 excogitari
1405 4489 1491 4553 pena
1513 4468 1623 4532 valcat
1645 4470 1852 4555 temporalis,
1888 4493 1950 4556 que
1975 4473 2074 4559 digna

317 4560 321 4578 ⁸
420 4570 585 4636 sufficeret
608 4569 649 4634 ad
678 4577 745 4634 tam
777 4571 928 4636 immanis
957 4572 1111 4636 facinoris
1138 4573 1311 4650 ultionem,
1344 4594 1385 4636 ne
1414 4579 1524 4637 tamen
1546 4571 1638 4637 Petri
1664 4573 1808 4657 gladius,
1843 4577 1933 4640 cuius
1961 4599 2073 4642 sumus

418 4674 571 4737 immeriti
604 4695 826 4754 successores,
861 4675 895 4738 in
928 4697 1026 4739 manu
1060 4680 1173 4739 nostra
1202 4675 1352 4740 videatur
1384 4677 1514 4739 omnino
1549 4682 1695 4760 torpere,
1730 4678 1783 4741 vel
1817 4678 1865 4742 illi
1899 4681 2073 4765 iniquitate

418 4782 570 4862 potentes
604 4775 643 4841 de
676 4797 735 4840 sua
758 4776 888 4840 valeant
922 4778 1046 4841 malitia
1072 4777 1223 4862 gloriari,
1258 4779 1507 4842 universitatem
1536 4785 1678 4843 vestram
1708 4781 1886 4865 rogandam
1920 4783 2073 4850 duximus

419 4880 576 4943 attentius
599 4886 632 4944 et
655 4879 864 4960 hortandam,
898 4902 958 4966 per
989 4881 1171 4966 apostolica
1197 4882 1291 4946 vobis
1322 4883 1444 4968 scripta
1466 4882 1603 4947 firmiter
1625 4883 1838 4969 precipiendo
1868 4887 2073 4970 mandantes,

418 4983 570 5068 quatinus
594 5004 650 5048 eos
674 5005 712 5048 ac
735 4984 879 5070 ipsorum
902 4983 1103 5064 defensores,
1128 4986 1304 5070 complices
1328 4991 1361 5049 et
1384 4985 1527 5050 lautores
1552 4986 1690 5071 singulis
1713 4987 1828 5052 diebus
1844 4988 2016 5055 dominicis
2040 4999 2074 5057 et

417 5086 544 5151 festivis
567 5086 705 5173 pulsatis
724 5089 889 5173 campanis
914 5094 947 5151 et
965 5087 1109 5151 candelis
1133 5089 1280 5152 accensis
1304 5088 1428 5154 tamdiu
1444 5091 1745 5155 excommunicatos
1762 5092 1892 5177 publice
1910 5096 2068 5160 nuntietis
2121 5123 2148 5163 rs

418 5195 451 5253 ct
473 5211 532 5276 per
554 5197 680 5255 vestras
709 5189 859 5255 dioceses
888 5190 1031 5254 nuntiari
1055 5191 1175 5275 singuli
1197 5192 1324 5257 faciatis
1348 5214 1386 5257 ac
1415 5193 1456 5257 ab
1480 5193 1631 5257 omnibus
1659 5195 1763 5258 artius
1792 5196 1925 5276 evitari,
1953 5203 2072 5277 castra,

416 5294 511 5358 villas
535 5300 568 5357 et
591 5294 656 5357 alia
677 5295 765 5370 loca,
796 5294 829 5356 in
853 5293 971 5378 quibus
994 5295 1157 5380 receptati
1180 5295 1316 5370 luerint,
1341 5303 1564 5382 supponentes
1588 5297 1818 5361 nichilominus
1843 5300 2071 5364 ecclesiastico

415 5397 605 5478 interdicto,
638 5396 741 5461 donec
769 5395 810 5462 de
839 5401 930 5460 tanto
961 5419 1102 5462 excessu
1135 5398 1338 5464 satisfaciant
1367 5406 1592 5486 competenter
1615 5408 1648 5466 et
1671 5423 1745 5466 eum
1768 5409 1950 5467 vestrarum
1973 5405 2069 5468 testi-

520 5555 786 5562 --.-------
1364 5559 1962 5568 ...-..-—-—.—....-..-..-——.-——.—-.—-·

519 5657 544 5724 1)
564 5655 621 5708 Iuli
641 5659 679 5708 30
692 5669 782 5725 prope
800 5653 938 5726 Mardara
956 5672 1012 5710 aaa
1029 5674 1089 5712 cum
1109 5655 1254 5713 Gerhardo
1271 5657 1363 5726 fratrc
1381 5658 1489 5713 ordinis
1508 5659 1658 5716 Minorem.
