4538 6426
702 385 703 388 κ
779 327 978 422 srrsronsr
996 361 1185 424 sarsoris.
1222 365 1297 425 ms.
1847 374 1865 442 a

207 543 316 602 tamur
349 536 522 620 attentius,
557 538 773 604 obsecrantes
807 562 867 626 per
900 539 1094 606 effusionem
1129 544 1297 628 sanguinis
1331 545 1408 612 Iesu
1432 545 1554 613 Christi
1583 569 1621 614 ac
1652 548 1799 616 districte
1832 551 1867 615 in

206 642 435 707 remissionem
465 645 691 729 peccaminum
721 645 944 729 iniungentos,
977 647 1127 728 quatinus
1160 647 1361 734 deponentes
1392 673 1534 718 errorem
1558 661 1592 718 et
1615 675 1744 719 omnem
1767 656 1866 720 animi

208 745 426 827 simultatem,
461 754 574 811 contra
603 746 706 810 dictos
728 746 910 832 Papienses
940 754 973 812 et
1006 770 1118 814 omnes
1149 751 1314 818 adiutores
1344 776 1458 819 eorum
1488 755 1651 822 hostiliter
1679 759 1866 823 nullatenus

207 849 412 933 procedatis,
441 850 608 914 mittentes
639 850 681 913 ad
708 872 768 914 nos
798 851 929 914 nuntios
963 851 1097 917 idoneos
1128 860 1161 918 et
1190 855 1391 922 sufficienter
1420 860 1612 940 instructos,
1646 882 1720 925 cum
1748 862 1866 946 quibus

208 953 373 1038 possimus
402 953 443 1018 de
478 975 560 1039 pace
587 954 640 1018 vel
677 961 793 1039 treuga
821 954 988 1018 efficacem
1015 955 1137 1020 habere
1166 965 1357 1042 tractatum,
1393 963 1439 1026 sic
1472 984 1533 1027 nos
1564 964 1650 1028 circa
1682 971 1866 1029 nostrarum

207 1076 342 1141 precum
374 1057 535 1142 primitias
571 1057 758 1136 audientes,
792 1063 828 1120 ut
861 1058 998 1141 gratiam
1032 1057 1173 1123 divinam
1209 1069 1242 1126 et
1274 1071 1419 1128 nostram
1449 1066 1583 1152 possitis
1616 1067 1709 1132 vobis
1749 1068 1865 1132 merito

206 1181 415 1245 comparare,
446 1168 480 1226 et
506 1180 567 1224 nos
596 1159 637 1224 ad
666 1159 899 1223 exaltationem
921 1167 1063 1224 vestram
1087 1170 1120 1225 et
1142 1167 1379 1249 promotionem
1408 1177 1606 1250 vestrorum,
1634 1191 1709 1235 oum
1733 1177 1865 1256 oportu-

204 1263 292 1326 nitas
334 1263 445 1345 luerit,
489 1284 712 1348 provocemur.
785 1264 856 1328 Nec
902 1266 989 1328 enim
1031 1265 1071 1330 de
1108 1268 1203 1331 nobis
1246 1272 1433 1356 specialiter
1476 1274 1509 1339 in
1552 1274 1704 1339 cordibus
1746 1276 1865 1339 vestris

205 1367 291 1432 iuste
322 1373 431 1453 potest
458 1368 648 1453 suspitionis
685 1369 856 1452 scrupulus
890 1368 1008 1452 aliquis
1049 1369 1203 1452 suboriri,
1243 1395 1315 1437 cum
1345 1397 1475 1460 semper
1510 1397 1568 1440 vos
1598 1378 1798 1462 gesserimus
1831 1378 1865 1442 in

134 1485 142 1512 ·’
204 1472 386 1536 visceribus
415 1471 577 1550 caritatis,
608 1477 641 1534 et
668 1470 700 1532 in
730 1471 819 1533 nullo
852 1477 964 1534 contra
991 1493 1050 1536 vos
1079 1476 1249 1538 senseritis
1272 1478 1372 1541 animi
1394 1480 1497 1543 nostri
1525 1487 1659 1545 motum.
1710 1480 1864 1545 Ceterum

204 1575 232 1637 si
255 1574 415 1638 mandatis
438 1575 560 1637 nostris
589 1573 708 1636 auditis
744 1573 983 1638 obduraveritis
1021 1575 1119 1640 corda
1149 1586 1276 1660 vestra,
1312 1583 1500 1647 nullatenus
1532 1583 1756 1665 obmittamus,
1784 1585 1863 1669 quin

204 1674 384 1740 secundum
407 1674 494 1760 quod
516 1676 623 1738 felicis
646 1674 883 1739 recordationis
900 1673 1138 1765 I[nnocentius]
1164 1703 1259 1767 papa,
1283 1684 1498 1768 predecessor
1512 1693 1634 1768 noster,
1657 1685 1861 1751 rectitudinis

203 1781 275 1843 zelo
300 1799 496 1858 succensus,
528 1785 640 1842 eontra
666 1799 725 1842 vos
750 1779 930 1864 procedere
954 1781 1057 1866 cepit,
1087 1783 1229 1848 finaliter
1256 1807 1506 1872 prosequamur;
1539 1791 1632 1854 cuius
1665 1789 1861 1854 sufficientia

202 1882 283 1946 lieet
301 1904 362 1947 nos
383 1881 552 1946 videamur
572 1883 702 1969 penitus
725 1883 906 1966 inequales,
929 1905 993 1946 non
1010 1887 1168 1950 minorem
1185 1894 1293 1953 tamen
1311 1910 1406 1973 quam
1423 1892 1493 1977 ipse
1510 1891 1704 1978 disponente
1720 1892 1862 1958 Domino

204 1987 410 2072 suscepimus
427 1993 636 2072 potestatem,
660 1991 693 2048 et
716 2006 788 2047 cum
811 1985 931 2048 munde
955 1987 1020 2050 sint
1043 2009 1158 2052 manus
1182 1997 1291 2054 nostre
1314 2013 1334 2054 a
1357 1994 1516 2076 sanguine
1539 1996 1682 2059 omnium
1706 2002 1862 2076 vestrum,

201 2096 270 2152 tam
294 2095 405 2152 contra
426 2111 485 2152 vos
509 2110 604 2174 quam
627 2089 772 2152 fautores
797 2095 830 2151 et
853 2089 1029 2175 complices
1054 2099 1181 2155 vestros
1204 2093 1297 2157 iuxta
1324 2094 1421 2158 oflicii
1452 2097 1554 2160 nostri
1577 2096 1723 2162 debitum
1746 2119 1861 2183 proce-

200 2192 333 2270 demus,
356 2192 563 2277 aggravaturi
586 2193 685 2256 etiam
708 2198 821 2254 eontra
843 2214 901 2257 vos
924 2193 1154 2258 nichilominus
1178 2217 1292 2260 manus
1314 2205 1452 2279 nostras,
1474 2207 1571 2284 prout
1592 2200 1687 2264 nobis
1701 2200 1862 2265 Dominus

199 2296 319 2359 melius
343 2294 524 2380 inspirabit.

203 2411 204 2414 '
310 2413 386 2479 Dat.
409 2415 549 2479 Perusii.

1013 2801 1046 2872 3.

314 2911 500 3004 Honorias
526 2941 593 3004 III
610 2961 698 3020 pepo
726 2937 885 3001 rrrricersis
914 2938 1033 3003 Christi
1057 2939 1203 3020 fidelibus
1230 2940 1375 3019 mandat,
1410 2945 1445 3004 nt
1478 2945 1804 3010 excommunicationis
1830 2951 1859 3010 ct

197 3047 359 3111 interdicti
391 3045 562 3107 sententias
592 3045 628 3106 in
658 3041 911 3104 llIcrliotoncnscs
938 3046 967 3104 ct
993 3041 1195 3106 Placentinos
1223 3044 1318 3120 latus,
1351 3044 1433 3123 qnod
1464 3064 1528 3107 nrm
1560 3051 1706 3126 parentes
1733 3052 1860 3113 stetistis

195 3149 354 3232 generalis
375 3147 499 3212 concilii
521 3145 706 3228 Papienscm
729 3150 847 3208 ter-rem
868 3145 1020 3209 hostiliter
1046 3146 1231 3222 invaserint,
1251 3146 1386 3226 firmiter
1407 3147 1573 3214 observent.

1410 3253 1505 3331 1216,
1528 3251 1611 3332 Anp.
1635 3255 1779 3318 12—30:

304 3373 376 3426 Hon.
400 3372 458 3425 ΙΙΙ
476 3371 543 3440 Rep.
568 3369 623 3424 Vol.
642 3370 672 3432 I,
690 3373 720 3433 4,
741 3375 771 3430 5;
796 3369 858 3420 Lib.
877 3367 907 3436 I,
931 3372 973 3420 13.
1010 3367 1116 3421 Pertrir'
1134 3368 1273 3436 esmnpler
1291 3367 1477 3437 supplevimus
1495 3385 1529 3421 rc
1546 3369 1638 3440 Roqn.
1656 3371 1729 3427 Ann.
1752 3375 1815 3426 cccl.
1833 3393 1858 3427 o.

118 3479 129 3514 a
197 3462 276 3522 1216,
293 3462 309 3522 §
326 3463 371 3512 27.

303 3543 439 3606 Poenae,
457 3541 526 3611 1329.
546 3545 620 3595 5329
638 3547 663 3594 a
680 3541 753 3594 aaa
771 3541 792 3593 1
809 3545 884 3594 asar
889 3544 1047 3611 9-25627.

281 3804 510 3877 Universis
538 3803 704 3878 Christi
729 3802 942 3876 fidelihus
968 3802 1021 3874 ad
1049 3823 1163 3893 quos
1190 3801 1339 3875 littere
1366 3804 1449 3876 iste
1476 3803 1778 3893 pervenerint.

308 3955 604 4020 Mediolanensium
639 3959 672 4016 et
704 3951 968 4014 Placentinorum
1003 3951 1241 4014 cervicositatis
1272 3951 1426 4036 superbia
1459 3956 1492 4014 ct
1522 3951 1657 4016 rebellio
1689 3953 1856 4018 cervicosa

198 4059 282 4124 adeo
306 4058 534 4137 ascenderunt,
557 4056 643 4142 quod
667 4057 714 4120 eis
738 4055 825 4119 aliud
849 4055 912 4118 iarn
936 4075 1000 4118 non
1024 4062 1137 4136 restat,
1159 4054 1223 4118 nisi
1247 4075 1342 4118 ruere
1365 4055 1398 4117 in
1416 4054 1620 4140 precipitium
1644 4056 1855 4140 ignominiam

118 4193 144 4229 a·
199 4162 412 4240 adducentis,
450 4168 486 4224 ut
508 4160 674 4246 prosperis
709 4159 845 4222 exaltati
868 4157 1079 4222 humilientur
1102 4165 1135 4222 et
1159 4157 1397 4222 confundantur
1425 4156 1585 4238 adversis,
1621 4181 1695 4224 cum
1724 4161 1763 4226 dc
1796 4183 1854 4226 sue

198 4267 328 4330 virtutis
352 4265 499 4350 potentia
514 4264 693 4348 gloriantes
716 4282 776 4325 nec
793 4261 901 4326 Deum
925 4262 1064 4325 timeant
1087 4282 1147 4324 nec
1164 4265 1379 4325 revereantur
1395 4259 1560 4324 hominem
1578 4269 1712 4348 proptor
1733 4264 1853 4344 Deum,

198 4377 235 4433 ut
257 4369 365 4432 dicere
382 4365 567 4431 videantur:
590 4363 718 4428 ‘Manus
735 4371 845 4428 nostra
861 4365 1011 4428 excelsa¹
1035 4370 1069 4428 et
1084 4371 1230 4427 nostrum
1247 4362 1417 4426 brachium
1432 4384 1492 4426 nos
1510 4364 1650 4429 salvabit
1671 4387 1710 4431 ac
1733 4374 1853 4432 terram

198 4479 311 4536 nostro
342 4469 451 4555 gladio
486 4467 711 4554 possidemus'.
770 4467 816 4530 Ut
844 4475 952 4531 autem
984 4467 1024 4531 de
1056 4467 1189 4531 offensis
1226 4466 1344 4530 ceteris
1377 4473 1563 4548 taceamus,
1596 4469 1714 4552 quibus
1744 4471 1853 4536 Deum

196 4574 424 4660 multipliciter
439 4572 480 4638 ad
495 4570 695 4636 iracundiam
713 4578 940 4656 provocarunt,
964 4572 1068 4656 gratie
1086 4591 1182 4655 quam
1197 4569 1346 4634 exhibuit
1362 4569 1410 4634 eis
1425 4569 1651 4655 multipliciter
1673 4573 1854 4658 apostolica

117 4709 131 4744 s
199 4677 297 4744 sedes
328 4677 437 4755 obliti,
469 4681 580 4740 contra
608 4696 681 4738 eam
713 4675 903 4738 calcaneum
936 4679 1114 4739 erexerunt
1143 4673 1338 4758 contemptis
1369 4673 1439 4737 eius
1468 4672 1629 4758 precibus,
1657 4677 1789 4740 monitis
1820 4685 1853 4742 et

198 4779 372 4846 mandatis.
417 4778 500 4844 Cum
524 4779 611 4844 enim
634 4779 668 4842 in
690 4778 837 4862 generali
860 4778 999 4841 concilio
1026 4799 1085 4863 pro
1102 4777 1205 4842 Terre
1223 4776 1343 4842 Sancte
1367 4797 1523 4841 succursu
1546 4778 1746 4844 commodius
1770 4801 1850 4845 exe-

198 4881 328 4970 quendo
352 4882 488 4968 provida
509 4881 608 4946 fucrit
631 4881 867 4946 deliberatione
892 4887 1058 4960 statutum,
1081 4888 1118 4944 ut
1139 4881 1305 4966 principes
1330 4887 1363 4944 ct
1385 4880 1498 4965 populi
1522 4879 1709 4962 Christiani,
1733 4883 1850 4948 saltem

198 5009 260 5074 per
282 4985 539 5072 quadriennium,
562 4988 693 5072 plenam
717 5007 830 5071 pacem
854 4992 909 5049 aut
931 4986 1057 5049 firmam
1080 4993 1252 5069 treuguam
1276 4983 1457 5048 adinvicem
1479 4983 1712 5048 inviolabiliter
1736 4985 1849 5050 obser-

198 5097 332 5167 varent,
363 5097 397 5154 et
419 5090 442 5153 ii
465 5090 520 5175 qui
542 5091 753 5175 acquiescere
777 5090 861 5154 forte
885 5088 1140 5168 contenderent,
1163 5111 1222 5174 per
1245 5087 1615 5153 excommunicationem
1637 5087 1671 5150 in
1693 5109 1850 5172 personas

130 5231 143 5256 o
199 5201 235 5258 et
263 5192 470 5257 interdictum
499 5194 532 5257 in
562 5199 667 5257 terras
696 5192 878 5257 arctissime
906 5199 1117 5277 cogerentur,
1155 5213 1192 5256 ac
1220 5192 1305 5257 bone
1337 5191 1493 5256 memorie
1522 5191 1736 5256 Innocentius
1765 5213 1851 5279 papa

198 5293 413 5382 predecessor
434 5302 546 5360 noster
568 5296 697 5376 volens,
726 5303 762 5360 ut
784 5296 967 5360 huiusmodi
991 5295 1179 5359 constitutio
1202 5295 1236 5358 in
1259 5316 1316 5358 eos
1339 5301 1372 5358 ot
1395 5295 1533 5359 dilectos
1555 5294 1640 5358 filios
1664 5293 1846 5380 Papienses

199 5397 346 5462 debitum
360 5399 531 5463 sortiretur
540 5399 703 5480 effectum,
715 5399 853 5463 dilectos
865 5399 950 5464 filios
963 5406 1092 5463 nostros
1102 5394 1275 5484 L[eonem]
1287 5398 1372 5462 tituli
1384 5397 1503 5462 Sancte
1512 5397 1625 5462 Cmcis
1633 5397 1850 5484 presbiterum

306 5559 557 5566 ...mn-Q.
749 5561 960 5566 --—.--.-.-..-.-
974 5561 1025 5566 —-
1040 5559 1460 5566 ..-——---.-—.--—----.—.

304 5657 328 5724 1)
349 5655 391 5724 Cf.
411 5658 561 5713 Deuteron.
582 5661 626 5727 32,
636 5662 673 5712 27
691 5661 716 5712 ct
734 5657 810 5715 Psoi.
829 5663 910 5722 tar.
