4524 6412
398 391 459 452 248
989 385 1035 438 EX
1054 385 1209 439 HONORII
1228 385 1268 438 III
1286 383 1466 437 REGIS'IRO

397 561 628 625 nichilominus
651 561 684 624 in
708 560 775 623 suis
799 558 880 622 locis
896 559 1034 622 tirmiter
1055 556 1279 621 observandis.
1322 556 1509 620 Potestatcs
1531 563 1649 635 autom,
1673 556 1826 619 consules
1850 561 1883 620 et
1906 560 2051 617 rectores

398 664 566 728 civitatum
589 663 792 746 aliorumquc
809 663 964 740 locorum,
988 681 1180 746 quocunque
1196 661 1327 750 numine
1345 666 1550 739 censeantur,
1573 660 1681 724 iurent
1704 658 1790 744 qnod
1813 659 1886 722 illas
1910 656 2052 721 fidelitcr

398 766 632 844 observabunt,
666 764 766 850 idque
789 786 864 828 suos
888 764 995 828 iurare
1019 763 1139 827 faciant
1163 785 1381 842 successores,
1405 770 1566 848 ponentes
1590 784 1646 828 eas
1670 763 1703 826 in
1727 763 1857 827 statutis
1881 761 2049 826 civitatum

397 870 600 955 aliorumque
623 869 779 949 locorum,
801 868 874 932 illas
898 867 973 932 inde
997 888 1202 952 nequaquam
1226 867 1259 930 in
1282 873 1448 953 posterum
1471 866 1622 932 deleturi.
1674 866 1805 930 Statuta
1828 865 1938 931 omnia
1960 883 2048 928 com-

397 975 507 1038 munia
544 979 577 1038 ct
611 972 821 1058 particularia
860 971 948 1035 facta
990 976 1102 1034 contra
1136 971 1295 1035 ecclesias
1333 977 1366 1034 et
1401 971 1659 1036 ecclesiasticam
1693 970 1881 1034 libertatem
1918 967 2049 1055 penitus
2103 988 2116 1024 s

397 1083 562 1157 revocent,
585 1076 626 1141 de
651 1076 718 1140 suis
736 1074 1023 1140 constitutionibus
1039 1073 1181 1152 deleant,
1205 1079 1238 1138 et
1255 1095 1294 1138 ea
1309 1075 1363 1139 vel
1387 1075 1434 1138 eis
1458 1074 1577 1138 similia
1600 1073 1640 1138 de
1658 1079 1768 1138 cetero
1789 1093 1852 1136 non
1874 1075 2050 1136 resumant.

397 1179 632 1244 lateranensis
660 1200 789 1265 quoque
821 1183 943 1242 statuta
970 1177 1101 1241 concilii
1131 1183 1165 1241 et
1194 1177 1444 1241 constitutiones
1473 1199 1493 1240 a
1520 1177 1614 1240 nobis
1645 1183 1678 1241 et
1707 1177 1799 1261 leges
1830 1175 1870 1239 ab
1894 1175 1966 1260 ipso
1989 1172 2050 1236 im-

398 1288 550 1368 peratore
575 1303 674 1368 super
696 1282 747 1346 his
770 1280 875 1346 editas
898 1281 1092 1358 observent,
1116 1286 1149 1344 et
1172 1280 1280 1344 iurent
1303 1280 1336 1343 in
1360 1285 1527 1365 posterum
1552 1280 1744 1358 observare,
1777 1298 1918 1362 suosque
1942 1277 2051 1340 iurare

398 1385 519 1448 faciant
543 1406 761 1449 successores.
805 1384 907 1448 Porro
931 1382 1096 1469 predictos
1119 1382 1375 1468 quadringentos
1398 1383 1521 1447 milites
1545 1381 1724 1460 ineundo,
1752 1380 1925 1460 morando,
1955 1378 2050 1443 rede·

397 1487 485 1551 undo
510 1487 571 1552 sub
594 1492 705 1552 nostra
728 1495 761 1551 et
784 1487 920 1572 speciali
944 1485 1033 1550 sedis
1047 1486 1227 1571 apostolice
1244 1486 1446 1572 protectione
1464 1486 1660 1570 suscipimus
1684 1506 1758 1548 cum
1781 1484 1931 1549 omnibns
1954 1482 2049 1546 bonis
2106 1507 2130 1543 m

399 1591 479 1654 suis.
524 1588 693 1676 Iidcmque
717 1595 891 1654 teneantur
914 1591 960 1654 ire
985 1591 1017 1653 in
1041 1591 1143 1676 ipsius
1166 1589 1374 1676 imperatoris
1397 1589 1561 1674 passagio,
1585 1586 1669 1672 quod
1692 1588 1734 1652 ab
1757 1609 1797 1652 eo
1821 1593 1976 1651 statutum
2000 1592 2052 1650 est

399 1700 433 1757 et
453 1715 473 1758 a
495 1693 644 1757 Romana
666 1693 810 1758 ecclesia
837 1693 1063 1779 approbatum.
1108 1692 1254 1778 Ideoque
1277 1692 1484 1756 universitati
1508 1698 1618 1755 vestre
1647 1712 1708 1777 per
1729 1690 1909 1776 apostolica
1932 1690 2053 1776 scripta

399 1795 591 1860 mandamus
615 1803 712 1882 atque
736 1797 952 1883 precipimus,
982 1797 1134 1881 quatinus
1164 1795 1352 1881 supradicta
1382 1795 1490 1858 omnia
1517 1815 1575 1881 pro
1602 1799 1695 1880 parte
1719 1800 1830 1859 vestra
1859 1794 2054 1857 inconcussa

399 1895 554 1982 servetis,
589 1922 627 1965 ac
658 1921 757 1986 super
784 1901 845 1965 hoc
874 1901 968 1964 nobis
997 1906 1031 1966 ct
1061 1901 1125 1987 ipsi
1153 1900 1343 1985 imperatori
1370 1900 1463 1963 iuxta
1490 1907 1653 1976 tenorem,
1689 1919 1786 1984 quem
1818 1895 1912 1960 vobis
1946 1902 2051 1960 trans-

399 2002 557 2068 mittimus
568 2004 590 2084 ¹,
619 2011 747 2069 vestras
770 2011 922 2090 patentes
949 2004 1076 2068 litteras
1106 2025 1210 2088 usque
1242 2003 1283 2067 ad
1311 2003 1494 2088 proximam
1517 2001 1712 2066 dominicam
1735 2000 1887 2064 instantis
1911 1997 2050 2084 quadra·
2107 2033 2129 2068 1s

399 2107 524 2190 gesimo
546 2108 794 2187 transmittatis,
826 2129 886 2194 per
908 2128 1039 2171 manum
1061 2107 1226 2194 publicam
1251 2107 1388 2192 scriptas
1412 2113 1446 2170 ct
1469 2105 1570 2169 vestri
1597 2127 1635 2169 ac
1658 2103 1776 2189 prefati
1798 2101 1995 2167 marchionis
2018 2109 2052 2166 et

398 2211 618 2294 quarumlibet
641 2211 808 2276 civitatum
832 2211 872 2276 de
895 2211 968 2296 ipsa
991 2211 1150 2274 societate
1174 2211 1355 2295 sigillorum
1379 2210 1581 2296 appensione
1604 2208 1758 2273 munitas.

505 2331 582 2396 Dat.
604 2332 715 2398 Later.
738 2332 823 2397 Non.
846 2332 976 2397 Ianuar.
999 2331 1208 2417 pontificatus
1232 2331 1334 2394 nostri
1358 2351 1443 2395 anno
1467 2329 1527 2394 XI.

1020 2576 1431 2583 ....———.—..—.-—

1184 2798 1270 2872 328.

509 2907 645 2999 Forma
668 2936 855 3012 litterarum,
877 2957 957 3017 quas
979 2937 1142 3002 Honorabs
1162 2939 1230 3003 ΙΙῙ
1240 2960 1330 3021 papa
1352 2940 1522 3004 rectoribus
1543 2940 1698 3004 societatis
1717 2939 1927 3004 Lorubardiac
1952 2943 2055 3002 trans-

398 3039 492 3117 aaa,
521 3041 557 3100 at
577 3037 745 3102 secandam
767 3042 901 3103 tenorm
923 3061 1032 3104 caram
1049 3061 1159 3121 pacem
1181 3063 1250 3106 nrm
1272 3043 1436 3108 Frtdcnco
1459 3042 1674 3106 Romanorum
1697 3043 1882 3122 imperatore
1899 3041 2051 3126 facerent.
2107 3076 2133 3113 20

503 3158 577 3212 noa.
595 3157 653 3211 111
668 3158 739 3229 seq.
758 3159 820 3213 aaa.
840 3159 896 3223 xi,
914 3163 977 3214 aas.

605 3372 763 3447 Forma
788 3373 1057 3462 litterarum,
1085 3396 1197 3466 quas
1223 3376 1461 3449 Lombardi
1488 3376 1651 3449 debent
1677 3375 1856 3450 mittere

982 3495 1159 3567 dommo
1188 3496 1463 3587 imperatori.

509 3639 727 3706 Screnissimo
757 3649 791 3706 et
822 3644 1101 3709 excellentissimo
1132 3644 1263 3709 domino
1296 3667 1355 3709 suo
1382 3645 1566 3722 Friderico,
1600 3644 1665 3710 Dei
1699 3646 1805 3730 gratia
1838 3646 2054 3710 invictissimo

402 3743 624 3809 Romanorum
647 3745 836 3832 imperatori
865 3768 995 3832 semper
1023 3755 1163 3833 augusto
1193 3755 1226 3812 et
1254 3749 1324 3832 regi
1347 3749 1528 3813 Ierusalem
1556 3756 1654 3834 atque
1680 3749 1791 3814 Sicilie
1820 3749 2052 3828 illustrissim0,
2106 3783 2132 3817 as

403 3853 548 3912 rectores
573 3849 740 3914 societatis
757 3849 965 3929 Lambardie,
989 3851 1137 3915 Marchie
1160 3873 1198 3915 ac
1214 3849 1407 3916 Romaniole
1430 3858 1563 3939 totaque
1587 3853 1659 3938 ipsa
1683 3853 1834 3932 societas,
1857 3852 1971 3917 fideles
1995 3851 2056 3931 sui,

401 3957 587 4036 promptum
610 3958 644 4016 et
666 3951 764 4016 fidele
788 3953 966 4018 servitium.
1010 3953 1102 4019 Inter
1131 3963 1255 4031 cetera,
1288 3976 1350 4039 que
1379 3954 1529 4020 dominns
1561 3976 1647 4042 papa
1678 3955 1840 4020 ordinavit
1870 3964 1903 4021 ct
1932 3956 2055 4026 statuit,

401 4053 486 4117 sicut
521 4053 592 4118 eius
626 4054 721 4119 nobis
756 4056 865 4120 littere
900 4055 1116 4136 declararunt,
1155 4056 1228 4144 [hec
1260 4057 1300 4122 de
1335 4058 1472 4122 fratrum
1507 4080 1637 4123 suorum
1672 4058 1877 4144 providentia
1909 4059 2055 4145 piissime

400 4155 593 4246 decrevit,]³
621 4165 657 4222 ut
684 4181 744 4224 nos
772 4159 813 4224 ad
844 4159 1003 4225 honorem
1031 4161 1096 4226 Dei
1128 4162 1360 4248 omnipotentis
1393 4170 1426 4226 et
1455 4163 1595 4227 ecclesie
1626 4168 1738 4226 sancte
1767 4183 1826 4226 sue
1849 4183 1887 4227 ac
1911 4168 2056 4227 vestrum

401 4259 515 4325 demus
540 4262 737 4326 excellentie
761 4268 871 4327 vestre
894 4283 953 4348 pro
977 4263 1122 4327 subsidio
1146 4263 1247 4330 Terre
1272 4264 1392 4329 Sancte
1425 4265 1458 4327 in
1481 4265 1637 4349 expensis
1661 4264 1780 4328 nostris
1803 4286 1864 4351 per
1885 4264 2054 4330 biennium
2106 4297 2132 4333 so

401 4364 522 4429 milites
546 4364 814 4450 quadringentos,
839 4387 876 4430 ac
900 4367 1102 4447 civitatibus,
1132 4369 1212 4432 locis
1243 4374 1276 4432 et
1304 4369 1456 4454 personis
1478 4373 1588 4433 vestre
1612 4366 1800 4432 celsitudini
1822 4366 2056 4434 adherentibus

401 4467 559 4531 iaciamus
583 4489 699 4555 pacem
715 4469 914 4555 firmiterque
939 4492 1116 4546 servemus,
1140 4471 1346 4535 remittentes
1371 4471 1420 4535 eis
1437 4492 1565 4536 omnem
1586 4491 1765 4546 rancorem,
1788 4471 2055 4549 malivolentiam,

402 4570 536 4633 iniurias
561 4580 594 4635 et
616 4570 773 4648 offensas,
803 4575 974 4658 omniaque
998 4574 1121 4648 banna,
1154 4575 1422 4653 constitutiones,
1455 4577 1637 4640 sententias
1661 4580 1694 4640 et
1719 4574 1961 4654 ordinamenta,
1992 4596 2055 4660 quc

401 4673 537 4737 lecimus
561 4675 613 4738 vel
635 4673 849 4761 imposuimus
873 4675 1076 4756 civitatibus,
1106 4678 1187 4742 locis
1221 4684 1254 4743 et
1281 4679 1429 4764 personis
1453 4685 1562 4743 vestre
1596 4678 1786 4744 celsitudini
1809 4678 2055 4760 adherentibus,

401 4782 435 4840 et
457 4797 661 4861 quecumque
679 4800 721 4842 ex
736 4780 785 4844 eis
802 4781 853 4843 vel
876 4781 917 4844 ob
941 4802 981 4846 ea
998 4788 1111 4846 secuta
1134 4787 1218 4861 sunt,
1242 4783 1373 4868 penitus
1390 4803 1592 4858 revocemus,
1614 4804 1653 4846 ac
1668 4781 1881 4846 restituamus
1898 4783 2055 4868 captivos,
2107 4819 2134 4855 ss

402 4880 458 4964 qui
487 4881 659 4946 occasione
687 4881 783 4947 huius
812 4882 973 4948 discordie
1000 4886 1088 4970 capti
1117 4891 1205 4962 sunt,
1241 4907 1315 4950 cum
1344 4886 1439 4950 bonis
1470 4906 1596 4964 eorum,
1631 4893 1664 4950 et
1693 4885 1758 4948 alia
1786 4905 1849 4968 que
1880 4885 2052 4950 occasione

401 4982 548 5048 eiusdem
582 4984 743 5052 discordie
777 4991 873 5072 capta
906 4993 987 5052 sunt.
1013 4989 1066 5053 vel
1100 4988 1248 5067 detenta,
1283 4989 1330 5053 ita
1363 4987 1450 5073 quod
1484 4988 1681 5053 adherentes
1718 4987 1911 5053 sublimitati
1945 4994 2055 5054 vestre

401 5087 554 5152 similiter·
583 5087 679 5153 nobis
707 5089 829 5156 faciant
859 5098 893 5156 et
919 5092 1106 5158 observent.
1162 5093 1230 5157 Alii
1260 5099 1371 5159 autem
1400 5093 1521 5179 captivi
1553 5091 1729 5158 secundum
1762 5093 1812 5157 ins
1842 5092 2057 5158 restituantur

401 5192 548 5278 imperii,
579 5213 652 5257 oum
682 5195 825 5278 legatum
855 5203 999 5261 vestrum
1029 5199 1063 5261 in
1084 5196 1315 5261 Lombardiam
1345 5218 1403 5283 pro
1426 5217 1507 5282 pace
1538 5195 1746 5261 reformanda
1773 5196 1860 5261 inter
1887 5194 2057 5262 discordes

509 5451 530 5518 ³)
549 5453 617 5504 deest
633 5454 661 5504 ia
679 5455 753 5520 copia
776 5463 879 5518 nostra,
901 5455 994 5506 addidi
1010 5472 1042 5507 ex
1061 5458 1163 5520 littaris,
1186 5475 1251 5526 qaas
1268 5457 1413 5512 hembardi
1430 5458 1510 5508 Mart.
1535 5460 1569 5508 26
1585 5473 1674 5527 popae
1697 5467 1720 5508 at
1740 5457 1890 5526 imperatori
1913 5455 2052 5507 secundam
2105 5491 2131 5530 40

400 5539 467 5590 hanc
478 5541 599 5606 sormam
617 5541 788 5607 scripserant:
805 5541 860 5592 LL.
880 5550 895 5594 t.
914 5543 956 5606 II,
970 5561 998 5612 p.
1019 5546 1079 5596 259.

504 5676 531 5741 1)
549 5691 574 5732 η.
596 5679 660 5732 328.
