4524 6412
366 396 427 461 246
953 397 999 451 EX
1018 395 1173 452 HONORII
1193 396 1233 450 Ill
1251 397 1430 451 REGISTRO

365 569 465 654 igitur
488 569 584 634 terris
612 590 671 655 per
699 570 856 635 ecelesias
884 592 959 636 suas
983 594 1141 658 personas
1164 571 1299 636 idoneas
1323 572 1493 636 instituent
1525 578 1558 637 et
1588 593 1645 636 eas
1677 571 1900 637 investiendas
1923 572 2018 636 nobis

367 672 614 760 presentabant.
658 674 723 738 Pro
746 673 810 737 hiis
840 681 950 739 autem
978 677 1073 740 terris
1102 676 1227 740 nullum
1256 674 1350 739 nobis
1374 677 1553 762 temporale
1578 675 1746 739 servitium
1769 682 1824 740 aut
1846 675 1935 740 aliud
1958 697 2017 740 ex-

302 791 309 798 ·
367 777 537 859 bibebant,
561 777 624 842 nisi
647 776 734 862 quod
757 799 815 864 pro
839 779 1032 865 episcopatu
1055 786 1166 843 nostro
1190 786 1304 843 contra
1325 779 1476 842 incursus
1493 778 1637 842 bostium
1660 778 1780 863 iugiter
1803 777 2017 843 decertabant

366 889 399 947 et
423 883 455 946 in
479 882 702 968 spiritualibus
725 883 820 947 nobis
844 882 1017 962 obedient,
1047 891 1080 947 et
1109 904 1182 947 cum
1211 883 1337 946 ratione
1367 882 1466 947 officii
1495 883 1692 967 episcopalis
1722 882 1880 947 eeclesias
1904 904 2016 948 eorum

365 985 589 1066 visitabimus,
630 1007 793 1071 expensas
833 985 927 1050 nobis
961 987 1167 1052 necessarias
1205 987 1446 1051 ministrabunt.
1506 986 1657 1050 Fluvium
1692 992 1802 1051 autem
1834 986 2016 1051 Emcvikc¹
2070 1006 2082 1044 ⁶

365 1088 504 1154 liberum
527 1089 764 1177 relinquemus,
794 1090 848 1155 vel
870 1097 1136 1175 gurgustrarum³
1164 1087 1272 1176 regisb
1297 1089 1465 1153 dimidium
1496 1089 1543 1154 eis
1567 1089 1790 1164 dimittemus;
1822 1096 1855 1156 et
1880 1112 1920 1154 ne
1945 1091 2017 1176 quis

365 1186 476 1257 autem
499 1193 547 1258 cis
572 1215 673 1280 super
694 1193 755 1258 hac
778 1202 891 1258 nostra
906 1194 1118 1258 concessione
1136 1194 1335 1259 malitiosum
1356 1193 1472 1258 afferat
1494 1192 1774 1279 impedimentum,
1798 1193 1857 1258 sub
1882 1193 2017 1260 anathe-

366 1296 463 1360 matis
487 1297 752 1361 interminatione
781 1295 1004 1382 prohibemus.
1050 1296 1093 1359 ur
1121 1302 1157 1360 ut
1189 1296 1310 1360 iactum
1337 1302 1484 1360 nostrum
1511 1296 1612 1359 robur
1639 1303 1834 1382 perpetuum
1860 1296 2017 1378 obtineat,

365 1400 449 1465 banc
472 1405 595 1465 cartam
618 1399 694 1465 inde
725 1400 824 1463 scribi
856 1407 889 1463 ct
920 1401 1028 1484 sigillo
1050 1408 1161 1464 nostro
1185 1406 1220 1464 et
1248 1399 1371 1462 domini
1393 1397 1548 1483 Rigensis
1572 1399 1717 1485 episcopi
1740 1406 1773 1464 et
1796 1401 1935 1465 ecclesie
1959 1422 2017 1466 sue

365 1504 484 1568 muniri
505 1504 653 1569 fecimus.
2072 1532 2097 1569 ro

473 1607 581 1672 Huius
605 1607 742 1672 actionis
770 1612 874 1670 testes
907 1612 998 1670 sunt:
1032 1605 1181 1670 dominus
1204 1605 1361 1669 Albertus
1384 1604 1539 1690 Rigensis
1571 1607 1761 1693 episcopus,
1792 1615 1826 1672 et
1853 1608 2018 1673 Iohannes

368 1711 555 1796 prepositus
580 1709 701 1774 Sancte
724 1709 828 1774 Maria
857 1711 891 1773 in
913 1709 1000 1794 Riga
1027 1716 1060 1774 et
1089 1710 1159 1774 eius
1183 1716 1379 1789 conventus,
1408 1709 1521 1774 Albric
1544 1711 1633 1797 prior
1660 1713 1694 1775 iu
1716 1711 1921 1777 Duneminec
1946 1734 2018 1777 curn

365 1814 519 1879 iratribus
544 1814 631 1895 suis,
660 1813 859 1878 Rothmarus
889 1834 1063 1897 germanus
1094 1819 1221 1894 noster,
1252 1812 1395 1877 Thomas
1418 1813 1580 1899 plebanus
1609 1815 1642 1878 in
1665 1815 1856 1901 Luneburg;
1886 1815 2019 1880 vassalli

365 1918 506 1982 ecclesie
528 1917 699 2003 Rigensis:
732 1938 841 1982 comes
865 1916 1075 1981 Bruchardus
1098 1915 1139 1981 de
1163 1916 1396 2002 Arderiberga
1419 1917 1540 1982 Daniel
1563 1917 1603 1983 de
1626 1917 1825 2000 Lenwarde,
1850 1917 2018 1984 Conradus

365 2020 405 2086 de
433 2020 604 2100 Ikeseule,
638 2020 804 2086 Iohannes
833 2019 872 2085 de
904 2019 1026 2092 Dolen;
1061 2019 1242 2106 peregrini:
1276 2019 1469 2085 Fredelmus
1502 2020 1544 2085 de
1576 2021 1680 2099 Poch,
1714 2021 1939 2086 Theodericus
1974 2021 2015 2087 de
2069 2047 2093 2086 rs

363 2122 550 2205 Escherde,
572 2123 736 2189 Lubertus
759 2122 800 2188 de
823 2122 1016 2209 Nordorpbe
1040 2121 1217 2187 advocatus
1240 2123 1504 2209 peregrinorum,
1533 2124 1728 2189 Helmoldus
1751 2124 1791 2189 de
1814 2125 2019 2211 Luneburg⁰‚

366 2225 532 2290 Hearicus
556 2223 597 2289 de
620 2226 706 2306 Lith,
729 2226 893 2291 Iohannes
917 2225 957 2291 de
981 2225 1238 2306 Belieshovede,
1263 2225 1485 2311 Eugelbertus
1511 2227 1551 2292 de
1575 2227 1792 2308 Tisenhusen,
1814 2227 1954 2293 lacobus
1978 2229 2019 2293 de

365 2329 471 2403 Urbe;
499 2331 588 2394 cives
610 2330 789 2414 Rigenses:
819 2329 990 2394 Luoderus
1013 2329 1207 2411 advocatus,
1236 2329 1430 2395 Benbardus
1454 2331 1495 2396 de
1519 2330 1746 2412 Deventherc,
1776 2331 1934 2396 Albertus
1957 2332 2018 2395 Ut·

366 2432 542 2519 noerdingf
569 2434 680 2520 etalii
704 2434 945 2519 quamplures.

473 2537 549 2602 Dat.
573 2538 607 2601 in
628 2538 724 2623 Riga,
748 2559 832 2602 anno
855 2537 989 2602 Domini
1012 2535 1269 2618 ΜΟΟΧΧΙΙΙΙο,
1293 2537 1326 2600 X
1347 2535 1422 2603 Kal.
1445 2537 1531 2622 Aug.

476 2639 567 2705 Nulli
590 2663 667 2726 ergo
692 2679 731 2688 -
756 2641 1012 2706 confirmationis
1036 2647 1097 2706 eto.
1143 2639 1179 2705 si
1202 2641 1274 2725 quis
1298 2678 1349 2704 —.

472 2743 548 2807 Dat.
572 2744 725 2808 Lateran.
749 2743 817 2808 IIII
840 2744 918 2809 Idus
942 2743 1117 2810 Deeembr.
1141 2763 1225 2807 anno
1249 2743 1309 2808 XI.

985 3007 1394 3015 ——--——-———

1151 3248 1237 3320 327.

476 3357 664 3450 Honorius
693 3385 760 3452 111
776 3407 867 3468 papa
896 3387 1065 3452 rectoribus
1092 3388 1247 3453 societatis
1273 3387 1481 3454 Lombardiae
1511 3390 1606 3453 mittit
1628 3388 1770 3473 formam
1792 3389 1895 3469 pacis,
1924 3407 2018 3469 anam

365 3488 431 3568 ipse
454 3493 605 3570 tanquam
626 3488 745 3554 arbiter
766 3490 850 3554 inter
880 3491 964 3571 ipsos
985 3495 1014 3555 et
1036 3491 1252 3571 imperatorem
1273 3493 1437 3556 statncrit:
1462 3493 1578 3556 scilieet
1604 3490 1688 3573 qnod
1708 3493 1877 3572 imperator
1899 3512 2017 3556 aninam

365 3593 401 3654 in
428 3611 477 3656 eos
506 3611 666 3657 rancorem
693 3593 826 3657 remittet
848 3594 1013 3675 bannoque
1042 3600 1071 3659 ct
1092 3595 1324 3668 constitutiones
1356 3595 1455 3659 editas
1482 3595 1651 3674 relaxabit,
1681 3596 1744 3676 ipsi
1772 3599 1875 3659 andem
1898 3595 2018 3658 dabant
2069 3615 2094 3652 a

365 3694 548 3775 imperatori
563 3716 625 3776 pro
648 3696 786 3760 subsidio
811 3697 926 3762 Terrae
949 3697 1084 3763 Sanctae
1108 3719 1166 3779 per
1192 3699 1352 3762 biennium
1380 3700 1444 3760 400
1472 3699 1586 3762 milites
1614 3701 1643 3762 et
1672 3698 1708 3761 in
1734 3697 1937 3762 adhaerentes
1958 3699 2017 3762 irn-

362 3799 505 3878 peratori
526 3818 645 3863 omnem
667 3818 828 3864 rancorem
850 3800 1026 3879 dimittent;
1053 3801 1184 3865 nurndat
1207 3801 1263 3878 iis,
1290 3805 1326 3863 nt
1347 3800 1438 3863 irrata
1461 3805 1608 3878 tenorem,
1640 3821 1730 3882 qnam
1752 3802 1793 3864 iis
1815 3803 2018 3879 transmittat,

359 3903 504 3980 patentes
527 3901 648 3966 litteras
674 3903 789 3984 sipitiis
819 3904 959 3968 manitas
983 3924 1080 3985 rrsqrre
1101 3904 1145 3968 ad
1163 3905 1346 3986 proximam
1372 3903 1559 3968 dominicam
1588 3903 1740 3967 instantis
1761 3903 2019 3985 qnadrapcsimae

365 4003 476 4086 [Febr.
498 4003 560 4088 28]
581 4004 643 4068 sibi
665 4005 892 4070 transmittant.
1683 4008 1778 4083 1227,
1801 4005 1876 4070 Ian.
1901 4007 1930 4070 5.

469 4122 544 4176 Han.
562 4123 621 4178 III
635 4123 701 4192 aeq.
719 4124 783 4178 Lib.
801 4124 857 4189 XI,
875 4128 937 4178 440.
974 4125 1095 4181 Edimus
1112 4143 1147 4180 ere
1165 4127 1257 4197 Rayn.
1276 4131 1349 4180 Ann.
1367 4126 1427 4181 ecel.
1446 4143 1472 4179 a.
1494 4127 1572 4182 1226.
1589 4128 1605 4189 §
1622 4128 1739 4178 26-29.

468 4209 603 4274 Potttast,
621 4209 690 4279 Rea.
711 4214 788 4266 7641.

478 4421 746 4497 Rectoribus
773 4424 1006 4498 societatis
1033 4425 1312 4514 Lombardie,
1339 4422 1527 4498 Marchie
1554 4444 1602 4497 aa
1630 4422 1900 4497 Romaniole.

473 4571 555 4636 Eius
586 4571 693 4636 locum
721 4571 800 4637 licet
828 4572 981 4637 immeriti
1010 4573 1197 4639 obtinentes
1227 4575 1261 4638 in
1291 4573 1404 4656 terris,
1438 4573 1494 4658 qui
1526 4594 1592 4659 pax
1625 4579 1738 4638 nostra
1768 4573 1847 4638 feeit
1879 4579 2016 4658 utraque

209 4694 485 4757 spuosoraunum,
519 4674 600 4739 duos
634 4675 777 4760 parietes
811 4677 981 4740 venientes
1018 4699 1035 4741 e
1070 4676 1200 4742 diverso
1238 4677 1438 4762 coniungens
1472 4676 1506 4740 in
1541 4697 1576 4740 se
1609 4677 1681 4762 ipso
1715 4676 1823 4763 lapide
1857 4676 2016 4762 angulari,

365 4779 575 4844 nascentibus
598 4777 758 4843 debemus
787 4779 920 4843 obviare
943 4778 1115 4844 discordiis
1140 4786 1172 4844 et
1194 4779 1363 4844 intendere
1387 4779 1527 4844 sollicite
1556 4800 1594 4843 ac
1617 4778 1792 4864 diligenter
1815 4779 1857 4843 ad
1878 4801 1927 4861 ea,
1951 4801 2015 4864 quc
2067 4815 2093 4852 a

368 4891 443 4948 sunt
466 4881 649 4963 concordie,
671 4882 807 4946 unitatis
831 4889 864 4946 et
886 4883 985 4967 pacis.
1038 4881 1121 4946 Cum
1145 4904 1223 4968 ergo
1246 4904 1351 4968 nuper
1372 4883 1458 4947 iuter
1481 4883 1685 4947 carissimum
1707 4883 1741 4946 in
1763 4882 1894 4948 Christo
1916 4884 2017 4947 tilium

366 4992 514 5052 nostrum
536 4986 749 5066 Fridericum,
771 4983 993 5049 Romanomm
1017 4985 1248 5071 imperatorem
1271 5008 1402 5072 semper
1424 4993 1599 5071 augustum
1623 4993 1790 5072 stragem
1815 4987 1937 5066 Sicilie,
1968 4993 2017 5050 at·

363 5112 424 5176 que
448 5112 507 5155 vos
538 5089 702 5155 discordia
733 5095 931 5171 armasset,
962 5111 1022 5154 nos
1049 5089 1259 5156 attendentes
1286 5090 1374 5175 quod
1401 5111 1472 5170 ros,
1504 5090 1568 5154 nisi
1598 5091 1815 5156 obsisteretur
1837 5091 2017 5177 principiis,

363 5194 535 5259 videbatur
557 5195 656 5259 altius
679 5213 893 5280 progressura
916 5201 949 5259 et
972 5201 1082 5281 preter
1100 5194 1311 5259 difficultates
1333 5195 1415 5259 alias
1438 5196 1577 5259 allatura
1591 5194 1860 5280 impedimentum
1883 5195 2016 5280 negotio

471 5456 494 5521 ⁸)
512 5472 659 5517 massarum,
677 5471 742 5520 qaae
758 5455 908 5520 plerumque
924 5456 1058 5521 purpuratis
1075 5464 1206 5506 uocantur.
1299 5453 1322 5521 ὓ)
1340 5461 1386 5522 reg
1402 5454 1434 5504 n.
1532 5455 1554 5521 e)
1571 5457 1587 5506 i.
1607 5473 1627 5506 e.
1647 5456 1827 5508 Dunamuuda.
1919 5454 1941 5521 ⁴¹)
1959 5457 1974 5505 i.
1993 5473 2012 5506 e.
2067 5468 2093 5505 ⁴0

365 5541 524 5608 Aldenburg.
606 5541 627 5606 'l
645 5543 786 5610 Luneburg
802 5542 833 5593 R.
914 5540 935 5605 ¹)
955 5543 1095 5594 Utnoordir'r
1108 5541 1139 5593 Β.

466 5678 494 5746 l)
513 5676 646 5740 Eosdem,
665 5677 714 5746 qni
732 5693 766 5730 ear
784 5677 913 5732 orientali
926 5682 1009 5746 perte
1023 5677 1100 5732 laesas
1126 5677 1200 5730 ll'ira
1218 5678 1311 5732 eniens
1327 5680 1356 5731 in
1375 5679 1462 5732 lnerrm
1482 5677 1587 5746 Pripns
1605 5677 1706 5748 infinit.
