4524 6412
230 1448 387 1605 EX
441 1439 995 1608 GREGORH
1049 1448 1175 1604 IX
1229 1443 1812 1612 REGISTRO.

978 1784 1064 1856 343.

308 1896 498 2007 (tropatus
526 1920 582 1985 IX
601 1942 693 2003 pope
721 1922 923 1987 Fridericrmv
951 1922 1166 1988 Romanorum
1198 1924 1415 2005 imperatorem
1441 1925 1478 1989 cte
1507 1925 1592 1988 obitu
1618 1925 1757 1992 Hortarii
1786 1927 1853 1991 ΙΙΙ

188 2049 295 2110 parrae
323 2033 352 2090 et
382 2027 418 2091 dc
447 2045 506 2090 suo
537 2025 680 2089 electione
709 2026 868 2089 certiorem
893 2024 1020 2108 focinus
1050 2031 1166 2103 omnct,
1200 2031 1234 2089 ut
1265 2027 1388 2111 efficaci
1414 2027 1518 2090 studio
1545 2030 1700 2109 nepotiano
1732 2029 1849 2093 Terrae

193 2132 329 2198 Sanctae
344 2149 495 2212 perapere
517 2128 657 2205 studcut;
685 2127 791 2190 timeat
814 2129 971 2208 alioquin,
999 2148 1038 2191 ao
1064 2131 1101 2190 in
1125 2129 1213 2192 illam
1235 2131 1444 2194 necessitatem
1466 2130 1600 2209 incidat,
1626 2131 1708 2195 rende
1731 2131 1848 2216 forsan

129 2273 140 2310 ⁵
193 2237 229 2299 de
247 2234 345 2319 facili
366 2252 431 2296 noro
449 2231 587 2313 potuerit
607 2230 758 2311 expediri.
1466 2237 1559 2316 1227,
1583 2235 1685 2298 Mart.
1706 2238 1760 2301 23.

297 2355 380 2426 (ἔτερ,
398 2356 447 2409 IX
465 2355 533 2423 Rep.
558 2354 613 2408 Vol.
632 2355 656 2415 Ι,
676 2358 702 2419 1,·
721 2351 784 2405 Lib.
804 2352 829 2416 I,
847 2356 891 2406 2³.

297 2443 431 2510 Potttoat,
450 2439 517 2508 Rep.
539 2443 620 2494 7861.

493 2631 733 2724 Gregorius
761 2630 1002 2722 episcopus
1030 2653 1187 2705 servus
1215 2650 1443 2703 servorum
1469 2629 1545 2702 Dei

278 2755 532 2841 Frederic0,
562 2751 729 2824 illustri
757 2749 1056 2824 Romanorum
1084 2751 1338 2843 imperatori
1369 2771 1540 2842 semper
1567 2756 1758 2841 augusto
1842 2777 1844 2784 ¹

800 2875 843 2943 et
870 2871 962 2962 regi
989 2871 1242 2945 Ierusalem.

299 3024 376 3089 Alto
399 3023 498 3103 illius,
521 3021 576 3105 qui
600 3026 651 3084 est
674 3019 827 3084 sacerdos
851 3020 883 3084 in
906 3026 1055 3084 eternum
1079 3021 1257 3085 secundum
1281 3020 1428 3086 ordinem
1451 3020 1685 3104 Melchisedec,
1708 3023 1844 3087 consilio
1862 3047 1921 3090 esar.
1938 3054 2003 3094 noo.

191 3131 314 3215 agitur,
341 3134 378 3191 ut
402 3147 475 3190 curn
498 3124 569 3188 eius
591 3123 704 3187 vicarii
728 3125 790 3188 sibi
819 3123 1034 3189 succedentes
1057 3125 1203 3189 vicissim
1231 3131 1336 3189 morte
1367 3124 1604 3211 prohibeantur
1625 3124 1746 3189 diutius
1769 3145 1844 3211 per-

191 3252 338 3311 manere,
368 3228 530 3294 interdum
554 3225 596 3291 ad
624 3247 744 3312 sponse
769 3227 871 3312 ipsius
895 3227 1042 3312 regimen
1065 3228 1253 3292 infirmitate
1277 3227 1468 3293 circumdati
1490 3235 1711 3309 assumantur,
1741 3235 1777 3292 ut
1800 3249 1843 3291 cx

191 3357 227 3400 se
250 3335 331 3421 ipsis
355 3337 564 3416 cognoscant,
587 3329 727 3414 qualiter
749 3330 885 3393 infirmis
909 3331 1051 3416 compati
1074 3331 1236 3411 debcant,
1268 3338 1302 3394 et
1324 3330 1386 3395 hiis
1410 3331 1465 3416 qui
1493 3332 1645 3416 ignorant
1668 3339 1702 3396 et
1723 3336 1842 3410 errant,

78 3515 84 3524 ,
192 3440 323 3504 valeant
345 3435 536 3514 condolere,
569 3453 633 3497 non
661 3431 724 3496 sibi
748 3439 915 3497 sumentes
943 3432 1102 3498 honorem
1130 3432 1187 3498 sed
1216 3441 1370 3519 tanquam
1392 3433 1504 3499 Aaron
1527 3434 1683 3499 divinitus
1706 3434 1842 3514 evocati,

190 3566 228 3609 ac
250 3541 423 3608 manifeste
446 3543 612 3623 appareat,
635 3534 722 3620 quod
744 3557 809 3600 non
831 3535 872 3598 ab
898 3535 1029 3601 homine
1053 3557 1161 3622 neque
1185 3559 1242 3623 per
1265 3537 1428 3602 hominem
1452 3545 1503 3602 set
1524 3539 1566 3602 ab
1589 3539 1661 3625 ipso
1685 3537 1764 3618 solo,
1787 3537 1842 3621 qui

190 3641 456 3714 estbenedictus
479 3641 512 3704 in
536 3639 656 3719 secula,
680 3639 805 3723 regitur
827 3660 948 3725 sponsa
971 3661 1040 3704 sua.
1087 3639 1173 3705 Sane
1197 3641 1282 3706 bone
1306 3642 1463 3705 memorie
1486 3641 1636 3706 Honorio
1659 3661 1744 3726 papa
1766 3661 1841 3726 pre·
1861 3674 1922 3716 pm,
1939 3680 1992 3724 13,

190 3750 508 3814 decessore-nostro
540 3742 604 3806 XV
632 3742 708 3806 Kal.
738 3742 863 3828 Aprilis
894 3745 1000 3807 soluto
1029 3742 1140 3808 debito
1176 3745 1283 3808 carnis
1313 3744 1353 3808 de
1384 3746 1532 3829 presenti
1564 3745 1675 3809 seculo
1703 3764 1843 3827 nequam

190 3859 323 3940 erepto,
357 3858 390 3914 et
419 3850 453 3912 in
476 3847 617 3912 crastino
641 3848 736 3911 iuxta
758 3868 882 3910 morem
907 3847 1080 3912 celebratis
1104 3848 1253 3933 exequiis
1277 3855 1311 3911 et
1334 3848 1437 3934 ipsius
1461 3868 1596 3933 corpore
1620 3847 1662 3910 ad
1684 3846 1843 3911 tumulum

192 3957 373 4042 deportato,
395 3973 461 4017 una
484 3971 557 4015 cum
580 3950 735 4013 fratribus
760 3950 880 4013 nostris
903 3948 945 4014 ad
968 3950 1155 4034 eligendum
1180 3951 1393 4015 convenimus
1416 3972 1652 4032 successorem,
1678 3957 1711 4014 et
1733 3950 1845 4040 missa,

190 4068 227 4125 ut
248 4059 348 4124 moris
372 4062 433 4138 est,
456 4055 490 4118 in
512 4054 636 4118 honore
660 4054 764 4118 saneti
780 4052 922 4140 Spiritus
946 4053 1064 4118 devote
1088 4077 1125 4118 ac
1150 4055 1374 4141 sollempniter
1398 4054 1575 4135 celebrata,
1597 4062 1673 4142 post
1695 4053 1842 4138 aliquan-

188 4165 293 4230 tulum
315 4166 490 4226 tractatum
513 4158 554 4222 de
584 4157 822 4221 substitucione
844 4158 1009 4244 pontificis
1042 4179 1155 4222 omnes
1187 4161 1310 4245 pariter
1339 4160 1379 4223 ad
1408 4159 1668 4224 imbecillitatem
1697 4164 1841 4224 nostram

189 4268 282 4354 quasi
303 4265 461 4330 divinitus
484 4261 634 4347 inspirati
657 4260 770 4325 oculos
793 4259 1002 4340 direxerunt,
1026 4268 1060 4325 et
1081 4263 1177 4327 nobis
1200 4262 1418 4328 renitentibus
1442 4269 1475 4326 et
1498 4262 1619 4340 invitis,
1643 4283 1717 4327 cum
1739 4263 1841 4326 multa

188 4370 349 4437 instancia
370 4374 403 4432 et
426 4367 530 4431 eciam
553 4365 715 4430 violencia
737 4365 846 4429 conati
876 4372 951 4428 sunt
983 4365 1126 4430 humeris
1155 4367 1276 4430 nostris
1307 4367 1474 4452 imponere
1502 4387 1585 4430 onus
1614 4364 1718 4446 istud,
1749 4366 1840 4429 cuius

126 4513 136 4550 ς,
189 4475 383 4560 gravitatem
414 4468 678 4558 pertimescendo
707 4468 937 4534 nonmodicum
975 4489 1040 4534 non
1070 4489 1168 4555 posse
1199 4476 1347 4555 portare,
1379 4470 1457 4533 licet
1486 4470 1654 4554 suscipere
1684 4468 1840 4532 fuerimus

188 4579 363 4666 plurimum
378 4573 539 4653 reluctati,
562 4579 747 4637 metuentes
770 4579 880 4637 tamen
902 4594 943 4637 ne
966 4571 1152 4637 videremur
1174 4572 1378 4658 inspirationi
1394 4571 1502 4637 divine
1518 4573 1685 4652 resistere,
1709 4571 1840 4640 tandem

188 4681 409 4746 summisimus
432 4679 586 4742 humeros
609 4675 650 4741 ad
673 4675 867 4762 portandum
877 4677 899 4756 ¹,
923 4685 1094 4762 sperantes
1117 4677 1150 4740 in
1174 4697 1230 4754 eo,
1261 4677 1315 4761 qui
1337 4677 1449 4759 iugum
1473 4698 1567 4740 suum
1590 4697 1690 4740 suave
1713 4675 1840 4740 miscri-
1858 4695 2011 4740 aretinum

189 4784 298 4850 cordia
320 4803 380 4848 sua
401 4781 479 4846 facit
502 4786 536 4844 et
558 4800 640 4844 onus
663 4780 737 4844 leve
759 4779 902 4865 preduce
926 4780 1077 4861 caritate,
1106 4779 1193 4865 quod
1216 4780 1303 4865 ipse,
1334 4779 1390 4864 qui
1412 4786 1489 4842 vota
1509 4779 1645 4842 fratrum
1668 4777 1840 4863 aspirando

188 4888 355 4975 prevenit,
384 4883 568 4949 adiuvando
592 4883 691 4948 etiam
713 4889 940 4970 prosequetur.
986 4883 1155 4948 Fiduciam
1178 4885 1265 4948 enim
1288 4885 1387 4948 talem
1410 4881 1569 4947 habemus
1592 4903 1652 4966 per
1675 4880 1840 4946 Christum

111 5021 116 5032 ·
189 4992 230 5057 ad
252 4991 376 5071 Deum,
409 5009 474 5052 non
504 4986 590 5073 quod
620 4986 820 5052 sufficientes
850 4987 952 5051 simus
975 4988 1120 5071 cogitare
1151 4986 1274 5072 aliquid
1297 5009 1317 5050 a
1338 4985 1434 5050 nobis
1458 4985 1550 5069 quasi
1574 5006 1617 5048 ex
1640 4983 1752 5065 nobis,
1783 4982 1840 5048 sed

189 5102 301 5160 nostra
323 5091 520 5160 sufficientia
542 5097 594 5155 est
617 5111 660 5155 ex
677 5089 762 5172 Deo,
785 5090 840 5175 qui
863 5111 923 5155 nos
947 5112 1024 5155 suos
1045 5091 1148 5155 voluit
1170 5112 1245 5156 esse
1269 5091 1446 5154 ministros.
1492 5085 1720 5153 sollieitudine
1743 5088 1841 5172 igitur

189 5197 414 5266 ecclesiastice
438 5195 634 5282 provisionis
658 5201 821 5280 suscepta,
845 5193 886 5260 de
910 5195 1033 5260 honore
1057 5201 1114 5259 tuo
1138 5216 1175 5259 ac
1199 5195 1304 5260 salute
1328 5192 1475 5274 solliciti,
1499 5191 1625 5278 quite,
1649 5191 1726 5254 dum
1749 5211 1839 5255 esse-

293 5459 316 5528 ¹)
334 5461 390 5512 Lib.
410 5461 430 5526 1,
448 5455 473 5522 2,
492 5457 662 5523 meppteoimue
680 5472 710 5506 aa
729 5455 813 5522 Rapo.
833 5474 858 5506 ιι.
877 5459 953 5520 1227,
970 5455 986 5518 5
1005 5459 1044 5506 18.

291 5597 317 5664 l)
337 5595 490 5665 &comtes
502 5593 551 5646 IX
569 5591 750 5662 [vaolurua
770 5589 907 5645 Ostiensis
924 5589 1085 5661 epiecopus]
1104 5591 1193 5646 Mart.
1206 5595 1241 5645 19
1258 5591 1336 5660 epod
1347 5592 1524 5662 Septansolin
1543 5589 1653 5658 clipitnr
1670 5591 1695 5640 rt
1708 5587 1792 5642 Mart.
1806 5591 1839 5642 21

123 5711 134 5748 a
185 5685 230 5741 dte
249 5683 383 5738 dominico
399 5681 429 5736 ia
447 5679 565 5736 bardica
582 5680 671 5734 sancti
690 5677 767 5732 Petri
783 5682 966 5733 consecratur.
990 5676 1081 5754 Royn.
1101 5696 1126 5732 a.
1148 5683 1226 5748 1227,
1244 5681 1260 5742 §
1278 5683 1312 5732 15
1329 5681 1354 5731 ct
1371 5682 1412 5732 16.
