4604 6420
439 412 502 476 394
877 409 885 412 ·
1023 404 1071 457 ux
1089 365 1263 458 aaneoa'n
1281 403 1320 456 nr
1338 401 1518 458 naersrao

442 605 535 647 mans
558 603 617 667 per
639 581 701 645 hoc
726 602 783 645 sue
801 578 1042 663 dampnationis
1060 576 1223 640 cumulum
1245 575 1410 654 minorari,
1433 597 1506 640 cum
1528 577 1633 640 soleat
1652 573 1783 638 afflictis
1799 571 1961 658 quoddam
1979 571 2095 636 afferre

442 684 593 751 solatium
625 690 719 768 grata
750 681 878 746 miseris
910 679 1051 744 societas
1080 679 1283 743 miserorum.
1338 679 1425 742 Sane
1458 679 1584 742 intenta
1615 675 1755 741 fallaciis
1788 675 1933 742 Sathane
1963 676 2096 752 malitia,

440 787 578 874 reperiri
607 786 757 851 nesciens
789 785 822 848 in
854 784 1009 872 periculis
1040 783 1161 863 otiosa,
1193 781 1365 867 quosdam,
1395 783 1449 866 qni
1474 782 1641 848 Stedinchi
1665 788 1837 862 vocantur,
1869 781 1902 845 in
1925 779 2096 846 Bremensi

442 890 610 978 provincia
642 889 852 969 constitutos,
882 888 968 952 sicut
996 887 1146 952 dolentes
1176 885 1359 950 audivimus
1393 892 1426 950 et
1454 885 1624 950 referimus
1654 906 1727 949 eum
1757 905 1903 965 merore,
1934 907 1954 950 a
1981 885 2097 949 notitia

443 993 610 1059 Crantoris
634 992 680 1057 ita
700 989 843 1058 reddidit
865 992 1010 1071 alienos,
1040 995 1077 1054 ut
1107 995 1256 1054 amentes
1280 989 1389 1054 effecti
1413 996 1446 1054 ct
1468 987 1607 1074 quadam
1637 988 1765 1052 insania
1785 987 1952 1069 ventilati,
1983 988 2097 1053 relicta
2161 1037 2167 1049 .

444 1097 562 1162 semita
583 1095 731 1161 veritatis
755 1095 788 1160 in
810 1095 934 1159 invium
957 1092 1041 1159 adeo
1065 1093 1131 1157 sint
1151 1091 1294 1173 deducti,
1318 1092 1405 1179 quod
1427 1114 1489 1159 nec
1504 1091 1612 1158 Deum
1637 1112 1697 1156 nec
1719 1091 1885 1156 hominem
1906 1096 2097 1156 reverentes

443 1199 624 1264 doctrinam
659 1204 771 1262 sancte
805 1197 919 1262 matris
950 1196 1091 1264 ecclesie
1120 1195 1342 1281 vilipendunt,
1381 1197 1451 1260 eius
1480 1195 1667 1260 libertatern
1695 1194 1903 1279 impugnant,
1935 1199 1969 1258 et
1996 1192 2099 1259 dediti

443 1301 646 1367 crudelitatis
671 1300 791 1380 officio,
822 1300 916 1387 qnasi
944 1299 985 1364 dc
1014 1299 1128 1364 ferinis
1156 1299 1315 1363 uberibus
1338 1298 1459 1363 fuerint
1489 1298 1638 1374 enutriti,
1667 1297 1747 1361 nulli
1770 1303 1906 1384 pareunt
1929 1296 2024 1362 sexui
2046 1297 2099 1361 vel

444 1405 533 1471 etati.
579 1403 667 1479 Quid
688 1405 794 1469 ultra?
839 1402 1056 1469 Effundentes
1080 1401 1273 1486 sangninem
1298 1402 1381 1466 sicut
1404 1423 1542 1487 aquam,
1573 1401 1711 1467 clericos
1740 1407 1774 1465 ct
1805 1395 1977 1485 religiosos
2004 1398 2099 1463 ferali

445 1514 548 1572 morte
572 1508 733 1586 lacerant,
766 1512 800 1571 et
822 1505 980 1592 quosdam
1003 1505 1044 1569 ad
1074 1505 1177 1570 instar
1199 1506 1305 1568 crucis
1328 1503 1465 1589 affigunt
1497 1503 1616 1590 parieti
1637 1503 1670 1566 in
1697 1502 1905 1588 obprobrium
1931 1501 2098 1568 crucifixi.

444 1610 515 1696 Ipsi
538 1611 648 1690 etiam,
671 1617 707 1674 ut
730 1610 945 1696 expressione
968 1609 1083 1674 maiori
1106 1631 1142 1673 se
1164 1607 1307 1695 perfidos
1328 1607 1474 1672 indicent
1497 1613 1530 1670 et
1548 1605 1657 1671 divine
1677 1606 1824 1691 potentie
1847 1612 2099 1692 contemptores,

447 1714 561 1778 salutis
585 1718 696 1778 nostre
713 1713 879 1791 viaticum,
902 1733 965 1798 quo
982 1712 1049 1776 vita
1071 1713 1226 1776 tribuitur
1248 1717 1281 1776 ct
1303 1732 1390 1775 mors
1414 1710 1541 1776 tollitur
1556 1715 1775 1795 peccatorum,
1798 1708 1986 1775 horribilius
2002 1731 2100 1795 quam

374 1807 382 1820 ⁸
448 1815 565 1881 deceat
588 1816 726 1901 exprimi
746 1822 1003 1901 pertractantes,
1027 1822 1167 1900 querunt
1190 1835 1349 1900 response
1372 1814 1565 1894 demonum,
1589 1813 1766 1877 simulchra
1789 1831 1884 1876 cerea
1905 1812 2044 1891 faciunt,
2067 1818 2101 1878 et

447 1920 480 1983 in
504 1919 573 1984 suis
596 1918 761 2004 spurcitiis
785 1939 939 1983 erroneas
963 1919 1137 1982 consulunt
1159 1918 1378 2004 phitonissas,
1401 1919 1466 1982 alia
1489 1916 1715 2005 perversitatis
1739 1937 1839 2003 opera
1861 1922 2100 2003 perpetrantes,

448 2043 511 2108 qne
549 2027 714 2107 stuporem
749 2020 892 2086 inferunt
925 2019 1085 2085 meditata
1118 2027 1152 2085 et
1185 2021 1280 2085 fletus
1314 2021 1484 2086 materiem
1517 2020 1625 2107 potins
1661 2020 1803 2085 offerunt
1833 2039 1930 2105 quam
1965 2020 2099 2086 relatus.
2196 2105 2197 2108 Ἴ

448 2125 571 2190 Verum
594 2124 671 2209 quia
697 2122 883 2189 huiusmodi
907 2123 1102 2189 excessibus
1133 2130 1201 2188 tem
1224 2125 1344 2210 iniquis
1374 2125 1503 2211 potenti
1530 2124 1667 2190 dextera
1693 2123 1839 2189 fidelium
1867 2128 1919 2189 est
1948 2122 2101 2188 celeriter

448 2226 659 2307 obviandum,
692 2233 729 2291 ut
763 2227 893 2293 illorum
924 2226 1088 2293 horrenda
1120 2228 1238 2294 sevitia
1271 2251 1331 2315 per
1363 2230 1492 2295 obiecta
1527 2229 1656 2294 virtutis
1687 2228 1875 2293 instantiam
1907 2225 2101 2292 deiectionis

449 2331 570 2397 sentiat
592 2329 806 2410 detrimenta,
836 2331 1075 2396 fraternitatem
1104 2338 1247 2396 vestram
1280 2353 1449 2417 rogamus,
1476 2354 1647 2397 monemus
1677 2338 1711 2396 et
1740 2331 1907 2396 hortamur
1933 2331 2102 2410 attentius,

448 2454 507 2519 per
535 2433 718 2519 apostoliea
746 2434 840 2498 vobis
873 2434 994 2520 scripta
1028 2433 1220 2500 mandantes
1250 2442 1284 2500 et
1320 2436 1353 2499 in
1383 2436 1609 2502 remissionem
1644 2441 1852 2524 peccatorum
1883 2434 2103 2520 iniungentes‚

449 2537 601 2622 quatinus
624 2544 792 2625 assumpto
817 2544 928 2602 sancte
951 2535 1186 2623 predicationis
1210 2538 1317 2604 officio
1341 2561 1399 2626 pro
1422 2539 1533 2604 divine
1556 2539 1743 2606 reverentia
1765 2539 1962 2617 maiestatis,
1985 2536 2100 2604 fideles

449 2641 484 2704 in
511 2639 777 2718 Padebumensi,
806 2640 1069 2712 Hildesemensi,
1093 2641 1272 2722 Verdensi,
1303 2643 1575 2721 Monasteriensi,
1606 2641 1898 2727 Honasburgensi,
1927 2640 2102 2716 Miudensi,

450 2751 485 2808 et
506 2744 679 2809 Bremensi
708 2743 896 2808 diocesibus
921 2745 1115 2809 constitutos
1146 2746 1187 2809 ad
1216 2747 1447 2811 exterminium
1477 2747 1565 2811 illius
1594 2747 1734 2832 reprobe
1763 2744 1899 2811 sationis
1927 2743 2104 2830 diligenter

451 2853 485 2912 et
514 2847 692 2912 efficaciter
720 2845 900 2926 inducatis,
931 2854 967 2911 ut
995 2849 1089 2932 siguo
1123 2849 1229 2913 crucis
1259 2857 1428 2936 assumpto
1457 2850 1572 2915 fideles
1604 2851 1637 2915 in
1667 2849 1814 2936 partibus
1843 2847 1951 2914 eidem
1978 2847 2104 2912 nationi

451 2950 662 3015 conterminis
696 2950 899 3028 habitantes,
933 2950 1035 3015 adiuti
1064 2950 1104 3016 de
1132 2953 1200 3018 vite
1228 2954 1444 3020 retributione
1477 2954 1662 3040 proficiant,
1696 2959 1730 3018 et
1759 2951 1926 3017 adiutores
1959 2951 2104 3038 ipsorum

450 3052 619 3118 felicitatis
648 3060 760 3119 eterne
790 3054 910 3140 gaudia
944 3062 1141 3120 mereantur.
1187 3056 1255 3120 Nos
1286 3057 1388 3134 enim,
1420 3062 1455 3120 ut
1483 3078 1522 3121 co
1551 3057 1706 3122 libentius
1736 3054 1858 3121 Christi
1886 3055 2054 3141 negotium
2083 3075 2103 3118 a

451 3153 602 3220 fidelibus
631 3163 829 3237 assumatur,
861 3177 924 3243 qno
959 3157 1080 3222 donum
1109 3158 1246 3245 potioris
1282 3161 1387 3244 gratie
1421 3168 1677 3246 consequuntur,
1712 3159 1752 3224 de
1782 3157 2012 3244 omnipotentis
2039 3156 2105 3222 Dei

452 3257 676 3323 misericordia
697 3265 731 3324 et
752 3260 923 3325 beatorum
946 3261 1038 3326 Petri
1062 3267 1095 3325 ct
1117 3261 1213 3326 Pauli
1236 3263 1459 3348 apostolorum
1483 3265 1553 3328 eius
1577 3264 1771 3328 auctoritate
1795 3261 1925 3340 confisi,
1954 3259 2104 3325 omnibus

452 3359 507 3445 qni
529 3360 570 3424 ad
594 3363 808 3449 sollempnem
823 3361 1081 3449 predicationem
1096 3370 1239 3430 vestram
1254 3366 1466 3445 accesserint,
1489 3366 1607 3451 viginti
1623 3366 1704 3447 dies,
1728 3371 1762 3431 et
1783 3365 1857 3430 aliis
1880 3364 1935 3451 qui
1957 3363 2104 3428 laborem

452 3463 550 3528 istum
573 3465 606 3528 in
628 3468 768 3553 propriis
791 3468 940 3553 personis
965 3468 1126 3532 subierint
1149 3475 1183 3532 et
1206 3470 1378 3554 expensis,
1408 3490 1469 3533 nec
1492 3490 1557 3532 non
1580 3476 1613 3533 et
1636 3469 1701 3534 illis
1723 3469 1778 3554 qui
1800 3469 1835 3532 in
1857 3468 2013 3554 expensis
2036 3466 2104 3531 illic
2141 3451 2145 3458 ¹

452 3568 652 3633 accesserint
668 3570 796 3650 alienis,
819 3571 1004 3648 triennium,
1028 3570 1073 3634 ibi
1089 3592 1167 3634 vcro
1184 3571 1277 3634 iuxta
1291 3572 1499 3657 exigentiam
1516 3574 1639 3657 negotii
1655 3580 1689 3638 et
1705 3578 1847 3638 vestram
1863 3571 2103 3658 providentiam

452 3671 624 3736 moraturis
647 3672 902 3758 quinquennium
926 3673 966 3738 de
999 3674 1145 3738 iniuncta
1176 3674 1239 3737 sibi
1266 3675 1449 3759 penitentis
1471 3676 1668 3740 relaxamus.
1712 3675 1797 3740 Aliis
1824 3681 1950 3756 autem,
1980 3675 2035 3760 qui
2062 3673 2104 3739 de

453 3773 520 3838 suis
544 3775 757 3840 facultatibus
778 3776 818 3840 ad
843 3777 1092 3842 subventionem
1115 3776 1261 3840 fidelium
1284 3777 1535 3858 ministrabunt,
1559 3780 1651 3843 iuxta
1674 3779 1888 3864 quantitatem
1911 3776 2048 3843 subsidii
2072 3783 2106 3842 et

452 3876 638 3943 devotionis
677 3879 831 3944 affectum
873 3880 1101 3944 remissionem
1145 3901 1276 3944 suorum
1314 3882 1540 3967 peccaminum
1578 3880 1803 3967 indulgemus;
1848 3881 2011 3946 universis
2050 3882 2105 3966 qui

356 4023 362 4036 ·
452 3979 656 4046 decesserint
677 3982 711 4044 in
729 3982 829 4046 'huius
849 3983 1082 4068 prosecutione
1105 3983 1240 4067 negotii,
1266 3985 1409 4048 omnium
1431 3991 1650 4071 peccatorum,
1673 3983 1714 4048 de
1738 3983 1856 4070 quibus
1873 4006 1949 4050 vere
1974 3984 2105 4049 contriti

453 4091 487 4149 et
524 4084 667 4150 confessi
702 4085 841 4166 fuerint,
877 4086 1006 4151 veniam
1045 4086 1274 4152 concedentes.
1331 4087 1502 4168 Ceterum,
1541 4097 1578 4155 ut
1616 4089 1827 4153 commissum
1858 4087 1952 4153 vobis
1989 4087 2104 4152 salutis

452 4189 621 4272 negotium
643 4187 777 4274 possitis
800 4188 935 4267 liberius
960 4210 1135 4270 exercere,
1166 4190 1198 4253 in
1232 4191 1489 4256 contradictores
1520 4199 1554 4256 et
1583 4191 1725 4256 rebelles
1749 4191 2007 4256 ecelesiasticam
2029 4211 2105 4276 pro-

453 4288 581 4354 ferendi
604 4312 776 4355 censuram
802 4299 917 4358 tenore
941 4295 1144 4380 presentium
1174 4293 1309 4358 liberam
1333 4295 1427 4359 vobis
1458 4294 1667 4359 concedimus
1700 4295 1900 4358 facultatem.
1944 4293 2106 4357 Volumus

453 4391 552 4456 ctiam
576 4398 612 4456 ut
634 4394 761 4480 aliquos
784 4392 825 4460 de
849 4394 962 4460 ordine
986 4396 1122 4460 fratrum
1144 4395 1410 4478 Predicatorum,
1435 4418 1516 4482 qnos
1540 4396 1697 4462 videbitis
1724 4394 1899 4482 expedire,
1922 4395 1956 4459 in
1978 4400 2106 4481 partem

454 4494 682 4560 sollicitudinis
701 4499 887 4578 assumatis,
910 4498 1116 4584 indulgentia
1133 4497 1220 4564 sedis
1237 4500 1429 4585 apostolice,
1454 4500 1481 4564 si
1501 4520 1597 4584 quam
1614 4498 1835 4578 exhibuerint,
1859 4519 1924 4563 non
1942 4498 2106 4563 obstante.

455 4597 551 4671 Quod
575 4599 602 4663 si
626 4619 691 4663 non
715 4620 828 4666 omnes
852 4607 913 4666 eto.

562 4719 649 4785 Data
670 4720 832 4806 Anagnia,
855 4722 904 4787 IV
927 4722 1095 4788 Kalendas
1118 4722 1326 4804 Novembris,
1349 4744 1434 4788 anno
1459 4728 1565 4790 sexto.

1074 4951 1485 4960 —————-—-—.

1237 5141 1325 5216 490.

563 5230 754 5345 Grcporius
768 5261 821 5326 IX
832 5261 1106 5346 pa11a[Sipefrido
1117 5261 1197 5348 Ill]
1208 5263 1436 5345 archiepiscopo
1448 5265 1637 5347 Mopuutiao
1655 5263 1793 5340 rrromlct,
1808 5266 1842 5325 at
1854 5263 1937 5326 viros
1948 5263 2109 5346 sclipiosos

453 5365 497 5428 acl
518 5383 622 5430 carues
641 5368 748 5445 partes
762 5364 891 5430 diocesis
912 5365 1118 5444 accersibat,
1141 5366 1197 5447 qai
1217 5367 1254 5431 dc
1274 5367 1438 5432 haereticis
1453 5368 1655 5450 perquirant,
1677 5369 1706 5431 cf
1726 5367 1755 5430 si
1777 5386 1853 5446 quos
1867 5365 2037 5446 cahrabilcs
2057 5365 2108 5429 in-

431 5469 604 5546 uenerint,
628 5471 737 5532 contro
758 5486 808 5533 eos
829 5469 923 5533 iacta
943 5472 1062 5534 statuta
1084 5470 1205 5534 cmiter
1219 5471 1426 5553 promalpala
1444 5471 1600 5552 mandat.
1761 5471 1857 5547 1232,
1881 5467 1945 5534 Oct.
1966 5472 2019 5535 29.

559 5586 642 5656 Grec.
659 5587 710 5641 IX
725 5587 794 5657 Rep.
812 5589 874 5644 ·Vol.
892 5590 955 5659 III,
974 5593 1024 5658 47;
1041 5588 1104 5643 ΙΙΙ).
1126 5588 1176 5658 VI,
1194 5593 1255 5644 147.

558 5674 693 5739 Pottbast,
711 5673 780 5746 aa,
798 5678 880 5730 9031.
