4448 6420
834 425 1034 481 EPISTULAE
1052 427 1240 482 SELECTAE.
1278 430 1353 482 1226.

1054 724 1139 797 317.

375 832 577 928 ,blidericus
598 864 812 930 Romanorum
834 867 1004 947 inperator
1025 865 1203 932 Honorium
1227 867 1294 932 ΙΙΙ
1308 889 1427 948 papam
1447 873 1551 952 rapat,
1574 871 1610 932 nt
1634 870 1671 934 in
1692 873 1811 952 nepotio
1833 872 1925 937 Lanu

265 963 447 1042 bardorum,
476 987 537 1046 qao
558 967 753 1047 inspectabile
779 989 859 1033 mous
885 970 947 1034 sibi
973 970 1152 1050 impositam
1167 975 1273 1051 putet,
1304 973 1440 1052 firmiter
1468 974 1636 1053 procedens
1666 975 1815 1040 ordinare
1842 977 1924 1056 oelit,

265 1087 345 1148 quae
365 1068 409 1132 ad
429 1068 574 1134 boumont
595 1069 659 1136 Dei
679 1077 708 1136 et
730 1073 892 1138 Romanae
913 1074 1072 1151 ccclesiae,
1101 1075 1227 1154 imperii
1248 1078 1277 1138 et
1300 1076 1497 1155 inperatoris
1518 1075 1696 1142 redundare
1717 1078 1858 1156 calcant,
1885 1099 1925 1144 nc

265 1170 427 1234 scentiam
445 1171 564 1239 Obristi
582 1178 711 1256 propter
732 1176 787 1241 boc
808 1175 1016 1256 impcdiatur;
1038 1176 1193 1258 quidquid
1206 1178 1360 1260 statuerit,
1382 1183 1488 1243 ratum
1510 1199 1543 1245 se
1556 1178 1736 1246 babituram
1751 1183 1924 1270 promittit5

202 1283 215 1319 ⁵
265 1273 397 1337 nuntim
417 1293 449 1339 se
469 1275 664 1362 [Simonem]
687 1278 856 1361 Tyrensem
884 1283 914 1343 et
934 1278 1153 1364 L[andonem]
1174 1279 1331 1363 liepimm
1353 1281 1598 1364 archiepiscopos
1618 1286 1647 1347 ct
1667 1281 1924 1372 [Hemnannam]

266 1377 452 1458 mapistrcm
483 1379 741 1446 lbentonicoram
769 1382 812 1446 ad
845 1383 966 1446 moriam
993 1381 1171 1447 Romanam
1196 1385 1329 1463 mittere,
1365 1385 1478 1466 quibus
1504 1385 1632 1466 plenam
1657 1385 1752 1466 fidem
1778 1387 1924 1454 adbibere

266 1478 382 1546 debeat.
1568 1489 1662 1566 1226,
1683 1488 1762 1553 Noc.
1786 1493 1837 1555 17.

371 1602 844 1674 mmmmnffi

372 1685 428 1742 Ed.
448 1686 624 1760 Rapnaldna
644 1693 717 1745 Ann.
734 1691 797 1746 ecel.
814 1707 842 1745 a.
861 1693 940 1754 1226,
958 1694 975 1754 §
992 1693 1110 1746 23-24.

892 1937 1298 1946 Ἤ--ῄ

1049 2180 1134 2254 318.

190 2342 213 2379 ιο
376 2288 564 2384 Honorius
586 2320 653 2385 ΙΙΙ
664 2341 755 2401 papa
776 2320 1022 2401 compositionem
1043 2321 1126 2384 inter
1147 2323 1301 2386 ciuitatem
1318 2323 1485 2404 Ripensem
1506 2343 1545 2387 coc
1563 2326 1655 2403 parte
1676 2343 1743 2387 nna
1764 2328 1794 2388 ct
1810 2324 1921 2388 Alber-

265 2424 331 2485 tmu
353 2423 526 2502 episcopam
548 2422 774 2502 livoniensem,
797 2421 1006 2507 Ioffiannem]
1024 2425 1237 2504 praepositam
1251 2425 1420 2508 Ripenscm
1441 2429 1471 2490 ct
1486 2425 1717 2511 [Volpninnm]
1737 2427 1922 2509 mapistrnm

265 2525 399 2590 militiae
423 2525 543 2592 Cleristi
557 2527 757 2591 livoniensis
777 2526 907 2591 diocesis
926 2546 967 2590 ea
987 2525 1090 2590 altera
1111 2547 1205 2608 snper
1226 2526 1498 2593 lamentamus
1519 2532 1549 2594 et
1569 2529 1765 2594 libertatibus
1785 2530 1922 2594 ciuitatis

262 2627 443 2714 praefatu,
473 2628 628 2694 mediante
660 2628 872 2714 G[aillelmo]
899 2627 1080 2693 Mutinensi
1106 2630 1246 2711 episeopo
1272 2651 1303 2695 a.
1335 2630 1434 2709 1225,
1462 2629 1537 2696 Dec.
1565 2632 1774 2698 amicabiliter
1798 2633 1921 2712 initam,
2044 2679 2050 2690 .

267 2735 439 2814 confimat,
463 2737 566 2798 terrore
587 2732 768 2813 diplomatis
789 2732 916 2796 adiedo.
1564 2738 1658 2814 1226,
1679 2736 1759 2803 Noa.
1783 2739 1834 2802 19.

192 2865 215 2902 u
371 2853 445 2907 Han.
463 2855 519 2905 ΙΙΙ
532 2851 598 2922 Rep.
620 2850 679 2906 Vol.
701 2850 731 2915 V,
755 2856 825 2910 150,·
848 2849 909 2904 Lib.
929 2851 988 2916 XI,
1010 2853 1073 2905 394.
1119 2851 1252 2921 Diploma
1278 2853 1371 2922 ipsum
1396 2853 1562 2910 contulimus
1589 2869 1649 2909 cam
1674 2856 1849 2927 autopraplo
1875 2873 1920 2927 ap.

266 2941 373 3011 Bunpe,
392 2939 464 2992 Livi.
488 2937 694 3008 U.-B.t.1‚p.
714 2941 757 3002 81,
774 2954 801 2990 n.
821 2941 858 2992 75
876 2937 939 3007 [AJ.

369 3023 505 3090 Pottbaat
523 3023 593 3097 nep.
614 3029 692 3080 7612.

741 3203 972 3276 Communi
999 3204 1199 3278 civitatis
1226 3203 1446 3297 Rigensis

375 3354 511 3440 anue
534 3351 655 3417 iudicio
678 3352 731 3417 vel
753 3351 927 3417 eoncordia
949 3359 1012 3417 etc.
1032 3372 1152 3437 usque:
1176 3353 1378 3418 communiri.
1422 3353 1608 3440 Eaproptcr
1627 3375 1749 3441 usque:
1772 3376 1920 3434 assensu,

190 3479 215 3514 20
268 3457 554 3544 compositionem,
580 3476 644 3541 que
672 3455 844 3520 intervos
874 3477 916 3520 ex
943 3461 1036 3542 parte
1063 3475 1129 3520 una
1152 3461 1184 3520 et
1207 3455 1429 3521 venerabilem
1451 3456 1585 3523 fratrem
1610 3464 1759 3522 nostrum
1783 3509 1790 3524 .
1816 3506 1825 3522 .
1848 3458 1918 3544 epi·

267 3581 403 3647 scopum
429 3560 666 3639 Livonensem,
703 3606 743 3624 ..
771 3559 973 3644 prepositum
1003 3557 1185 3643 Rigensem
1213 3565 1247 3625 et
1278 3558 1396 3624 iratres
1425 3559 1542 3623 militie
1570 3558 1691 3624 Christi
1722 3558 1919 3625 Livonensis

266 3663 408 3729 diocesis
443 3685 485 3728 ex
518 3664 622 3727 altera
655 3683 755 3747 super
794 3661 1074 3726 iurisdictionibus
1109 3668 1142 3726 et
1175 3662 1387 3728 libertatibus
1423 3662 1564 3727 civitatis
1595 3669 1721 3744 vestre,
1754 3663 1919 3728 mediante

265 3767 448 3833 venerabili
475 3766 575 3831 fratre
606 3772 717 3831 nostro
749 3763 788 3830 G.
818 3765 998 3830 Mutinensi
1031 3765 1186 3852 episcopo
1218 3767 1398 3852 apostolice
1428 3765 1515 3830 sedis
1546 3767 1674 3850 legato,
1703 3765 1920 3831 amicabiliter

266 3871 454 3951 intervenit,
476 3876 574 3957 prout
595 3870 628 3934 in
651 3869 755 3955 ipsius
776 3868 895 3934 litteris
918 3870 1047 3955 plenius
1070 3870 1265 3948 continetur,
1289 3869 1374 3934 sicut
1396 3869 1467 3934 sine
1490 3868 1652 3954 pravitate
1674 3869 1809 3954 provide
1832 3869 1919 3935 facta

192 4007 195 4020 ·
270 3979 322 4040 est
352 3980 386 4039 et
417 3975 458 4038 ab
489 3979 627 4059 utraque
657 3977 751 4058 parte
782 3978 898 4058 sponte
928 3979 1063 4059 recepta
1088 3980 1123 4038 et
1149 3973 1308 4038 hactenus
1336 3973 1472 4060 pacifice
1500 3971 1690 4052 observata,
1724 3973 1919 4039 auctoritate

267 4078 449 4166 apostolica
472 4077 700 4142 confirmamus
723 4081 758 4140 et
787 4076 950 4161 presentis
982 4077 1095 4162 scripti
1117 4077 1239 4162 pagina
1261 4078 1507 4142 communimus.
1552 4073 1607 4140 Ad
1628 4074 1787 4141 maiorem
1809 4082 1919 4142 autem

266 4186 315 4251 rei
338 4183 535 4250 evidentiam
557 4189 706 4249 tenorem
734 4181 881 4267 ipsarum
911 4181 1092 4246 litterarum
1123 4180 1163 4245 de
1187 4179 1287 4246 verbo
1311 4180 1352 4246 ad
1374 4181 1511 4246 verbum
1533 4177 1743 4272 presentibus
1765 4178 1919 4245 duximus

267 4286 491 4362 inserendum
514 4287 570 4372 qui
591 4285 666 4351 talis
690 4291 757 4349 est:

375 4388 494 4455 Coram
517 4388 610 4454 nobis
634 4387 689 4455 W.
713 4385 823 4451 divina
845 4387 1056 4451 miseratione
1079 4387 1260 4453 Mutinensi
1283 4389 1461 4475 episcopo,
1483 4387 1663 4474 apostolice
1687 4384 1775 4450 sedis
1798 4384 1919 4471 legato,

191 4543 195 4557 .
268 4496 355 4559 inter
388 4492 611 4559 venerabilem
646 4491 780 4556 fratrem
813 4490 986 4555 Albertum
1018 4489 1252 4557 Livoniensem
1286 4493 1476 4578 episcopum
1511 4499 1545 4556 et
1577 4488 1716 4555 dilectos
1751 4487 1835 4552 filios
1870 4488 1917 4553 Ιο.

266 4598 459 4684 Rigiensem
481 4595 682 4682 prepositum
705 4601 739 4660 et
762 4592 929 4658 chhcr.⁸
951 4593 1143 4678 magistrum
1171 4595 1286 4658 militie
1310 4593 1433 4660 Christi
1456 4595 1489 4658 in
1511 4593 1651 4658 Livonia
1672 4613 1715 4658 ex
1737 4613 1804 4657 una
1826 4597 1919 4678 parte

267 4708 301 4766 et
323 4701 496 4766 Albertum
519 4698 680 4764 sindicum
702 4697 842 4763 civitatis
865 4697 1021 4782 Rigensis
1044 4698 1175 4763 nomine
1197 4698 1303 4784 ipsius
1327 4698 1468 4763 civitatis
1495 4691 1537 4763 ex
1564 4697 1670 4762 altera
1693 4717 1794 4783 super
1823 4697 1917 4764 iuris-

268 4803 411 4869 dictione
439 4803 544 4889 ipsius
573 4801 714 4867 civitatis
743 4807 776 4866 et
804 4821 904 4886 super
935 4806 1067 4866 moneta
1095 4807 1128 4866 et
1155 4813 1256 4888 super
1283 4797 1477 4886 quibusdam
1504 4799 1577 4864 aliis
1606 4799 1759 4886 capitulis
1790 4802 1919 4887 questio

268 4906 455 4974 huiusmodi
483 4907 683 4972 vertebatur.
726 4903 869 4969 Dicebat
896 4925 1036 4989 namque
1060 4905 1204 4970 sindicus
1227 4904 1474 4992 prenominatus
1501 4902 1626 4967 civibus
1653 4903 1755 4968 licere
1778 4902 1919 4969 iudicem

192 5037 196 5070 :
271 5010 412 5077 civitatis
436 5009 651 5090 constituere,
682 5030 721 5074 eo
746 5007 833 5094 quod
856 5007 1017 5073 haberent
1039 5009 1090 5073 ius
1114 5007 1289 5074 Gottorum
1312 5007 1377 5073 sibi
1399 5008 1441 5072 ab
1465 5007 1619 5093 episcopo
1643 5028 1663 5070 a
1686 5006 1919 5072 constitutione

269 5115 411 5179 civitatis
441 5134 648 5194 concessum,
680 5133 779 5197 super
808 5111 926 5197 quibus
956 5111 1175 5198 interrogatus
1202 5110 1375 5175 iamdictus
1404 5109 1553 5175 dominus
1581 5109 1756 5196 episeopus
1784 5130 1843 5194 pro
1871 5131 1918 5189 se,

268 5217 435 5304 preposito
464 5227 497 5282 et
526 5216 681 5301 magistro
708 5213 831 5279 ibidem
861 5214 1071 5300 presentibus
1103 5221 1136 5280 et
1158 5213 1439 5280 consentientibus
1469 5211 1652 5298 respondit,
1683 5211 1770 5299 quod
1798 5231 1918 5277 acon-

267 5319 439 5385 'stitutione
463 5319 604 5383 civitatis
628 5318 790 5384 concessit
813 5318 939 5383 civibus
970 5318 1003 5382 in
1034 5339 1155 5403 genere
1182 5319 1234 5382 ius
1258 5315 1431 5382 Gottorum
1461 5323 1495 5381 et
1522 5315 1710 5401 specialiter
1731 5315 1920 5382 libertatem

270 5446 289 5489 a
311 5422 438 5501 duello,
459 5423 631 5502 theloneo,
660 5419 820 5485 candente
843 5419 930 5486 ferro
953 5426 987 5485 et
1008 5420 1187 5505 naufragio.
1232 5418 1455 5484 Dubitabntur
1475 5424 1585 5482 autem
1606 5418 1692 5483 inter
1714 5439 1790 5498 eos,
1821 5419 1919 5505 quidl

193 5729 219 5767 ιο
376 5718 397 5782 ·)
416 5717 583 5770 Wulchinum
600 5719 631 5768 A.
713 5715 736 5779 Β)
754 5717 823 5782 quod
841 5715 873 5766 A.
