4524 6412
813 397 1012 453 EPISTOLAE
1030 399 1219 455 SELEC'I'AE.
1256 403 1331 457 rari.
1838 411 1899 471 255

248 584 286 627 ac
310 586 519 630 successores
543 589 655 631 eorum
672 589 800 634 necnon
823 573 966 658 capitula
987 574 1201 658 provideatur
1222 575 1339 656 eidem,
1364 577 1484 642 nostris
1507 578 1571 642 sibi
1586 577 1702 644 dantes
1724 581 1843 645 littoris
1866 583 1899 646 in

247 666 425 748 mandatis,
454 675 492 732 ut
514 671 712 735 venerabilis
742 674 843 739 irater
870 681 1014 740 noster.
1040 727 1048 742 .
1072 677 1350 764 Osemburgensis
1374 681 1605 766 episcopusin
1629 689 1759 748 centum
1782 684 1899 749 marcis

248 769 320 854 puri
343 772 487 854 argenti,
510 772 731 840 Traieotensis
756 777 788 840 in
812 777 928 862 viginti
952 780 1106 865 quinque,
1129 781 1401 848 Monasteriensis
1423 805 1500 848 vero
1524 786 1557 848 in
1579 785 1712 870 viginti,
1735 794 1770 852 et
1791 787 1899 852 Here-

247 871 431 952 veldensis,
455 873 625 941 Wldensis
655 885 689 943 et
719 879 930 946 Oorbaiensis
961 882 1098 948 abbates
1129 885 1161 948 in
1191 886 1343 970 triginta,
1371 888 1417 950 ita
1445 887 1531 973 quod
1559 889 1698 973 quilibet
1725 912 1838 955 eorum
1866 891 1899 954 in

247 974 375 1056 decem,
405 977 599 1063 provideant
628 984 810 1064 annuatim,
839 984 1017 1050 medietate
1047 987 1080 1048 in
1109 987 1193 1052 festo
1225 998 1337 1053 sancte
1366 989 1578 1076 walburgis,
1604 992 1731 1077 reliqua
1758 1014 1835 1058 vero
1866 993 1899 1058 in

245 1079 331 1144 festo
354 1082 460 1144 sancti
482 1081 615 1148 Martini
641 1087 734 1150 annis
764 1088 902 1172 singulis
931 1089 972 1152 ab
1004 1090 1052 1154 eis
1080 1111 1118 1154 ao
1146 1112 1260 1156 eorum
1284 1093 1528 1158 successoribus
1559 1095 1589 1160 ei
1613 1097 1666 1160 vel
1695 1097 1898 1183 procuratori

246 1180 332 1262 eius,
357 1184 463 1268 quoad
485 1185 622 1266 vixerit,
646 1189 842 1271 exhibenda,
865 1193 958 1256 iuxta
981 1201 1126 1256 nostram
1151 1196 1384 1260 continentiam
1406 1197 1599 1261 litterarum.
1646 1197 1798 1283 Capitula
1819 1219 1898 1262 vcro

246 1285 378 1351 maioris
409 1294 442 1352 et
472 1288 583 1388 Sancti
613 1291 769 1358 Iohannis
799 1294 1090 1381 Osemburgensis,
1118 1295 1389 1363 Monasteriansis
1417 1307 1451 1363 et
1477 1298 1657 1365 Verdensis
1686 1303 1898 1366 ecclesiarum

248 1410 322 1452 eum
346 1392 506 1477 recipiant
528 1395 561 1459 in
585 1397 776 1461 canonicum
800 1407 832 1463 et
860 1399 894 1463 in
921 1401 1073 1480 fratrem,
1105 1401 1302 1485 assignaturi
1334 1402 1397 1466 sibi
1425 1402 1629 1487 prebendas,
1659 1405 1687 1468 si
1714 1411 1831 1469 vacant
1857 1404 1898 1468 ad

182 1519 186 1548 ι
247 1496 470 1576 praesuave}
494 1517 568 1561 cum
590 1501 731 1584 primum
755 1502 787 1565 in
811 1503 961 1568 ecclesiis
985 1504 1131 1567 vacarint
1154 1503 1288 1582 eisdem,
1314 1512 1347 1569 ct
1370 1506 1548 1584 annuatim,
1572 1505 1676 1571 donec
1700 1510 1897 1588 vacaverint,

246 1595 286 1661 de
310 1600 473 1663 communi
496 1601 544 1677 ei,
573 1603 642 1668 sive
665 1627 803 1690 presens
827 1607 896 1670 sive
928 1607 1048 1672 absens
1073 1607 1187 1688 luerit,
1214 1615 1369 1693 quantum
1399 1609 1546 1673 residens
1575 1608 1615 1673 de
1642 1609 1810 1695 prebenda
1840 1632 1899 1674 sua

245 1702 440 1786 perceperit,
464 1706 624 1789 provisuri
648 1715 681 1773 et
704 1709 882 1773 exhibituri
905 1711 1055 1774 terminis
1079 1710 1284 1796 supradictis.
1330 1712 1475 1799 Ideoque
1496 1713 1687 1777 discretioni
1706 1719 1817 1778 vestre
1840 1735 1900 1798 per

245 1804 426 1888 apostolica
448 1806 569 1892 scripta
590 1810 798 1890 mandamus,
826 1812 979 1896 quatinus
1014 1814 1159 1898 prefatos
1190 1815 1363 1900 episcopos
1393 1823 1427 1880 et
1456 1815 1594 1880 abbates
1627 1836 1665 1880 ao
1690 1837 1898 1880 successoros

245 1926 357 1970 eorum
380 1928 508 1973 necnon
532 1912 677 1996 capitula
700 1913 886 1998 supradicta
908 1914 949 1978 ad
972 1915 1050 1994 hec,
1074 1917 1102 1979 si
1125 1938 1262 1981 necesso
1286 1919 1397 1998 fuerit,
1420 1939 1672 2005 percensuram
1696 1919 1898 1984 ecclesiasti-

247 2031 318 2072 cam
334 2011 462 2076 sublato
479 2014 655 2081 cuiuslibet
670 2017 933 2082 contradictionis
950 2026 983 2083 et
999 2020 1228 2105 appellationis
1244 2021 1412 2086 obstaculo
1428 2022 1643 2108 compellatis,
1667 2022 1898 2086 constitutione

247 2111 287 2176 de
310 2112 436 2179 duabus
460 2115 557 2181 dictis
580 2119 614 2182 in
637 2121 783 2204 generali
808 2121 946 2186 concilio
970 2122 1057 2187 edita
1080 2144 1145 2188 non
1168 2123 1330 2190 obstante.
1376 2125 1470 2200 Quod
1493 2127 1521 2190 si
1545 2147 1610 2190 non
1633 2147 1746 2190 omnes
1770 2133 1832 2190 etc.

354 2235 430 2300 Dat.
453 2237 608 2307 Lateran.
631 2240 682 2306 III
704 2239 782 2306 Idus
804 2241 932 2308 Ianuar.
957 2265 1041 2308 anno
1063 2243 1124 2308 XI.

866 2489 1277 2499 ———---——-—-.—-..-.

1033 2717 1118 2789 337.

358 2821 544 2914 Honorius
573 2852 640 2916 ΙΙΙ
663 2873 750 2932 propo
779 2853 924 2938 [Sisiido
952 2855 1011 2939 II]
1038 2855 1266 2937 archiepiscopo
1295 2856 1485 2938 Mopuotioo
1512 2858 1541 2918 cl
1562 2854 1732 2938 [Eqbcrlo]
1760 2853 1899 2932 episcopo

246 2954 500 3036 Bobeubcrpcnsi
521 2953 657 3032 nuntiat,
680 2973 712 3017 ac
726 2953 926 3020 Fridcricuru
941 2957 1156 3022 Romanorum
1177 2959 1393 3040 honoratorem
1415 2961 1444 3021 ct
1465 2958 1532 3020 cias
1551 2957 1657 3037 fili-um
1679 2975 1748 3021 erun
1771 2954 1899 3035 iurpemo

169 3073 181 3110 2
246 3061 275 3120 ct
297 3079 391 3140 rcqno
411 3058 469 3122 sub
490 3077 551 3121 suu
567 3058 757 3137 protectione
779 3061 967 3140 serapiam
994 3063 1125 3126 rnandot
1150 3065 1205 3140 iis,
1233 3068 1269 3126 ut
1296 3064 1326 3126 ai
1352 3063 1408 3144 qui
1429 3065 1537 3126 eontra
1559 3060 1641 3124 banc
1657 3057 1899 3140 prohihitionem

245 3161 441 3238 vormatia
463 3180 512 3226 eos
533 3162 859 3226 excommunicationis
881 3169 909 3226 et
932 3165 1091 3230 iuterdicls'
1112 3168 1282 3231 senteutius
1300 3165 1506 3247 promulgent.
1561 3165 1654 3242 1227,
1670 3162 1744 3228 Ian.
1761 3165 1812 3225 13.

349 3281 424 3336 Hora.
443 3284 498 3334 ΙΙΙ
512 3281 579 3349 Rep.
606 3281 661 3335 Vol.
687 3283 714 3345 V,
734 3285 803 3342 160.-
821 3282 882 3336 [λὺ.
902 3283 956 3348 XI,
975 3288 1037 3338 464.

349 3367 487 3436 Potthast,
505 3367 573 3439 Rep.
593 3371 673 3422 7649.

446 3547 799 3640 Archiepiscopo
826 3548 1102 3640 Magantino,
1132 3550 1343 3640 episcopo
1370 3546 1700 3640 Pambergensi.

359 3695 494 3761 Sincera
524 3696 671 3775 devotio,
702 3718 799 3782 quam
828 3696 1016 3760 carissimus
1048 3698 1081 3761 in
1111 3697 1241 3762 Christo
1272 3699 1359 3762 filius
1389 3703 1503 3762 noster
1528 3694 1732 3774 Fridericus,
1761 3690 1898 3755 illustris

246 3798 469 3863 Romanorum
491 3801 670 3886 imperator
692 3821 823 3886 semper
845 3807 1004 3885 augustus
1029 3808 1062 3864 et
1085 3823 1145 3865 rex
1169 3801 1299 3880 Sicilie,
1329 3801 1370 3864 ed
1393 3800 1500 3865 Deum
1524 3805 1558 3863 et
1581 3797 1754 3862 ecelesiam
1776 3794 1898 3859 habere

247 3901 438 3983 dinoscitur,
461 3924 521 3966 nos
544 3901 678 3984 inducit,
701 3911 737 3967 ut
759 3902 800 3966 ad
824 3904 894 3967 eius
912 3904 1182 3988 tranquillitatem
1206 3912 1239 3967 et
1260 3927 1376 3990 pacem
1392 3903 1541 3989 diligenti
1564 3900 1671 3966 studio
1696 3906 1729 3964 et
1752 3897 1899 3963 studiosa

248 4004 420 4091 diligentia
442 4007 659 4072 intendamus.
705 4007 786 4070 Cum
811 4007 911 4092 igitur
933 4007 1019 4070 idom
1042 4007 1114 4070 zelo
1137 4008 1214 4071 fidei
1237 4029 1275 4072 ac
1297 4007 1480 4073 devotionis
1504 4025 1663 4071 accensus
1686 4001 1728 4067 ad
1750 3999 1897 4066 liberati-

248 4129 345 4173 onem
368 4117 465 4190 terre,
489 4111 523 4174 in
546 4132 610 4196 qua
633 4132 693 4175 rex
716 4131 830 4194 regom
853 4117 886 4174 et
908 4108 1059 4174 dominns
1079 4109 1314 4175 dominantium
1331 4111 1425 4176 lesus
1440 4110 1590 4175 Christus
1612 4105 1745 4192 generis
1767 4102 1898 4168 humani

251 4215 392 4278 salutem
415 4214 569 4299 dignatus
592 4221 643 4280 est
665 4212 921 4278 misericorditer
944 4214 1089 4300 operari,
1120 4221 1288 4300 potenter,
1320 4215 1404 4278 sicut
1428 4213 1631 4300 imperialem
1652 4209 1750 4275 decet
1770 4207 1897 4290 magni-

247 4316 422 4398 ficentiam,
445 4339 480 4382 se
497 4318 656 4403 accingat,
679 4339 749 4397 nos,
773 4325 810 4381 ut
832 4318 1004 4404 tempium
1027 4325 1061 4383 et
1084 4317 1217 4383 salubre
1233 4319 1437 4404 propositum
1452 4318 1569 4383 melius
1584 4317 1692 4380 valeat
1708 4311 1898 4398 adimplere,

249 4440 341 4484 suam
365 4427 399 4486 et
420 4421 479 4485 lilii
503 4422 553 4486 sui
575 4442 733 4509 personas
757 4441 830 4485 cum
853 4421 1008 4506 imperio,
1039 4441 1156 4505 regno,
1185 4422 1311 4485 iuribus
1342 4429 1375 4487 et
1405 4419 1592 4485 hominibus
1621 4419 1690 4484 suis
1721 4416 1782 4482 sub
1809 4413 1899 4480 beati

248 4523 339 4588 Petri
363 4531 396 4588 et
418 4530 530 4588 nostra
550 4524 757 4610 protectione
782 4525 1002 4609 suscepimus,
1033 4523 1215 4590 districtius
1238 4525 1442 4606 inhibentes,
1473 4545 1514 4589 ne
1537 4523 1609 4607 quis
1633 4521 1764 4587 interim
1786 4540 1826 4585 ea
1848 4519 1897 4582 iu·

248 4625 386 4706 vadere,
415 4628 561 4694 minuere
584 4628 638 4694 rel
660 4624 905 4712 quomodolibet
934 4625 1126 4712 perturbare
1150 4635 1332 4713 presumat,
1361 4634 1412 4692 set
1440 4647 1544 4710 usque
1576 4625 1617 4690 ad
1639 4623 1803 4690 redditum
1826 4623 1898 4688 eius

250 4731 310 4795 sub
334 4731 470 4816 speciali
492 4731 671 4818 apostolice
695 4729 783 4794 sedis
806 4735 840 4793 et
866 4729 1187 4816 archiepiscoporum
1211 4738 1244 4795 et
1273 4732 1500 4818 episcoporum
1524 4729 1715 4794 defensione
1737 4726 1843 4792 libera
1865 4733 1899 4791 et

249 4835 361 4919 quieta
397 4834 587 4899 consistant.
654 4833 816 4907 Quocirca
849 4832 1039 4897 discretioni
1071 4841 1180 4899 vestre
1216 4857 1276 4920 per
1312 4833 1493 4920 apostolica
1529 4831 1652 4917 scripta
1687 4829 1898 4918 precipiendo

249 4936 458 5018 mandamus,
487 4938 654 5022 quatinus,
681 4938 709 5000 si
737 4937 791 5022 qui
820 4945 934 5001 contra
964 4936 1218 5022 prohibitionem
1247 4944 1392 5001 nostram
1415 4957 1496 5001 ausu
1518 4935 1692 4999 temerario
1716 4933 1898 5012 venientes,

249 5039 352 5127 ipsius
374 5041 580 5126 imperatoris
602 5040 743 5104 honores
766 5045 799 5103 et
821 5040 902 5120 iura,
925 5061 988 5124 que
1011 5040 1096 5104 inira
1117 5041 1200 5104 fines
1223 5046 1278 5105 tua
1297 5039 1497 5125 metropolis,
1520 5037 1620 5102 irater
1640 5035 1899 5122 archiepiscope,

250 5145 392 5224 obtinet,
428 5143 583 5209 invadere
611 5144 664 5207 vel
691 5143 839 5208 minuere
872 5164 932 5207 scu
960 5142 1206 5228 quomodolibet
1232 5143 1492 5229 presumpserint
1521 5140 1667 5205 indebite
1694 5137 1898 5226 perturbare,

250 5247 436 5313 huiusmodi
457 5253 718 5335 presumpturos,
746 5245 976 5331 undecumque
999 5247 1135 5327 fuerint,
1164 5254 1201 5311 ut
1228 5268 1248 5309 a
1271 5267 1330 5310 sua
1350 5245 1595 5332 presumptione
1618 5241 1780 5307 desistant
1802 5247 1835 5306 et
1856 5241 1898 5306 de

250 5350 448 5438 presumptis
480 5350 625 5416 debitam
655 5350 915 5415 satisfactionem
949 5350 1154 5437 impendant,
1186 5350 1365 5415 monitione
1397 5349 1558 5436 premissa
1587 5369 1646 5434 per
1675 5346 1898 5411 excommuni-

250 5457 411 5522 cationem
441 5456 476 5519 in
506 5476 664 5542 personas
697 5461 731 5519 et
759 5453 969 5520 interdictum
1001 5455 1034 5520 in
1063 5477 1176 5520 eorum
1211 5463 1316 5520 terras
1351 5453 1572 5541 appellatione
1605 5456 1731 5516 remota
1763 5449 1898 5534 cogatis,

249 5559 401 5644 quotiens
424 5557 552 5622 fueritis
575 5558 734 5643 requisiti.
779 5556 876 5632 Quod
899 5559 1014 5623 sinon
1037 5559 1133 5624 ambo
1157 5567 1220 5625 ete.
1243 5560 1326 5623 alter
1348 5563 1494 5623 vestrum
1517 5591 1568 5620 -.

357 5677 433 5744 Dat.
456 5677 609 5744 Lateran.
632 5676 681 5742 Id.
703 5678 833 5743 Ianuar.
855 5697 940 5742 anno
963 5677 1024 5742 XI.
