4576 6390
1020 421 1067 479 EX
1086 420 1260 480 canebam
1278 421 1317 480 IX
1335 420 1516 480 austerae

982 712 991 729 .
1021 713 1030 730 .
1058 656 1272 749 episcopo
1301 655 1560 732 Chiemensi.

546 803 650 868 Multa
679 804 915 890 compassionis
939 812 1001 870 stc.
1024 806 1058 870 in
1088 804 1228 871 eundem
1257 805 1327 870 iere
1357 804 1489 871 modum
1516 811 1553 870 ut
1581 827 1679 893 supra
1701 827 1819 891 usque:
1849 805 2100 871 committendo.

442 906 603 979 Quocirca
625 906 831 987 mandamus,
862 909 1014 993 quatinus
1038 908 1145 974 eidem
1175 908 1421 995 archiepiscopo
1445 910 1498 974 vel
1528 908 1622 973 nobis
1647 909 1755 973 verius
1784 930 1902 994 parcns
1932 911 2103 975 humiliter

441 1009 475 1072 in
499 1009 560 1074 hac
592 1017 686 1097 parte
711 1017 744 1074 et
773 1011 970 1076 submittens
993 1011 1213 1076 humeros'ad
1234 1010 1447 1098 portandum,
1478 1013 1624 1098 regimen
1657 1019 1691 1076 et
1722 1013 1975 1078 sollicitudinem
1999 1015 2101 1078 Pata-

441 1115 564 1178 viensis
595 1115 751 1196 ecclesie,
781 1117 923 1180 conlisus
947 1115 987 1181 de
1016 1116 1123 1201 gratia
1146 1115 1327 1180 Salvatoris
1350 1123 1384 1180 et
1407 1115 1447 1181 de
1470 1116 1581 1181 favore
1610 1123 1720 1181 nostro
1746 1138 1896 1198 securus,
1929 1118 2100 1203 suscipere

443 1237 507 1280 non
530 1223 732 1303 postponas

549 1336 637 1402 Data
658 1343 695 1401 ut
718 1359 826 1424 supra.

1226 1705 1313 1779 546.

554 1833 745 1946 Gregorius
766 1863 823 1927 ΙΧ
837 1883 927 1943 papa
947 1863 1154 1949 [Bertbotdo]
1169 1864 1374 1944 patriarchae
1395 1864 1613 1945 Aquiteqicrrsi
1633 1863 1772 1942 manriat,
1794 1869 1830 1928 at
1851 1869 1961 1929 contra
1982 1866 2106 1932 Heari-

447 1987 515 2032 eum
537 1966 575 2030 de
589 1965 806 2045 Fickeristcirr,
828 1968 884 2047 qai
897 1966 1102 2052 [prcrtam]
1116 1968 1291 2048 episcopum
1304 1967 1601 2049 Babcmbcrpcrrscm
1620 1968 1791 2047 proditorie
1812 1971 1925 2049 ceperit
1946 1974 1976 2034 ct
1991 1976 2106 2051 postea

445 2089 587 2136 excessus
608 2070 782 2134 accessibus
804 2071 983 2148 cumularit,
1005 2071 1218 2151 spiritualiter
1239 2076 1269 2134 et
1290 2070 1503 2151 temporaliter
1518 2070 1678 2150 procedat.
1746 2071 1839 2150 1233,
1861 2072 1937 2138 Ian.
1959 2076 2015 2140 28.

550 2207 632 2276 Grec.
651 2207 700 2261 IX
717 2207 785 2276 Rea.
806 2208 865 2264 Vol.
880 2208 933 2273 IV,
953 2213 1076 2270 64-65;
1095 2209 1155 2263 Lib.
1178 2208 1329 2272 V11‚223.

944 2494 952 2512 .
983 2495 991 2512 .
1020 2438 1271 2531 patriarche
1299 2438 1602 2530 Aquilegensi.

556 2587 627 2660 Qus
656 2586 756 2652 fuerit
784 2588 914 2652 insania
943 2577 1057 2672 quisve
1088 2588 1178 2652 furor
1207 2594 1270 2652 etc.
1300 2595 1336 2652 ut
1367 2609 1467 2674 supra
1496 2585 1785 2651 indecentissime
1807 2588 1967 2673 vigesima
1996 2591 2105 2676 prima

448 2690 579 2755 littera¹
603 2711 723 2776 usque:
748 2689 910 2756 credimus
934 2713 1008 2756 esse
1030 2697 1152 2756 notam.
1197 2689 1266 2755 Nos
1290 2696 1410 2771 autem,
1435 2712 1476 2756 ne
1500 2696 1624 2754 tantam
1640 2688 1705 2754 Dei
1729 2697 1762 2754 et
1784 2692 1925 2757 ecclesis
1948 2693 2104 2759 iniuriam

448 2794 619 2879 negligere
641 2793 841 2874 videremur,
872 2792 1101 2859 medicinalem
1123 2793 1215 2859 Petri
1244 2794 1389 2879 gladium
1413 2795 1602 2858 exeruimus
1626 2793 1659 2857 in
1683 2792 1840 2880 eundem,
1872 2802 2045 2881 sperantes
2067 2804 2106 2862 ut
2170 2853 2174 2864 ,

302 2918 379 2960 rorem.
394 2921 435 2969 ss.
450 2919 628 2984 percussus
652 2897 779 2963 doleret
807 2905 841 2963 et
869 2899 999 2963 attritus
1021 2900 1184 2985 reciperet
1207 2898 1428 2986 disciplinam,
1458 2905 1509 2963 set
1531 2899 1602 2984 ipse
1633 2904 1798 2982 tamquam
1820 2897 1854 2961 in
1877 2899 2002 2965 rabiem
2026 2922 2104 2966 con-

306 2985 435 3090 ¹⁰sssfiffssj
451 3000 586 3082 citatus,
617 3002 771 3067 malleum
794 3002 885 3067 velut
915 3001 1067 3087 stipulam
1096 3007 1251 3089 reputans
1282 3008 1315 3066 et
1336 3002 1377 3066 ad
1407 3002 1644 3088 percutientem
1667 3001 1813 3066 converti
1836 3023 2009 3084 recusans,
2044 3025 2106 3069 en·

451 3126 566 3170 cessus
598 3105 790 3170 excessibus
815 3107 1007 3186 cumulavit,
1039 3105 1072 3170 in
1103 3105 1261 3170 christum
1282 3105 1435 3185 Domini,
1465 3104 1620 3169 videlicet
1650 3104 1842 3190 episcopum
1869 3105 2105 3192 supradictum,

451 3229 656 3294 quecumque
671 3209 775 3274 voluit
798 3209 993 3291 exercendo,
1015 3211 1050 3274 in
1073 3211 1311 3275 atrocissimam
1328 3209 1559 3275 contumeliam
1575 3208 1658 3273 lose
1670 3207 1794 3272 Christi
1817 3215 1850 3274 et
1872 3211 2105 3278 inextricabile

452 3313 662 3399 opprobrium
692 3315 832 3379 ecclesie
863 3337 983 3401 sponse
1014 3336 1084 3380 sue.
1140 3314 1222 3378 (ium
1252 3315 1353 3400 igitur
1383 3314 1565 3398 flagitiosus
1595 3312 1762 3399 predictus
1793 3311 1858 3377 Dei
1888 3313 2040 3380 timorem
2070 3321 2106 3380 et

451 3417 669 3482 reverentiam
691 3417 888 3482 universalis
912 3417 1064 3497 ecclesie,
1088 3439 1184 3503 quam
1208 3419 1386 3483 enormiter
1409 3418 1442 3481 in
1465 3417 1569 3503 ipsius
1593 3416 1741 3501 episcopi
1763 3437 1905 3500 persona
1927 3419 2106 3499 concussit,

451 3540 511 3606 pro
534 3520 655 3584 nichilo
679 3526 855 3607 reputaret,
878 3521 1075 3586 fraternitati
1099 3526 1154 3584 tue
1171 3520 1375 3606 presentium
1390 3520 1584 3583 auctoritate
1608 3540 1651 3582 ex
1667 3517 1775 3582 olficio
1798 3525 1909 3583 nostro
1933 3521 1966 3584 in
1982 3523 2106 3586 virtute

451 3622 639 3688 obedientie
663 3623 875 3710 precipiendo
898 3623 1090 3708 mandamus
1114 3629 1148 3687 ct
1170 3624 1205 3687 in
1228 3623 1457 3688 remissionem
1479 3621 1680 3705 iniungimus
1703 3628 1927 3706 peccatorum,
1951 3627 2106 3711 quatinus

451 3747 525 3792 cum
548 3728 729 3792 consultius
754 3728 853 3793 sitin
876 3727 977 3794 fundo
999 3727 1099 3792 vicini
1121 3727 1343 3792 inundationis
1366 3727 1525 3810 impetum
1545 3726 1698 3809 congruis
1722 3726 1898 3792 obstaculis
1919 3729 2107 3815 prepedire,

451 3851 492 3896 ne
517 3831 647 3916 propria
671 3837 743 3895 sata
765 3831 879 3918 rapido
903 3830 1134 3919 disperdantur
1157 3832 1307 3910 incursu,
1337 3835 1371 3895 et
1399 3829 1517 3914 parieti
1545 3829 1725 3914 propinquo
1750 3829 1878 3895 ardenti
1901 3853 2105 3914 succurrere,
2169 3901 2170 3904 ,

449 3941 486 3998 ut
509 3935 693 3999 communia
725 3935 872 4020 pericula
902 3935 1080 4015 evitentur,
1112 3956 1243 4000 causam
1272 3931 1459 3997 huiusmodi
1489 3937 1624 4018 propter
1655 3934 1800 4020 exempli
1831 3935 2011 4020 perniciem
2041 3959 2109 4002 non

450 4043 517 4102 tam
538 4038 738 4103 necessitate
762 4059 858 4123 quam
886 4040 1018 4125 propria
1040 4040 1210 4104 voluntate
1239 4059 1441 4125 prosequens
1469 4043 1635 4120 tamquam
1658 4037 1826 4123 proprium
1853 4037 2034 4116 interesse,
2065 4041 2108 4104 ad
2181 4103 2184 4107 .

451 4141 691 4227 reparationem
714 4141 813 4205 castri
835 4140 975 4226 predicti
998 4148 1032 4206 et
1055 4141 1340 4228 recuperationem
1362 4141 1521 4205 bonorum
1546 4139 1703 4219 ecclesie,
1731 4161 1797 4203 non
1820 4140 1970 4206 obstante
1994 4143 2107 4228 aliquo

450 4243 580 4309 vinculo
605 4243 779 4308 iuramenti
801 4244 856 4308 vel
879 4244 1055 4309 cuiuslibet
1078 4245 1214 4310 alterius
1239 4244 1417 4323 cautionis,
1446 4265 1519 4306 cum
1541 4243 1637 4307 nohis
1661 4243 1694 4306 in
1717 4242 1779 4307 hoc
1802 4245 1982 4329 apostolice
2005 4246 2108 4328 sedis,

452 4347 592 4418 ecclesie
608 4347 803 4412 universalis
820 4347 988 4431 negotium
1004 4348 1281 4434 prosequentibus
1301 4368 1359 4433 per
1374 4348 1481 4411 nullas
1498 4346 1716 4431 obligationes
1733 4348 1877 4432 potuerit
1898 4349 1954 4413 lex
1969 4350 2106 4436 imponi,

452 4452 531 4537 quin
553 4456 668 4536 perte
692 4456 725 4515 et
747 4451 829 4514 alios
860 4456 925 4514 tam
947 4452 1113 4537 piaculare
1143 4453 1303 4537 flagitium
1327 4452 1481 4537 persequi
1505 4451 1700 4529 debeamus,
1731 4457 1764 4514 et
1785 4452 1985 4534 generaliter
2007 4475 2109 4541 super

452 4555 525 4618 aliis
549 4553 700 4618 omnibus
724 4558 836 4617 contra
858 4554 949 4617 illum
972 4554 1276 4640 nephandissimum
1299 4556 1513 4640 spiritualiter
1536 4560 1569 4618 et
1591 4553 1816 4638 temporaliter
1838 4554 2016 4641 procedere
2040 4579 2107 4622 non

453 4663 648 4744 postponas,
683 4654 801 4736 donec,
836 4657 864 4720 si
893 4658 976 4722 forte
1008 4657 1153 4743 desuper
1186 4657 1297 4722 datum
1330 4658 1446 4738 fuerit,
1482 4657 1523 4722 de
1558 4677 1617 4720 sua
1650 4657 1755 4720 salute
1785 4659 1972 4742 recogitans
2007 4683 2109 4747 super

452 4758 727 4824 intollerabilibus
750 4758 915 4845 dampnis,
946 4761 1074 4824 iniuriis
1103 4767 1137 4825 et
1160 4761 1367 4826 contumeliis
1395 4761 1515 4847 prelati
1538 4760 1685 4846 episcopi
1707 4767 1740 4824 et
1763 4761 1904 4826 ecclesie
1931 4763 1993 4828 sibi
2017 4787 2107 4829 com·

453 4861 553 4928 misse
576 4861 617 4926 ad
640 4861 827 4926 mandatum
844 4865 1060 4950 apostolicum
1076 4864 1243 4929 humiliter
1258 4869 1453 4938 revertatur;
1478 4884 1552 4927 eum
1569 4862 1799 4927 nichilominus
1823 4869 1857 4928 et
1872 4866 2107 4933 ministeriales
2161 4913 2187 4950 3,

452 4965 572 5031 nobilis
595 4965 658 5029 viri
687 5013 694 5030 .
719 5016 726 5031 .
750 4965 842 5030 ducis
866 4964 1066 5043 cerinthae&
1096 4967 1152 5051 qui
1185 4987 1275 5030 arma
1305 4973 1339 5031 et
1361 4966 1516 5031 victualia
1548 4966 1611 5030 sibi
1638 4967 1845 5031 ministrasse
1869 4967 2038 5052 dicuntur,
2069 4993 2109 5036 ac

453 5070 631 5156 complices
655 5076 688 5135 et
711 5071 856 5135 lautores
887 5069 990 5155 ipsius
1014 5069 1152 5154 singulis
1176 5069 1292 5136 diebus
1317 5071 1490 5136 dominicis
1514 5061 1698 5157 etlfestivis
1720 5070 1859 5155 pulsatis
1883 5073 2050 5159 campanis
2075 5083 2110 5139 et

452 5174 601 5239 accensis
625 5172 771 5238 candelis
795 5173 1095 5239 excommunicatos
1118 5175 1248 5261 publice
1272 5175 1426 5240 nuntians
1451 5180 1485 5239 et
1507 5174 1632 5239 faciens
1656 5195 1760 5259 usque
1783 5174 1826 5239 ad
1849 5175 2109 5244 satisfactionem

452 5277 648 5362 condignam
670 5277 711 5341 ab
735 5277 886 5341 omnihus
910 5275 1034 5341 evitari.

559 5397 637 5464 Dat.
659 5397 812 5462 Lateran.
836 5397 886 5462 IV
907 5397 983 5463 Kal.
1006 5397 1093 5482 Iulii,
1117 5422 1201 5465 anno
1226 5400 1375 5486 septimo.

561 5574 852 5582 ——-..---——-—-—
1071 5577 1299 5584 ——a-——u-—b—
1313 5579 1387 5584 ..--.-
1404 5578 1436 5583 .-
1446 5575 1570 5582 --·-..-·-—
1587 5576 1664 5581 ——-
1677 5575 2002 5586 ...-.—--—.—..——.-—*.—

555 5695 582 5766 1)
600 5709 628 5746 a.
649 5690 709 5745 ess.
779 5690 808 5759 2)
829 5691 987 5746 senseras
1004 5694 1046 5748 rr.
