4524 6412
744 371 943 434 EPISTOLAE
962 375 1150 437 SELECTAE.
1188 382 1262 438 luas.

962 718 1047 790 376.

281 825 472 938 Granius
494 852 551 918 rx
573 873 664 934 aaa
693 853 907 919 [sumsimus
931 856 1054 935 sarno,
1088 858 1224 938 quarem
1250 859 1436 925 arcanae
1465 862 1636 942 emnam
1663 862 1700 925 a
1731 861 1829 928 uma

174 957 294 1024 Sancta
319 957 512 1024 Oliristianis
527 956 636 1038 potius
657 976 753 1036 qnam
775 956 965 1022 sarracenis
986 958 1110 1024 stodeat
1131 962 1266 1042 officere,
1292 967 1322 1026 et
1341 961 1533 1046 Raynnlclns
1554 967 1651 1029 natus
1672 965 1829 1047 amntem

177 1059 317 1127 &aradi
338 1060 427 1125 dacis
449 1059 621 1140 Spoletani
643 1059 783 1124 moerim
804 1060 887 1138 eins,
920 1063 1022 1124 terras
1048 1062 1191 1128 ccclesiae
1219 1066 1369 1130 violenter
1390 1066 1558 1146 invaserit,
1586 1067 1669 1132 anm
1690 1069 1726 1132 in
1746 1068 1830 1135 hanc

173 1183 292 1245 qnoqne
307 1163 633 1228 excommunicationis
646 1163 832 1226 sententiam
844 1161 1067 1243 pmbliooocrit;
1088 1165 1179 1230 addit
1193 1168 1254 1232 sibi
1275 1168 1315 1233 ab
1328 1169 1430 1234 mma
1444 1169 1610 1234 Friolerico
1623 1170 1829 1256 [Marinum]

173 1266 352 1332 Barenscm
371 1266 635 1346 archiepiscopum
663 1269 693 1329 ct
713 1263 888 1328 Henn'cam
909 1267 1047 1330 mmitcm
1069 1266 1258 1334 Maliensem
1284 1270 1383 1349 fnisse
1409 1271 1581 1338 minutos
1602 1274 1640 1338 do
1661 1273 1828 1338 tractanda

171 1369 356 1446 concordio‚·
383 1388 454 1432 cnm
486 1372 590 1432 annm
614 1369 785 1448 impacta
812 1369 1010 1448 praedictum
1038 1369 1245 1455 Mynahlnm
1270 1379 1508 1456 procuratorem
1539 1377 1576 1440 in
1607 1376 1666 1442 boc
1698 1397 1733 1441 ro
1764 1395 1828 1442 esse

171 1472 316 1550 colatorii,
345 1490 378 1536 sc
408 1470 616 1552 respondisse,
649 1471 731 1551 qaod
762 1475 916 1536 tractatas
943 1474 1206 1540 reconciliationis
1237 1497 1304 1541 cum
1334 1478 1395 1542 islo
1423 1477 1532 1542 haberi
1559 1498 1615 1544 nec
1637 1483 1743 1561 posset
1772 1499 1828 1544 noc

171 1575 298 1640 debarai
555 1639 556 1642 ,
1472 1583 1566 1660 1228,
1587 1581 1666 1647 Nou.
1689 1585 1740 1648 30.

276 1693 358 1763 (ἔτερ.
376 1667 426 1747 ΙΧ
442 1694 511 1763 Rea.
529 1692 591 1760 Lib,
610 1695 654 1763 11,
680 1697 724 1747 66.
780 1694 902 1750 lidimus
923 1695 994 1749 banc
1015 1697 1159 1765 epistolam
1180 1715 1215 1750 ex
1239 1697 1826 1770 Rupn.Ann.cccla.1228,§lb-18,

172 1781 325 1850 suppletam
343 1796 378 1833 ca
398 1779 504 1833 Collect.
523 1780 617 1834 Paris.
635 1797 681 1849 ap.
700 1779 995 1850 Hestiaia-Bramme,
1013 1782 1030 1836 l.
1048 1799 1069 1836 c.
1088 1788 1106 1837 t.
1125 1786 1183 1846 ΙΙΙ,
1197 1801 1228 1853 p.
1248 1788 1286 1839 82
1302 1785 1415 1855 [aaa.

273 1866 410 1936 Potllraet,
428 1866 494 1935 ch.
515 1869 598 1920 8284.

435 2079 680 2192 Gregorius
707 2086 786 2153 etc.
815 2082 1034 2171 potestati
1062 2088 1105 2156 et
1131 2084 1300 2174 populo
1328 2085 1556 2158 lennensi.

278 2229 413 2294 Illorum
429 2227 593 2314 superbia,
617 2229 672 2314 qui
690 2228 829 2294 oderunt
843 2228 1032 2310 Dominum,
1059 2251 1191 2317 semper
1205 2231 1398 2314 ascendens,
1423 2233 1501 2298 licet
1522 2233 1687 2299 interdum
1710 2233 1824 2300 dolose

170 2333 382 2418 malignitatis
405 2333 542 2418 palliata
556 2333 728 2412 velamine,
752 2339 788 2396 ut
804 2332 968 2398 efficacius
992 2340 1120 2415 noceat,
1142 2334 1287 2400 iurarem
1311 2357 1405 2400 suum
1428 2337 1645 2402 intermittere
1662 2336 1825 2418 videatur,

105 2493 109 2502 .
170 2444 466 2522 quantumcumque
482 2442 592 2501 tamen
609 2436 716 2500 aliena
731 2437 891 2522 patientia
908 2445 1127 2525 supportetur,
1151 2440 1325 2504 mitescere
1348 2440 1462 2504 nescia
1483 2442 1615 2526 gravius
1639 2441 1823 2522 invalescit,

169 2539 273 2605 donec
297 2541 387 2605 illam
410 2540 535 2604 iustitia
557 2561 600 2604 ex
625 2540 692 2604 alto
711 2541 922 2626 superveniat
938 2548 972 2605 et
993 2541 1190 2606 subvertam.
1235 2541 1422 2608 Fridericus
1440 2543 1624 2629 siquidemb
1647 2545 1825 2630 imperator

169 2664 226 2708 cor
248 2665 341 2708 snum
365 2645 499 2708 elevans
523 2649 635 2708 contra
655 2642 773 2721 Deum,
796 2644 914 2729 spiritu
936 2643 977 2707 ad
1002 2644 1188 2730 superbiam
1212 2645 1394 2726 obfirmato,
1417 2653 1454 2710 ut
1476 2653 1643 2712 taceamus
1667 2647 1732 2711 alia
1754 2647 1823 2712 iere

169 2748 340 2812 innumera
369 2748 487 2833 quibus
518 2746 626 2811 Deum
662 2747 854 2833 provocavit
890 2747 1063 2828 audacter,
1099 2771 1164 2812 non
1198 2756 1373 2815 contentus
1404 2748 1491 2836 quod
1520 2751 1688 2835 negotium
1720 2748 1823 2815 Terre

169 2851 288 2915 Sancte
311 2851 427 2915 dolosa
449 2851 666 2936 perversitate
690 2850 952 2936 irreparabiliter
975 2854 1069 2938 quasi
1093 2853 1249 2934 confudit,
1273 2855 1306 2918 in
1329 2855 1569 2919 atrocissimam
1591 2853 1822 2919 contumeliam

168 2954 246 3020 Iesu
270 2953 392 3018 Christi
429 2961 462 3019 et
492 2953 720 3019 inextricabile
748 2955 959 3042 opprobrium
991 2956 1104 3043 populi
1133 2957 1326 3038 Christiani,
1361 2965 1394 3022 et
1426 2979 1485 3045 pro
1515 2958 1636 3022 nichilo
1667 2964 1822 3042 reputans

167 3057 253 3144 quod
276 3057 434 3124 ecclesias
465 3063 498 3122 et
529 3077 687 3143 personas
720 3059 964 3122 ecclesiasticas
994 3059 1139 3144 spolians
1162 3060 1343 3142 violenter,
1373 3061 1534 3126 subvertit
1565 3060 1822 3126 ecclesiasticam

165 3162 370 3242 libertatem,
394 3182 479 3224 nnnc
502 3160 622 3225 taciem
646 3161 754 3225 euntis
778 3161 810 3225 in
834 3159 1017 3226 Ierusalem
1041 3162 1152 3245 inique
1175 3161 1390 3247 pretendens,
1414 3164 1471 3228 ubi
1494 3162 1688 3227 Christianis
1712 3163 1821 3249 potius

166 3286 263 3351 quam
279 3264 470 3329 Sarracenis
486 3263 617 3328 studeat
633 3264 775 3344 officere,
800 3265 886 3328 viros
904 3265 1083 3329 sceleratos
1104 3264 1176 3328 loco
1198 3265 1248 3328 sui
1264 3264 1388 3330 dimisit
1409 3267 1442 3331 in
1463 3265 1611 3352 partibus
1628 3266 1822 3347 cismarinis,

165 3369 219 3454 qni
241 3374 278 3432 ut
302 3369 373 3432 eius
396 3367 517 3452 iniquis
534 3366 736 3430 iussionibus
753 3366 988 3445 obsecundent,
1012 3373 1046 3430 et
1068 3367 1220 3431 timorem
1236 3366 1381 3433 divinum
1405 3375 1439 3433 et
1460 3370 1639 3434 humanum
1661 3367 1821 3455 pudorem

103 3494 114 3530 a
167 3473 297 3559 penitus
333 3471 533 3537 abiecerunt.
589 3468 781 3555 Raynaldus
819 3471 906 3534 enim
940 3477 1037 3534 natus
1072 3469 1235 3555 quondam
1267 3470 1407 3535 Conradi
1442 3471 1533 3536 ducis
1569 3471 1712 3557 Spoleti,
1749 3470 1820 3535 eius

164 3576 304 3641 vicarius
328 3581 362 3641 et
383 3575 542 3655 minister,
566 3572 706 3638 exfortio
723 3579 921 3658 congregato
938 3574 1170 3660 patrimonium
1192 3572 1281 3637 beati
1295 3574 1397 3655 Petri,
1420 3574 1507 3659 quod
1530 3574 1616 3639 idem
1632 3572 1820 3638 Fridericus

163 3679 338 3767 multiplici
353 3679 536 3743 iuramento
553 3683 684 3741 tenetur
699 3675 888 3757 defendere,
913 3677 1076 3742 violenter
1098 3676 1266 3756 invadens,
1290 3676 1502 3762 presbyteros
1520 3683 1553 3740 et
1571 3676 1654 3740 alios
1671 3677 1820 3755 clericos,

164 3783 249 3847 sicut
280 3782 376 3846 nobis
411 3787 462 3847 est
496 3801 555 3867 pro
588 3786 677 3844 certo
712 3780 866 3859 relatum,
901 3801 961 3866 per
993 3801 1109 3844 manus
1145 3778 1399 3843 sarracenorum
1433 3778 1512 3844 iecit
1544 3800 1626 3844 ausu
1658 3779 1819 3864 sacrilego

164 3887 323 3967 mutilari,
355 3883 552 3971 quibusdam
581 3883 614 3946 in
643 3903 739 3947 cruce
770 3883 957 3968 suspensis,
987 3883 1060 3947 aliis
1089 3883 1229 3948 diversis
1259 3881 1429 3969 suppliciis
1459 3882 1621 3946 cruciatis.
1672 3880 1716 3945 Et
1744 3882 1821 3966 quia

90 4039 95 4052 .
165 3991 288 4077 primos
312 3989 429 4053 virium
457 4007 587 4051 suarum
619 3991 755 4050 conatus
779 4006 799 4049 a
820 3985 1016 4071 primordio⁰
1038 4007 1102 4049 non
1125 3985 1358 4073 repressimus,
1390 4005 1463 4049 cnm
1486 3984 1583 4049 facile
1606 3985 1819 4070 potuerimus,

164 4095 221 4158 ille
243 4093 284 4158 de
307 4092 468 4179 patientia
490 4096 602 4155 nostra
623 4088 874 4154 insolentiorcm
904 4109 1075 4153 assumens
1099 4088 1288 4168 audaciam,
1321 4089 1500 4154 marchiam
1522 4087 1761 4152 Anconitanam
1785 4093 1819 4151 et

164 4195 317 4260 ducatum
341 4194 467 4282 Spoleti
490 4192 626 4279 aggredi
648 4192 873 4278 attemptavit,
906 4191 1101 4277 quibusdam
1123 4192 1295 4257 venalibus
1324 4192 1448 4257 ibidem
1469 4192 1631 4277 corruptis
1655 4193 1761 4278 pretio
1785 4198 1819 4256 et

163 4299 358 4385 quibusdam
378 4299 477 4380 minis
501 4305 534 4362 et
556 4296 735 4361 terroribus
758 4317 778 4360 a
800 4295 959 4360 fidelitate
984 4295 1163 4382 apostolice
1187 4295 1274 4360 sedis
1299 4289 1443 4368 aversis;
1472 4295 1530 4359 ubi
1555 4293 1736 4376 Sarraceni,
1761 4295 1817 4381 qui

164 4401 423 4467 Christianorum
442 4401 635 4486 sanguinem
651 4399 882 4464 insatiabiliter
897 4399 1022 4478 sitiunt,
1046 4419 1110 4463 uon
1130 4405 1302 4485 parcentes
1326 4399 1421 4463 sexui
1441 4399 1493 4464 vel
1519 4399 1609 4478 etati,
1632 4398 1819 4485 impietates

100 4556 105 4568 .
163 4505 401 4571 abominabiles
429 4509 676 4592 perpetrarunt,
707 4525 788 4588 quas
817 4503 933 4567 horror
964 4509 1055 4568 esset
1086 4501 1301 4566 intolerabilis
1332 4501 1506 4566 recenseri.
1562 4500 1606 4565 Et
1635 4501 1714 4565 licet
1743 4522 1818 4566 eum

162 4631 262 4696 super
284 4609 325 4674 iis
348 4630 408 4696 per
429 4608 586 4673 dilectum
609 4606 712 4670 filium
729 4605 895 4670 Cinthium
921 4605 1156 4671 subdiaconum
1180 4612 1214 4670 et
1236 4604 1442 4692 capellanum
1463 4611 1610 4671 nostrum
1634 4609 1668 4669 et
1689 4605 1818 4671 litteras

161 4719 290 4779 nostras
314 4712 534 4778 monuerimus
558 4711 735 4796 diligenter
744 4711 765 4790 ¹,
789 4709 877 4774 idem
900 4716 1011 4775 tamen
1034 4710 1166 4774 monitis
1190 4710 1403 4794 acquiescere
1427 4715 1638 4794 aspernatus,
1662 4717 1817 4793 quantum

161 4817 267 4902 potuit
290 4815 330 4880 ad
354 4817 505 4901 graviora
527 4815 686 4902 prorupit.
732 4811 841 4887 Quare
873 4815 906 4878 in
938 4814 1078 4879 eundern
1101 4812 1308 4898 Raynaldum
1338 4818 1373 4876 et
1405 4813 1582 4899 complices
1610 4832 1649 4876 ac
1672 4812 1816 4877 lautores

161 4940 238 4985 suos
271 4927 305 4984 et
333 4919 367 4983 in
394 4940 507 4984 omues
540 4925 574 4984 et
604 4918 768 5003 singulos,
803 4919 896 4981 cuius
919 4919 971 4982 vel
1004 4937 1140 5003 quorum
1172 4915 1340 4994 mandato,
1375 4917 1585 4996 auctoritate,
1616 4914 1754 4978 consilio
1784 4921 1817 4978 et

84 5053 110 5090 ro
162 5023 286 5088 auxilio
309 5025 390 5088 talia
410 5028 650 5109 perpetrantur,
674 5022 1024 5087 excommunicationis
1041 5021 1239 5087 sententiam
1257 5018 1483 5106 sollempniter
1497 5017 1716 5104 publicantes,
1739 5018 1817 5103 quia

162 5129 267 5215 ipsam
298 5127 509 5214 pertinaciter
536 5125 724 5213 vilipendit,
760 5125 801 5189 ad
831 5123 1070 5189 defendendam
1106 5131 1228 5188 terram
1259 5123 1400 5188 ecclesie
1430 5127 1464 5186 et
1499 5121 1651 5185 iniuriam
1682 5127 1815 5184 auctore

161 5230 302 5295 Domino
325 5229 581 5318 propulsandam
605 5250 762 5296 exercere
786 5229 997 5315 proponimus
1021 5229 1202 5314 potentiam
1225 5227 1459 5312 temporalem,
1483 5243 1524 5288 ne
1548 5224 1671 5288 inimici
1694 5222 1759 5288 Dei
1783 5231 1816 5286 ot

266 5525 482 5592 ·)1ιιιαιοᾳτιοωτ
499 5523 568 5576 llll.
650 5523 672 5590 ὓ)
691 5525 816 5590 siqnidem
834 5524 902 5575 clarat
918 5541 961 5589 op.
980 5522 1064 5588 Rayn.
1145 5519 1167 5587 ο)
1184 5539 1200 5572 a
1218 5520 1354 5588 primordio
1372 5519 1440 5570 deest
1456 5535 1499 5584 ap.
1519 5517 1603 5584 llnyn.

263 5665 288 5728 1)
306 5680 332 5718 n.
352 5667 416 5722 375.
