4560 6420
787 381 987 440 EPIS'IOLAE
1005 385 1195 443 suasuram
1232 387 1309 445 1241.

375 738 560 813 Iohanni
586 740 636 812 de
664 736 875 812 Civitella
903 739 1187 814 subdiacono
1216 746 1258 814 et
1283 741 1528 835 capellano
1556 747 1724 816 nostro.

329 886 412 953 Cum
440 889 500 953 tibi
529 887 718 953 duxerimus
746 889 1000 975 iniungendum,
1045 897 1082 954 ut
1111 897 1225 955 contra
1251 889 1456 955 Fridericum
1491 891 1613 956 dictum
1649 893 1879 980 imperatorem

219 991 413 1079 perditionis
441 994 542 1058 filium
569 995 602 1058 in
626 993 772 1080 Ungarie
802 1014 904 1079 regno
933 993 1071 1058 verbum
1102 995 1207 1058 crucis
1235 1016 1456 1083 proponeres,
1488 1002 1521 1061 et
1550 997 1700 1061 nonnulli
1729 997 1763 1060 in
1792 996 1880 1061 dicto

94 1135 96 1140 ·
221 1117 323 1180 regno
349 1097 382 1160 in
411 1096 513 1162 Terre
538 1097 659 1162 Sancte
689 1097 871 1163 subsidium
901 1097 1110 1184 susceperint
1138 1099 1267 1184 signum
1292 1101 1416 1180 crucis,
1444 1120 1486 1164 cx
1515 1121 1579 1186 quo
1608 1100 1877 1188 impedimentum

156 1212 168 1249 ⁵
221 1220 287 1264 non
314 1199 479 1265 modicum
512 1207 568 1268 tuo
602 1202 770 1289 proposito
801 1208 993 1288 generatur:
1032 1223 1111 1280 nos,
1147 1203 1358 1268 attendentes
1389 1203 1476 1291 quod
1508 1209 1599 1268 tanto
1631 1204 1794 1269 salubrius
1829 1210 1881 1269 est

221 1303 401 1389 apostolice
425 1304 496 1368 sedi
519 1304 553 1369 in
576 1305 638 1370 hoe
662 1305 872 1370 necessitatis
896 1306 1036 1370 articulo
1060 1306 1251 1388 subvenire,
1276 1313 1397 1394 quanto
1420 1309 1494 1395 ipsa
1515 1314 1621 1372 mater
1641 1314 1675 1372 et
1690 1314 1788 1395 caput
1804 1307 1880 1372 fidei

218 1407 252 1471 iu
267 1408 398 1492 gravius
416 1406 674 1473 Christianitatis
690 1410 871 1496 periculum
895 1410 1115 1496 impugnatur,
1139 1410 1304 1476 devotioni
1327 1419 1394 1492 tue,
1419 1420 1456 1476 ut
1478 1417 1555 1475 vota
1578 1412 1879 1496 crucesignatorum

217 1510 364 1597 ipsorum
386 1511 418 1576 in
441 1511 667 1578 defensionem
691 1514 833 1578 ecclesie
858 1519 971 1578 contra
986 1512 1192 1578 Fridericum
1209 1514 1361 1596 eundem,
1385 1515 1414 1580 si
1437 1535 1551 1580 eorum
1574 1514 1616 1580 ad
1639 1514 1672 1579 id
1696 1536 1878 1580 consensus

222 1615 412 1696 accesserit,
444 1622 645 1681 commutare
678 1618 790 1682 valeas
818 1638 857 1682 ac
884 1619 964 1704 ipsis
997 1623 1031 1682 et
1061 1617 1197 1704 reliquis
1227 1617 1465 1684 redimentibus
1488 1624 1568 1683 vota
1596 1639 1671 1700 sua,
1705 1618 1880 1683 dummodo

145 1746 169 1784 ιο
222 1740 400 1807 expensas,
431 1741 512 1807 quas
536 1720 654 1786 facturi
679 1728 791 1787 essent
814 1721 921 1786 eundo
948 1721 981 1785 in
1010 1728 1132 1786 terrem
1160 1723 1361 1809 predictam,
1398 1721 1554 1788 morando
1585 1720 1666 1786 inibi
1695 1727 1729 1786 et
1759 1720 1879 1786 exinde

219 1823 398 1906 redeundo,
428 1825 462 1888 in
485 1824 637 1889 manibus
660 1825 725 1889 tuis
750 1830 783 1890 et
806 1824 919 1889 dilecti
941 1825 999 1889 fllii
1024 1874 1056 1890 ..
1079 1825 1210 1890 abbatis
1234 1825 1274 1891 de
1297 1827 1410 1892 Pelis¹
1434 1825 1665 1892 Cisterciensis
1698 1824 1822 1890 ordinis
1847 1831 1880 1890 et

218 1927 393 1993 Benedicti
418 1929 567 1994 canonici
591 1927 829 2014 Strigoniensis
861 1930 1031 2014 assignent
1058 1930 1092 1994 in
1122 1929 1348 1996 defensionem
1378 1929 1564 1995 huiusmodi
1601 1927 1879 2009 transmittendas,

218 2032 308 2096 illam
331 2033 440 2119 possis
462 2031 633 2118 indulgere
650 2034 780 2097 veniam
796 2038 1017 2119 pcccatorum,
1041 2053 1104 2117 que
1127 2033 1274 2120 predicte
1292 2040 1378 2098 terre
1396 2033 1662 2099 succurrentibus
1680 2031 1714 2095 in
1730 2031 1878 2118 generali

221 2137 360 2201 concilio
385 2142 437 2201 est
459 2157 628 2218 concessa,
651 2136 790 2200 liberam
813 2137 1008 2200 auctoritate
1031 2138 1235 2222 presentium
1259 2137 1470 2202 concedimus
1495 2137 1697 2203 facultatem.

144 2278 167 2317 rs
328 2256 405 2321 Dat.
428 2255 584 2322 Lateran.
606 2257 640 2320 II
663 2255 711 2322 Id.
735 2253 834 2321 Febr.
859 2279 943 2322 anno
967 2257 1082 2323 XIIII.

1005 2803 1093 2879 802.

328 2933 519 3044 Graecus
544 2961 600 3028 rx
621 2983 709 3044 papa
739 2961 888 3047 [rma]
920 2962 1059 3042 apuam
1086 2961 1254 3045 uuquam
1281 2962 1429 3040 conaus,
1462 2967 1499 3026 ut
1525 2961 1570 3026 aa
1596 2965 1703 3027 casea
1733 2961 1877 3026 aeteae

217 3087 293 3132 saruc
322 3071 431 3131 contra
456 3065 692 3151 fflidericum]
719 3065 784 3131 Dei
813 3065 975 3130 inimicum
1005 3065 1200 3148 defendenda
1228 3067 1309 3131 bouo
1330 3067 1518 3148 cpbemmlia
1540 3085 1638 3149 usquc
1659 3066 1704 3130 od
1727 3085 1880 3130 summam

218 3174 461 3256 qainpmtomm
482 3169 639 3234 libranum
661 3169 920 3235 Proveaicasium
942 3169 1061 3252 obliget.

1502 3259 1598 3336 1241,
1619 3256 1714 3322 Febr.
1740 3257 1791 3320 18.

140 3357 167 3398 ao
325 3342 406 3411 Grec.
424 3342 474 3396 IX
491 3341 558 3409 seq.
579 3339 637 3396 Vol.
658 3341 728 3407 VII,
747 3345 872 3410 38—39‚·
890 3341 952 3396 Lib.
971 3339 1056 3408 XIV,
1073 3345 1137 3396 226.

765 3627 774 3646 .
801 3629 810 3646 .
840 3571 1060 3663 episcopo
1086 3571 1335 3665 Eugubino.

326 3722 444 3788 Coram
472 3723 567 3788 uobis
595 3729 630 3788 et
656 3721 811 3787 fratribus
841 3722 962 3786 nostris
991 3742 1033 3786 ex
1063 3729 1156 3810 parte
1186 3729 1243 3787 tua
1273 3723 1383 3788 extitit
1411 3721 1648 3807 supplicatum,
1679 3719 1767 3806 quod
1802 3740 1878 3784 cum

216 3825 368 3890 iuimicus
389 3826 455 3892 Dei
478 3834 512 3892 et
534 3827 687 3906 ecclesie,
710 3825 830 3890 iurium
852 3825 1153 3890 ecclesiasticorum
1177 3825 1310 3890 invasor
1332 3823 1497 3906 assiduus,
1521 3831 1630 3889 castra
1654 3823 1795 3888 ecclesie
1820 3830 1876 3888 tue

216 3951 376 4018 occupare
400 3930 533 4010 nitatur,
555 3935 591 3993 ut
614 3950 654 3996 eo
676 3930 810 4015 gravius
829 3928 1004 3993 ecclesiam
1028 3929 1221 4015 impugnare
1238 3929 1356 4008 valeat,
1379 3949 1444 4013 quo
1465 3926 1582 3993 fortius
1605 3927 1709 4014 ipsius
1734 3927 1876 3992 ecclesie

139 4056 164 4095 aa
216 4033 342 4099 viribus
366 4033 453 4119 quod
475 4033 563 4096 absit
584 4032 793 4097 roborabitur
816 4037 931 4096 contra
953 4052 1037 4114 eam,
1060 4052 1122 4096 nec
1145 4032 1293 4097 habeas·
1314 4031 1354 4096 ad
1379 4053 1536 4118 presens,
1559 4030 1647 4098 unde
1672 4037 1780 4096 castra
1804 4031 1878 4118 ipsa

215 4137 323 4224 possis
345 4138 388 4202 ad
410 4135 628 4202 resistendum
657 4133 805 4221 predicto
834 4135 966 4200 inimico
998 4133 1144 4217 munire,
1173 4135 1346 4222 providere
1376 4134 1436 4200 tibi
1467 4140 1500 4200 et
1522 4133 1699 4221 Eugubine
1731 4135 1876 4200 ecclesie

215 4263 316 4328 super
338 4239 562 4306 contrahendo
584 4245 698 4303 mutuo
726 4260 785 4325 pro
809 4239 987 4304 munitione
1011 4246 1192 4304 castrorum
1221 4239 1367 4326 ipsomm
1397 4244 1431 4304 et
1461 4239 1535 4304 aliis
1563 4239 1629 4304 tuis
1661 4244 1695 4302 et
1725 4237 1875 4302 eiusdem

216 4347 356 4411 ecclesie
388 4344 642 4409 necessitatibus
678 4342 934 4408 misericorditer
962 4365 1160 4409 curaremus.
1215 4344 1341 4409 Verum
1371 4365 1444 4409 cum
1474 4344 1588 4408 dilecti
1619 4343 1679 4407 filii
1709 4341 1876 4407 Henricus

216 4449 316 4514 frater
343 4456 377 4515 et
399 4448 563 4514 Iohannes
592 4469 696 4535 nepos
726 4449 774 4513 tui
803 4448 883 4514 dicti
905 4447 1090 4529 fallentes,
1121 4449 1211 4514 cives
1234 4448 1392 4530 Romani,
1423 4447 1656 4535 supplicationi
1687 4445 1876 4512 huiusmodi

140 4569 167 4608 ³⁰
217 4553 430 4634 interessent,
462 4552 676 4618 consideratis
706 4552 862 4639 predictis
894 4553 1151 4619 necessitatibus
1184 4554 1374 4620 obtuleruut
1404 4574 1439 4618 se
1467 4560 1601 4639 paratos
1635 4553 1668 4616 in
1698 4558 1812 4617 nostra
1843 4557 1877 4615 et

216 4656 396 4722 eorundem
419 4656 555 4721 fratrum
579 4657 745 4744 presentia
767 4658 963 4743 quingentas
990 4658 1050 4722 tibi
1078 4657 1180 4721 libras
1203 4656 1499 4722 Proveniensiumb
1523 4663 1693 4736 mutuare,
1725 4657 1754 4720 si
1778 4676 1877 4743 super

215 4761 296 4847 ipsis
320 4782 377 4826 eos
401 4761 525 4825 servari
548 4761 732 4826 faceremus
762 4761 966 4847 indempnes.
1017 4761 1179 4826 Volentes
1208 4761 1318 4847 itaque
1349 4783 1450 4851 super
1472 4761 1643 4849 premissis
1667 4759 1730 4824 tibi
1754 4766 1788 4824 et
1811 4760 1875 4847 ipsi

216 4864 391 4951 Eugubine
415 4865 556 4930 ecclesie
583 4864 756 4952 providere
784 4887 823 4930 ac
852 4865 1080 4952 indempnitati
1109 4885 1226 4931 cavere
1256 4865 1377 4931 civium
1406 4865 1644 4952 predictorum,
1676 4862 1876 4928 fraternitati

216 4973 271 5032 tue
294 4967 460 5054 obligandi
483 4975 618 5056 propter
639 4970 859 5034 necessitates
883 4967 1019 5033 easdem
1041 4969 1129 5034 bona
1151 4967 1354 5055 episcopalia
1383 4967 1530 5032 eiusdem
1563 4965 1706 5030 ecclesie
1738 4964 1876 5050 prefatis

139 5085 165 5123 ³⁵
218 5071 344 5136 civibus
365 5092 469 5158 usque
492 5071 534 5137 ad
555 5079 762 5158 pretaxatam
786 5073 1001 5158 quantitatem
1028 5074 1168 5158 pecunie
1201 5073 1333 5158 plenem
1356 5079 1389 5136 et
1411 5071 1549 5136 liberam
1572 5067 1614 5132 de
1638 5068 1873 5153 premissorum

214 5174 352 5240 fratrum
375 5177 511 5240 consilio
535 5177 744 5242 concedimus
767 5176 971 5241 facultatem.

301 5293 401 5363 M
424 5297 578 5363 Lateran.
601 5297 669 5363 XII
690 5296 765 5362 Kal.
788 5297 909 5380 Martii,
935 5295 1033 5385 [anno
1057 5295 1174 5384 XIIII]
1184 5307 1208 5361 ⁰.

323 5557 347 5622 ⁸)
365 5557 458 5608 lrabeat
476 5557 507 5610 R.
594 5556 620 5624 1θ)
638 5560 777 5626 prorsuisfi
794 5559 826 5610 R.
915 5559 939 5626 ο)
957 5575 1024 5610 anuo
1047 5557 1124 5607 XIIII
1142 5555 1209 5606 deest
1227 5557 1254 5606 ia
1272 5556 1304 5606 B.

323 5693 349 5762 1)
367 5693 392 5747 A
411 5693 461 5749 tio.
483 5693 564 5750 Gran
582 5694 620 5748 od
636 5694 774 5749 meridiem
792 5701 817 5750 et
835 5697 973 5751 orimtem.
