4448 6420
668 240 868 298 EPISTOLAE
885 241 1074 301 smuc'rnu.
1111 246 1187 302 1226.
1687 253 1750 317 229

103 416 222 482 litteris
245 438 346 483 auree
366 417 459 482 bulla
480 416 613 481 munitis
631 416 860 503 perspeximus
876 417 1038 482 contineri
1047 418 1068 482 ¹.
1112 419 1261 485 Tertium
1284 425 1346 504 est,
1369 421 1455 508 quod
1477 425 1541 489 etsi
1554 423 1755 510 generaliter

103 520 158 584 lex
179 526 295 586 nature
313 519 480 606 deposcat,
503 527 540 584 ιιι
561 519 658 585 homo
680 519 854 584 subveniat
873 519 1007 600 homini,
1031 520 1171 606 quodem
1193 530 1304 588 tamen
1327 526 1464 611 speciali
1486 525 1598 593 debito
1622 531 1756 591 tenetur

106 625 199 690 miles
229 624 326 688 militi
353 624 439 689 ferre
468 623 630 688 auxilium
662 628 696 688 et
718 643 778 687 rex
799 623 885 707 regi,
913 630 949 687 ut
972 645 1034 708 que
1057 625 1164 710 ipsum
1187 625 1293 692 reddit
1316 629 1388 692 aliis
1411 628 1651 712 honorabilem,
1682 629 1755 714 ipse

106 748 233 812 quoque
262 727 402 792 honoret
429 726 463 790 in
494 725 627 811 regibus
655 725 780 810 regiam
807 727 1025 792 maiestatem.
1086 727 1169 792 Cum
1197 750 1277 815 ergo
1307 730 1453 816 prefatus
1482 753 1591 798 comes
1619 752 1639 796 a
1667 730 1755 796 dicto

46 861 56 898 s
107 851 199 913 rege,
222 828 300 894 dum
328 836 459 916 captum
487 835 617 894 teneret
645 827 804 910 eundem,
833 830 1009 894 extorserit
1038 831 1256 897 iuramentum
1284 832 1325 898 de
1348 833 1464 899 dandis
1495 835 1559 900 sibi
1586 835 1663 899 liliis
1686 835 1754 898 suis

106 931 275 997 obsidibus
299 932 397 998 etde
421 931 579 997 solvende
601 931 666 996 sibi
689 931 829 1016 quadam
850 932 990 1018 pecunie
1014 934 1214 1017 quantitate,
1246 937 1458 1002 serenitatem
1485 945 1574 1002 tuam
1597 937 1754 1002 attentius

106 1035 282 1120 rogandam
304 1035 458 1101 duximus
481 1042 514 1100 et
536 1033 740 1116 hortandam,
763 1035 917 1121 quatinus
940 1035 1119 1121 prudenter
1140 1037 1313 1103 attendens
1337 1039 1505 1119 malitiam,
1529 1061 1625 1126 qnam
1648 1039 1755 1104 dictus

106 1159 215 1204 comes
237 1139 272 1203 iu
293 1139 402 1225 ipsum
417 1159 530 1224 regern
547 1137 706 1218 exercuit,
729 1158 803 1202 esse
819 1159 885 1202 non
902 1138 1008 1203 solum
1024 1139 1151 1206 ratione
1172 1139 1251 1204 facti
1274 1146 1325 1205 set
1348 1142 1449 1207 etiam
1468 1143 1594 1209 ratione
1611 1142 1756 1228 exempli

105 1262 239 1327 gravem
261 1247 296 1307 et
319 1241 512 1307 omnimodis
536 1239 781 1322 detestandam,
803 1261 848 1322 ac
871 1262 931 1326 per
952 1241 1014 1306 hoc
1043 1263 1104 1307 nec
1127 1241 1245 1308 decere
1268 1264 1328 1309 neo
1351 1244 1524 1332 expedire,
1552 1253 1589 1310 ut
1611 1245 1698 1333 apud
1721 1251 1755 1310 te

107 1343 252 1409 favorem
274 1345 420 1410 inveniat
441 1344 549 1410 dictus
572 1365 703 1424 comes,
733 1344 788 1429 qui
810 1345 970 1409 vassallos
993 1351 1106 1410 contra
1127 1344 1276 1412 dominos
1301 1353 1336 1412 et
1356 1348 1502 1433 privatos
1525 1354 1638 1414 contre
1659 1369 1756 1433 reges

107 1449 259 1534 exemplo
283 1469 342 1514 sue
365 1449 591 1533 perversitatis
615 1448 762 1529 armavit,
786 1446 937 1530 eundem,
960 1454 997 1512 ut
1019 1449 1082 1535 ipsi
1104 1451 1176 1534 regi
1198 1451 1351 1515 restituat
1366 1450 1499 1517 obsides
1521 1458 1556 1516 et
1572 1452 1756 1539 pecuniam,

106 1570 201 1635 quam
236 1551 301 1616 iam
335 1551 377 1615 ab
412 1552 484 1638 ipso
519 1551 659 1638 recepit,
693 1572 755 1616 nec
786 1571 861 1616 eum
891 1573 990 1638 super
1018 1553 1179 1617 solutione
1215 1551 1346 1617 residue
1376 1553 1552 1618 molestare
1580 1559 1756 1640 presumat,

106 1653 225 1719 tradita
247 1653 307 1719 tibi
330 1655 448 1720 celitus
470 1661 634 1741 potestate
658 1655 852 1742 compelles,
883 1662 1070 1741 contempta
1098 1661 1191 1741 parte
1221 1656 1324 1740 ipsius
1347 1655 1504 1742 pecunie,
1535 1677 1632 1741 qnam
1653 1656 1757 1722 debes

106 1757 269 1844 recipere,
302 1759 386 1822 sicut
407 1757 527 1839 fertur,
557 1779 629 1824 cum
652 1758 761 1824 divine
784 1759 945 1844 largitatis
968 1758 1157 1844 benignitas
1186 1759 1234 1824 sic
1262 1759 1323 1824 tibi
1345 1759 1513 1845 aperuerit
1542 1780 1657 1825 manus
1682 1781 1758 1825 suas

107 1865 204 1945 teque
227 1867 319 1925 tante
340 1859 526 1926 divitiarum
554 1861 755 1947 aliorumque
778 1861 939 1926 bonorum
961 1860 1130 1926 affluentia
1153 1860 1417 1941 circumdederit,
1445 1867 1482 1926 ιιι
1508 1883 1572 1926 non
1597 1868 1758 1949 oporteat,

106 1963 191 2048 quod
218 1985 277 2050 pro
305 1963 434 2029 modica
460 1965 614 2051 pecunia,
644 1987 742 2051 quam
771 1966 805 2029 in
837 1965 1081 2052 comparatione
1111 1964 1244 2030 honoris
1273 1965 1322 2028 tui
1352 1986 1390 2030 ac
1420 1964 1505 2030 farne
1533 1965 1636 2030 debes
1664 1965 1759 2053 quasi

106 2068 344 2155 sterquilinium
372 2076 541 2158 reputare,
569 2070 730 2135 maculam
756 2070 790 2132 in
819 2069 925 2154 glorie
951 2075 1009 2133 tua
1037 2090 1151 2154 ponas.
1198 2066 1253 2133 Sic
1283 2089 1361 2154 ergo
1392 2068 1589 2134 monitiones
1623 2075 1754 2134 nostras

107 2171 265 2237 exaudias
288 2171 322 2236 in
345 2170 406 2237 hac
428 2180 533 2260 parte,
557 2172 644 2259 qnod
668 2173 725 2237 alii
747 2178 780 2237 te
804 2171 944 2237 docente
960 2177 1170 2257 cognoscant,
1193 2177 1349 2257 quantum
1364 2170 1579 2236 deferendum
1602 2173 1646 2237 sit
1668 2172 1758 2258 regie

105 2275 271 2362 dignitati,
295 2283 329 2341 et
350 2283 418 2341 tam
441 2276 557 2341 illicita
577 2275 681 2362 preda
703 2282 817 2362 erepta
839 2297 898 2363 per
920 2282 953 2341 te
975 2275 1017 2340 de
1041 2275 1191 2341 lancibus
1215 2275 1343 2369 comitis
1367 2274 1537 2362 sepedicti,
1561 2282 1758 2363 attemptare

38 2402 60 2440 ιι
108 2380 226 2445 similia
253 2380 504 2466 pertimescant,
536 2385 570 2445 et
599 2379 670 2465 ipse
701 2400 761 2444 rex
792 2379 854 2444 hoc
883 2378 1044 2444 beneficio
1071 2386 1266 2466 provocatus
1294 2378 1355 2443 tibi
1383 2386 1541 2465 perpetue
1573 2379 1758 2446 devotionis

106 2483 234 2548 vinculo
264 2483 479 2568 astringatur,
511 2503 636 2569 nosque
669 2482 850 2569 imperialis
879 2482 1085 2548 celsitudinis
1113 2483 1353 2570 providentiam
1384 2484 1501 2548 merito
1524 2483 1702 2550 debeamus
1725 2484 1759 2549 in

105 2585 247 2652 Domino
277 2586 524 2662 commendare;
557 2587 665 2652 sciens
688 2584 790 2671 quod,
819 2587 894 2650 nisi
914 2588 1034 2651 nostris
1066 2587 1214 2652 honestis
1244 2586 1396 2673 precibus
1420 2594 1454 2652 et
1476 2587 1759 2652 exhortationibus

106 2691 309 2778 acquieveris
332 2691 366 2755 in
390 2691 452 2755 hac
475 2695 581 2777 parte,
604 2711 664 2755 nos
687 2689 805 2754 deesse
829 2711 895 2754 nou
917 2691 1097 2777 poterimus
1123 2691 1211 2757 dicto
1240 2691 1311 2775 regi
1333 2696 1401 2755 tsm
1430 2697 1579 2776 apertam
1608 2690 1760 2754 iniuriam

106 2795 260 2881 patienti,
289 2815 355 2860 non
381 2794 505 2879 absque
535 2813 654 2878 magno
678 2791 850 2879 dispendio
874 2793 1013 2858 subsidii
1035 2793 1138 2859 Terre
1162 2793 1300 2874 Sancte,
1331 2792 1372 2858 ad
1395 2793 1481 2879 quod
1504 2793 1676 2879 magnifice
1698 2793 1759 2857 im-

40 2927 50 2962 ι
107 2896 314 2983 pendendum
343 2902 420 2962 ante
451 2896 636 2982 captionem
666 2917 760 2960 suam
789 2896 983 2983 sollempnis
1007 2896 1235 2983 promissionis
1259 2896 1389 2961 vinculo
1418 2918 1454 2962 se
1484 2896 1670 2976 astrincxit,
1700 2917 1762 2962 nec

108 3001 230 3086 absque
254 3000 435 3087 apostolice
459 2999 548 3064 sedis
570 2998 689 3063 iniuria
712 3005 746 3065 et
769 3005 970 3086 contemptu,
994 2999 1046 3063 cui
1069 3021 1206 3085 regnum
1229 3001 1301 3066 eius
1323 2999 1503 3065 dinoscitur
1525 3001 1689 3066 censuale.

214 3121 291 3186 Dat.
314 3120 467 3186 Lateran.
489 3119 521 3184 V
543 3120 592 3186 Id.
615 3119 712 3202 Iunii,
738 3117 836 3207 [anno
858 3119 1030 3204 decim0]³.

212 3242 253 3307 In
275 3242 416 3309 eundem
438 3241 570 3308 modum
594 3242 751 3328 scripturn
774 3247 825 3308 est
848 3288 856 3305 .
880 3290 888 3306 .
911 3241 1090 3307 Portuensi
1113 3241 1268 3328 episcopo
1277 3241 1301 3325 ²,
1324 3239 1505 3329 apostolice
1529 3240 1619 3306 sedis
1641 3240 1762 3324 legato,

108 3345 216 3411 verbis
233 3352 457 3433 competenter
480 3344 623 3427 mutatis,
646 3350 683 3409 ιιι
705 3342 829 3410 dictum
844 3345 1077 3431 imperatorem
1099 3344 1142 3408 ed
1164 3344 1197 3409 id
1215 3344 1392 3411 efficaciter
1406 3350 1538 3410 moneat
1561 3350 1595 3444 et
1617 3341 1759 3407 inducat.

728 3614 1140 3624 ---—-—-—-—-———-

889 3863 976 3940 309.

217 3981 405 4076 Ennomus
437 4008 505 4073 ΠΙ
531 4028 622 4089 papa
648 4005 788 4073 Hearico
813 4007 917 4072 comiti
943 4006 982 4071 dc
1011 4005 1130 4072 scorta
1156 4005 1295 4070 dmhhtc
1319 4002 1490 4086 praeemit,
1520 4005 1558 4066 ut
1586 3999 1707 4096 obsides
1735 4003 1766 4066 et

102 4113 279 4192 pensatum,
300 4133 396 4196 qsmm
417 4133 439 4178 a
453 4111 696 4197 [Woldcmcro]
717 4132 787 4195 repe
802 4110 931 4177 Daaicc
950 4111 1109 4192 receperit,
1131 4109 1276 4174 restituat
1297 4111 1327 4172 ct
1342 4105 1497 4188 meoniae
1517 4104 1680 4272 residuups
1700 4123 1765 4169 noa

110 4216 262 4298 repulsat.
1433 4212 1528 4290 1226,
1551 4211 1625 4276 luo.
1671 4257 1679 4272 .

210 4335 284 4390 Hon.
302 4336 441 4477 Illgcp.
461 4335 524 4390 Lib.
546 4335 585 4405 X,
605 4338 671 4391 303.
707 4335 814 4391 Pcrtrv's'
831 4335 970 4405 comptor
987 4333 1172 4403 supplevimus
1190 4347 1226 4387 ec
1243 4330 1336 4401 sapa
1353 4329 1429 4386 Aac.
1446 4329 1509 4385 cccl.
1527 4345 1554 4385 o.
1572 4331 1660 4394 1226,
1684 4330 1701 4393 5
1720 4330 1764 4382 53.

210 4421 344 4492 Potthost,
406 4438 432 4491 y.
453 4425 536 4477 7585.

37 4673 71 4712 a
458 4633 605 4708 Nobili
631 4634 725 4708 viro
751 4633 945 4708 Henrico
973 4632 1124 4706 comiti
1151 4631 1201 4704 de
1228 4621 1410 4703 Zueric.

216 4785 303 4850 Olim
319 4784 526 4866 credidimus,
551 4783 637 4871 qnod
653 4783 812 4871 grandem
835 4790 869 4849 et
883 4803 1017 4869 gravem
1033 4782 1205 4862 maculem,
1228 4799 1326 4865 quam
1347 4777 1381 4840 in
1406 4783 1462 4841 tua
1476 4775 1564 4840 ferna
1586 4772 1766 4862 improvide

111 4889 258 4974 posuisti,
281 4888 486 4954 carissimum
508 4889 542 4952 iu
559 4887 691 4953 Christo
711 4888 814 4953 filium
834 4893 992 4968 nostmm,
1015 4885 1178 4950 illustrem
1201 4902 1314 4967 regem
1330 4880 1446 4961 Daoie,
1470 4876 1637 4944 dominum
1663 4883 1765 4957 tuum,

113 4999 204 5078 rupto
226 4989 394 5057 fidelitatis
417 4991 530 5058 federe
554 4989 769 5077 captivando,
792 4989 955 5055 excitatus
979 4985 1258 5075 increpationibus
1281 4983 1474 5071 apostolicis
1496 5000 1765 5067 recognosceres,

114 5103 145 5158 et
165 5097 273 5183 ipsum
300 5118 413 5183 regern
441 5097 533 5162 iuxta
556 5095 802 5161 exhortationes
832 5099 963 5158 nostras
990 5092 1094 5158 libere
1116 5087 1328 5170 dimittendo,
1360 5084 1498 5154 eandem
1525 5081 1686 5149 maculam
1708 5101 1769 5168 per

37 5219 71 5250 υ
116 5197 177 5264 cite
205 5199 441 5266 satisfactionis
470 5197 652 5265 remedium
682 5197 843 5263 aboleres.
887 5195 939 5261 Τιι
966 5216 1044 5260 vero
1074 5214 1152 5259 cura
1179 5194 1265 5258 fame
1293 5197 1350 5256 tue
1379 5189 1570 5276 posthabita
1601 5193 1635 5252 et
1664 5183 1767 5248 incul-

214 5457 237 5524 ·)
254 5475 322 5510 anno
339 5458 437 5510 decimo
454 5457 568 5510 deestis
586 5457 617 5509 Β.
674 5515 677 5522 ‚
701 5455 726 5524 l)
744 5455 838 5509 Zusrid
855 5456 887 5508 12.

214 5595 239 5660 1)
260 5593 302 5662 Cf.
327 5593 526 5663 ll's'nlcclmcmr,
545 5593 640 5648 Fried.
660 5593 703 5658 ΙΙ,
718 5609 749 5662 p.
768 5595 812 5658 65,
830 5599 886 5648 not.
904 5597 931 5663 2,
949 5595 975 5646 st
992 5607 1019 5645 n.
1038 5595 1078 5644 14.
1149 5589 1176 5659 2)
1203 5585 1337 5642 Conrado.
