4576 6390
357 383 497 458 ‘m
1012 389 1514 454 mmmmmm

435 565 502 630 illis
525 566 691 648 legationis
714 566 854 651 officiam
876 572 1034 634 eteorum
1056 573 1157 636 araris
1179 574 1288 635 centra
1311 569 1449 650 perfidos
1470 568 1702 650 praedicandae
1731 566 1932 646 commiserit,
1969 567 2102 651 aarum

434 670 607 749 recepiant·
629 673 852 754 crucesignatis
872 673 1001 737 eandem
1023 674 1252 757 indulgentiam
1275 693 1370 754 qaam
1391 673 1428 735 ia
1452 672 1568 736 Ter-rae
1591 671 1726 738 Sanctae
1748 675 1925 738 subsidium
1947 673 2100 736 euntibus

435 772 581 838 concedit.
1716 781 1809 857 1234,
1832 778 1929 845 Febr.
1955 781 2011 841 13.

541 889 1358 963 Qmmmmmmmmm

539 978 766 1049 Postuertam.
786 982 867 1032 9402.

683 1174 1047 1267 Archiepiscopis
1074 1180 1118 1249 et
1146 1174 1389 1265 episcopis,
1416 1175 1655 1248 abbatibus
1682 1182 1725 1250 et
1751 1178 1847 1250 aliis

437 1295 730 1370 ecclesiarum
757 1295 944 1387 prelatis
970 1318 1019 1369 ac
1044 1295 1265 1368 universis
1283 1293 1450 1367 Christi
1476 1295 1690 1369 fidelihus
1717 1320 1794 1388 per
1813 1297 2102 1384 Carneolam,

543 1415 736 1505 Istriam,
763 1416 1042 1506 Dalmatiam,
1072 1416 1281 1504 Bosnam,
1308 1415 1556 1502 Cruaciam,
1584 1417 1780 1491 Serviam
1807 1425 1848 1492 et
1876 1420 1997 1492 alias

908 1543 1061 1629 partes
1088 1536 1324 1610 Sclavenie
1351 1536 1622 1610 constitutis,

263 1709 329 1752 aaut.
350 1713 419 1761 raas.
544 1687 696 1754 Miserias
720 1694 753 1752 et
777 1710 969 1775 erumpnas,
992 1688 1162 1773 angustias
1188 1693 1222 1753 et
1242 1708 1431 1774 pressuras,
1456 1687 1573 1771 quibus
1595 1687 1784 1750 universum
1806 1707 1926 1774 corpus
1952 1686 2099 1751 ecclesie

436 1814 456 1856 a
484 1794 595 1877 planta
623 1791 716 1877 pedis
748 1812 852 1876 usque
882 1790 923 1854 ad
951 1791 1108 1855 verticem
1139 1790 1372 1854 miserabiliter
1403 1791 1587 1853 concutitur
1615 1794 1648 1853 et
1678 1789 1842 1868 turbatur,
1873 1791 2099 1855 intentissime

437 1896 630 1979 cogitantes,
654 1895 842 1960 vehementi
867 1894 980 1958 dolore
1004 1893 1111 1956 cordis
1138 1892 1308 1972 afficimur,
1333 1900 1367 1956 et
1390 1913 1429 1956 eo
1452 1892 1623 1955 molestius
1646 1893 1805 1976 angimur,
1828 1915 1892 1978 quo
1917 1894 2099 1979 specialius

436 1999 524 2062 illius
548 2007 696 2062 tenemur
718 1999 840 2061 imitari
863 1998 1014 2081 vestigia,
1038 1997 1093 2081 qui
1117 1996 1342 2059 infirmabatur
1364 1996 1602 2059 infirmantibus
1626 1996 1780 2060 iratribus
1805 2004 1838 2060 et
1863 1997 2098 2061 scandalizatis

436 2103 508 2165 aliis
532 2102 696 2167 urebatur.
742 2101 827 2165 Nam
849 2122 1007 2166 excessus
1032 2101 1136 2164 seculi
1158 2099 1324 2164 tendentis
1349 2098 1389 2162 ad
1413 2101 1538 2163 exitum
1561 2106 1610 2163 tot
1632 2120 1777 2163 errorum
1800 2100 1928 2184 laqueis
1952 2101 2097 2164 humane

436 2206 632 2270 conditionis
650 2208 820 2271 miseriam
832 2205 981 2286 irretivit,
1005 2211 1054 2269 tot
1071 2204 1300 2269 adversionum
1315 2205 1476 2287 contagiis
1493 2203 1677 2284 maculavit,
1702 2202 1787 2288 quod
1804 2204 1908 2279 multi,
1925 2203 2096 2289 despectis

437 2309 525 2394 Syon
548 2310 667 2374 finibus
692 2311 826 2375 excelsa
843 2309 993 2373 Samaria
1016 2307 1288 2388 conscendentes,
1312 2329 1389 2371 suos
1411 2307 1529 2370 liniant
1554 2308 1698 2393 parietes
1721 2306 1880 2371 bitumine
1902 2306 2097 2392 dogmatum

286 2429 360 2471 imos.
375 2435 417 2482 ar.
435 2414 582 2478 heretice
618 2414 806 2500 pravitatis,
840 2434 906 2477 non
939 2418 1093 2476 verentes
1124 2409 1208 2474 illud
1237 2412 1402 2475 incurrere
1433 2408 1662 2474 maledictum:
1699 2409 1781 2490 ‘Ve,
1817 2411 1872 2494 qui
1906 2409 2098 2497 despiciunt

286 2530 342 2584 aeg.
362 2537 417 2584 aar.
437 2515 526 2600 Syon
556 2523 591 2581 et
619 2516 786 2582 confidunt
816 2517 850 2580 in
878 2523 988 2581 monte
1013 2515 1186 2596 Samarie',
1219 2514 1379 2578 dicentes:
1411 2513 1504 2578 ‘Non
1535 2520 1586 2578 est
1613 2513 1709 2576 nobis
1736 2533 1813 2598 pars
1843 2514 1878 2577 iu
1900 2513 2012 2578 David
2035 2535 2096 2579 nec

435 2618 602 2683 hereditas
625 2621 659 2683 in
686 2619 754 2683 filio
776 2619 873 2686 Isai'.
916 2620 961 2684 Et
990 2621 1068 2684 licet
1096 2620 1130 2681 in
1161 2639 1290 2682 omnem
1321 2626 1440 2682 terram
1469 2618 1648 2681 intonuerit
1678 2637 1786 2680 sermo
1809 2615 1891 2692 Dei,
1925 2639 1999 2682 cum
2032 2618 2096 2681 oeli

436 2723 506 2786 eius
530 2723 667 2808 gloriam
691 2730 897 2804 enarrarent,
931 2732 964 2788 et
987 2724 1092 2787 adhuc
1116 2743 1175 2808 per
1198 2725 1344 2786 locorum
1367 2722 1533 2786 antistites
1557 2727 1590 2785 et
1618 2721 1700 2784 alios
1723 2719 1990 2806 patrisfamilias
2015 2741 2095 2805 ope·

435 2826 539 2888 rarios
574 2826 759 2890 effundatur
792 2827 908 2912 ymber
943 2827 1133 2911 evangelice
1164 2827 1326 2906 veritatis,
1362 2827 1409 2889 sic
1443 2832 1570 2904 tamen,
1605 2830 1702 2910 prout
1735 2824 1768 2885 in
1802 2829 1875 2885 ortu
1909 2823 2094 2887 crescentis

283 2939 333 2982 cor.
351 2946 418 2993 rna.
438 2929 578 2993 ecclesie
595 2930 708 2994 doctor
724 2932 878 3016 egregius
895 2932 1082 3016 profitetur:
1107 2929 1262 3015 ‘Oportet
1278 2950 1352 2993 esse
1370 2930 1516 3009 hereses,
1541 2935 1578 2992 ut
1601 2928 1655 3012 qui
1672 2925 1800 3014 probati
1825 2933 1901 2990 sunt
1924 2927 2095 2991 manifesti

439 3029 555 3110 fiant’,-
571 3030 613 3094 ad
640 3054 777 3118 presens
806 3033 936 3120 plurimi
958 3040 1169 3120 peccatorum
1192 3032 1337 3119 pondere
1361 3031 1588 3118 deprimuntur
1617 3037 1651 3094 et
1673 3029 1866 3093 obscuratur
1889 3052 1947 3095 cor
1969 3052 2095 3110 eorum,

285 3151 365 3194 uach.
380 3159 421 3206 as.
439 3139 475 3196 ut
497 3132 539 3197 ad
562 3135 790 3202 rectitudinem
813 3136 978 3200 anfractus
1001 3158 1066 3200 non
1088 3142 1244 3201 revocent
1267 3157 1348 3221 quos
1366 3143 1555 3220 sequuntur,
1580 3139 1630 3198 set
1647 3134 1736 3198 velut
1757 3132 1872 3198 domus
1889 3155 2096 3220 exasperans

441 3243 475 3300 ct
504 3239 713 3323 prevaricans
742 3241 851 3325 legem
881 3239 1004 3304 Christi
1035 3240 1075 3304 ad
1107 3240 1357 3304 amaritudinem
1388 3239 1534 3303 doctrine
1564 3238 1734 3325 prosiliant
1764 3238 1943 3303 insensate.
2001 3237 2095 3301 Sicut

441 3340 528 3404 enim
550 3342 670 3406 nostris
695 3349 745 3406 est
766 3343 900 3406 auribus
918 3343 1113 3423 intimatum,
1137 3351 1227 3408 tanta
1251 3344 1283 3408 in
1300 3343 1411 3408 Bosna
1434 3349 1467 3406 et
1490 3343 1604 3406 vicinis
1628 3341 1804 3427 provinciis
1828 3341 1977 3406 excrevit
2001 3341 2098 3432 copia
2191 3397 2193 3402 ,

300 3459 420 3512 asaiae.
439 3443 652 3529 perfidorum,
682 3445 768 3530 quod
791 3447 856 3510 iam
879 3453 948 3510 tota
971 3454 1058 3511 terra
1081 3449 1171 3511 velut
1201 3447 1333 3512 deserta
1362 3455 1395 3512 et
1423 3449 1511 3511 invia
1538 3448 1630 3531 luget
1654 3452 1687 3509 et
1716 3447 1863 3530 languet,
1893 3445 1999 3530 spinis
2023 3466 2097 3508 eam

279 3561 420 3614 rsuram.
439 3548 642 3633 replentibus
666 3555 699 3612 et
721 3550 849 3628 urticis,
874 3550 1024 3635 factaque
1050 3559 1101 3615 est
1124 3552 1233 3616 cubile
1257 3551 1437 3616 draconum
1460 3559 1493 3615 et
1516 3573 1638 3637 pascua
1661 3551 1867 3615 strutionum.
1911 3549 2012 3626 Unde
2037 3571 2098 3613 nos

438 3651 528 3714 zelus
558 3651 699 3716 eomedit
725 3654 921 3734 animarum,
956 3656 1105 3719 volentes
1138 3677 1211 3719 cum
1240 3657 1479 3719 infirmantibus
1507 3655 1663 3718 infirmari
1694 3660 1727 3718 et
1757 3675 1924 3739 apponere
1956 3660 2100 3739 paterna

438 3752 590 3834 consilia,
622 3755 739 3838 quibus
764 3757 961 3821 exhibeatur
983 3758 1174 3822 vulneribus
1199 3758 1378 3840 medicina,
1406 3766 1444 3823 ut
1472 3779 1599 3833 curam,
1630 3763 1785 3843 quantum
1808 3759 1841 3820 in
1864 3756 1959 3820 nobis
1983 3757 2098 3836 fuerit,
2151 3791 2175 3830 ω

439 3857 596 3942 suscipiat
618 3859 716 3944 plaga
738 3866 882 3924 tumens:
908 3883 986 3926 ecce
1010 3861 1167 3927 dilectum
1189 3862 1293 3925 filium
1316 3862 1458 3949 priorem
1482 3860 1672 3925 monasterii
1697 3861 1802 3924 sancti
1824 3860 2031 3925 Bartolomei
2055 3859 2098 3924 de

438 3960 604 4025 Ττίειιίῐο1
638 3962 858 4028 Certusiensis
890 3963 1030 4046 ordinis,
1065 3967 1170 4029 virum
1205 3967 1318 4049 utique
1350 3963 1529 4029 secundum
1565 3985 1621 4028 eor
1652 3966 1813 4043 nostrum,
1847 3964 1988 4027 amicum
2022 3963 2099 4042 Dei,

438 4070 608 4149 potentem
631 4066 664 4128 in
688 4088 787 4152 opere
811 4089 849 4131 ae
873 4089 1034 4148 sermone,
1059 4069 1112 4153 qui
1129 4074 1357 4155 paupertatem
1375 4067 1497 4131 Christi
1519 4068 1674 4153 pauperis
1698 4065 1853 4130 imitando
1877 4067 1910 4129 in
1934 4067 2098 4152 despecto

440 4165 555 4230 habitu
584 4174 616 4232 et
648 4169 777 4233 ardenti
814 4171 930 4256 spiritu
960 4192 1026 4234 non
1055 4172 1260 4257 pertimescit
1291 4171 1449 4235 accedere
1483 4171 1524 4234 ad
1554 4169 1741 4234 liberandas
1772 4171 1898 4233 animas
1930 4169 2101 4234 diabolica

440 4268 554 4335 fraude
579 4269 746 4359 deceptas,
769 4273 810 4337 ad
833 4281 944 4359 partes
967 4276 1066 4360 ipsas,
1090 4297 1247 4340 concesso
1272 4275 1335 4339 sibi
1358 4277 1455 4362 plene
1478 4275 1653 4359 legationis
1671 4274 1788 4352 officio,
1812 4272 1965 4336 duximus
1991 4273 2097 4338 desti·
2151 4305 2177 4344 a

273 4395 351 4438 rerem.
367 4401 420 4448 mo.
439 4374 592 4455 nandum,
615 4381 652 4438 ut
674 4383 807 4442 auctore
823 4377 964 4442 Domino
988 4385 1151 4463 tamquam
1168 4378 1309 4464 diligens
1333 4380 1438 4442 cultor
1460 4381 1530 4462 agri
1547 4377 1711 4441 Dominici
1734 4376 1855 4440 evellat
1877 4383 1911 4440 et
1933 4375 2098 4458 destruat,

438 4476 577 4563 dissipet
600 4486 633 4542 et
663 4479 845 4565 disperdat,
875 4479 1005 4546 edificet
1029 4489 1061 4546 et
1091 4483 1234 4568 plantet,
1264 4488 1361 4568 prout
1391 4482 1454 4546 sibi
1478 4481 1639 4545 Dominus
1669 4480 1873 4544 ministravit.
1918 4478 2097 4546 Monemus

438 4580 548 4664 itaque
580 4581 827 4647 universitatem
850 4591 992 4648 vestram
1020 4586 1177 4649 attentius
1207 4592 1240 4650 et
1267 4586 1436 4649 hortamur
1458 4585 1490 4648 in
1514 4584 1670 4664 Domino,
1700 4605 1759 4668 per
1790 4584 1972 4669 apostolica
1999 4584 2097 4648 vobis

439 4684 560 4769 scripta
588 4685 800 4772 precipiendo
836 4688 1045 4767 mandantes,
1076 4690 1228 4774 quatinus
1262 4689 1426 4775 prefatum
1457 4688 1600 4774 priorem
1637 4695 1792 4773 tanquam
1823 4686 1971 4770 legatum
2004 4687 2096 4752 sedis

437 4788 636 4873 apostolice,
666 4790 764 4852 immo
796 4811 969 4875 personam
998 4797 1142 4855 nostram
1173 4793 1207 4855 iu
1236 4814 1276 4856 eo
1304 4791 1502 4876 recipientes
1530 4791 1654 4854 ilariter
1678 4797 1711 4855 et
1739 4792 1876 4854 honeste
1901 4797 2096 4874 tractantes,

438 4891 541 4976 ipsius
566 4891 765 4955 salutaribus
790 4894 923 4957 monitis
948 4899 983 4957 et
1011 4893 1173 4958 mandatis
1203 4895 1313 4981 pronis
1347 4894 1512 4958 mentibus
1545 4893 1740 4976 intendatis,
1774 4900 1808 4959 et
1836 4915 1899 4978 que
1923 4896 2012 4960 inter
2036 4918 2097 4960 vos

438 4994 612 5059 statuenda
643 4995 790 5076 duxerit,
826 5002 991 5080 tamquam
1023 4995 1206 5062 devotionis
1243 4997 1301 5060 filii
1333 4998 1473 5062 teneatis
1505 4997 1642 5062 firmiter
1673 5005 1706 5062 et
1735 4999 1890 5078 servetis,
1926 4999 1966 5064 de
2001 5003 2097 5066 cuius

438 5100 729 5186 circumspectione
747 5099 882 5185 provida
904 5100 993 5163 illam
1016 5100 1169 5165 fiduciam
1188 5101 1383 5181 obtinemus,
1408 5100 1493 5185 quod
1517 5100 1679 5185 dirigente
1694 5101 1836 5166 Domino
1859 5123 1997 5186 gressus
2022 5107 2097 5171 eius

437 5202 477 5267 de
502 5225 614 5289 sparso
648 5204 773 5267 semine
803 5204 986 5289 reportabit
1017 5226 1091 5269 cum
1122 5207 1323 5270 exultatione
1352 5206 1538 5292 manipulos
1567 5207 1729 5271 fruetuum
1753 5213 1951 5273 eternorum.
1999 5211 2097 5276 Alio-

436 5307 513 5390 quin
536 5308 748 5386 sententiam,
782 5327 879 5391 quam
901 5307 963 5371 rite
986 5309 1100 5373 tulerit
1122 5309 1156 5372 in
1177 5307 1337 5391 rebelles,
1371 5314 1475 5372 ratam
1498 5308 1692 5374 habebimus
1716 5317 1749 5374 et
1771 5310 1932 5376 faciemus
1954 5324 2096 5380 auctore
2149 5343 2175 5382 a

436 5408 509 5473 Deo
538 5409 771 5473 inviolabiliter
805 5410 989 5487 observari;
1024 5434 1089 5476 non
1124 5412 1277 5476 obstante
1307 5410 1393 5496 quod
1425 5418 1571 5477 vestrum
1604 5414 1707 5498 aliqui
1736 5424 1811 5477 sunt
1842 5419 2003 5502 exempti.
2049 5419 2098 5484 Ut

539 5669 566 5738 1)
585 5668 621 5722 Iu
638 5669 743 5724 diocesi
759 5668 897 5724 Alatriaa.
