4524 6412
431 421 494 483 332
1010 415 1058 470 EX
1077 415 1250 470 CREGCRH
1270 411 1308 466 IX
1328 411 1507 468 RECISTRO

319 661 321 666 ,
429 590 647 676 largissimam
671 588 712 653 ad
735 609 831 653 omne
855 586 1075 664 commodum,
1106 585 1265 651 honorem
1288 593 1322 651 et
1351 586 1528 651 utilitatem
1552 586 1667 651 domus
1691 593 1725 651 et
1746 587 1882 652 fratrum
1905 587 2087 653 eorundem

431 694 570 779 recipiat
602 691 919 778 interpretationem
955 689 1054 754 nichil
1087 710 1221 776 prorsus
1256 688 1354 768 iuris,
1387 689 1556 768 utilitatis,
1591 689 1777 770 advocatie,
1810 696 2004 777 patronatus
2032 691 2087 756 vel

431 794 607 861 cuiuslibet
630 795 763 860 alterius
787 792 1022 858 iurisdictionis
1052 797 1108 856 aut
1137 793 1328 878 potestatis,
1355 812 1559 877 quocumque
1586 792 1716 858 nomine
1746 794 1875 858 censeri
1902 795 2010 881 possit
2032 794 2086 859 vel

430 898 604 985 appellari,
634 897 728 977 mihi,
757 895 934 962 heredibus
958 897 1010 960 vel
1034 895 1281 960 successoribus
1304 895 1387 960 meis
1411 897 1444 959 in
1467 896 1618 960 omnibus
1641 895 1837 982 supradictis
1861 899 1914 962 vel
1938 897 2087 982 quolibet

430 1021 544 1067 eorum
571 1000 716 1066 retinens
746 1006 803 1064 aut
830 1021 1020 1074 reservans;
1053 999 1112 1063 sed
1139 998 1249 1063 omnia
1276 1019 1316 1062 ea
1349 1019 1422 1062 oum
1459 998 1668 1063 libertatibus
1698 1005 1733 1064 et
1762 1000 1859 1085 pleno
1890 1006 1924 1064 et
1954 1001 2085 1086 integro

429 1103 499 1168 iure
523 1103 593 1168 sine
618 1104 705 1168 omni
728 1101 820 1182 dolo,
843 1102 976 1182 fraude,
1000 1103 1151 1189 captione
1172 1123 1212 1166 ao
1235 1102 1456 1188 captiositate,
1481 1102 1551 1166 sine
1574 1101 1788 1167 diminutione
1810 1124 1849 1167 ac
1872 1104 2087 1183 coartatione,

430 1225 503 1270 curn
534 1205 622 1270 bona
652 1212 685 1270 et
718 1205 923 1270 exuberante
954 1204 1018 1270 fide
1045 1212 1079 1268 et
1107 1205 1292 1292 largissimo
1322 1205 1493 1270 intellectu
1516 1204 1626 1268 domui
1654 1212 1687 1268 et
1714 1204 1867 1270 fratribus
1895 1207 2088 1272 memoratis

430 1307 552 1372 contuli
576 1315 610 1373 et
633 1308 752 1372 collata
775 1328 990 1392 recognosco,
1015 1329 1084 1382 me,
1109 1306 1249 1373 heredes
1274 1315 1307 1372 et
1330 1314 1451 1372 terram
1474 1327 1580 1372 meam
1604 1306 1753 1391 obligans
1776 1313 1810 1372 et
1831 1310 1939 1374 teneri
1959 1311 2087 1378 volens.

429 1411 482 1478 De
505 1413 675 1477 evectione
706 1417 873 1499 preterea,
903 1410 1056 1497 quiequid
1085 1411 1126 1477 de
1155 1413 1308 1498 personis
1330 1412 1384 1478 rel
1411 1412 1507 1478 bonis
1535 1413 1679 1476 omnium
1703 1410 1956 1477 sarracenorum
1980 1413 2086 1500 cepti-

430 1516 578 1596 vatione,
601 1515 850 1601 depredatione,
883 1515 1089 1594 extorsione,
1118 1515 1332 1600 occupatione
1354 1515 1409 1580 nel
1431 1514 1661 1599 subiugatione
1683 1514 1852 1578 mobilium
1875 1515 1944 1580 sive
1966 1515 2086 1580 immo·
2139 1549 2163 1587 ιο

429 1617 555 1698 bilium‚
579 1624 740 1682 terrarum
762 1619 815 1682 vel
836 1638 992 1703 aquarum
1013 1624 1111 1702 atque
1136 1619 1278 1683 omnium
1302 1618 1337 1681 in
1359 1619 1407 1682 eis
1429 1624 1656 1683 contentorum
1679 1617 1827 1703 quolibet
1848 1617 1945 1682 modo
1967 1617 2089 1684 fratres

430 1720 570 1806 predicti
593 1719 730 1805 adipisci
753 1721 935 1806 potuerint,
965 1742 1038 1785 cum
1065 1723 1153 1786 omni
1183 1728 1217 1787 et
1247 1722 1375 1806 integro
1404 1721 1475 1786 iure
1506 1743 1544 1786 ao
1570 1720 1722 1786 libertate
1751 1721 1901 1807 superius
1924 1722 2088 1806 premisse

431 1822 627 1905 donationis,
651 1825 741 1889 nulla
763 1846 896 1910 prorsus
911 1823 1126 1891 diminutione
1135 1837 1157 1906 ⁰,
1182 1826 1403 1891 coarctatione
1426 1825 1479 1889 vel
1501 1824 1733 1910 impedimento
1756 1824 1836 1909 ipsis
1859 1845 1879 1887 a
1900 1845 1965 1904 me,
1987 1824 2086 1890 here-

431 1925 528 1991 dibus
551 1925 634 1992 meis
657 1928 710 1992 vel
734 1928 882 2013 quolibet
903 1929 985 2009 alio,
1017 1950 1113 2014 quem
1141 1950 1202 1994 nos
1224 1927 1400 2016 prohibere
1423 1927 1476 1992 vel
1500 1926 1676 1992 cohercere
1699 1927 1877 2013 possimus,
1906 1925 2086 2013 prestando

331 2096 335 2102 ,
430 2029 484 2094 vel
513 2028 732 2114 procurando,
764 2031 890 2097 eisdem
922 2033 1071 2098 concessi
1102 2053 1177 2097 curn
1204 2053 1283 2097 vera
1311 2032 1513 2119 proprietate
1545 2037 1579 2096 et
1604 2029 1749 2116 perfecto
1780 2029 1922 2094 dominio
1951 2028 2084 2115 quieteb
2149 2090 2154 2100 ,

429 2130 679 2217 possidendum
712 2139 746 2198 et
774 2134 809 2197 in
836 2133 898 2198 hoc
933 2136 1084 2200 consensi
1113 2157 1186 2200 oum
1218 2136 1331 2200 uxoris
1360 2155 1449 2212 mee,
1479 2134 1620 2198 filiorum
1649 2153 1811 2212 meorum,
1841 2133 2085 2219 episcoporum,

427 2234 587 2299 baronum
610 2241 644 2300 et
666 2243 853 2321 magnatum
877 2242 965 2301 terre
987 2259 1060 2302 mee
1084 2258 1257 2320 consensu,
1281 2243 1394 2302 contra
1416 2257 1545 2302 ornnem
1568 2235 1733 2301 hominem
1755 2234 1796 2299 ad
1819 2236 2085 2301 observationem

428 2343 462 2402 et
489 2336 715 2402 defensionem
750 2339 894 2403 omnium
925 2339 1186 2425 supradictorum
1223 2339 1401 2405 secundum
1434 2359 1529 2403 omne
1564 2359 1662 2424 posse
1696 2347 1729 2404 et
1761 2345 1847 2403 totas
1875 2338 1962 2403 vires
1992 2359 2085 2404 meas

428 2439 553 2505 eisdem
569 2441 741 2505 eonsilium
756 2448 791 2507 et
806 2442 966 2506 auxilium
982 2443 1146 2508 bonafide
1163 2443 1301 2508 firmiter
1315 2441 1520 2528 promittens,
1542 2462 1656 2506 omnes
1672 2440 1810 2507 heredes
1827 2449 1860 2507 et
1875 2461 2085 2507 successores

428 2563 519 2607 meos
543 2550 577 2609 et
600 2550 704 2610 terras
733 2566 825 2610 meas
848 2545 1000 2630 obligans
1024 2567 1152 2612 mecum
1176 2553 1209 2611 et
1235 2545 1422 2630 astringens
1444 2542 1486 2608 ad
1508 2543 1789 2624 ratihabitionem,
1818 2544 2083 2610 observationem
2135 2591 2140 2604 .

428 2651 462 2710 et
484 2647 767 2713 conservationem
791 2645 1016 2729 donationum,
1047 2649 1314 2728 concessionum,
1347 2647 1582 2732 obligationum
1605 2652 1639 2711 et
1660 2646 1914 2734 promissionum
1938 2648 2084 2712 omnium

428 2747 656 2834 predictorum.

534 2851 668 2918 Fratres
701 2872 830 2938 quoque
868 2853 1030 2940 predicti⁰
1067 2855 1154 2920 bona
1189 2854 1253 2920 fide
1296 2855 1553 2942 repromiserunt
1590 2853 1669 2918 mihi
1708 2852 1948 2939 heredibusque
1989 2855 2083 2938 meis,

428 2955 607 3020 secundum
629 2954 695 3021 Dei
717 2955 874 3021 honorem
899 2964 932 3022 et
953 2958 1105 3023 timorem
1128 2965 1241 3024 contra
1265 2958 1427 3024 Prutenos
1451 2964 1485 3023 et
1507 2958 1589 3023 alios
1613 2956 1811 3021 Sarracenos
1835 2957 1930 3021 nobis
1954 2966 2084 3024 conter-

426 3057 532 3122 minos
554 3064 675 3124 terram
698 3066 843 3124 nostram
859 3061 1101 3146 impugnantes,
1125 3061 1279 3148 quamdiu
1301 3062 1414 3128 hostes
1429 3060 1507 3126 fidei
1530 3066 1606 3126 sunt
1629 3065 1663 3124 et
1685 3059 1808 3124 inimici
1825 3061 1930 3124 cultus
1948 3059 2082 3141 Christi,
2133 3103 2156 3140 2,

427 3161 583 3226 assistere
614 3168 649 3226 et
680 3163 751 3228 sine
782 3162 856 3228 dolo
885 3185 923 3228 ac
954 3165 1086 3230 fictione
1116 3187 1182 3231 una
1211 3166 1383 3231 nobiscum
1415 3165 1503 3230 omni
1534 3171 1682 3250 tempore
1712 3163 1863 3229 militare.
1908 3163 1959 3228 Ne
1983 3165 2085 3250 igitur

427 3263 621 3330 donationes
644 3273 678 3331 et
701 3268 932 3333 concessiones
947 3268 1095 3355 predicte
1112 3268 1235 3334 celebri
1251 3268 1349 3354 digne
1364 3269 1534 3349 memoria,
1558 3275 1625 3332 tam
1647 3267 1746 3331 utiles
1763 3287 1859 3352 quam
1881 3268 2081 3348 necessarie,

426 3387 492 3431 non
516 3369 621 3433 solum
645 3371 815 3435 securitati
831 3370 976 3437 fidelium
998 3373 1032 3436 in
1047 3372 1196 3452 Polonia,
1220 3372 1276 3457 qui
1298 3393 1415 3456 graves
1438 3365 1701 3457 impugnationes
1725 3376 1759 3434 et
1782 3371 2014 3455 oppressiones
2039 3371 2081 3436 ab

426 3469 576 3536 hostibus
600 3472 723 3538 Christi
747 3473 956 3540 iamdudum
987 3477 1231 3554 sustinuerunt,
1262 3477 1297 3540 in
1319 3475 1465 3561 presenti
1488 3474 1716 3560 proficientes,
1746 3494 1858 3538 verum
1882 3474 1982 3538 etiam
2006 3495 2082 3561 pro-

425 3575 592 3660 pagationi
616 3583 650 3642 et
673 3578 878 3663 ampliationi
902 3587 1110 3644 sacrosancte
1134 3578 1210 3644 fidei
1234 3577 1410 3658 catholice,
1438 3584 1474 3642 ut
1496 3578 1596 3643 etiam
1618 3578 1708 3664 ipsos
1731 3575 1912 3656 infidelesl,
1942 3599 2080 3662 quorum

426 3677 546 3743 exinde
578 3688 729 3766 speratur
759 3685 948 3762 conversio,
983 3704 1043 3768 per
1072 3682 1136 3746 Dei
1166 3683 1305 3766 gratiam
1340 3681 1525 3767 profuturo,
1557 3680 1678 3746 abeant
1710 3682 1744 3744 in
1775 3680 1991 3762 oblivionem,
2026 3687 2082 3746 aut

426 3781 619 3867 cuiusquam
635 3785 825 3866 calliditate,
849 3785 936 3867 dolo,
959 3786 1115 3868 versutia,
1139 3786 1272 3850 sinistra
1293 3785 1564 3871 interpretatione
1588 3784 1762 3865 debilitari,
1785 3785 1939 3870 perverti,
1962 3785 2081 3872 frangi,

343 3939 348 3948 .
424 3883 541 3948 uiolari
564 3888 697 3952 valeant
718 3888 772 3953 rel
802 3888 936 3968 irritari,
963 3889 1017 3954 rel
1046 3891 1163 3954 saltem
1193 3889 1347 3954 malivola
1375 3888 1616 3954 machinatione
1646 3888 1852 3973 attemptari,
1883 3886 1942 3954 sed
1970 3890 2081 3975 potius

424 3987 479 4073 pie
510 4009 583 4055 mee
607 3989 794 4056 devotionis
825 3991 913 4056 laeta
941 3992 1035 4058 firma
1057 3999 1271 4079 permaneant
1294 3998 1327 4057 et
1354 3992 1562 4070 inconvulsa,
1592 3991 1634 4055 ad
1662 3998 1855 4077 perpetuam
1878 3991 2081 4078 prelatorum

424 4098 592 4173 gestorum
633 4094 823 4159 memoriam
860 4101 1050 4180 presentem
1088 4097 1241 4183 paginam
1275 4096 1409 4161 testium
1450 4096 1680 4182 inscriptione,
1722 4096 1805 4173 mei,
1844 4095 1957 4159 uxoris
1992 4116 2077 4172 mee,
2140 4141 2150 4177 ,

425 4193 654 4279 episcoporum
678 4204 711 4261 et
732 4203 922 4281 magnatum
944 4204 1031 4264 terre
1055 4219 1128 4264 mee
1152 4198 1269 4284 sigillis
1292 4199 1439 4263 roborari
1462 4198 1525 4264 feci
1548 4205 1647 4284 atque
1671 4198 1872 4263 communiri.

531 4298 618 4362 Acta
646 4305 722 4364 sunt
751 4301 785 4363 in
813 4300 980 4366 Cruswia²
1015 4310 1091 4368 ante
1125 4308 1261 4389 pontes,
1292 4321 1378 4367 anno
1415 4301 1648 4384 iucarnationis
1674 4300 1848 4366 Dominice
1876 4299 2079 4383 MCCXXX,

425 4420 537 4464 mense
560 4400 667 4482 Iunio,
690 4402 867 4468 indictione
890 4404 954 4468 ΙΙΙ.

533 4502 651 4568 Testes
674 4505 789 4570 horum
820 4514 910 4572 sunt:
944 4508 1132 4574 Guntherus
1164 4509 1339 4594 episcopus
1369 4507 1546 4586 Maronia,
1563 4506 1706 4572 Michael
1733 4506 1907 4594 episcopus
1931 4507 2079 4590 Cuiavie,

425 4601 631 4670 Christianus
655 4609 829 4695 episcopus
851 4610 1004 4692 Pruzcie,
1038 4610 1224 4676 Beruuldus
1247 4611 1450 4697 prepositus,
1481 4609 1678 4674 Wilhelmus
1701 4609 1863 4691 decanus,
1896 4611 2076 4677 Pecozlaus
2126 4655 2149 4692 ω

425 4708 548 4788 senior,
578 4708 757 4774 Paeozlaus
786 4712 909 4795 iunior,
941 4735 1051 4779 comes
1084 4714 1253 4801 Dirsicyn,
1280 4715 1438 4778 Nicolaus
1467 4713 1698 4793 cancellarius,
1729 4714 1888 4799 magister
1912 4714 2078 4780 Iohannes

425 4812 657 4894 cancellarius,
700 4812 880 4900 Gregorius
917 4817 1215 4898 subcancellarius,
1257 4823 1291 4882 et
1324 4837 1420 4901 quam
1455 4817 1565 4901 plures
1602 4815 1660 4880 alii
1695 4826 1761 4881 tam
1794 4817 1941 4901 religiosi
1981 4838 2077 4901 quani

424 4915 590 4980 seculares
600 4914 625 4984 ².
1448 4919 1452 4932 ‘

1086 5095 1499 5103 --.—.—.-——--——.-

527 5209 549 5273 1·)
568 5211 739 5263 dominatione
762 5211 789 5262 Τ
872 5208 894 5275 b)
912 5211 998 5278 quieto
1021 5209 1048 5261 Τ.
1129 5212 1150 5276 ⁸)
1168 5212 1281 5280 predicta
1303 5213 1331 5264 Τ.
1411 5211 1433 5279 d)
1452 5215 1523 5266 locus
1540 5224 1684 5282 corruptus.

526 5346 552 5414 1)
570 5345 748 5400 Kruscnunr
765 5343 794 5400 in
808 5361 889 5416 pron
908 5347 1010 5410 Peren,
1028 5363 1042 5399 e
1059 5345 1172 5400 meridie
1189 5347 1286 5418 oppidi
1302 5348 1462 5420 Bromberp.
1540 5351 1569 5419 2)
1587 5351 1797 5421 Arrtopraptum
1814 5352 1898 5406 tutus
1915 5350 2076 5422 diplomatis
2125 5371 2148 5406 n

420 5435 557 5502 repertam
579 5433 670 5487 antur
691 5447 746 5486 non
768 5436 820 5498 est,
846 5433 894 5488 sed
916 5434 976 5487 clia
999 5435 1122 5488 eiusdem
1146 5434 1307 5514 donationts
1329 5436 1431 5504 forma,
1459 5453 1540 5506 quam
1565 5438 1648 5492 iidem
1670 5446 1750 5494 testes
1774 5437 1863 5492 tribue
1886 5437 2075 5505 deficientibus

421 5516 650 5586 subrepserunt,
669 5519 699 5571 r'n
716 5521 875 5574 authentico
894 5526 976 5574 extat.
1015 5520 1157 5584 Pcrtbnclr,
1176 5520 1290 5576 Preces.
1310 5522 1378 5591 Rep.
1393 5539 1423 5591 p.
1444 5527 1489 5587 30,
1507 5540 1533 5579 n.
1555 5529 1592 5578 87
1610 5527 1769 5594 suspicatur
1787 5527 1910 5578 chartam
1928 5541 2009 5592 quarn
2026 5540 2076 5578 nos

420 5603 517 5656 dumus
533 5605 659 5671 spuriam
676 5621 740 5658 eser.
761 5635 790 5645 -
812 5606 889 5660 Haec
907 5606 1019 5660 donatio
1037 5623 1055 5660 n
1074 5607 1211 5676 Greycric
1223 5607 1272 5660 IX
1285 5624 1363 5678 papa
1382 5625 1408 5662 n.
1422 5613 1499 5671 rant,
1520 5613 1589 5677 Aug.
1604 5615 1622 5662 3
1639 5613 1833 5676 corrfirmntar5
1855 5609 1977 5673 Ttetnrr,
1998 5611 2075 5664 Mon.

421 5687 480 5742 Pol.
500 5692 518 5742 t.
537 5689 563 5752 I,
578 5707 608 5760 p.
625 5695 670 5754 25,
689 5707 716 5745 a.
737 5696 780 5746 57.
