4524 6412
768 413 966 474 surerenas
985 413 1173 475 senuc'rsn.
1207 421 1282 476 suae.
1791 425 1850 490 331

200 591 382 659 imitatione
411 589 501 678 digni
529 593 672 679 exempli
700 592 844 678 speciem
875 592 1132 679 representando
1155 593 1376 676 commendet,
1404 600 1438 660 et
1466 593 1509 660 ad
1539 594 1660 662 similia
1686 595 1853 663 invitando
1965 677 1967 683 Ι

200 695 369 762 accendat.
414 695 497 761 Cum
520 696 607 760 enim
632 716 727 760 omne
750 695 863 762 datum
886 696 1044 782 optimum
1069 703 1104 763 et
1127 719 1222 762 omne
1246 697 1368 763 donum
1389 697 1572 784 perfectum
1593 699 1634 766 de
1658 721 1786 766 sursum
1809 703 1853 768 sit
1865 723 1910 767 ras.
1926 728 1980 776 sm.

201 805 335 886 epatre
351 800 510 886 luminum
526 798 741 879 descendens,
765 799 820 884 qui
843 799 995 865 omnibus
1018 800 1074 865 dat
1087 801 1271 882 affluenter,
1294 801 1418 867 nemini
1434 803 1645 889 improperat,
1667 803 1854 870 hominibus

141 949 145 966 .
202 902 386 968 concedens
409 901 622 989 temporalia,
645 922 710 967 non
733 908 770 966 ut
789 903 920 989 placeat
942 910 999 968 aut
1022 902 1179 982 delectet,
1203 905 1279 988 quia
1299 905 1334 969 in
1357 905 1407 970 sui
1429 912 1544 970 natura
1566 926 1650 970 vana
1671 926 1757 992 vaga
1779 913 1855 972 sunt

204 1010 238 1069 et
267 1004 507 1091 corruptibilia,
543 1011 594 1070 set
620 1010 775 1090 tanquam
804 1025 918 1070 semen
953 1013 987 1071 et
1017 1008 1188 1072 materiam
1217 1006 1258 1072 ad
1286 1005 1471 1073 exercenda
1499 1007 1723 1074 misericordie
1754 1030 1855 1096 opera

200 1107 344 1193 henigne
361 1107 623 1188 subministrans,
647 1114 777 1194 oportet
793 1107 879 1173 diem
904 1115 1050 1175 extreme
1070 1111 1256 1191 messionis,
1280 1111 1408 1196 quando
1431 1132 1546 1177 omnes
1569 1112 1666 1178 simul
1687 1114 1721 1178 in
1743 1135 1855 1195 uuum,

200 1209 293 1276 dives
323 1216 358 1276 et
388 1232 526 1297 pauper,
553 1210 688 1277 stabunt
717 1217 793 1276 ante
821 1212 963 1276 tribunal
987 1213 1126 1280 districti
1155 1213 1294 1295 iudicis,
1324 1216 1484 1281 rationem
1512 1214 1553 1281 de
1577 1217 1727 1282 omnihus
1749 1217 1854 1302 gestis

201 1313 407 1382 strictissime
434 1313 609 1394 reddituri,
643 1314 799 1400 operibus
828 1315 975 1380 caritatis
998 1317 1181 1402 preveniri,
1212 1319 1246 1382 in
1268 1318 1365 1383 huius
1387 1319 1454 1384 vite
1477 1319 1532 1384 vis
1554 1320 1744 1386 seminando
1767 1320 1854 1406 quod

201 1424 279 1482 tuno
302 1423 445 1482 metatur
466 1417 500 1481 in
522 1418 639 1504 patria,
662 1416 790 1502 quando
814 1417 848 1482 in
864 1419 1069 1485 exultatione
1085 1420 1340 1506 reportabuntur
1361 1421 1520 1508 manipuli
1538 1423 1696 1490 bonorum
1718 1443 1854 1509 operum

202 1541 276 1586 cum
298 1519 407 1586 fructu
428 1521 626 1607 centuplato.
941 1509 947 1518 ⁸

307 1623 493 1711 Eaproptar
525 1644 587 1709 ego
623 1623 792 1689 Corradus
828 1624 938 1690 divina
973 1625 1185 1691 miseratione
1222 1624 1290 1691 dux
1319 1625 1469 1692 Mazovie
1500 1633 1534 1693 st
1562 1626 1698 1695 Cuiavie
1729 1631 1855 1696 cunctis

200 1727 410 1814 presentibus
433 1733 467 1792 et
488 1727 606 1792 futuris
624 1748 761 1814 presens
786 1729 943 1814 scriptum
967 1729 1165 1815 inspecturis
1188 1734 1301 1794 notum
1324 1750 1398 1795 esse
1414 1731 1499 1812 volo,
1522 1730 1609 1816 quod
1631 1753 1705 1796 cum
1720 1731 1856 1799 Pruteni

201 1839 236 1896 et
257 1831 315 1895 alii
337 1829 515 1895 Christiani
539 1832 679 1896 nominis
702 1832 828 1897 inimici
850 1854 1003 1918 magnam
1025 1840 1151 1919 partem
1178 1839 1341 1899 terrarum
1363 1855 1510 1900 mearum
1531 1835 1612 1922 ipsis
1636 1835 1857 1903 adiacentium

141 1949 147 1956 ·
201 1931 505 2020 depredationibus,
530 1933 692 1999 incendiis
716 1940 783 2000 tam
807 1935 1021 2000 ecelesiarum
1045 1956 1142 2022 quam
1166 1936 1305 2000 aliorum
1327 1937 1493 2017 locorum,
1515 1937 1800 2006 interfectionibus
1823 1947 1857 2005 et

140 2061 151 2098 s
205 2035 479 2121 captivationibus
502 2037 661 2117 virorum,
695 2037 869 2102 mulierum
891 2046 926 2104 et
948 2040 1176 2125 parvulorum,
1206 2041 1351 2126 peccatis
1382 2041 1548 2107 hominum
1571 2043 1627 2128 qui
1648 2043 1856 2109 Altissimum

201 2138 234 2202 in
249 2139 449 2205 vanitatibus
466 2140 540 2205 suis
558 2141 768 2206 irritaverunt
791 2142 1013 2227 exigentibus,
1036 2142 1271 2209 miserabiliter
1288 2143 1398 2208 divina
1411 2145 1628 2230 permissione
1643 2147 1856 2229 vastaverint,

201 2262 378 2327 eorumque
407 2244 463 2328 qni
489 2243 656 2309 Christum
687 2243 827 2311 oderunt
850 2267 983 2332 semper
1012 2245 1195 2312 ascendens
1225 2246 1380 2334 superbia
1402 2247 1579 2312 invaluerit
1600 2247 1699 2332 adeo,
1729 2257 1767 2315 ut
1794 2271 1856 2316 nec

200 2344 308 2410 adhuc
337 2347 443 2433 ipsum
473 2345 507 2410 in
536 2347 692 2414 membris
721 2348 792 2413 eius
815 2349 971 2435 persequi
999 2357 1132 2415 cessent
1155 2356 1211 2414 aut
1233 2348 1410 2428 desistant,
1439 2371 1505 2414 non
1529 2349 1635 2415 solum
1657 2372 1726 2433 res,
1757 2354 1855 2418 immo

201 2451 306 2534 magis
328 2450 436 2537 ipsum
459 2452 652 2536 sanguinem
668 2451 815 2517 fidelium
838 2452 925 2518 inter
947 2453 1090 2518 infinitas
1114 2460 1148 2519 et
1164 2452 1343 2518 horrendas
1365 2451 1481 2518 auditu
1504 2461 1539 2518 et
1561 2453 1650 2519 dictu
1664 2455 1853 2538 abusiones,

124 2576 131 2592 ·
202 2555 339 2638 quasin
362 2554 593 2619 contumeliam
616 2562 776 2620 exercent
791 2555 968 2636 Creatoris,
992 2557 1154 2636 sitientes,
1179 2576 1314 2642 sperans
1336 2577 1396 2643 per
1418 2556 1506 2621 viros
1528 2558 1701 2643 religiosos
1724 2579 1856 2624 manum

200 2657 344 2740 Domini,
368 2679 431 2744 que
453 2679 514 2724 nos
537 2659 664 2744 tetigit,
688 2666 722 2724 et
743 2659 911 2745 flagellum
933 2681 993 2725 sue
1016 2659 1249 2745 indignationis
1272 2660 1410 2746 placari,
1434 2661 1572 2744 eiusque
1595 2661 1727 2727 favente
1750 2663 1857 2747 gratia

201 2760 350 2846 quisuis
373 2761 491 2828 adesse
515 2762 695 2842 consuevit,
718 2783 779 2848 per
794 2761 916 2826 Christi
941 2762 1073 2844 milites,
1098 2783 1235 2848 quorum
1258 2784 1344 2849 spes,
1368 2763 1471 2828 virtus
1495 2770 1529 2828 et
1552 2765 1657 2849 gloria
1678 2763 1772 2830 Deus
1795 2770 1857 2846 est,

200 2863 371 2930 brachium
404 2864 603 2930 fortitudinis
638 2864 894 2930 Sarracenorum
930 2864 1181 2946 conterendum,
1223 2866 1340 2931 salutis
1381 2867 1490 2932 anime
1529 2887 1603 2933 mee
1640 2888 1679 2932 ao
1711 2887 1858 2933 meorum

201 2973 381 3053 eternaque
407 2968 632 3033 retributionis
665 2967 802 3049 iutuitu,
838 2989 877 3034 ao
904 2968 947 3034 ob
976 2967 1203 3034 defensionem
1231 2967 1377 3034 fidelium
1403 2969 1437 3034 in
1465 2969 1619 3052 Polouia,
1649 2991 1753 3036 uxore
1781 2991 1857 3036 mea
1958 2965 1962 2970 ’

138 3088 149 3125 s
202 3069 320 3156 Agalla
348 3071 489 3156 filiisque
518 3073 600 3138 meis
623 3071 795 3152 Bolezlao,
825 3070 1008 3154 Kanimiro,
1038 3072 1207 3140 Semovito
1236 3094 1395 3160 expresse
1427 3072 1468 3138 de
1497 3073 1584 3139 bona
1614 3080 1648 3139 et
1675 3081 1857 3162 spontanea

200 3174 368 3240 voluntate
384 3175 678 3256 consentientibus,
694 3174 872 3240 accedente
887 3195 1015 3261 quoque
1031 3176 1169 3241 oonsilio
1185 3182 1220 3240 et
1234 3196 1398 3242 consensu
1413 3176 1653 3263 episcoporum,
1668 3183 1856 3262 magnatum

201 3297 239 3340 ac
261 3277 421 3342 maiorum
443 3283 530 3342 terre
561 3299 651 3360 mee,
682 3276 758 3343 dedi
787 3285 821 3344 et
851 3279 975 3344 contuli
997 3279 1154 3366 hospitali
1178 3285 1289 3345 sancte
1312 3279 1417 3345 Maria
1439 3279 1555 3347 domus
1578 3281 1857 3346 Theutonicorum

201 3386 236 3444 et
269 3378 425 3444 fratribus
461 3380 609 3447 eiusdem
641 3380 763 3446 ordinis
795 3382 911 3447 domus
943 3388 1048 3447 totum
1076 3389 1110 3448 et
1142 3404 1186 3448 ex
1217 3383 1347 3467 integro
1377 3380 1515 3448 Colman
1549 3383 1749 3449 territorium
1783 3405 1857 3449 oum

201 3482 352 3547 omnihus
376 3483 444 3548 suis
467 3485 648 3550 attinentiis
671 3484 712 3549 ab
736 3505 776 3550 eo
798 3485 882 3566 loeo,
904 3486 963 3550 ubi
977 3485 1178 3551 Dravssnna¹
1203 3484 1378 3571 egreditur
1392 3485 1549 3550 terminos
1571 3485 1718 3569 Prusoie,
1742 3492 1776 3552 et
1797 3506 1857 3572 per

203 3584 399 3652 descensum
421 3587 570 3653 eiusdem
592 3589 733 3653 fluminis
755 3609 860 3673 usque
883 3589 917 3653 in
932 3587 1086 3670 Winlam,
1110 3595 1144 3655 et
1166 3589 1200 3653 in
1222 3587 1385 3654 descensu
1401 3587 1509 3654 Winle
1532 3608 1636 3673 usque
1658 3589 1701 3654 ad
1724 3587 1857 3670 Osam²,

203 3699 237 3757 et
258 3712 318 3778 per
339 3711 512 3759 ascensum
529 3692 596 3760 Osa
618 3714 722 3779 usque
746 3692 787 3758 ad
810 3693 967 3758 terminos
989 3693 1136 3773 Prusoie,
1159 3693 1193 3757 in
1215 3713 1326 3759 veram
1348 3699 1382 3758 et
1403 3699 1598 3779 perpetuam
1622 3693 1858 3780 proprietatem

202 3794 435 3881 possidendum
450 3797 549 3883 pleno
572 3796 642 3862 iure
665 3796 842 3860 cumomni
861 3795 1026 3876 libertate,
1049 3795 1157 3861 fructu
1180 3802 1215 3862 et
1229 3797 1383 3876 utilitate,
1405 3801 1508 3860 totam
1524 3800 1645 3860 terram
1661 3815 1736 3860 cum
1751 3795 1855 3880 aquis,

202 3917 422 3983 aquarumque
445 3898 657 3979 decursibus,
686 3899 827 3983 stagnis,
855 3897 1051 3984 paludibus,
1081 3899 1263 3976 montibus,
1284 3898 1441 3980 vallibus,
1471 3897 1626 3978 saltibus,
1656 3896 1856 3978 nemoribus,

203 4000 306 4080 silvis,
328 4001 482 4083 arbustis,
504 4002 619 4088 pratis,
642 4002 791 4088 pascuis,
815 4001 966 4066 omnibus
989 4003 1086 4067 cultis
1109 4009 1144 4068 et
1166 4002 1315 4083 incultis,
1339 4003 1401 4068 viis
1424 4007 1458 4068 et
1480 4002 1594 4082 inviis,
1617 4021 1690 4066 oum
1713 3999 1858 4064 omnium

205 4124 318 4169 eorum
340 4104 446 4170 libera
474 4110 508 4170 et
530 4106 629 4191 plena
651 4105 792 4170 utilitate
823 4111 857 4171 et
883 4105 1006 4186 fructu,
1036 4126 1099 4192 que
1128 4106 1162 4170 in
1192 4104 1350 4192 predictis
1377 4105 1527 4171 omnibus
1560 4110 1636 4170 sunt
1657 4102 1711 4170 vel
1737 4103 1859 4168 fuerint

205 4207 347 4288 inventa,
370 4208 564 4295 apparentia
585 4209 639 4272 vel
662 4208 801 4288 occulta,
826 4215 859 4273 et
882 4209 1072 4295 specialiter
1094 4210 1164 4274 sive
1187 4229 1303 4274 aurum
1326 4209 1396 4274 sive
1420 4215 1592 4294 argentum
1614 4208 1668 4272 vel
1690 4207 1756 4272 elia
1777 4227 1857 4292 qne-

205 4333 332 4397 cunque
355 4313 485 4399 species
508 4313 573 4378 eris
596 4313 650 4378 vel
672 4313 879 4378 metallorum
905 4319 962 4378 aut
990 4333 1177 4398 gemarum,
1207 4311 1315 4377 fontes
1337 4312 1496 4378 volvens
1525 4311 1621 4392 salis,
1649 4317 1682 4375 et
1704 4308 1859 4395 quicquid

205 4416 336 4480 omnino
359 4417 393 4480 in
416 4423 505 4482 terra
527 4416 581 4481 vel
604 4437 702 4503 snpra
723 4417 777 4482 vel
800 4416 833 4482 in
857 4417 950 4501 aquis
974 4417 1142 4483 inventum
1164 4416 1279 4497 fuerit,
1303 4421 1450 4481 castores
1473 4422 1507 4481 et
1530 4434 1644 4480 ornnes
1666 4414 1858 4479 venationes

205 4539 406 4604 quarumque
437 4519 593 4601 ferarum,
625 4520 825 4606 piscationes
862 4541 992 4606 quoque
1023 4520 1162 4607 piscium
1192 4520 1334 4585 omniurn
1363 4539 1522 4605 generum
1554 4539 1628 4583 cum
1655 4517 1737 4604 ipsis
1764 4516 1859 4601 aquis

205 4621 376 4708 predictis,
410 4630 444 4688 et
471 4624 559 4688 omni
587 4645 699 4688 aarum
731 4630 891 4709 proventu
920 4630 954 4689 et
980 4624 1125 4690 utilitate
1155 4623 1188 4687 in
1215 4622 1467 4709 piscationibus,
1501 4621 1656 4706 navigiis,
1687 4619 1860 4706 passagiis,

204 4725 374 4810 pontibus,
406 4724 602 4791 molendinis
625 4733 659 4791 et
681 4727 813 4804 insulis,
844 4747 918 4791 oum
941 4726 1045 4808 villis,
1074 4727 1207 4807 eastris,
1236 4725 1360 4812 opidis,
1389 4724 1551 4810 grangiis,
1580 4723 1679 4803 foris,
1708 4723 1859 4803 monetis,

205 4827 369 4914 pedagiis,
401 4828 565 4895 theloneis
599 4835 760 4894 terrarum
794 4835 828 4894 et
865 4850 1038 4914 aquarum,
1074 4837 1108 4894 et
1136 4830 1268 4894 omuino
1299 4849 1372 4894 cnm
1401 4827 1552 4892 omnibus
1581 4826 1744 4892 contentis
1776 4826 1861 4890 inter

205 4930 326 4996 limites
342 4931 509 5019 predictos
532 4939 566 4998 et
587 4933 684 5019 plano
708 4933 778 4997 iure
801 4953 840 4997 ao
857 4932 985 5017 integra
1005 4933 1168 5014 libertate,
1188 4934 1336 5019 ipsorum
1353 4930 1453 4997 etiam
1467 4930 1608 4994 limitum
1625 4928 1696 4993 sius
1714 4927 1861 5012 qualibet

207 5032 439 5117 diminutione,
467 5056 539 5100 cum
564 5035 653 5100 omni
675 5034 799 5100 honore
823 5041 857 5100 ot
878 5035 1119 5116 iurisdictione,
1147 5035 1294 5122 perfecto
1318 5040 1451 5099 atvero
1474 5030 1635 5110 dominio,
1658 5029 1859 5116 proprietate

207 5143 241 5201 et
262 5139 472 5224 possessione
495 5139 639 5203 omnium
660 5138 883 5225 predictorum
905 5145 939 5204 et
961 5138 1100 5204 aliorum
1124 5139 1279 5218 omnium,
1303 5157 1366 5222 que
1389 5137 1423 5200 in
1445 5133 1627 5222 privilegiis
1651 5131 1861 5218 largitionum

206 5239 240 5303 in
262 5239 460 5306 favorabiles
483 5240 648 5327 quaslibet
668 5261 827 5328 personas
851 5242 903 5306 vel
926 5241 1001 5306 loca
1022 5241 1056 5305 in
1078 5241 1242 5321 favorem,
1277 5237 1483 5304 commodum
1506 5242 1540 5300 et
1562 5235 1724 5300 cautelam
1747 5253 1861 5299 eorum

207 5342 325 5427 quibus
359 5343 526 5409 confertur
559 5345 722 5410 conscribi
759 5344 867 5411 solent
900 5351 956 5410 aut
989 5349 1146 5431 possunt,
1186 5343 1233 5408 ita
1269 5349 1306 5407 ut
1342 5339 1538 5406 beneficium
1570 5359 1643 5404 mee
1677 5338 1861 5404 collationis

348 5511 358 5515 ..
372 5511 451 5516 -,-
496 5509 572 5514 ...-
579 5509 1053 5522 .-....-.......,.-.--,.,.-,......,....
1062 5509 1252 5515 -ῄψ,
1261 5507 1421 5514 ..μ-...-

310 5615 337 5682 1)
357 5632 371 5668 a
388 5615 501 5670 mer-idio
518 5618 616 5686 oppidi
637 5617 730 5672 flaons
745 5616 776 5670 iss
800 5615 916 5672 Wirlam
933 5614 1035 5684 influit.
1109 5616 1138 5684 ⁶2)
1156 5631 1191 5670 erc
1208 5615 1394 5685 septentrione
1410 5614 1508 5684 oppidi
1526 5612 1677 5668 Grosdms
1693 5613 1725 5666 ss
1748 5611 1863 5666 Wirlon

205 5699 307 5772 refluet.
1601 5793 1655 5846 42*
