4576 6390
1020 367 1069 430 EX
1087 367 1263 430 eaeaosss
1280 369 1319 429 IX
1337 371 1518 430 REGISTRO

536 641 767 716 Unive'rsis
793 640 959 715 domini
986 641 1130 714 nostri
1157 641 1257 716 Iesu
1285 641 1452 717 Christi
1478 638 1689 716 fidelihus
1716 661 1795 735 per
1821 663 2005 736 regnum

602 763 788 858 Francie
815 761 1095 850 constitutis,
1124 763 1174 835 ad
1206 784 1321 854 quos
1346 763 1496 836 littere
1523 762 1607 835 iste
1635 765 1934 853 pervenerint.

550 911 675 978 Rachel
692 921 806 976 suum⁸
822 909 936 974 videns
957 910 991 973 in
1007 931 1085 974 vere
1101 909 1178 974 fidei
1195 912 1380 996 cognitione
1399 911 1605 998 principium,
1628 914 1887 978 accrescentium
1906 915 1940 979 in
1957 918 2104 981 salutem

444 1023 478 1082 et
498 1017 639 1080 filiorum
656 1014 793 1080 dextere
817 1014 871 1099 pia
895 1019 1008 1090 mater,
1033 1019 1146 1077 sancta
1158 1011 1308 1077 Romana
1323 1014 1474 1095 ecclesia,
1499 1014 1590 1092 cuius
1614 1036 1733 1100 magna
1756 1023 1808 1081 est
1826 1020 1919 1102 quasi
1945 1041 2037 1084 mare
2062 1020 2104 1084 de

270 1141 349 1182 rema.
369 1144 423 1192 me.
444 1140 502 1184 sue
526 1120 627 1206 prolis
650 1119 877 1184 internecione
902 1117 1063 1198 contritio,
1087 1138 1200 1181 vocem
1218 1118 1474 1198 lamentationis,
1497 1119 1595 1182 fletus
1619 1126 1653 1183 et
1674 1120 1782 1185 luctus
1807 1123 1915 1186 emisit
1938 1123 2103 1188 hactenus

444 1230 478 1287 et
501 1223 636 1304 emittit,
669 1243 765 1316 quam
796 1220 902 1285 audiri
933 1222 1082 1307 cupimus
1110 1221 1142 1284 in
1174 1222 1326 1298 excelso,
1358 1228 1393 1285 ut
1423 1241 1481 1304 per
1504 1222 1591 1286 diem
1616 1228 1648 1286 et
1678 1231 1808 1288 noctem
1838 1224 1985 1289 fidelium
2016 1226 2106 1289 oculi

444 1325 565 1390 doloris
589 1327 758 1412 lacrimam
775 1325 977 1390 deducentes
1000 1345 1064 1388 non
1087 1331 1229 1405 taceant,
1253 1331 1287 1389 et
1309 1325 1413 1390 donec
1435 1326 1631 1390 misereatur
1644 1325 1821 1408 Dominus,
1839 1349 1904 1391 non
1920 1329 2106 1414 quiescant.

443 1428 659 1495 Lamentatur
680 1436 801 1509 autem,
827 1429 904 1513 quia
919 1427 1034 1492 domus
1052 1427 1183 1491 celestis
1206 1427 1310 1513 panis,
1334 1449 1427 1492 mons
1445 1427 1545 1514 Syon,
1568 1428 1654 1493 unde
1677 1429 1733 1493 lex
1756 1431 1847 1512 exiit,
1872 1432 1990 1496 civitas
2014 1433 2105 1517 regis

443 1533 569 1617 magni,
599 1531 639 1598 de
664 1554 728 1618 qua
751 1532 838 1596 dicta
862 1529 956 1595 suntb
979 1530 1082 1594 multa
1103 1530 1261 1614 gloriosa,
1292 1538 1395 1612 terra,
1427 1553 1524 1617 quam
1546 1531 1611 1598 Dei
1633 1533 1719 1598 filius
1742 1533 1816 1598 fuso
1839 1556 1897 1619 pro
1921 1537 2018 1600 nobis
2044 1557 2104 1600 suo

444 1637 603 1722 sanguine
628 1636 850 1716 consecravit,
883 1634 974 1719 regni
998 1634 1097 1698 robur
1124 1639 1158 1698 ct
1189 1634 1463 1721 pulchritudinem
1493 1635 1664 1721 perdidit0.
1708 1636 1798 1718 Flet,
1830 1639 1907 1722 quia
1936 1638 2104 1723 quondam

444 1741 550 1805 libera
573 1739 632 1804 suh
663 1737 785 1826 impie‘l
808 1737 990 1824 tyrannidis
1019 1738 1095 1822 iugo
1127 1739 1256 1802 servit⁰.
1301 1738 1423 1823 Luget,
1457 1740 1533 1824 quia
1561 1740 1617 1805 ubi
1644 1761 1760 1825 pacem
1787 1741 1962 1805 multitudo
1986 1741 2104 1805 militie

446 1844 578 1907 celestis
609 1843 742 1924 cecinit,
776 1831 822 1906 ibi
851 1861 1006 1926 pressura
1038 1841 1145 1925 gentis
1174 1841 1431 1906 immundissime
1462 1840 1638 1923 scandulas,
1670 1842 1853 1908 simultates
1885 1851 1918 1908 et
1948 1845 2107 1909 scismata

447 1947 631 2028 suscitavit,
662 1968 700 2012 ac
725 1948 884 2010 innovans
908 1943 1045 2009 exordia
1074 1945 1251 2030 preliorum
1274 1945 1364 2008 misit
1385 1943 1427 2007 ad
1450 1943 1679 2009 desiderabilia
1703 1967 1833 2010 manum
1857 1968 1967 2028 suam,
1993 1969 2104 2012 sacer-

446 2049 546 2115 doctis
569 2058 602 2115 et
625 2071 791 2115 sacrorum
807 2048 956 2114 ordinum
979 2049 1051 2134 pias
1074 2048 1166 2132 leges
1191 2055 1225 2112 et
1247 2048 1350 2133 ipsius
1370 2055 1485 2112 nature
1508 2049 1580 2112 iura
1601 2048 1753 2133 relegans
1777 2071 1796 2112 a
1818 2050 1940 2135 templo
1956 2049 2104 2128 Domini,

291 2173 370 2215 rusa.
386 2176 427 2224 1‚r.
446 2152 604 2219 diversish
627 2155 674 2219 ibi
691 2155 856 2241 spurcitiis
873 2159 906 2217 et
921 2152 1218 2217 abominationibus
1236 2151 1438 2217 introductis.
1484 2151 1528 2216 Et
1550 2151 1624 2216 ideo
1640 2151 1821 2217 Ierusalem
1843 2153 1877 2217 in
1901 2153 1967 2217 suis
1991 2153 2104 2218 derisa

446 2257 592 2322 sabbatis
617 2257 788 2322 obsorduit
811 2258 904 2343 quasi
928 2235 1053 2342 polluis
1076 2257 1252 2320 menstruis
1282 2256 1369 2319 inter
1398 2254 1537 2320 hostesi.
1582 2255 1667 2320 Nam
1689 2257 1767 2321 licet
1790 2255 1908 2320 dudum
1933 2257 2104 2321 carissimo

445 2361 478 2423 in
503 2359 634 2424 Christo
657 2361 725 2426 tilio
748 2367 859 2426 nostro
883 2360 1093 2442 Fretherico,
1124 2358 1346 2423 Romanorum
1369 2359 1559 2445 imperatori
1582 2380 1712 2444 semper
1734 2366 1890 2443 augusto,
1920 2359 2104 2424 Ierusalem

445 2470 478 2530 et
503 2464 615 2528 Sicilie
638 2465 710 2548 regi
732 2465 865 2544 illustri,
895 2464 1011 2527 civitas
1042 2463 1158 2530 eadem
1184 2469 1296 2548 preter
1326 2463 1484 2547 templum
1506 2461 1641 2526 Domini
1663 2463 1764 2526 fuerit
1791 2463 1958 2542 restituta,
1992 2469 2105 2526 tamen

445 2568 522 2652 quia
544 2565 636 2632 Deus
660 2569 867 2654 omnipotens
897 2574 974 2631 tunc
997 2567 1259 2651 magnificentius
1283 2586 1382 2650 agere
1406 2587 1479 2629 oum
1506 2567 1628 2650 populo
1652 2563 1862 2630 Christianok
1885 2586 1949 2629 non
1971 2565 2105 2646 adiecit,

444 2671 622 2756 imperator
649 2670 815 2756 predictus
846 2677 979 2754 treugas
1015 2671 1088 2733 iniit
1117 2690 1189 2734 cum
1221 2668 1373 2747 soldano,
1408 2689 1543 2752 quarum
1577 2669 1734 2732 terminus
1766 2668 1848 2733 adeo
1882 2675 1933 2733 est
1963 2669 2103 2748 vicinus,

445 2772 532 2858 quod
563 2780 693 2859 tempus
725 2773 869 2838 medium
896 2772 1119 2860 properationi
1142 2773 1197 2835 vix
1227 2771 1376 2836 sufficere
1407 2770 1563 2852 creditur,
1594 2772 1658 2835 nisi
1686 2771 1727 2835 ad
1755 2793 1884 2856 queque
1914 2773 2105 2836 necessaria

445 2897 504 2962 per
536 2875 844 2962 promptitudinem,
881 2898 972 2962 spem
1009 2883 1042 2942 et
1072 2876 1235 2940 fervorem
1268 2873 1345 2939 fidei
1377 2875 1560 2941 festinetur.
1609 2875 1662 2939 Ad
1696 2877 1767 2940 eius
1801 2898 1879 2962 ergo
1912 2897 2105 2940 succursum

445 2980 571 3042 nullum
594 2978 706 3044 tedcat
728 2979 931 3065 peregrinari
961 2984 995 3042 et
1024 2999 1083 3064 pro
1115 2977 1221 3063 patria
1244 2984 1371 3041 certare
1395 2998 1469 3041 cum
1500 2999 1558 3064 spe
1581 2979 1733 3058 victorie,
1762 3001 1821 3066 pro
1851 3001 1987 3060 corona,
2019 2980 2105 3043 mori

446 3103 504 3166 pro
528 3083 605 3161 vita,
628 3103 687 3167 pro
710 3082 948 3147 illo'sustinere
969 3082 1009 3146 ad
1033 3078 1176 3167 tempus¹
1199 3080 1280 3144 dura
1304 3087 1337 3144 et
1358 3082 1475 3162 tristia,
1499 3083 1553 3167 qui
1575 3082 1766 3147 confusione
1784 3088 1980 3168 contempta,
2005 3089 2104 3168 sputo

447 3206 654 3270 conspersus,
678 3185 852 3270 colaphism
876 3207 981 3264 cesus,
1005 3184 1145 3269 flagellis
1161 3184 1312 3263 afflictus,
1337 3184 1438 3270 spinis
1463 3192 1648 3264 coronatus,
1672 3207 1780 3250 coram
1802 3185 1910 3250 Pilato
1935 3185 2006 3249 sisti
2028 3191 2103 3248 tan-

448 3309 545 3372 quam
568 3288 744 3352 multorum
768 3288 937 3352 criminum
961 3309 1036 3351 reus
1059 3287 1204 3371 pertulit,
1228 3286 1269 3350 ad
1291 3287 1442 3351 ultimum
1467 3290 1641 3354 crucifixus
1665 3295 1698 3354 et
1719 3289 1797 3353 felle
1820 3295 1961 3375 potatus,
1985 3289 2103 3354 lancea

446 3391 641 3477 perforatus,
666 3394 819 3457 emittens
843 3415 917 3458 cum
941 3393 1082 3456 clamore
1099 3390 1207 3455 valido
1232 3391 1381 3477 spiritum
1404 3413 1462 3478 pro
1480 3392 1675 3458 conditionis
1698 3392 1842 3456 humane
1859 3392 1981 3456 viribus
2005 3413 2103 3478 repa-

447 3495 568 3576 randis,
592 3517 721 3561 cursum
744 3498 907 3584 presentis
924 3496 990 3559 vite
1015 3500 1180 3558 saturatus
1203 3495 1331 3559 iniuriis
1348 3497 1595 3561 consummavit.
1640 3497 1705 3560 Hic
1729 3502 1780 3560 est
1802 3503 1921 3576 autem,
1944 3500 1981 3558 ut
2002 3495 2104 3560 altius

447 3606 652 3684 repetamus,
685 3601 739 3685 qui
761 3599 803 3664 dc
826 3607 984 3687 paternen
1008 3598 1090 3662 solio
1114 3598 1219 3682 glorie
1244 3599 1323 3663 celis
1347 3599 1541 3664 mirabiliter
1568 3599 1732 3663 inclinatis
1756 3596 1798 3662 ad
1820 3604 1932 3662 nostre
1954 3600 2103 3663 mortali-

448 3705 524 3768 tatis
546 3705 612 3768 ima
634 3704 854 3784 descendens,
878 3723 942 3767 non
965 3701 1160 3787 dedignatus
1184 3710 1236 3767 est
1257 3703 1349 3768 Deus
1372 3705 1498 3783 hom00,
1522 3711 1651 3769 creator
1673 3708 1823 3768 creatura
1844 3702 1925 3782 fieri,
1950 3703 2102 3788 sucipere

447 3807 597 3873 dominus
620 3808 759 3872 formam
783 3807 886 3888 servi,
914 3808 1028 3892 utqui
1061 3828 1126 3870 non
1156 3814 1344 3894 poteramus
1367 3829 1427 3892 per
1449 3814 1594 3872 nostram
1623 3807 1781 3871 iustitiam
1805 3826 1937 3890 sperare
1960 3805 2103 3886 veniam,

448 3911 616 3976 consecuti
639 3933 699 3998 per
721 3910 782 3974 hcc
806 3911 944 3995 gratiam
965 3908 1156 3990 inauditam,
1179 3909 1319 3975 heredes
1335 3908 1410 3990 Dei,
1434 3909 1615 3974 coheredes
1638 3916 1748 3974 autem
1765 3907 1898 3986 Christi,
1920 3907 2104 3972 divinitatis

447 4015 662 4094 consortium,
693 4014 860 4078 felicitatis
892 4019 1005 4078 eterne
1028 4013 1236 4099 participium
1264 4013 1461 4078 sortiremur.
1507 4012 1552 4076 Et
1579 4015 1675 4079 licen
1704 4034 1763 4099 per
1791 4012 1928 4096 gratiam
1955 4011 2105 4096 adoptati

448 4119 593 4205 quotidie
610 4139 725 4182 causas
745 4117 991 4202 ingratitudinis
1009 4119 1222 4194 cumulemus,
1245 4117 1317 4202 ipse
1340 4123 1451 4181 tamen
1473 4114 1618 4182 abundat
1640 4119 1674 4181 in
1696 4118 1819 4183 divitiis
1835 4118 2001 4196 bonitatis,
2024 4115 2104 4179 dum

447 4231 582 4310 propter
596 4222 821 4287 diversitatem
837 4223 1051 4302 voluntatum,
1067 4223 1193 4298 virium,
1210 4221 1430 4300 facultatum,
1454 4219 1719 4305 delinquentibus
1735 4221 1865 4286 diversa
1878 4243 1936 4307 pro
1952 4227 2102 4306 tempore

449 4325 673 4391 satisfaciendi
708 4346 831 4410 genera
861 4325 1014 4402 contulit,
1046 4325 1136 4389 varia
1167 4322 1322 4388 medendi
1356 4323 1588 4408 languentibus
1626 4323 1772 4389 remedia
1803 4325 1986 4402 suscitavit,
2023 4323 2103 4386 dum

449 4437 589 4509 terram,
618 4429 652 4492 in
674 4450 738 4512 qua
760 4429 865 4509 nasci,
892 4429 974 4492 mori
998 4434 1031 4492 et
1053 4448 1226 4511 resurgere
1249 4425 1369 4507 voluit,
1401 4426 1514 4490 tandiu
1536 4427 1577 4491 ad
1600 4429 1868 4494 exercitationem
1891 4427 2036 4492 fidelium
2058 4426 2102 4490 ab

449 4532 636 4597 infidelibus
660 4530 801 4596 detineri
828 4533 1004 4618 permittit,
1038 4552 1109 4596 cum
1141 4550 1206 4593 non
1235 4529 1277 4592 sit
1300 4529 1491 4595 abbreviata
1519 4552 1635 4595 manus
1659 4530 1793 4596 Domini
1821 4552 1880 4594 nec
1903 4531 2006 4594 virtus
2030 4530 2102 4593 eins

451 4639 484 4701 in
507 4636 617 4720 aliquo
635 4633 804 4714 diminuta,
827 4637 905 4719 quin
923 4657 1005 4714 eam,
1030 4635 1114 4698 sicut
1136 4633 1216 4697 fecit
1231 4639 1348 4697 cuncta
1367 4632 1407 4697 de
1423 4633 1556 4714 nichilo,
1580 4634 1721 4700 liberare
1738 4634 1846 4699 valeat
1868 4635 1901 4697 in
1924 4639 2101 4697 momento.

451 4738 518 4803 Sed
546 4738 619 4801 illas
650 4733 886 4823 compassionis
917 4745 950 4802 et
981 4737 1166 4802 dilectionis
1190 4747 1325 4802 causasr
1354 4737 1496 4822 exquirit
1527 4738 1568 4801 ab
1599 4737 1746 4818 homins,
1776 4737 1894 4823 quibus
1923 4736 1964 4800 ad
1994 4737 2101 4801 omnis

451 4843 739 4908 consummationis
767 4842 865 4906 finem
895 4843 1043 4928 legisque
1073 4838 1311 4927 plenitudinem
1335 4840 1571 4906 ostendendam
1598 4842 1669 4928 ipsc
1699 4842 1789 4928 prior
1821 4842 1945 4906 homini
1973 4839 2102 4926 perdito

554 5137 576 5202 ⁸)
594 5139 631 5188 ita
653 5139 682 5189 in
705 5138 767 5205 ch.
791 5139 930 5190 aectuedam
952 5137 1080 5188 Pertaium
1101 5145 1125 5187 et
1142 5154 1183 5202 op.
1202 5137 1253 5198 Μ.,·
1279 5155 1356 5189 suum
1382 5139 1465 5189 onrieit
1486 5137 1551 5203 1209.
1632 5135 1653 5201 Ι’)
1667 5155 1720 5202 pro
1742 5143 1803 5188 sunt
1825 5154 1868 5202 op.
1892 5137 1929 5187 M.
1952 5145 1978 5188 et
1999 5138 2100 5204 scripta.

450 5224 471 5289 ο)
488 5224 567 5275 robur
584 5225 694 5290 perdidit
711 5233 737 5276 st
755 5224 929 5276 tortitudinem
947 5223 985 5273 Μ.
1076 5221 1098 5286 d)
1117 5224 1194 5289 impio
1212 5223 1251 5274 M.
1346 5224 1367 5289 θ)
1380 5242 1434 5290 pro
1452 5223 1532 5274 servit
1549 5240 1591 5287 ap.
1611 5222 1648 5272 Μ.
1667 5223 1768 5288 cogitur
1784 5223 1914 5274 ancillare.
2010 5219 2034 5286 ‘)
2047 5242 2102 5289 pro

449 5309 569 5360 scandala
586 5325 628 5374 op.
647 5307 685 5358 M.
704 5309 881 5360 scandalorum
899 5309 1021 5375 spurcitie
1039 5309 1248 5359 abhominabiles.
1343 5306 1364 5374 ἔ)
1382 5309 1518 5359 sacerdotii
1535 5308 1603 5358 decet
1620 5326 1662 5374 ap.
1682 5308 1720 5358 Μ.
1816 5305 1839 5372 ¹¹)
1858 5325 1900 5374 ap.
1919 5309 1956 5359 M.
1976 5310 2101 5374 aequuum:

449 5395 544 5446 ibidem
561 5395 692 5460 spurcitiis
703 5395 896 5446 detestabilibus
914 5404 940 5447 et
957 5395 1134 5462 ignominiosis
1146 5395 1216 5445 vitiis
1227 5395 1387 5458 introductis,
1405 5395 1513 5460 turpiter
1530 5396 1558 5444 in
1575 5412 1623 5445 suo
1641 5402 1751 5445 stercore
1767 5396 1955 5460 computrescit.
2003 5394 2020 5458 ¹)
2038 5413 2100 5446 euos
2154 5419 2181 5458 ⁴5

448 5481 516 5532 inter
533 5481 650 5531 inimicos
668 5479 706 5530 Μ.
813 5481 836 5546 ¹¹)
855 5483 950 5548 populo
968 5500 1015 5533 suo
1033 5482 1181 5532 Christiano
1198 5481 1236 5530 M.
1333 5479 1350 5544 ¹)
1369 5481 1401 5530 ad
1419 5488 1520 5547 tempus
1538 5482 1606 5532 dccet
1624 5500 1666 5548 ap.
1685 5483 1722 5534 M.
1823 5481 1852 5546 Ι“)
1870 5498 1945 5532 cesus
1962 5482 2043 5548 alapis
2060 5483 2100 5532 M.

449 5566 472 5632 ΙΙ)
490 5574 595 5633 paterno
613 5566 651 5616 Μ.
738 5565 761 5632 ⁰)
778 5569 849 5618 Deus
867 5574 893 5618 ct
909 5569 984 5619 horno
1002 5566 1040 5618 M.
1128 5567 1151 5631 ¹²)
1170 5568 1309 5617 licet—in
1326 5565 1418 5616 oblatis
1436 5567 1595 5618 voluntatem
1612 5585 1643 5618 ec
1661 5567 1745 5635 Rapa.
1826 5568 2015 5634 procultorem
2036 5567 2101 5636 qu.

449 5661 473 5708 ct
490 5652 527 5704 M.
611 5653 631 5718 r)
648 5653 743 5719 gratias
761 5652 826 5718 Ray.
844 5662 867 5703 et
884 5654 922 5705 M.
1301 5667 1303 5672 ·
