4494 6426
409 354 450 414 90
663 309 665 316 Ι
996 349 1043 402 EX
1061 349 1217 405 HONORII
1236 351 1275 405 111
1294 349 1474 405 REGISTRO

410 529 526 610 gentas
560 529 593 588 et
626 520 780 588 undecim
810 542 937 586 marcas
972 522 1099 607 argenti
1133 529 1167 588 et
1200 525 1337 609 triginta
1370 529 1403 589 ct
1437 529 1510 588 octo
1541 545 1667 590 marcas
1680 525 1762 594 „auri
1795 545 1815 589 a
1842 522 1963 588 dilecto
1992 523 2058 588 filio

409 627 565 713 magistro
588 625 762 705 Accontic‚
794 627 963 712 capellano
987 631 1114 706 nostro,
1138 647 1234 711 quem
1257 633 1392 714 propter
1413 628 1475 691 hoo
1498 627 1539 691 ad
1562 635 1672 715 partes
1695 629 1769 693 illas
1793 628 1990 708 direximus,
2017 627 2058 693 de

409 731 567 795 vicesima
589 728 735 813 ngarie
764 735 978 815 receperunt,
1007 751 1045 794 ac
1074 730 1240 794 debebant
1272 729 1378 794 adhuc
1406 731 1553 817 recipere
1585 730 1724 816 quedam
1751 732 1833 812 alia,
1867 732 1909 794 dc
1940 731 2059 816 quibus

410 833 492 897 ratio
524 831 668 896 nondum
703 837 774 896 erat
809 831 917 896 eidem
948 831 1076 896 reddita
1105 834 1292 918 capellauo;
1327 854 1388 918 que
1421 835 1530 898 omnia
1558 835 1590 898 in
1627 835 1761 900 instanti
1790 836 1944 921 passagio
1975 835 2061 898 ultra

409 958 499 1002 mare
524 934 702 1000 transmitti
724 941 758 999 ct
780 934 840 1014 tibi
863 936 1025 1020 assignari
1048 936 1272 1000 mandavimus
1289 959 1349 1022 per
1365 937 1509 1004 eosdem.
1555 937 1783 1003 Mandavimus
1805 939 1905 1003 etiarn
1919 959 2058 1004 venera·
2101 952 2113 989 ὁ

410 1041 469 1106 bili
492 1031 583 1102 fratri
603 1033 718 1103 ‘nostro
743 1086 750 1100 .
775 1087 783 1101 .
807 1038 1054 1124 archiepiscopo
1076 1039 1232 1103 lanucusi
1248 1039 1277 1120 ¹,
1308 1045 1345 1102 ut
1372 1039 1547 1103 valentiam
1581 1043 1670 1106 mille
1695 1043 2006 1128 quadringentarum
2030 1049 2063 1106 ct

412 1141 648 1228 quinquaginta
677 1147 751 1205 coto
779 1141 936 1205 librarum
966 1141 1178 1206 Ianuensium
1201 1142 1372 1222 minorum,
1406 1163 1502 1226 quarn
1533 1141 1574 1207 de
1605 1143 1833 1230 redemptione
1855 1149 2006 1208 votorum
2030 1149 2064 1207 et

410 1247 568 1312 vicesima
590 1266 649 1311 sue
672 1245 813 1310 diocesis
845 1244 991 1310 habebat
1014 1246 1047 1309 in
1072 1246 1238 1330 sterlingis
1263 1251 1296 1309 et
1318 1246 1391 1310 aliis
1415 1247 1556 1311 monetis
1580 1249 1762 1331 argenteis,
1790 1249 1851 1312 tibi
1874 1247 1982 1310 mittat
2004 1268 2064 1332 per

411 1349 634 1415 venerabilem
650 1349 784 1414 fratrem
799 1355 945 1413 nostrum
970 1398 999 1414 ..
1024 1349 1271 1413 Lausaucnacm
1288 1350 1479 1436 episcopum
1491 1350 1514 1430 ²,
1539 1351 1594 1436 qui
1609 1350 1711 1415 lanua
1728 1372 1845 1416 navem
1861 1350 2065 1415 conduxerat

412 1455 446 1518 in
469 1453 570 1518 Terra
595 1452 715 1517 Sancte
739 1452 921 1516 subsidium
945 1453 1152 1532 transiturus,
1186 1459 1242 1517 aut
1263 1474 1324 1539 per
1346 1453 1444 1516 aliam
1467 1475 1640 1539 personam
1665 1453 1833 1530 idoneam,
1863 1454 1892 1519 si
1915 1454 2062 1519 eiusdem
2092 1465 2115 1504 1⁰

413 1556 559 1642 episcopi
574 1557 748 1620 transitum
770 1556 879 1640 aliquo
904 1577 982 1620 casu
1004 1557 1210 1641 contingeret
1232 1556 1401 1622 retardari.
1446 1557 1498 1621 Ad
1523 1558 1583 1622 hec
1608 1558 1774 1643 magistris
1796 1559 1911 1623 militie
1934 1558 2065 1644 Templi

414 1666 447 1724 ct
475 1658 660 1745 Hospitalis
683 1659 939 1724 lerosolimitani
967 1659 1007 1726 de
1038 1659 1173 1746 ispania
1201 1660 1350 1724 dedimus
1382 1662 1415 1722 in
1446 1660 1626 1740 mandatis,
1657 1669 1693 1725 ut
1720 1661 1894 1745 sexaginta
1921 1662 2065 1747 quinque

414 1783 541 1827 marcas
565 1769 598 1827 et
621 1761 788 1827 dimidiam
811 1765 891 1843 auri,
917 1771 949 1828 ct
963 1765 1081 1849 viginti
1096 1765 1239 1849 quinque
1263 1765 1353 1828 milia
1368 1770 1544 1828 sexcentos
1567 1771 1601 1829 et
1621 1764 1836 1850 quadraginta
1851 1764 1933 1828 duos
1957 1785 2065 1828 mara-

415 1867 562 1948 botinos,
592 1873 625 1932 et
652 1867 878 1954 septingentos
907 1869 1145 1954 quinquaginta
1174 1873 1313 1952 quatuor
1339 1868 1454 1932 obolos
1486 1870 1736 1949 maximutinos,
1767 1869 1800 1932 in
1827 1874 1964 1952 argento
1988 1889 2066 1932 vero

414 1976 578 2034 trecentas
611 1971 847 2056 quinquaginta
877 1978 942 2035 tres
972 1991 1114 2050 marcas,
1146 1977 1179 2034 et
1210 1971 1242 2033 in
1272 1970 1410 2034 diversis
1433 1973 1573 2036 monetis
1597 1972 1730 2059 Ispanie
1753 1973 1896 2058 quinque
1919 1971 2011 2035 milia
2033 1975 2066 2034 et
2094 1979 2117 2016 ¹⁵

418 2080 549 2139 centum
573 2074 691 2154 libras,
724 2096 786 2160 que
817 2075 926 2140 omnia
954 2096 1014 2161 per
1044 2075 1200 2139 dilectum
1228 2074 1329 2138 filium
1354 2073 1524 2154 Cantium,
1555 2076 1691 2141 basilice
1720 2076 1877 2162 principis
1900 2073 2067 2161 apostolo·

416 2199 486 2243 rum
519 2178 726 2258 canonicum,
760 2180 899 2243 collecta
921 2178 961 2243 dc
985 2179 1143 2242 vicesima
1165 2177 1298 2264 lapanie
1328 2186 1422 2242 crant
1450 2179 1483 2242 in
1515 2179 1613 2243 certis
1645 2179 1726 2243 locis
1750 2177 1882 2264 Ispanie
1906 2177 2067 2262 deposita,

415 2305 475 2369 per
497 2281 674 2369 prudentes
699 2287 732 2346 et
760 2280 874 2346 fideles
904 2282 1036 2346 nuntios
1059 2281 1120 2345 tibi
1143 2281 1273 2344 mittant
1297 2287 1330 2345 et
1352 2281 1559 2345 inmanibus
1583 2282 1649 2345 tuis
1673 2281 1860 2366 assignent;
1888 2287 2067 2366 nostraque

417 2407 494 2472 spes
523 2391 556 2448 et
583 2385 722 2449 intentio
753 2391 818 2464 est,
850 2384 936 2470 quod
966 2392 1035 2450 tota
1063 2385 1251 2471 supradicta
1279 2385 1419 2470 pecunia
1441 2385 1501 2449 tibi
1533 2386 1576 2450 sit
1599 2386 1632 2448 in
1655 2385 1789 2450 instanti
1812 2384 1965 2472 passagio
1989 2405 2068 2447 oon-

417 2486 584 2574 signanda.
631 2487 726 2561 Quod
751 2495 861 2552 autern
892 2490 1082 2553 vicesimam
1113 2496 1147 2553 ct
1173 2490 1346 2575 pecuniam
1381 2491 1478 2554 aliam
1507 2511 1566 2576 per
1596 2489 1714 2555 fratres
1740 2488 1868 2573 Templi
1891 2493 1925 2552 et
1946 2486 2069 2573 Hospi-
2095 2493 2119 2530 ²⁰

418 2594 493 2657 talis
515 2591 719 2678 frequentius
742 2591 872 2655 mittere
897 2593 1137 2672 consuevimus,
1161 2599 1295 2679 propter
1317 2593 1380 2656 hoc
1403 2593 1459 2668 fit,
1483 2592 1569 2677 quod
1592 2593 1725 2657 nuntios
1748 2592 1847 2668 alios,
1879 2590 1920 2655 de
1952 2589 2070 2676 quibus

418 2696 589 2760 videamur
612 2694 729 2758 melius
752 2715 851 2780 posse
875 2695 1050 2775 confidere,
1073 2716 1138 2759 non
1163 2696 1330 2760 habemus.
1378 2695 1444 2760 Sed
1460 2718 1593 2783 semper
1615 2696 1678 2760 fuit
1701 2702 1735 2760 ct
1758 2701 1808 2760 est
1831 2699 1943 2759 nostra
1962 2695 2072 2758 'inten-

420 2799 482 2876 tio,
514 2805 548 2864 et
569 2798 634 2862 illis
665 2819 823 2884 expresse
847 2798 1089 2878 mandavimus,
1113 2804 1149 2862 ut
1173 2799 1282 2863 omnia
1303 2800 1363 2863 tibi
1388 2800 1458 2864 sinc
1483 2799 1699 2864 diminutione
1725 2799 1929 2882 consignent.
1974 2795 2072 2861 Unde

421 2901 561 2985 qualiter
584 2899 768 2986 superbiis
792 2921 827 2965 se
851 2901 1037 2978 habuerint,
1060 2909 1210 2965 utrumve
1233 2904 1398 2990 receperis
1422 2904 1594 2990 pecuniam
1611 2902 1757 2989 presenti
1779 2901 1901 2987 pagina
1923 2901 2071 2964 nomina-

419 3010 497 3084 tam,
520 3024 580 3068 ncs
603 3003 795 3082 certificare,
820 3025 892 3068 cum
915 3005 1050 3092 poteris,
1073 3027 1138 3069 nou
1162 3006 1302 3086 omittas,
1326 3013 1435 3071 certus
1460 3007 1547 3092 quod
1570 3028 1631 3071 noc
1654 3005 1847 3084 desinimus,
1869 3025 1931 3068 uec
1955 3025 2070 3089 quam·
2096 3015 2120 3052 ²⁵

420 3107 476 3172 diu
515 3107 711 3188 vixerimus,
752 3107 940 3173 desinemus
980 3129 1111 3172 ornnem
1147 3110 1400 3175 sollicitudinem
1439 3116 1473 3175 et
1510 3109 1714 3194 diligentiam
1751 3107 1927 3184 adhibere,
1968 3107 2072 3191 quali-

421 3219 472 3276 ter
495 3211 596 3276 Terre
621 3210 740 3276 Sancte
771 3212 862 3276 iuxta
890 3219 981 3276 tuum
1009 3212 1209 3278 desiderium
1241 3234 1372 3299 semper
1400 3213 1580 3278 efficaciter
1603 3217 1824 3290 succurratur,
1848 3209 2074 3296 predicatores

420 3336 523 3380 novos
553 3321 587 3379 et
618 3313 840 3399 indulgentias
868 3315 901 3379 in
929 3315 1068 3380 diversis
1100 3317 1211 3381 mundi
1243 3317 1391 3402 partibus
1420 3318 1650 3381 instaurantes.
1698 3314 1909 3401 Speravimus
1933 3333 2073 3399 quoque,

421 3425 457 3484 ut
479 3418 673 3482 karissimus
702 3418 736 3482 in
760 3417 890 3483 Christo
918 3420 1004 3483 filius
1033 3425 1147 3484 noster
1169 3421 1205 3483 Ii.
1231 3420 1367 3484 illustris
1399 3441 1458 3484 rex
1488 3419 1600 3483 Sicilie
1631 3419 1664 3482 in
1686 3418 1909 3482 Romanorum
1931 3417 2074 3502 impera-

421 3528 526 3586 torem
550 3521 686 3601 elcotus,
718 3542 790 3585 oum
814 3522 857 3586 sit
880 3524 1140 3606 crucesignatus,
1163 3524 1195 3587 in
1220 3524 1282 3587 hcc
1304 3525 1457 3609 passagio
1480 3523 1723 3601 transfretaret,
1756 3519 1815 3584 sed
1840 3519 1909 3583 sive
1933 3518 1974 3582 ab
1998 3518 2073 3581 aliis
2099 3529 2124 3568 ³⁰

422 3623 630 3710 prepeditus,
655 3625 724 3688 sive
748 3623 932 3692 retardatus
955 3627 1088 3711 propria
1111 3627 1303 3710 voluntate,
1318 3626 1350 3690 id
1373 3649 1437 3691 nou
1460 3633 1571 3713 potest
1595 3626 1744 3702 efficere,
1769 3644 1858 3704 cum,
1882 3622 1967 3686 siout
1988 3620 2076 3685 idem

423 3727 491 3791 suis
514 3727 610 3791 nobis
639 3727 757 3791 litteris
788 3729 964 3808 intimavit,
993 3751 1059 3793 non
1082 3736 1157 3794 aute
1182 3751 1278 3813 quarn
1302 3730 1388 3794 circa
1409 3729 1531 3794 festum
1556 3729 1649 3792 beati
1671 3727 1843 3792 Michaelis
1866 3725 1978 3790 venire
2001 3745 2078 3810 pro-

422 3830 572 3918 posuerit
595 3830 809 3912 oorouandus,
834 3832 1107 3896 transfretaturus
1134 3831 1251 3896 deindo
1268 3839 1399 3897 auctore
1413 3832 1554 3896 Domino
1578 3832 1610 3894 in
1636 3831 1818 3896 subsidium
1832 3829 1933 3893 Terre
1947 3826 2077 3892 Sancte.

421 3935 524 4000 Porro
556 3935 634 3999 licet
663 3934 891 3999 exhortatione
925 3955 989 3998 uon
1018 3935 1168 4020 indigcas
1199 3937 1325 4016 aliena,
1366 3937 1421 4021 qui
1454 3935 1618 4000 stabilitus
1646 3934 1724 3999 fidei
1751 3934 1970 4010 finnameuto,
2007 3929 2078 4015 spei

424 4044 554 4104 erectus
577 4038 716 4117 virtute,
750 4037 894 4101 caritatis
923 4036 1052 4102 fervore
1082 4059 1278 4120 succensus,
1311 4045 1344 4104 ct
1366 4040 1468 4110 totius
1492 4039 1600 4103 divine
1624 4044 1788 4103 armature
1811 4059 1830 4101 a
1853 4034 1979 4100 dextms
2002 4040 2036 4098 et
2057 4053 2078 4097 a
2102 4045 2128 4084 ³⁵

425 4141 569 4206 sinistris
592 4140 796 4227 protectione
821 4139 976 4219 munitus,
1000 4140 1142 4205 faciente
1169 4141 1312 4206 Domino
1338 4148 1447 4206 tecum
1471 4142 1598 4226 signum
1621 4141 1812 4220 iubenum,
1839 4139 1926 4205 nosti
1948 4136 2078 4204 confor-

425 4251 496 4309 tare
520 4264 635 4308 manus
659 4243 834 4307 dissolutas
859 4248 893 4307 et
914 4263 1023 4328 genua
1046 4242 1169 4308 debilia
1192 4244 1369 4324 roborare,
1398 4267 1440 4309 ne
1471 4251 1580 4309 tamen
1603 4244 1727 4330 aliquid
1748 4243 1789 4308 de
1813 4240 2079 4326 contingentibus

426 4348 577 4412 omittere
599 4346 777 4428 videamur,
801 4346 1040 4411 fraternitatem
1063 4354 1152 4412 tuam
1176 4369 1348 4413 monemus
1378 4355 1425 4424 ot
1441 4350 1609 4413 hortamur
1630 4349 1663 4412 in
1686 4347 1843 4426 Domino,
1871 4345 2024 4429 quatinus
2047 4344 2081 4407 in

426 4451 499 4536 ipso
523 4449 700 4528 confidens,
724 4449 779 4534 qui
800 4448 856 4513 dat
879 4450 1016 4514 virtutes
1040 4456 1074 4516 et
1096 4451 1222 4537 premia
1245 4444 1424 4536 elargitur,
1458 4472 1588 4537 semper
1610 4451 1651 4515 ad
1673 4450 1771 4515 fortia
1793 4446 1925 4512 studeas
1948 4447 2080 4511 mittere

262 4577 543 4628 1.oor.s,ar.manus
573 4561 664 4629 tuas,
696 4560 733 4617 ut
764 4552 804 4618 de
833 4554 953 4618 virtute
981 4554 1154 4640 proficiens
1177 4556 1211 4620 in
1235 4556 1395 4621 virtutem
1418 4557 1565 4620 bravium
1589 4555 1732 4640 accipias
1754 4552 1963 4617 destinatum.
2008 4549 2079 4614 Nos
2105 4561 2130 4601 ⁴⁰

428 4660 525 4737 euim,
549 4657 703 4744 quamdiu
726 4658 848 4742 aliquid
870 4657 1030 4726 hahemus
1052 4658 1106 4722 vel
1129 4658 1252 4724 habere
1276 4660 1470 4745 poterimus,
1494 4678 1699 4745 nequaquam
1720 4656 1781 4720 tibi
1804 4655 1979 4734 deerimus,
2002 4654 2079 4739 quin

427 4762 534 4828 modis
557 4761 709 4838 omnibus
733 4782 945 4847 procuremus
968 4761 1089 4838 omnis,
1114 4783 1176 4846 que
1200 4760 1241 4826 ad
1265 4761 1366 4826 Terre
1389 4760 1508 4826 Sancte
1536 4761 1719 4826 subsidium
1743 4761 1834 4824 iuxta
1856 4764 1967 4822 votum
1989 4763 2082 4821 tuum

428 4866 572 4933 debeant
593 4864 776 4953 provenire.

537 4987 613 5052 Dat.
637 4984 723 5072 apud
745 4985 870 5050 Urbem
892 4988 1054 5065 veterem,
1077 4983 1181 5047 VIIII
1204 4983 1278 5050 Kal.
1302 4984 1459 5070 Augusti,
1490 4985 1698 5071 pontificatus
1719 4982 1824 5048 nostri
1847 5001 1932 5046 anno
1955 4980 2081 5066 quinto.

538 5127 567 5189 2.
609 5122 833 5210 Oumlpretsr
862 5120 1049 5208 supradicta
1086 5122 1180 5207 plura
1209 5120 1347 5186 diversis
1376 5122 1580 5208 temporibus
1614 5121 1798 5186 miserimus
1828 5119 1862 5183 in
1897 5117 2080 5184 subsidium
2107 5135 2132 5174 ⁴⁵

429 5232 531 5298 Terre
555 5227 696 5308 Sancte,
727 5225 865 5312 quedam
889 5247 932 5290 ex
955 5226 1018 5306 eis,
1051 5247 1092 5290 nc
1115 5246 1135 5288 a
1157 5231 1362 5311 posterorum
1385 5226 1544 5290 memoria
1566 5225 1762 5305 dilabantur,
1786 5221 1933 5309 presenti
1955 5221 2078 5307 pagine

433 5325 570 5400 fecimus
600 5331 757 5395 annotari.
810 5328 841 5392 Α
863 5327 964 5393 fratre
987 5328 1136 5407 Aimaro,
1168 5327 1283 5392 domus
1306 5327 1436 5414 Templi
1466 5328 1663 5393 Parisiensis
1694 5325 1912 5403 thesaurario,
1943 5323 2081 5389 fecimus

429 5461 488 5526 per
507 5433 714 5522 Templarics
736 5453 802 5498 uua
823 5433 897 5497 vioe
921 5433 1063 5518 quinque
1086 5432 1177 5495 milia
1199 5452 1381 5495 marcarum
1404 5429 1445 5495 de
1467 5431 1624 5497 vicesima
1638 5431 1759 5515 Anglie
1783 5427 1949 5493 destinari.
1996 5427 2084 5524 Item

534 5659 561 5730 1)
581 5657 675 5713 Otiosi
692 5659 751 5714 ΙΙΙ.
820 5657 848 5723 2)
866 5655 1068 5719 Berohtohiam,
1087 5654 1136 5730 qai
1153 5659 1217 5708 anta
1234 5653 1382 5716 transitum
1399 5659 1524 5709 manuus
1543 5658 1590 5719 est,
