4596 6406
459 401 521 471 ool
1031 401 1079 459 ax
1097 397 1271 460 ennoean
1288 403 1327 458 rx
1346 397 1525 462 ascranae

458 579 503 645 Et
533 575 621 644 idem
651 580 742 645 clara
776 580 951 644 multorum
971 575 1064 645 ‘voce
1099 579 1223 645 utinam
1263 601 1329 645 non
1362 581 1503 662 dicatur,
1544 580 1630 667 quod
1666 580 1831 668 apostolos
1862 588 1896 648 et
1925 577 2107 669 discipulos

422 735 425 740 ,
458 687 608 752 veritatis
636 708 701 752 nou
733 687 804 751 sine
835 685 986 771 Magistri
1014 685 1133 750 iniuria
1162 685 1336 750 manifesta
1369 686 1477 750 innuis
1507 686 1715 767 seductores,
1747 687 1803 773 qui
1826 687 1978 752 inimicos
2002 687 2107 751 crucis

460 790 582 856 Christi
605 790 645 855 ad
669 791 870 876 agnitionem
894 790 976 868 lucis
1001 795 1113 854 eterne
1136 789 1267 853 monitis
1290 789 1468 854 invitarunt
1492 789 1687 854 salutaribus
1712 797 1745 854 et
1767 791 1916 866 invitant,
1941 798 1977 855 et
2000 812 2043 856 ex
2066 813 2107 856 eo

459 896 559 960 tacite
581 896 703 960 asseris
726 916 790 960 non
813 893 934 959 debere
958 893 1030 958 Dco
1059 900 1171 958 contra
1193 894 1359 959 hominem
1382 893 1528 973 obediri,
1559 893 1645 979 quod
1673 893 1794 959 dictum
1819 903 1975 982 nepotem
1998 895 2105 960 credis

459 999 613 1064 debuisse
635 999 755 1084 prefati
777 999 864 1083 regis
889 998 1054 1062 licentiam
1084 999 1276 1085 prestolari,
1301 1019 1373 1062 cum
1396 998 1457 1062 tibi
1480 1019 1544 1061 non
1566 997 1665 1062 liceat
1688 998 1856 1083 ignorare,
1880 999 1967 1085 quod
1992 1006 2104 1064 tantus

459 1110 510 1170 est
545 1103 637 1168 favor
669 1102 892 1189 baptismatis,
926 1109 961 1166 ut
991 1102 1089 1166 etiam
1118 1123 1247 1183 servos,
1281 1101 1364 1166 sicut
1395 1123 1414 1164 a
1444 1102 1520 1186 iugo
1553 1101 1711 1182 criminis,
1747 1104 1793 1167 sic
1826 1104 1938 1168 invitis
1962 1102 2106 1168 dominis

458 1207 645 1272 infidelibus
670 1214 703 1272 et
727 1228 784 1272 eos
807 1207 952 1271 converti
975 1207 1162 1271 nolentibus
1186 1229 1206 1270 a
1228 1214 1344 1271 catena
1368 1207 1490 1271 eximat
1514 1207 1689 1271 servitutis.
1739 1207 1871 1272 Utinam
1894 1210 1950 1273 lex
1970 1207 2107 1273 Domini

305 1324 373 1368 neue.
388 1328 452 1376 aio·
466 1318 659 1377 convertens
681 1311 806 1375 animas
830 1311 877 1374 sic
900 1331 1013 1374 omnes
1036 1309 1151 1374 fideles
1175 1308 1358 1391 seduceret,
1382 1309 1467 1394 quod
1492 1331 1549 1374 eos
1573 1309 1613 1373 de
1637 1310 1769 1375 fornace
1791 1311 1899 1377 ferrea
1920 1313 2106 1378 Pharaonis

458 1415 593 1481 eductos
616 1415 656 1480 ad
680 1437 757 1480 rere
780 1415 856 1480 fidei
889 1416 1038 1480 notitiam
1069 1420 1235 1480 evocaret!
1280 1414 1415 1479 Utinam
1442 1436 1555 1479 omnes
1587 1414 1702 1480 fideles
1731 1417 1777 1481 sic
1809 1439 1884 1481 suos
1913 1420 2106 1504 superiores

458 1519 677 1600 offenderent,
712 1519 798 1605 quod
833 1518 874 1582 ad
906 1518 1101 1583 auditorium
1133 1520 1255 1583 celeste
1275 1519 1382 1583 vocati
1410 1519 1544 1604 preconi
1573 1526 1726 1604 parerent
1753 1519 1926 1585 Dominicc
1950 1528 1985 1587 et
2007 1523 2040 1587 in
2066 1546 2104 1589 se

459 1629 525 1686 tam
558 1623 692 1686 salutari
721 1624 925 1688 coutumacia
954 1619 1085 1687 suorum
1115 1623 1273 1688 offensam
1302 1624 1484 1709 principum
1516 1629 1748 1710 provocarent!
1800 1624 1962 1690 Tolosano
1994 1629 2109 1692 comiti

460 1727 524 1793 etsi
555 1728 622 1791 lata
651 1728 684 1790 in
726 1749 801 1792 eum
835 1728 1181 1793 excommunicationis
1216 1728 1379 1792 sententia
1421 1728 1605 1812 nequiverit
1642 1729 1849 1814 privilegium
1887 1731 2107 1796 immunitatis

459 1832 577 1896 afferre
613 1832 666 1895 vel
700 1831 763 1896 iuri
798 1838 853 1896 tuo
887 1831 1102 1918 preiudicium
1135 1852 1313 1916 generare,
1347 1830 1459 1896 debuit
1494 1838 1603 1896 tamen
1635 1834 1665 1896 ei
1693 1833 1835 1897 favorem
1866 1838 2108 1901 communionis

402 1939 404 1944 ’
459 1935 638 2022 imperialis
672 1936 817 2015 auferre,
853 1956 949 2020 quam
983 1935 1046 1999 sibi
1076 1934 1235 2020 nequibas
1262 1940 1373 2021 preter
1402 1935 1508 1999 anime
1539 1941 1593 2000 tue
1622 1935 1816 2021 periculum,
1845 1959 1907 2023 que
1931 1940 1993 2004 tibi
2016 1940 2108 2004 omni

459 2039 613 2104 thesauro
638 2037 736 2114 debet
760 2060 834 2104 esse
857 2040 971 2120 carior,
994 2039 1175 2124 indulgere,
1197 2046 1234 2102 ut
1255 2038 1318 2103 hoc
1341 2041 1457 2103 saltem
1476 2039 1592 2104 rubore
1608 2039 1770 2125 perfusus,
1794 2041 1835 2105 ad
1858 2043 1963 2106 sinum
1988 2045 2106 2108 matris

459 2143 582 2208 rediret
605 2144 746 2209 ecclesie
771 2151 803 2208 et
826 2143 886 2207 tibi
915 2145 985 2208 sine
1009 2143 1123 2207 salutis
1147 2150 1202 2208 tue
1226 2142 1399 2228 dispendio
1428 2149 1541 2230 posset
1569 2143 1715 2208 debitum
1739 2146 1907 2209 servitium
1932 2147 2106 2212 exhibere.

568 2245 737 2329 Ceterum,
774 2269 815 2312 ne
848 2255 960 2313 nostro
994 2247 1080 2333 quod
1104 2269 1217 2314 verum
1253 2254 1304 2312 est
1339 2247 1558 2332 patefaciente
1593 2267 1749 2333 responso
1782 2247 1870 2313 dicta
1899 2271 2107 2335 exaggerare

460 2373 614 2437 cogamur
638 2357 672 2417 et
694 2359 803 2436 gesta,
827 2354 952 2417 calamo
976 2360 1086 2417 nostro
1109 2352 1304 2416 brevitatem
1326 2351 1516 2431 indicimus,
1548 2359 1581 2416 et
1604 2373 1644 2416 ue
1669 2373 1828 2438 supereo
1852 2353 1939 2438 quod
1962 2353 2004 2420 de
2029 2357 2107 2441 lege

459 2457 551 2542 regia
581 2464 614 2521 et
643 2457 805 2542 episcopis
833 2457 1026 2542 scripseras,
1057 2456 1212 2520 honorem
1241 2462 1332 2520 tuum
1361 2455 1454 2520 obice
1483 2456 1631 2520 veritatis
1659 2463 1849 2541 exasperet,
1877 2458 2106 2544 prohibemus.

460 2561 518 2626 Set
539 2560 621 2626 vade
645 2560 686 2624 ad
709 2567 838 2625 tuorum
861 2561 1049 2625 memoriam
1067 2561 1337 2647 predecessorum
1360 2566 1393 2624 et
1416 2560 1553 2645 inspice,
1569 2561 1671 2624 transi
1688 2560 1728 2624 ad
1744 2560 1850 2625 felicis
1866 2562 2107 2629 recordationis

460 2664 682 2744 Constantini,
707 2662 816 2729 Caroli
837 2663 965 2750 Magni,
988 2664 1121 2729 Arcadii
1151 2670 1184 2729 et
1207 2664 1431 2728 Valentiniani
1461 2664 1693 2750 imperatorum
1723 2666 1876 2751 exempla
1904 2672 1937 2730 et
1966 2687 2006 2730 ea
2028 2667 2109 2732 dili·
2170 2661 2174 2668 ’

460 2770 589 2855 gentius
613 2770 799 2855 speculare,
828 2768 885 2832 ubi
910 2768 1093 2832 infallibilis
1124 2768 1317 2833 solutionisa
1341 2768 1506 2831 conclusio
1536 2768 1605 2831 sine
1635 2768 1788 2832 instantia
1811 2790 1909 2855 super
1932 2772 2109 2857 premissis

459 2872 631 2958 accipitur,
660 2873 717 2936 ubi
749 2871 955 2958 reprobanda
977 2872 1058 2937 false
1083 2872 1245 2958 opinionis
1269 2872 1449 2957 assumptio
1473 2871 1667 2935 confutatur.
1719 2870 1804 2936 Illud
1831 2880 1941 2938 autem
1970 2877 2109 2942 minime

460 2976 667 3061 preterimus,
683 2975 743 3039 toti
758 2974 878 3039 mundo
894 2975 1025 3061 publice
1042 2975 1259 3055 manifestum,
1282 2975 1367 3060 quod
1382 2974 1549 3060 predictus
1567 2973 1810 3056 Constantinus,
1832 2978 1887 3062 qui
1904 2979 2110 3063 singularem

460 3099 559 3164 super
581 3079 733 3143 universa
754 3078 865 3143 mundi
889 3079 1019 3144 climata
1041 3080 1263 3144 monarchiam
1287 3078 1464 3156 obtinebat,
1492 3100 1558 3142 una
1584 3100 1657 3142 cum
1680 3085 1749 3143 toto
1773 3087 1888 3145 senatu
1912 3087 1945 3146 et
1967 3086 2104 3169 populo,
2159 3113 2185 3152 ss

460 3201 525 3245 non
550 3183 654 3246 solum
676 3181 777 3246 Urbis
801 3188 851 3246 set
873 3183 907 3246 iu
937 3189 1006 3247 toto
1032 3183 1170 3269 imperio
1199 3182 1348 3247 Romano
1372 3183 1566 3262 constituto,
1589 3183 1732 3247 unanimi
1756 3185 1900 3248 omnium
1924 3187 2109 3253 accedente

461 3306 634 3365 consensu,
656 3284 790 3370 dignum
814 3307 888 3351 esse
911 3286 1101 3364 decernens,
1124 3293 1161 3352 ut
1184 3289 1268 3352 sicut
1291 3287 1449 3373 principis
1472 3287 1693 3372 apostolorum
1709 3287 1850 3352 vicarius
1874 3289 1907 3353 iu
1930 3296 2000 3354 toto
2025 3293 2108 3358 orbe

461 3388 634 3454 sacerdotii
658 3395 691 3454 et
712 3389 892 3455 animarum
915 3391 1052 3475 regebat
1074 3391 1264 3477 imperium,
1289 3392 1336 3456 sic
1360 3392 1393 3454 in
1416 3391 1569 3455 universo
1592 3390 1713 3455 mundo
1743 3413 1850 3456 rerum
1880 3394 2049 3459 obtineret
2072 3402 2109 3460 et

460 3513 630 3579 corporum
652 3494 880 3581 principatum,
905 3500 938 3558 et
961 3493 1153 3558 existimans
1176 3495 1269 3558 illum
1291 3501 1423 3559 terrena
1445 3493 1567 3558 debere
1592 3492 1651 3557 sub
1674 3493 1805 3559 habena
1826 3496 1949 3560 iustitie
1972 3519 2106 3583 regere,

460 3597 512 3661 cui
535 3596 712 3663 Dominum
735 3604 870 3663 noverat
892 3599 926 3661 in
948 3599 1045 3662 terris
1070 3598 1241 3662 celestium
1264 3598 1411 3683 regimen
1435 3597 1647 3678 commisisse,
1664 3598 1812 3663 Romano
1834 3600 1981 3685 pontifici
2006 3602 2107 3686 signa

461 3708 496 3765 et
518 3708 648 3787 sceptra
670 3701 863 3787 imperialia,
878 3700 1003 3765 Urbem
1027 3722 1100 3765 cum
1124 3706 1192 3765 toto
1216 3700 1337 3766 ducatu
1360 3722 1429 3782 suo,
1454 3721 1550 3786 quam
1573 3701 1695 3786 sparsis
1719 3703 1753 3765 in
1776 3723 1815 3766 ea
1833 3704 1982 3788 pecuniis
2008 3705 2107 3770 nobis

304 3818 436 3871 Iob.40,18·
461 3805 593 3870 turbare
627 3806 750 3870 moliris
760 3806 782 3886 ¹,
815 3804 902 3869 illius
937 3825 1076 3890 sequens
1112 3806 1298 3891 exemplum
1334 3804 1390 3889 qui
1423 3803 1602 3868 absorbens
1631 3803 1764 3868 fluvium
1793 3827 1857 3870 non
1887 3808 2040 3890 miratur,
2071 3818 2109 3874 et

462 3930 595 3994 sperans
620 3908 706 3994 quod
729 3907 877 3973 Iordanis
900 3907 1014 3972 influat
1036 3909 1069 3972 in
1093 3929 1129 3972 os
1154 3909 1234 3988 eius,
1259 3929 1316 3972 suc
1341 3912 1392 3972 est
1412 3912 1488 3971 voto
1507 3906 1686 3989 fraudatus,
1702 3929 1763 3972 nec
1786 3931 1850 3973 non
1873 3918 1906 3974 et
1928 3913 2108 3998 imperium

459 4033 536 4077 cure
560 4020 720 4099 perpetuo
744 4011 887 4090 tradidit,
912 4018 945 4076 et
967 4011 1128 4076 nefarium
1152 4017 1317 4097 reputans,
1341 4017 1377 4073 ut
1399 4009 1456 4073 ubi
1479 4017 1577 4096 eaput
1599 4010 1698 4075 totius
1723 4011 1907 4078 Christiane
1931 4016 2106 4100 religionis

463 4117 505 4181 ab
529 4117 725 4203 imperatore
750 4116 865 4180 celesti
887 4113 1080 4200 disponitur,
1097 4115 1219 4181 ibidem
1234 4122 1384 4180 terrenus
1397 4115 1575 4200 imperator
1592 4122 1756 4200 potestate
1775 4117 1883 4200 aliqua
1898 4117 2104 4203 fungeretur,

460 4219 589 4285 Italiam
613 4221 791 4307 apostolice
814 4219 1021 4305 dispositioni
1044 4221 1243 4304 relinquens,
1268 4219 1331 4284 sibi
1354 4240 1471 4283 novam
1494 4219 1529 4282 in
1552 4218 1671 4284 Gracia
1692 4222 1894 4286 mansionem
1918 4224 2038 4308 elegit3
2061 4225 2105 4290 de

460 4345 524 4410 qua
545 4323 753 4411 postmodum
776 4324 810 4387 in
832 4344 974 4408 persona
997 4323 1116 4410 prefati
1140 4323 1305 4408 magnifici
1322 4322 1441 4403 Caroli,
1466 4323 1521 4407 qui
1543 4323 1655 4408 iugum
1678 4345 1698 4388 a
1719 4325 1867 4389 Romana
1890 4328 2033 4392 ccclesia
2047 4330 2106 4393 vix

459 4427 630 4492 ferendum
653 4427 843 4512 impositum
865 4427 921 4513 pia
943 4426 1064 4492 debere
1088 4428 1199 4493 docuit
1220 4428 1394 4493 devotione
1418 4428 1552 4513 portari,
1578 4429 1674 4493 sedes
1698 4431 1878 4515 apostolica
1900 4433 2105 4500 transferens

459 4532 493 4595 in
516 4531 714 4612 Germanos,
744 4530 1034 4616 predecessoribus
1066 4534 1149 4614 tuis,
1182 4533 1267 4597 sicut
1299 4539 1332 4596 ct
1362 4533 1394 4595 in
1423 4539 1479 4595 tua
1500 4553 1641 4618 persona
1663 4534 1782 4598 recolis
1810 4557 1883 4599 esse
1906 4536 2045 4616 lactum,
2069 4539 2105 4602 in

459 4634 713 4699 consecrationis
737 4641 771 4699 et
792 4634 990 4698 inunctionis
1013 4657 1158 4716 munere,
1181 4636 1282 4699 nichil
1296 4634 1336 4700 de
1356 4634 1539 4699 substantia
1562 4658 1619 4700 sue
1644 4636 1875 4702 iurisdictionis
1892 4638 2103 4722 imminuens,

459 4737 589 4823 imperii
611 4737 752 4801 tribunal
777 4737 948 4823 supposuit
971 4745 1004 4802 et
1027 4738 1125 4823 gladii
1148 4745 1347 4824 potestatem
1370 4739 1403 4802 in
1427 4738 1601 4804 subsecuta
1623 4741 1832 4806 coronatione
1856 4746 2038 4822 concessit;
2060 4769 2105 4811 ex

462 4863 524 4926 quo
549 4841 611 4904 iuri
634 4841 811 4928 apostolice
836 4842 922 4907 sedis
947 4851 980 4907 et
1002 4865 1066 4907 non
1089 4844 1196 4908 minus
1220 4843 1296 4908 fidei
1319 4864 1357 4908 ac
1379 4843 1495 4909 honori
1519 4851 1574 4909 tuo
1598 4844 1756 4930 derogare
1780 4848 1997 4930 convinceris,
2026 4851 2105 4917 dum

459 4945 616 5010 factorem
638 4947 805 5033 proprium
829 4967 893 5012 nou
916 4946 1076 5032 agnoscis.

566 5049 620 5114 Ex
643 5072 682 5115 eo
706 5057 817 5116 autem
838 5073 904 5116 non
926 5050 1089 5115 modicam
1112 5057 1222 5114 notam
1246 5051 1464 5117 indevotionis
1487 5053 1640 5134 incurris,
1664 5055 1749 5140 quod
1771 5057 1865 5120 nobis
1890 5063 1924 5122 et
1946 5059 2104 5126 fratribus

457 5154 576 5218 nostris
594 5155 758 5240 sacrilegii
774 5157 934 5220 maculam
949 5154 1075 5219 conaris
1092 5154 1285 5240 impingere,
1297 5157 1374 5242 quia
1390 5178 1446 5221 eos
1459 5156 1575 5242 quibus
1591 5179 1610 5221 a
1626 5164 1659 5223 te
1676 5161 1815 5226 ecclesie
1827 5184 1864 5226 ac
1877 5162 2106 5231 ecclesiastica
2160 5194 2187 5234 rs

566 5415 589 5480 ¹)
608 5417 701 5467 solutio
720 5416 804 5484 Ilayrr.

560 5519 584 5585 l)
602 5517 709 5571 Alladit
726 5519 764 5573 ud
779 5519 939 5574 seditionem
954 5537 972 5574 a
989 5521 1072 5574 Petro
1085 5522 1249 5592 Fruiupune
1259 5537 1314 5592 pro
1328 5530 1410 5593 parte
1427 5525 1602 5593 imperatoris
1620 5531 1716 5580 contro
1730 5544 1836 5596 popam
1853 5528 1884 5580 im
1902 5527 1973 5584 Urbe
1991 5535 2109 5592 motum:

456 5603 542 5674 Rycc.
561 5604 594 5657 dc
613 5606 641 5658 S.
662 5603 752 5660 Germ,
771 5624 796 5660 a.
816 5610 896 5675 1236,
926 5607 974 5660 SS.
993 5611 1010 5661 t.
1030 5611 1108 5676 XIX,
1122 5626 1152 5680 p.
1173 5614 1233 5665 374.
1273 5611 1355 5665 Circa
1373 5627 1486 5664 mensem
1505 5613 1579 5682 Sept.
1599 5614 1735 5668 concitata
1754 5631 1812 5668 esse
1830 5615 1949 5681 uidetur,
1980 5633 2044 5671 cum
2078 5621 2109 5674 ia

455 5707 481 5745 rr.
504 5696 561 5746 700
578 5706 634 5744 moa
651 5699 877 5748 commemoretur.
