4538 6426
740 373 941 434 EPISTOLAE
958 369 1147 432 SELECTAE.
1184 369 1259 427 1216.

767 555 978 650 Pragensi
1004 554 1232 647 episcopo.

283 709 464 784 Quesivisti
486 730 527 773 an
544 709 711 773 seculares
735 708 883 772 canonici
898 707 1006 770 minus
1023 705 1169 789 legitime
1193 703 1262 766 nati
1285 701 1353 764 suis
1377 699 1441 763 sint
1455 695 1643 762 renuntiare
1657 691 1828 759 benefieiis

170 814 405 902 compellendi,
428 835 503 878 oum
525 812 566 877 de
589 813 659 876 iure
675 810 715 874 ad
731 832 841 876 saeros
857 814 1024 895 nequeant
1047 807 1176 871 ordines
1192 802 1377 890 promoveri
1397 822 1458 865 nec
1481 801 1514 864 in
1532 798 1701 864 beneficiis
1717 816 1829 860 secum

170 920 277 983 fuisse
300 918 441 1004 probent
462 939 482 980 a
503 913 650 980 Romano
673 915 826 1000 pontifice
855 913 1078 998 dispensatum
1103 931 1163 974 nee
1187 908 1328 974 ecelesia
1355 905 1466 968 taliter
1493 903 1640 986 indigeat
1662 898 1829 966 ordinatis.

104 1033 117 1070 ὓ
173 1022 229 1086 Ad
252 1020 340 1107 quod
363 1020 559 1085 fraternitati
581 1025 635 1083 tue
659 1019 768 1084 taliter
784 1017 1031 1103 respondemus,
1054 1014 1140 1100 quod
1164 1014 1191 1076 si
1207 1009 1380 1076 multitudo
1404 1014 1456 1073 est
1477 1008 1512 1071 in
1528 1026 1636 1085 causa,
1658 1010 1695 1068 ut
1715 1002 1829 1086 huius-

173 1125 264 1190 modi
296 1146 362 1189 non
395 1123 523 1209 possint
557 1122 626 1186 sine
662 1120 816 1185 scandalo
851 1119 1029 1196 removeri,
1064 1139 1121 1182 eos
1155 1118 1188 1180 in
1221 1114 1391 1179 benefieiis
1426 1112 1473 1175 sic
1510 1109 1673 1195 susceptis
1707 1105 1829 1192 poteris

174 1227 426 1294 conniventibus
450 1225 553 1289 oeulis
577 1226 728 1289 tolerare.
772 1223 941 1308 Explicari
965 1227 1117 1307 preterea
1137 1217 1322 1305 postulasti,
1345 1222 1453 1280 utrum
1475 1213 1540 1276 illis
1564 1213 1607 1276 sit
1627 1211 1752 1275 licitum
1775 1207 1831 1292 qui

174 1353 238 1396 neo
259 1338 335 1394 voto
359 1350 420 1393 nee
440 1327 582 1412 regulari
599 1327 806 1392 observantia
829 1331 903 1389 sunt
923 1325 1059 1404 astricti,
1084 1344 1198 1387 carnes
1220 1319 1402 1398 comedere,
1426 1314 1554 1402 quando
1578 1315 1612 1378 in
1632 1319 1728 1378 sexta
1747 1310 1831 1376 feria

175 1433 248 1498 dies
271 1432 444 1498 Dominioe
466 1431 644 1495 nativitatis
675 1429 825 1493 occurrit.
870 1426 923 1492 Ad
945 1427 1008 1491 hoc
1034 1427 1100 1491 tale
1128 1425 1242 1489 damus
1265 1440 1475 1509 responsum,
1507 1417 1594 1503 quod
1620 1416 1670 1480 illi
1692 1414 1748 1499 qui
1770 1433 1830 1476 nee

177 1543 255 1602 voto
279 1557 340 1601 nee
355 1535 499 1620 regulari
515 1534 721 1598 observantia
745 1539 820 1596 sunt
840 1531 975 1606 astricti,
1000 1531 1032 1593 in
1055 1535 1150 1594 sexta
1165 1528 1256 1603 feria,
1281 1526 1308 1589 si
1327 1526 1448 1588 festum
1463 1520 1642 1584 nativitatis
1658 1517 1830 1583 Dominioe

175 1640 249 1725 ipso
274 1639 327 1703 die
354 1639 466 1702 venire
491 1637 680 1721 contigerit,
713 1635 865 1700 carnibus
897 1640 1031 1720 propter
1062 1633 1138 1696 festi
1167 1629 1398 1695 excellentiam
1423 1626 1470 1689 uti
1493 1630 1631 1712 possunt
1652 1619 1831 1686 secundum

174 1739 448 1807 consuetudinem
470 1740 610 1804 ecclesie
628 1739 802 1824 generalis,
826 1758 888 1802 nec
912 1743 1021 1801 tamen
1044 1736 1067 1799 ii
1089 1731 1349 1820 reprehendendi
1373 1733 1458 1807 sunt,
1483 1727 1538 1812 qni
1561 1725 1601 1789 ob
1623 1725 1849 1790 devotionem

173 1845 340 1909 voluerint
362 1844 541 1908 abstinere.

286 1946 362 2011 Dat.
384 1946 551 2025 Laterani,
575 1944 623 2008 IV
646 1944 721 2012 Kal.
743 1943 951 2021 Novembris,
975 1942 1183 2028 pontificatus
1207 1938 1311 2003 nostri
1333 1956 1417 2000 anno
1441 1933 1556 2019 primo.

991 2413 1025 2485 5.

93 2567 117 2604 n
289 2521 477 2624 Honorius
496 2547 560 2613 ΙΙΙ
574 2567 665 2627 picria
682 2543 867 2630 [Andreae]
886 2544 1025 2625 episcopo
1041 2544 1198 2626 Prapcnsi
1218 2546 1255 2608 de
1277 2546 1315 2610 L,
1331 2549 1516 2636 presbytero,
1538 2551 1674 2632 plebano
1694 2552 1836 2616 ecclesiae

171 2654 212 2718 de
236 2652 409 2728 Proscoles,
432 2651 538 2714 minus
559 2649 692 2730 lepitr'me
714 2651 798 2711 nato.
1474 2657 1572 2731 1216,
1594 2653 1674 2718 Noc.
1696 2657 1749 2722 21.

284 2769 358 2824 Hori.
375 2769 434 2823 ΙΙΙ
447 2769 515 2839 Rey.
540 2768 596 2822 Vol.
615 2767 640 2832 1,
659 2769 706 2834 16‚·
724 2765 786 2820 Lib,
806 2765 832 2828 I,
852 2768 895 2818 65.

282 2856 420 2920 Pottlrast
439 2855 508 2924 Ray.
527 2857 607 2908 5361.

772 3028 987 3122 Pragensi
1015 3029 1234 3123 episeopo.
1267 3033 1269 3039 ’

97 3174 122 3211 ²⁰
286 3163 436 3229 Dilectus
459 3164 545 3227 filins
568 3163 606 3229 L.
629 3162 808 3248 presbiter,
839 3159 1000 3246 plebanus
1028 3160 1172 3225 ecclesie
1194 3161 1234 3226 do
1258 3163 1448 3246 Prascoles,
1479 3165 1512 3230 in
1537 3173 1649 3232 nostra
1670 3169 1837 3255 presentia

177 3267 380 3332 constitutus
412 3266 529 3331 humili
561 3267 655 3331 nobis
696 3265 904 3330 confessione
939 3263 1148 3344 monstravit,
1187 3264 1274 3349 quod
1308 3287 1381 3330 oum
1415 3268 1448 3332 in
1484 3269 1623 3335 Boomia
1659 3293 1762 3358 usque
1797 3271 1838 3336 ad

177 3371 336 3455 generale
366 3370 539 3434 concilium
571 3369 773 3435 consuetudo
801 3369 900 3433 fuerit
929 3367 970 3431 ab
998 3368 1147 3452 antiquo,
1177 3375 1214 3431 ut
1242 3375 1308 3432 tam
1340 3370 1449 3435 cleriei
1478 3373 1511 3437 in
1540 3375 1643 3438 sacris
1670 3375 1838 3441 ordinibus

178 3473 368 3552 constituti,
396 3493 493 3557 quam
516 3472 615 3536 etiam
639 3471 844 3549 sacerdotes,
874 3470 914 3535 de
944 3471 1030 3534 facto
1055 3469 1284 3536 contraherent
1307 3480 1340 3537 et
1364 3474 1410 3538 sie
1434 3480 1600 3542 contracto
1624 3478 1838 3544 contubernio

180 3581 373 3658 uterentur,
400 3577 538 3662 ipseque
562 3574 602 3639 de
626 3575 684 3638 tali
706 3575 748 3638 sit
771 3574 889 3660 copula
910 3580 1117 3662 procreatus,
1142 3595 1214 3638 eum
1237 3595 1276 3639 eo
1300 3597 1400 3661 super
1422 3577 1589 3646 ordinibus
1620 3587 1653 3646 et
1680 3581 1838 3648 beneficio

99 3691 126 3728 ὃ
182 3679 250 3741 iam
289 3679 451 3764 susceptis
488 3677 679 3764 dispensare
717 3675 973 3742 misericorditer
1009 3675 1227 3761 dignaremur.
1293 3677 1363 3742 Nos
1397 3679 1495 3765 igitur
1528 3682 1631 3767 ipsius
1665 3685 1839 3771 presbiteri

181 3780 362 3862 laboribus,
386 3803 467 3867 quos
483 3781 638 3846 sustinuit
662 3779 704 3843 ad
728 3780 840 3844 sedem
863 3779 1076 3865 apostolicam
1094 3779 1266 3860 veniendo,
1289 3787 1427 3866 paterno
1451 3786 1686 3870 compatientes
1709 3787 1839 3868 affeetu,

181 3884 392 3950 attendentes
416 3886 515 3950 etiam
537 3884 624 3969 quod
647 3906 721 3949 cum
744 3891 860 3970 sponte
884 3883 1043 3948 confessis
1067 3884 1177 3948 mitius
1202 3884 1445 3968 euagandum,
1474 3887 1669 3952 fraternitati
1696 3896 1769 3969 tue,
1798 3888 1839 3953 de

182 4011 248 4075 qua
271 3991 401 4076 plenam
424 3989 576 4054 fiduciam
600 3989 798 4068 obtinemus,
821 4010 880 4074 per
902 3989 1084 4074 apostolica
1108 3989 1230 4074 scripta
1252 3989 1459 4068 mandamus,
1482 3991 1633 4074 quatinus
1661 3991 1689 4055 si
1712 3999 1763 4056 est
1784 3993 1839 4073 ita,

186 4115 261 4158 eum
289 4093 416 4174 eodem,
445 4095 472 4158 si
501 4100 636 4179 paterne
666 4114 731 4156 non
758 4092 857 4156 suerit
881 4092 1116 4156 incontinentia
1146 4092 1291 4156 imitator
1319 4100 1352 4157 et
1380 4093 1468 4157 aliud
1497 4095 1528 4158 ei
1556 4095 1747 4159 canonicum
1775 4116 1840 4160 non

102 4213 129 4250 ³⁰
185 4196 344 4271 obsistat,
378 4195 420 4260 de
452 4195 692 4276 misericordia,
726 4217 789 4280 que
818 4197 1042 4282 superexaltat
1068 4195 1207 4275 iudicio,
1238 4195 1323 4273 cirea
1356 4195 1551 4261 beneficium
1578 4203 1612 4262 et
1633 4197 1764 4263 ordines
1795 4200 1841 4263 sic
1861 4235 1973 4286 mm

185 4307 357 4385 susceptos
379 4301 572 4364 auctoritate
596 4305 708 4364 nostra
730 4299 913 4385 dispenses.

294 4401 369 4465 Dat.
393 4401 498 4466 Rome
522 4401 609 4487 apud
627 4402 782 4467 Sanctum
799 4401 944 4482 Petrum,
967 4400 1017 4464 XI
1039 4399 1115 4466 Kal.
1131 4399 1337 4482 Decembris,
1353 4403 1562 4488 pontificatus
1585 4403 1688 4467 nostri
1708 4425 1793 4468 anno
1816 4404 1842 4469 Ι.

808 4677 1219 4684 --.-—-—-—-———-————

996 4937 1031 5011 6.

300 5035 488 5132 Honoras
510 5068 574 5134 111
588 5089 681 5150 papa
700 5067 943 5153 [araneoso]
965 5068 1152 5134 Surenas
1172 5072 1201 5132 a
1222 5066 1397 5152 [naras]
1418 5065 1666 5150 ausasqne
1694 5068 1844 5150 meopte

195 5175 225 5234 et
248 5171 427 5252 memerito
448 5170 698 5255 Raeesburpenm
718 5172 861 5249 madet,
890 5176 927 5235 at
954 5173 1093 5236 iudicent
1120 5172 1361 5236 controversiam
1387 5171 1425 5236 de
1447 5172 1672 5252 praepositura
1701 5170 1844 5235 ecclesiae

111 5291 138 5330 ω
192 5273 424 5356 Sepeberqensr’s
446 5277 562 5353 ortam,
591 5276 627 5338 in
657 5296 752 5356 quam
773 5273 982 5359 [Bertoldus]
1003 5274 1187 5338 belicensis
1208 5276 1368 5354 crascopus
1390 5274 1572 5338 diocesanos
1598 5274 1632 5341 Τ.
1654 5274 1844 5338 canonicum

191 5374 456 5440 Naamonasusai
489 5377 686 5456 instituerat,
720 5377 864 5442 destituto
892 5377 1035 5442 Iohanne
1063 5377 1167 5458 Albo,
1201 5378 1256 5458 qui
1284 5379 1566 5442 exommunicatus
1600 5377 1711 5440 divim
1739 5375 1845 5458 officia

191 5477 405 5545 celebraverat.
1488 5483 1582 5560 1216,
1604 5481 1683 5546 Noc.
1704 5482 1757 5546 22.

297 5595 368 5650 uos.
386 5596 443 5650 111
458 5597 525 5668 neq.
549 5597 606 5652 roz.
625 5599 650 5662 1,
669 5603 719 5660 ra·
738 5599 801 5653 mo.
819 5599 846 5669 r,
866 5602 912 5654 so.

297 5680 430 5748 rorone,
447 5683 515 5754 aeq.
533 5684 606 5740 aaa
625 5685 644 5740 1
662 5685 896 5740 rasso-asera
