4448 6420
390 381 450 444 166
972 373 1020 428 nx
1038 373 1195 430 HONORII
1213 373 1253 428 III
1272 372 1451 428 REGIS'I'RO

387 549 524 615 meliora
544 554 659 613 vocato
670 550 691 630 ¹,
721 554 754 614 te
777 548 811 612 in
840 547 910 613 eius
934 548 1018 612 solio
1041 547 1182 612 feliciter
1204 548 1391 628 collocavit,
1421 553 1458 611 ut
1484 553 1517 611 te
1539 551 1698 631 regnante
1727 565 1786 631 pro
1810 546 1883 630 ipso
1907 565 1944 608 ac
1966 545 2034 609 eius

388 654 545 740 pietatem
573 657 606 717 et
631 652 790 717 iustitiam
817 651 984 732 imitante,
1017 658 1111 737 peter
1141 652 1175 715 in
1204 652 1271 716 lilio
1297 653 1409 717 vivere
1437 650 1595 715 rideatur.
1640 650 1735 714 Licet
1763 649 1864 733 igitur
1892 649 2035 714 eiusdem

387 757 490 843 patris
512 756 561 820 tui
584 755 692 820 obitus
716 775 792 836 nos,
825 755 882 840 qui
912 776 987 819 eum
1016 753 1146 819 'sincera
1174 755 1308 819 caritate
1338 753 1528 834 dileximus,
1557 752 1736 816 secundum
1762 751 1929 817 hominem
1960 774 2035 817 con·

388 859 584 939 tristaverit,
615 858 801 943 accepimus
824 863 934 922 tamen
962 858 996 920 in
1018 878 1159 943 persone
1183 863 1238 921 tue
1261 856 1491 921 sublimatione
1515 855 1683 936 solatium,
1712 855 1759 918 ita
1790 855 1878 940 quod
1907 877 1950 921 ex
1977 855 2037 920 boe

388 967 460 1026 orte
481 961 586 1026 letitia
607 959 763 1041 dolorem,
789 958 844 1044 qni
867 981 909 1024 ex
931 966 1035 1024 morte
1053 959 1197 1023 iamdicti
1220 960 1322 1045 patris
1345 959 1392 1023 tni
1408 958 1582 1038 acciderat,
1605 959 1809 1043 temperarit,
1832 959 1906 1044 ipsa
1928 960 2037 1024 natira

386 1063 534 1129 bonitate
567 1065 615 1129 tui
647 1063 788 1150 preclari
822 1063 952 1147 generis
987 1064 1118 1148 plenem
1152 1063 1247 1127 nobis
1284 1063 1447 1126 tribuente
1482 1061 1648 1141 fiduciam,
1680 1061 1767 1145 quod
1793 1063 2038 1147 progenitorum

389 1173 516 1231 tuorum
532 1167 675 1252 vestigia
688 1164 845 1230 imitando
867 1187 932 1230 non
948 1164 1093 1246 deseres,
1118 1165 1176 1230 sed
1192 1166 1276 1230 sicut
1299 1166 1332 1229 in
1356 1165 1449 1250 regni
1473 1164 1551 1230 sede
1575 1166 1621 1229 sic
1646 1169 1679 1230 ct
1701 1164 1735 1228 in
1750 1164 1868 1247 decore
1885 1167 2039 1232 virtutum

390 1269 438 1334 eis
461 1269 604 1334 Domino
627 1269 788 1353 largiente
812 1268 980 1334 succedes.
1024 1268 1165 1354 Propter
1187 1267 1275 1353 quod
1302 1269 1391 1332 illam
1413 1266 1623 1332 dilectionem
1645 1267 1821 1346 sinceram,
1851 1290 1916 1355 qua
1944 1292 2039 1357 sepe-

389 1372 513 1438 dictum
536 1377 663 1459 patrem
685 1379 776 1438 tuum
799 1371 919 1436 fuimus
943 1371 1132 1457 amplexati,
1155 1372 1189 1434 in
1212 1378 1244 1435 te
1268 1372 1414 1436 totaliter
1436 1369 1717 1446 transfundentes,
1740 1371 1875 1436 firmiter
1897 1375 2040 1457 gerimus

389 1477 423 1540 in
445 1475 613 1561 proposito
635 1474 752 1539 honori
776 1480 808 1540 et
828 1473 990 1561 profectui
1007 1479 1061 1538 tue
1082 1473 1291 1538 sublimitatis
1313 1473 1495 1553 intendere,
1519 1481 1552 1538 et
1573 1473 1607 1539 in
1622 1474 1869 1560 quibuscunque
1885 1476 2040 1556 decuerit,

391 1578 452 1643 tibi
474 1579 619 1642 favorem
641 1578 857 1662 apostolicum
881 1577 1049 1643 exhibere.
1093 1575 1261 1661 Rogamus
1291 1577 1392 1661 igitur
1414 1578 1739 1663 circumspectionem
1762 1583 1852 1642 tuam
1875 1585 1909 1643 et
1933 1580 2041 1645 horta-

390 1699 463 1742 mur
478 1684 614 1760 attente,
637 1680 789 1765 quatinus
804 1678 966 1765 prefatum
986 1687 1114 1765 patrem
1136 1685 1227 1744 tuum
1249 1687 1318 1744 tum
1341 1681 1375 1744 in
1400 1680 1517 1745 ceteris
1534 1679 1798 1744 commendandis
1814 1682 1954 1762 actibus,
1977 1689 2042 1746 tum

394 1781 582 1867 specialiter
603 1781 637 1845 in
659 1802 739 1847 vcra
761 1781 954 1862 devotione,
984 1803 1081 1867 quam
1104 1781 1145 1846 ed
1167 1783 1382 1868 apostolicam
1404 1782 1516 1848 sedem
1540 1789 1574 1847 et
1595 1781 1637 1846 ad
1658 1789 1760 1847 totam
1782 1783 1847 1848 Dei
1870 1785 2043 1850 ecclesiam

390 1883 546 1948 babuisse
582 1883 799 1970 dignoscitur,
838 1885 948 1948 taliter
985 1885 1143 1966 imiteris,
1183 1885 1288 1970 quod,
1329 1887 1413 1950 sicut
1446 1886 1517 1973 ipse
1552 1887 1764 1972 apostolicam
1799 1889 1939 1972 gratiam
1978 1889 2044 1954 suis

392 1987 603 2074 exigentibus
636 1989 761 2053 meritis
796 1988 1038 2052 incessabiliter
1072 1988 1202 2070 habuit,
1239 1989 1287 2052 sic
1321 1995 1354 2054 et
1387 1996 1422 2053 tu
1457 1990 1545 2054 illem
1579 1991 1700 2074 iugiter
1732 1992 1900 2056 merearis.
1956 1991 2042 2057 Sane

390 2090 528 2171 litteras,
552 2111 632 2175 quas
656 2111 755 2177 super
776 2091 909 2176 negotio
932 2092 1053 2155 nobilis
1076 2092 1137 2155 viri
1160 2091 1343 2157 Theobaldi
1365 2092 1407 2158 de
1426 2093 1554 2157 Ullioco
1578 2099 1611 2157 et
1634 2095 1951 2179 consanguineorum
1975 2096 2044 2160 eiua

392 2198 446 2256 tua
470 2193 565 2257 nobis
590 2195 749 2259 serenitas
773 2193 966 2275 destinarit,
998 2194 1174 2279 diligenter
1205 2193 1403 2274 audivimus,
1436 2201 1470 2260 et
1497 2216 1537 2260 ea
1559 2216 1621 2281 que
1652 2195 1903 2262 continebantur
1924 2198 1959 2262 in
1981 2199 2045 2262 illis

391 2295 489 2381 pleno
524 2296 732 2383 concepimus
766 2298 958 2378 intellectu,
988 2297 1139 2383 dictoque
1169 2297 1360 2364 Tbeobaldc
1396 2299 1584 2384 specialiter
1612 2299 1872 2365 consideratione
1903 2322 2046 2388 persone

392 2403 465 2478 tue,
499 2399 678 2464 secundum
701 2399 786 2484 quod
809 2400 947 2466 honeste
970 2400 1153 2486 potuimus,
1183 2422 1284 2487 super
1313 2401 1375 2465 hoc
1399 2402 1583 2466 curarimus
1606 2400 1796 2487 providere,
1829 2405 1915 2468 sicut
1937 2405 2046 2469 littere

392 2506 503 2565 nostre
532 2523 631 2587 super
659 2501 722 2567 hoc
744 2502 923 2568 venerabili
952 2503 1045 2568 fratri
1071 2509 1182 2568 nostro
1210 2503 1392 2568 Parisiensi
1420 2505 1597 2590 episcopo²
1631 2511 1664 2570 et
1690 2506 1763 2570 aliis
1792 2505 1955 2572 destincte
1986 2507 2045 2572 tibi

392 2603 521 2688 plenius
549 2603 774 2669 declarabunt.
840 2605 891 2670 Tu
921 2626 999 2691 crgo
1030 2606 1081 2670 ius
1111 2612 1204 2671 tuum
1233 2626 1306 2670 cnm
1336 2627 1376 2671 ea
1404 2605 1655 2672 mansuetudine
1687 2614 1721 2672 00
1752 2630 1792 2674 eo
1822 2609 2046 2676 moderamine

392 2706 531 2788 tuearis,
561 2706 648 2792 quod
670 2714 726 2773 tue
750 2707 952 2773 celsitudinis
976 2709 1224 2795 circumspectio
1255 2709 1371 2774 merito
1394 2711 1639 2776 commendetur
1662 2719 1696 2775 et
1724 2712 1925 2798 apostolicus
1955 2713 2047 2778 favor

392 2807 453 2872 tibi
476 2806 594 2875 deesse
617 2831 683 2875 non
705 2810 828 2876 debeat
851 2811 908 2876 sed
932 2810 1061 2876 adesse.

502 2926 577 2994 Dat.
600 2929 766 3012 Laterani,
788 2931 874 2996 VIII
895 2930 1036 2996 Kalend.
1059 2931 1264 3012 Novembris,
1286 2931 1495 3016 pontificatus
1518 2933 1621 2996 nestri
1643 2953 1728 2997 anno
1751 2939 1877 2999 octavo.

1032 3203 1194 3210 -..-——-..--
1207 3206 1211 3209 .
1223 3205 1224 3208 ,
1234 3203 1379 3210 -.--....--.
1400 3204 1430 3208 ,..

1184 3452 1271 3526 238.

505 3559 693 3654 Hmmss
721 3588 786 3652 111
806 3609 897 3670 papa
926 3589 1147 3675 [00090000]
1177 3589 1354 3657 ernnust
1383 3591 1611 3672 00000000
1636 3592 1782 3672 mesae,
1812 3599 1848 3659 n
1875 3595 2047 3661 0000000
2168 3613 2192 3649 2

395 3695 531 3761 emnitem
552 3694 590 3758 de
613 3686 731 3757 Snerin
752 3695 876 3756 moneat
896 3691 1077 3775 dilipenter,
1100 3699 1135 3756 nt
1157 3695 1247 3775 infre
1269 3714 1403 3759 mensem
1419 3699 1493 3776 post
1514 3697 1735 3776 susceptionem
1758 3696 1950 3774 litterarum,
1972 3718 2049 3779 quus

394 3819 488 3882 snper
509 3799 563 3862 boc
584 3796 614 3860 ei
635 3795 762 3876 diriget,
778 3793 1056 3879 [Wcldemcrnm]
1078 3817 1177 3879 regem
1192 3795 1321 3862 Dentes
1343 3801 1372 3862 et
1391 3798 1495 3878 filium
1517 3798 1584 3862 eins
1601 3798 1715 3878 plenae
1731 3798 1871 3863 libertati
1891 3803 2044 3867 restituat.

397 3903 459 3986 Qui
481 3901 511 3966 si
532 3898 659 3965 mmnts
672 3899 863 3978 acquiescere
884 3918 949 3962 non
967 3902 1132 3980 curaverit,
1154 3902 1258 3982 ipsum
1280 3902 1404 3983 erasque
1414 3899 1559 3985 factores
1574 3902 1820 3980 excommunicet,
1843 3907 1873 3967 et
1895 3904 2046 3983 diocesim,

394 4006 431 4068 c'n
452 4023 635 4086 qneennqne
656 4021 756 4083 recem
783 4005 813 4066 et
837 4002 941 4082 filium
962 4003 1030 4068 eins
1056 4003 1204 4082 detineat,
1235 4004 1368 4069 subiciet
1393 4003 1568 4082 Interdicis,
1597 4007 1627 4068 et
1653 4005 1803 4085 quoslibet
1830 4007 1860 4070 ei
1886 4007 2049 4088 fidelitates

394 4107 518 4172 cimento
539 4104 683 4170 astrictos
704 4103 865 4168 denuntiet
886 4105 1050 4171 absolutos.
1608 4109 1701 4185 1223,
1724 4107 1804 4171 Noc.
1828 4112 1857 4186 1,
1879 4111 1910 4187 2,
1932 4115 1963 4174 4.

500 4223 573 4278 Hen.
592 4225 647 4277 ΙΙΙ
661 4223 728 4293 Req.
749 4223 806 4278 Vol.
824 4223 878 4288 IV,
896 4228 1051 4294 116-118,·
1070 4226 1132 4281 Lib.
1152 4225 1232 4292 VIII,
1252 4231 1296 4282 82.
1332 4227 1438 4282 Pertris'
1455 4227 1593 4296 exemptor
1610 4227 1794 4296 supplevimus
1812 4243 1848 4282 en
1866 4227 1961 4299 Rcyn.
1981 4235 2049 4285 Ann.

396 4311 454 4366 ecel.
474 4327 500 4364 α.
519 4312 599 4372 1223,
617 4312 633 4374 5
650 4313 766 4364 24-27.

500 4395 635 4459 Pennas,
655 4393 724 4463 neq.
743 4397 827 4464 roes,
847 4398 930 4461 7000,
951 4401 1031 4458 rom.
1051 4401 1135 4453 7000.

862 4662 871 4680 .
901 4662 910 4680 .
939 4605 1198 4680 Coloniensi
1224 4604 1572 4697 archiepiscopo.

503 4754 695 4819 Immanitas
724 4754 910 4820 detestandi
938 4756 1108 4836 iocinoris,
1140 4755 1227 4841 qnod
1246 4754 1412 4820 Henricus
1436 4775 1545 4819 comes
1568 4753 1609 4818 de
1633 4753 1763 4818 Zwerin
1786 4754 1820 4817 in
1845 4753 2047 4818 carissimum

398 4861 431 4924 in
456 4857 586 4923 Christo
609 4857 712 4922 filium
734 4863 883 4922 nostrum
913 4905 953 4920 ..
985 4858 1146 4924 illustrem
1177 4878 1289 4942 regem
1312 4856 1431 4936 Dacis,
1461 4856 1626 4921 dominum
1649 4878 1758 4938 suum,
1792 4863 1825 4922 et
1853 4857 1926 4920 eius
1950 4856 2048 4919 filium

397 4960 581 5040 attentavit,
604 4959 713 5024 Deum
736 4960 850 5046 procul
873 4959 972 5024 dubio
988 4961 1113 5040 incitet,
1137 4967 1170 5025 et
1187 4961 1323 5025 incitare
1346 4958 1444 5024 debet
1459 4958 1609 5024 homines
1634 4966 1748 5024 contra
1771 4980 1857 5039 eum,
1879 4960 2048 5045 ipsumque

398 5062 536 5128 reddere
561 5061 716 5128 odibilem
737 5061 910 5143 universis,
934 5064 989 5148 qui
1010 5063 1145 5149 perfidie
1163 5063 1371 5127 dolositatem
1387 5060 1527 5126 oderunt
1549 5068 1583 5126 et
1604 5060 1743 5146 diligunt
1765 5061 1842 5126 fidei
1865 5063 2048 5148 puritatem.

399 5167 491 5232 Sicut
514 5166 601 5231 euim
624 5187 668 5230 ex
689 5166 808 5231 litteris
832 5167 1032 5252 prelatorum
1056 5174 1089 5231 et
1110 5166 1294 5253 principum
1317 5167 1410 5251 regni
1431 5165 1534 5231 Dacie
1561 5167 1658 5232 nobis
1682 5166 1838 5246 innotuit,
1869 5187 1943 5230 cum
1966 5164 2047 5228 idem

397 5290 458 5336 rex
480 5269 514 5333 in
537 5267 699 5354 quandam
722 5270 863 5334 insulam
884 5269 987 5355 ipsius
1010 5269 1103 5355 regni
1131 5269 1235 5334 estivo
1258 5276 1407 5355 tempore
1430 5269 1472 5332 ob
1503 5270 1590 5334 aeris
1613 5269 1835 5335 clementioris
1858 5269 2046 5354 temperiem
2085 5251 2163 5310 θ’

398 5393 473 5437 cnm
496 5393 556 5436 sua
578 5372 707 5458 privata
728 5371 853 5436 familia
875 5373 1082 5454 secessisset,
1112 5393 1173 5438 uec
1196 5372 1322 5458 aliquas
1338 5372 1569 5466 =suspicaretur
1590 5370 1741 5452 insidias,
1769 5377 1886 5456 utpote
1911 5371 2046 5456 quinon

500 5630 527 5697 1)
546 5627 701 5694 10001οι.
721 5630 761 5681 rt.
831 5627 860 5694 2)
885 5627 1025 5682 Wiltelme
1044 5627 1076 5682 de
1094 5627 1255 5700 Siynr'lieeo.
