4596 6406
1017 389 1065 441 EX
1084 386 1260 442 suuaoau
1278 386 1316 440 IX
1335 385 1517 440 REGISTRO

1226 721 1310 793 764.

545 833 736 944 (imperius
765 861 821 926 IX
847 882 935 941 papa
962 861 1111 946 [Iaccho]
1138 861 1277 942 ‹piscopo
1305 859 1514 923 Praenestino
1546 859 1694 934 rnoratrt,
1728 861 1764 921 at
1789 857 1970 942 [Iohanni]
1997 855 2109 920 arciri-

438 966 577 1046 episcopo
599 969 628 1029 ct
649 965 769 1028 civitati
783 965 965 1029 Arelatensi
978 968 1007 1028 et
1023 964 1232 1048 [Rapmando
1245 961 1442 1045 Bercnpario
1454 960 1526 1045 IV]
1548 961 1651 1024 comiti
1662 959 1857 1036 Provinciae,
1880 962 1937 1042 qai
1958 960 2110 1025 sedes-rac

439 1074 548 1134 caetra
562 1068 763 1134 Fridcrieam
776 1068 894 1132 dietam
916 1070 1134 1149 imperatorem
1149 1071 1330 1132 constanter
1352 1066 1514 1143 assistant,
1536 1066 1574 1128 dc
1587 1065 1721 1146 paeanio
1744 1065 1909 1146 lopationis
1929 1085 2010 1128 snae
2033 1062 2109 1127 sale

439 1173 555 1238 veniat.
1745 1167 1937 1246 1240,1aa.
1963 1173 2015 1232 10.

545 1291 627 1360 Grcp.
645 1293 694 1345 IX
711 1292 781 1361 Iisp.
797 1291 856 1347 Vol.
879 1292 929 1360 VI,
947 1292 1089 1356 14010).
1109 1293 1201 1357 XIII,
1221 1297 1285 1347 223.
2172 1283 2184 1320 ⁵

545 1378 679 1441 Pottlrast,
698 1377 769 1447 Rep.
788 1381 892 1432 10338.

643 1633 652 1650 .
681 1631 690 1648 .
719 1575 930 1667 episcopo
957 1575 1250 1664 PenestrinO,
1278 1576 1527 1668 apostolice
1556 1576 1683 1650 sedis
1710 1576 1902 1669 legato¹.

551 1725 686 1790 Litteris
714 1727 778 1790 tuis
807 1724 951 1811 benigne
982 1727 1142 1811 receptis,
1175 1747 1287 1790 earum
1320 1733 1469 1790 tenorem
1498 1748 1536 1790 ac
1559 1726 1740 1791 litterarum
1771 1725 1969 1790 venerabilis
1992 1725 2108 1789 fratris

444 1829 547 1893 nostri
571 1877 578 1892 .
598 1878 605 1893 .
627 1827 834 1893 Arelatensis
858 1828 1098 1915 archiepiscopi
1120 1850 1182 1894 nce
1205 1851 1270 1893 non
1293 1829 1406 1893 dilecti
1428 1828 1487 1892 filii
1506 1829 1626 1894 nobilis
1642 1830 1702 1893 viri
1727 1878 1760 1895 ..
1785 1830 1912 1894 comitis
1926 1831 2106 1895 Provincia

444 1934 542 2019 pleno
579 1933 788 2018 concepimus
820 1933 1009 2014 intellectu,
1052 1933 1305 1998 sollicitudinem
1339 1941 1428 1997 tuam
1463 1934 1549 1996 circa
1582 1934 1750 2018 negotium
1783 1933 1860 1998 fidei
1892 1940 1926 1998 et
1961 1935 2106 1999 ecclesie
2160 1947 2183 1984 ¹⁰

444 2035 698 2121 promovendum
742 2036 848 2121 dignis
885 2038 918 2100 in
954 2036 1097 2101 Domino
1140 2036 1293 2101 laudibus
1340 2035 1551 2101 efferentes².
1619 2035 1706 2101 Sane
1744 2038 1821 2122 quia
1856 2037 1952 2102 decet
1990 2038 2108 2102 sedem

445 2138 658 2226 apostolicam
695 2139 772 2203 illos
812 2140 924 2205 favore
960 2142 1117 2227 prosequi
1159 2140 1308 2226 ampliori
1348 2161 1386 2204 ac
1424 2141 1655 2225 prosecutione
1698 2143 1803 2224 gratie
1846 2142 1987 2228 amplius
2027 2163 2108 2206 con-

445 2245 574 2324 fovere,
609 2266 691 2330 quos
724 2252 863 2330 experta
893 2244 1023 2310 devotio
1053 2253 1087 2310 et
1117 2245 1254 2332 probata
1283 2246 1466 2309 constantia
1493 2245 1579 2309 cirea
1606 2246 1711 2331 ipsam
1740 2244 1857 2330 dignos
1888 2244 2051 2310 exhibent
2075 2251 2109 2309 et

447 2353 617 2434 acceptos,
645 2355 682 2413 ut
711 2355 745 2414 et
771 2348 835 2435 ipsi
864 2349 1007 2414 letentur
1035 2349 1177 2414 ecclesie
1202 2349 1377 2413 servivisse
1401 2370 1439 2413 ac
1463 2350 1516 2412 alii
1540 2348 1580 2413 ad
1604 2350 1675 2414 sius
1699 2349 1857 2436 obsequia
1883 2371 1998 2415 eorum
2022 2349 2107 2414 invi-

449 2459 560 2517 tentur
592 2453 762 2539 exemplo,
797 2452 1005 2534 mandamus,
1040 2453 1192 2539 quatinus
1228 2453 1384 2539 predictis
1419 2453 1668 2540 archiepiscopo
1701 2460 1736 2518 et
1770 2454 1879 2517 comiti
1910 2474 1948 2517 ac
1981 2453 2108 2517 civitati
2160 2463 2183 2501 ¹⁵

445 2555 652 2636 Arelatensi,
687 2557 743 2642 qui
771 2557 938 2621 ferventes
966 2557 999 2620 in
1029 2558 1163 2641 negotio
1194 2556 1316 2621 Christi
1345 2557 1481 2643 eiusque
1514 2578 1634 2642 sponse
1662 2578 1700 2620 ac
1728 2557 1806 2621 fidei
1833 2556 1997 2621 catholice
2026 2557 2109 2641 ipsis

448 2666 562 2723 contra
592 2657 795 2724 Fridericum
824 2658 946 2724 dictum
973 2659 1220 2746 imperatorem,
1254 2666 1404 2746 apertum
1435 2659 1661 2724 adversarium
1689 2659 1882 2741 eorundem,
1915 2665 2111 2725 constanter

449 2762 624 2843 assistunt,
648 2763 736 2827 vires
761 2784 819 2827 sue
842 2764 990 2850 potentie
1014 2765 1049 2829 in
1072 2785 1186 2828 eorum
1209 2764 1369 2829 auxilium
1393 2771 1615 2850 exponentes,
1645 2763 1686 2829 de
1711 2765 1942 2844 subventione,
1968 2785 2068 2849 quam
2091 2787 2112 2828 a

447 2866 583 2952 prelatis
607 2873 640 2930 et
664 2867 813 2931 ecclesiis
837 2873 892 2932 tue
916 2867 1091 2952 legationis
1120 2869 1276 2954 recipies,
1309 2889 1408 2953 super
1428 2889 1492 2952 qua
1514 2867 1609 2932 nobis
1634 2867 1779 2933 scribere
1802 2868 1977 2948 curavisti,
2009 2875 2110 2953 prout

453 2977 510 3034 tua
544 2969 699 3034 discretio
733 2971 890 3057 expedire
923 2970 1058 3053 viderit,
1092 2972 1266 3058 providere
1302 2978 1336 3036 et
1369 2972 1544 3036 subvenire
1579 2993 1752 3057 procures,
1787 2979 1823 3036 ut
1852 2971 1951 3036 iidem
1982 2971 2110 3036 Christi

450 3094 593 3154 causam,
617 3094 714 3158 quarn
736 3075 849 3139 fovere
872 3075 951 3139 totis
975 3075 1098 3139 viribus
1123 3076 1327 3162 inceperunt,
1350 3075 1491 3140 feliciter
1513 3082 1760 3161 prosequentes,
1784 3075 1823 3139 ad
1842 3081 1991 3161 optatum
2007 3075 2110 3140 finem

449 3174 593 3241 Domino
617 3176 819 3243 concedente
842 3177 1034 3264 perducant.

561 3297 638 3365 Dat.
661 3300 814 3366 Lateran.
838 3301 907 3365 IIII
928 3301 976 3365 Id.
1000 3300 1130 3368 Ianuar.
1154 3323 1238 3366 anno
1261 3301 1356 3366 XIII.

1070 3547 1481 3554 Ἢ

1231 3815 1316 3890 765.

561 3930 751 4041 Greporias
773 3957 830 4021 IX
845 3977 932 4038 popm
954 3956 1106 4022 Rasadae
1127 3960 1254 4041 rapinae
1274 3964 1303 4023 ct
1324 3958 1436 4024 David
1456 3962 1531 4022 nato
1553 3959 1620 4032 cias
1639 3957 1888 4038 Georgionoram
1909 3958 1977 4038 rapt
1991 3957 2114 4036 scribit,

453 4084 485 4127 se
513 4063 556 4125 iis
583 4066 691 4126 contra
716 4061 850 4126 Pataros
882 4061 1041 4126 anciliam
1075 4063 1195 4127 mittero
1231 4063 1421 4144 nequivisse,
1455 4061 1532 4142 qrcia
1560 4065 1685 4142 praeter
1715 4058 1908 4126 Sarracenos
1935 4060 2053 4142 Sprr'cc
2085 4064 2116 4124 ct

453 4165 634 4246 Hispaniae
654 4166 749 4230 etiam
773 4165 807 4228 in
827 4166 930 4232 Italia
951 4166 1100 4231 nonnulli
1121 4171 1334 4248 apostatantes
1354 4166 1512 4232 ecclesiam
1533 4165 1724 4248 impapncnt.

1756 4270 1849 4345 1240,
1872 4266 1947 4333 Ian.
1971 4271 2023 4329 13.

559 4390 641 4458 Grec.
659 4391 709 4443 IX
730 4389 799 4458 ch.
823 4389 880 4443 Vol.
905 4388 1131 4456 V1‚136-137.·
1155 4390 1216 4444 Lio.
1235 4390 1333 4454 XIII,
1352 4359 1412 4442 193.
1456 4389 1551 4442 Hnias
1574 4388 1672 4456 lampae
1697 4387 1831 4456 epistolae
1853 4387 1982 4440 Parisios
2001 4390 2117 4456 partem

454 4477 640 4532 tantammodo
659 4493 741 4545 qaam
763 4476 841 4543 infra
862 4476 960 4538 dorcas
980 4476 1142 4545 descripsit;
1173 4493 1244 4546 qaae
1266 4476 1336 4529 enim
1360 4475 1468 4540 desunt,
1494 4475 1599 4528 callias
1619 4472 1745 4526 morienti
1769 4473 1807 4526 od
1827 4473 1980 4540 pererratam
2002 4473 2117 4542 inrperii

454 4565 597 4618 historiam
613 4565 688 4617 sinet.
724 4563 856 4632 Epistola
873 4561 973 4631 lepitar
990 4562 1098 4630 intepra
1115 4563 1146 4616 in
1162 4563 1271 4632 Ripotti
1289 4561 1363 4615 aaa.
1383 4561 1484 4615 Praed.
1503 4566 1521 4614 t.
1540 4561 1565 4624 I,
1583 4577 1611 4628 p.
1630 4563 1695 4626 108,
1712 4575 1738 4612 n.
1758 4561 1819 4612 108.

559 4649 698 4719 Pctttrcst,
717 4649 786 4719 Rep.
805 4652 904 4702 10811.

458 4843 638 4917 Rusude
666 4841 821 4935 regine
849 4843 1047 4916 etDavid
1073 4845 1178 4915 nato
1207 4839 1306 4914 eius
1326 4840 1692 4933 Georgianorum
1718 4837 1813 4930 regi
1839 4836 2116 4912 illustribus,

303 5012 442 5064 serraca.
564 4994 634 5059 Vas
669 4991 890 5074 ammirabile,
932 4994 997 5076 sol,
1033 5014 1115 5078 opus
1144 4991 1279 5056 Excelsi
1309 4995 1363 5056 etc.
1417 4990 1504 5055 Illud
1538 5009 1667 5075 quoque
1700 4989 1733 5053 in
1769 4988 1887 5052 restris
1921 4994 2117 5052 contentum

458 5099 592 5181 litteris,
624 5097 710 5183 quod
733 5096 864 5161 Tatarri
890 5097 1003 5163 hostes
1035 5095 1196 5161 catholice
1226 5093 1304 5160 fidei
1334 5101 1479 5160 restrum
1509 5114 1645 5178 regnum
1674 5093 1892 5171 intraverunt,
1920 5097 2117 5178 conceptam

563 5359 588 5424 1)
605 5375 632 5412 a.
650 5359 731 5423 1239,
757 5355 813 5410 Oct.
836 5356 942 5424 tapetas
960 5351 1051 5408 denno
1068 5353 1106 5408 ad
1120 5355 1264 5424 principes
1284 5352 1439 5410 Occidentis
1456 5354 1556 5408 masas
1575 5355 1644 5406 crat.
1678 5351 1761 5422 Rpcc.
1780 5350 1813 5404 dc
1830 5349 1858 5404 S.
1878 5347 1969 5404 Germ.
1987 5366 2014 5402 a.
2033 5352 2118 5416 1239,

457 5447 506 5502 SS.
524 5449 542 5500 t.
561 5444 647 5508 XIX,
662 5461 692 5513 p.
712 5446 783 5509 37&
801 5441 837 5510 cf.
857 5459 883 5496 n.
903 5446 964 5495 731.
1074 5442 1102 5509 2)
1122 5457 1147 5496 a.
1166 5444 1251 5514 1239,
1274 5441 1345 5495 Noa.
1364 5445 1399 5494 10
1420 5457 1506 5495 comcs
1526 5437 1693 5494 Provinciae
1711 5435 1838 5492 ecolesma
1855 5437 1958 5490 certam
1976 5433 2120 5489 ancilium

457 5537 554 5585 contro
572 5530 764 5599 imperatorem
784 5534 810 5582 at
831 5530 937 5598 tapetas
955 5529 1047 5585 comiti
1069 5528 1107 5582 ad
1129 5528 1160 5582 id
1180 5529 1366 5598 exequendam
1385 5527 1589 5583 rubricationem
1606 5526 1640 5579 dc
1654 5523 1777 5595 pecnnia
1795 5522 1943 5593 lepotionis
1965 5537 2034 5576 sace
2047 5538 2120 5592 pro·

457 5620 581 5685 crismon
602 5617 638 5686 cf.
657 5616 766 5671 chartas
784 5616 818 5672 de
835 5616 887 5670 hac
905 5633 935 5671 re
951 5617 1091 5687 consectas
1108 5633 1154 5688 op.
1174 5615 1470 5684 Hailtord-Britrolles,
1488 5615 1505 5668 l.
1523 5629 1546 5667 c.
1565 5618 1583 5667 t.
1608 5609 1637 5677 V,
1656 5629 1687 5684 p.
1706 5613 1764 5664 188
1781 5616 1807 5666 et
1830 5608 2028 5672 mereamor,
2046 5610 2122 5664 Acta

458 5708 529 5777 Imp.
547 5704 619 5759 ined.
634 5723 665 5777 p.
685 5707 750 5770 528,
768 5719 795 5758 n.
815 5707 877 5759 662.
