4576 6390
417 389 481 454 422
1000 378 1047 436 EX
1066 377 1241 436 cnaaoan
1259 377 1296 434 IX
1316 373 1496 434 REGIS'PRO

418 562 560 626 cantoris
582 579 775 646 processum
797 557 896 623 robur
919 555 1102 621 laceremus
1125 555 1296 619 firmitatis·
1309 555 1443 619 habere.
1495 552 1657 628 Quocirca
1679 550 1882 634 mandamus,
1906 551 2074 637 quatinus,

418 667 446 730 si
469 671 520 730 est
543 665 603 744 ita,
635 663 762 728 faciatis
784 662 893 741 illum,
917 659 1002 723 siout
1025 665 1076 724 est
1097 658 1294 742 legittimus,
1318 678 1421 742 usque
1444 656 1485 720 ad
1508 656 1767 721 satisfactionem
1790 655 1988 740 condignam
2012 656 2074 720 sub

418 767 598 855 apostolica
620 765 830 830 obedientia³
854 763 1088 828 inviolabiliter
1111 762 1290 828 observari.

525 888 600 952 Dat.
623 886 777 952 Latarau.
801 884 848 950 IV
870 883 947 948 Kal.
971 883 1060 965 Maii,
1084 904 1168 949 anno
1192 883 1268 951 VII.

1038 1124 1450 1134 Μὴ*-

1203 1349 1288 1424 526.

527 1470 718 1580 Greqorias
733 1493 789 1558 IX
808 1512 894 1573 papa
911 1491 1061 1572 potestati
1082 1493 1112 1554 et
1129 1489 1245 1570 populo
1260 1487 1416 1554 Perusino
1438 1489 1495 1553 sub
1511 1509 1616 1570 poena
1638 1490 1724 1556 mille
1738 1511 1916 1555 marcorum
1930 1491 2074 1571 mandat,
2140 1537 2152 1574 r

416 1622 456 1666 ae
471 1605 580 1667 contra
595 1599 749 1664 civitatem
768 1595 932 1662 Clusinum
951 1595 1121 1676 procedant
1137 1611 1212 1657 aava
1230 1593 1266 1656 ia
1281 1592 1511 1673 proelortr'ctam
1526 1594 1725 1676 imperatoris
1743 1595 1867 1676 aliquid
1881 1600 2075 1676 attemptaret.

421 1703 470 1784 Cf.
492 1723 524 1767 a.
547 1703 622 1769 493.
1708 1700 1802 1777 1233,
1825 1698 1909 1766 Mat.
1932 1701 1984 1767 15.

522 1820 604 1892 (ἔτερ.
623 1821 673 1875 IX
688 1819 757 1892 Ray.
781 1819 837 1874 Vol.
856 1818 908 1885 IV,
925 1822 974 1885 24;
992 1817 1055 1872 aa.
1079 1817 1144 1884 VII,
1162 1821 1221 1872 101.

521 1907 656 1976 Pottlraat‚
676 1905 743 1976 Bag.
763 1908 843 1960 9193.

737 2191 746 2210 .
776 2193 784 2210 .
812 2135 1024 2229 potestati
1050 2140 1092 2209 et
1119 2136 1283 2228 populo
1311 2133 1521 2208 Perusino
1548 2134 1749 2228 spiritum

1042 2254 1214 2328 consilii
1240 2255 1445 2329 sanioris

523 2403 598 2469 Pati
621 2406 772 2471 nolumus
795 2427 857 2471 uec
879 2404 1054 2484 debemus,
1086 2411 1122 2468 ut
1143 2426 1164 2468 a
1185 2404 1280 2470 nobis
1303 2405 1356 2469 vel
1378 2425 1398 2468 a
1420 2403 1540 2467 uostris
1562 2403 1635 2467 aliis
1658 2402 1834 2487 inferatur,
1866 2405 1952 2491 quod
1975 2407 2073 2472 nobis

416 2507 470 2571 vel
494 2508 614 2573 nostris
637 2509 708 2575 iure
731 2510 892 2574 nollemus
916 2508 1044 2588 inferri,
1076 2509 1152 2593 quia
1181 2508 1266 2572 sicut
1294 2508 1366 2570 iura
1387 2512 1499 2571 nostra
1521 2507 1670 2571 volumus
1700 2507 1826 2572 illibata
1853 2511 1990 2592 servari,
2024 2512 2073 2576 sic

416 2609 458 2672 ab
495 2610 634 2676 aliorum
667 2611 826 2678 debemus
861 2633 921 2697 per
954 2632 1013 2675 nos
1043 2612 1098 2675 vel
1132 2617 1262 2676 nostros
1293 2610 1419 2675 iniuriis
1454 2610 1637 2690 abstinere,
1672 2632 1714 2675 nc
1750 2611 1836 2696 quod
1869 2612 1958 2677 absit
1992 2614 2072 2680 inde

416 2720 565 2778 sumatur
586 2716 725 2781 materia
749 2713 912 2796 scandali,
944 2713 1030 2779 unde
1061 2712 1197 2799 prouida
1222 2713 1323 2778 debet
1351 2711 1613 2778 consideratione
1637 2714 1755 2779 sedari.
1800 2713 1999 2802 Accepimus
2024 2718 2070 2782 si·
2127 2739 2151 2776 rs

416 2814 549 2899 quidem
573 2824 606 2882 et
629 2839 694 2882 non
725 2819 839 2903 utique
864 2823 1088 2903 acceptamus,
1120 2818 1217 2881 immo
1247 2838 1346 2902 grave
1376 2817 1520 2902 gerimus
1551 2823 1584 2880 et
1616 2817 1807 2896 molestum,
1840 2819 1926 2903 quod
1949 2841 2008 2884 vos
2032 2820 2075 2885 ad

416 2918 488 2982 iura
518 2918 648 3006 imperii
678 2942 794 2986 manus
826 2921 1016 2985 temerarias
1047 2920 1283 3001 extendentes,
1317 2925 1431 2983 contra
1461 2919 1626 2984 civitatem
1656 2918 1824 2984 Clusinam
1855 2922 1889 2985 in
1919 2922 2074 2988 iniuriam

416 3021 578 3086 carissimi
612 3023 645 3087 in
675 3023 805 3089 Christo
836 3024 893 3089 filii
922 3024 1025 3090 nostri
1054 3023 1231 3103 Friderioi,
1265 3023 1488 3089 Romanorum
1518 3023 1723 3108 imperatoris
1761 3045 1892 3111 semper
1928 3028 2073 3110 augusti,

415 3121 595 3189 Ierusalem
625 3133 659 3191 et
689 3126 801 3192 Sicilie
831 3127 919 3212 regis
948 3127 1103 3208 illustris,
1134 3127 1285 3212 nequiter
1312 3147 1370 3190 ros
1403 3126 1554 3205 armatis,
1585 3147 1650 3190 non
1681 3127 1944 3210 considerantes,
1977 3132 2074 3215 quasi

416 3227 506 3312 passi
528 3230 647 3294 mentis
678 3231 829 3312 exilium,
860 3237 1016 3316 quantum
1046 3252 1088 3294 ex
1116 3230 1178 3295 hoc
1202 3230 1345 3294 civitatis
1368 3235 1477 3294 vestre
1506 3228 1713 3315 dispendium
1736 3237 1922 3317 quantaque
1945 3233 2073 3299 iactura
2128 3253 2154 3291 2⁰

417 3331 470 3392 rel
503 3331 586 3396 lesio
625 3334 853 3419 subsequatur.
909 3333 1070 3399 Nolentes
1104 3333 1206 3418 igitur
1239 3332 1325 3418 quod
1361 3332 1533 3398 occasione
1567 3334 1668 3397 vestri
1703 3333 1790 3398 inter
1823 3336 1999 3400 ecclesiam
2040 3343 2074 3402 et

415 3432 592 3519 imperium
622 3438 813 3502 scandalum
847 3437 978 3523 aliquod
1010 3437 1152 3516 oriatur,
1184 3437 1390 3502 universitati
1418 3442 1529 3500 vestre
1562 3457 1621 3522 per
1649 3437 1830 3521 apostoliea
1860 3439 1981 3526 scripta
2010 3441 2072 3505 sub

415 3535 528 3602 debito
552 3538 720 3604 fidelitatis
752 3547 785 3606 et
814 3563 900 3628 pena
929 3541 1020 3605 mille
1050 3561 1233 3605 marcarum
1260 3539 1407 3604 districte
1437 3540 1648 3626 precipiendo
1678 3540 1886 3623 mandamus,
1917 3545 2073 3628 quatinus

415 3641 607 3726 prudenter,
631 3651 728 3729 prout
750 3645 918 3723 convenit,
950 3643 1156 3709 attendentes
1180 3643 1266 3729 quod
1289 3665 1332 3709 ex
1353 3643 1416 3706 hcc
1438 3645 1471 3706 in
1494 3643 1582 3707 illius
1605 3644 1738 3730 possitis
1761 3644 1906 3711 incidere
1930 3646 2073 3712 difficul-

415 3743 492 3807 tatis
515 3745 703 3828 artioulum,
734 3745 775 3812 de
799 3768 862 3833 quo
884 3748 1017 3812 liberari
1041 3748 1097 3812 vix
1120 3747 1217 3812 facile
1240 3748 1410 3828 valeretis,
1443 3753 1509 3811 tam
1532 3746 1572 3811 ab
1596 3747 1700 3831 ipsius
1723 3748 1862 3814 civitatis
1886 3771 1984 3835 quam
2008 3753 2069 3816 ali-

416 3867 508 3910 orum
531 3847 677 3913 locorum
706 3850 834 3936 imperii
862 3851 990 3914 iniuriis
1018 3855 1255 3936 temperantes,
1283 3857 1397 3915 contra
1425 3871 1496 3914 eam
1524 3850 1711 3915 nullatenus
1737 3851 1924 3937 procedatis
1947 3875 2010 3918 nec
2038 3856 2072 3918 in

417 3950 565 4015 eiusdem
597 3952 804 4039 imperatoris
837 3954 1052 4038 preiudioium
1080 3954 1203 4041 aliquid
1232 3955 1449 4041 attemptatis;
1482 3955 1595 4018 scituri
1623 3955 1710 4040 quod
1740 3956 1767 4019 si
1798 3976 1892 4021 secus
1923 3958 2070 4043 egeritis,

416 4052 502 4138 quod
524 4076 589 4119 non
612 4055 791 4138 oredimus,
822 4064 855 4122 ct
886 4078 1005 4143 penam
1028 4057 1166 4122 eandem
1196 4079 1300 4145 usqua
1327 4058 1367 4122 ad
1395 4058 1546 4122 ultimum
1570 4058 1786 4142 quadrantem
1816 4060 1950 4124 avobis
1979 4062 2071 4146 exigi

415 4156 589 4240 faciemus,
618 4167 651 4224 et
682 4167 796 4225 contra
819 4182 876 4225 ros
908 4162 1118 4246 gravabimus
1146 4162 1361 4248 spiritualiter
1383 4166 1416 4226 et
1444 4161 1670 4247 temporaliter
1697 4161 1927 4227 nichilominus
1959 4163 2071 4230 taliter

416 4280 530 4324 manus
562 4267 709 4341 nostras,
743 4264 830 4348 quod
863 4285 948 4350 pena
981 4251 1120 4331 docente
1156 4265 1281 4347 scietis,
1318 4286 1416 4350 quam
1446 4265 1567 4328 malum
1596 4265 1639 4328 sit
1668 4270 1701 4328 et
1729 4286 1875 4330 amarum
1907 4267 2069 4332 mandatis
2124 4288 2151 4325 so

415 4364 606 4447 apostolicis
630 4367 803 4432 contraire.

523 4480 599 4549 Dat.
621 4483 787 4568 Laterani,
811 4485 925 4550 Idibus
949 4485 1040 4570 Maii,
1063 4509 1147 4552 anno
1171 4486 1248 4553 VII.

1082 4731 1446 4741 -..,..-...--·-..----.-

1198 4956 1284 5030 597.

522 5064 713 5260 θοέροήαε
735 5093 791 5158 IX
805 5115 896 5176 papa
919 5093 1062 5175 catapano
1084 5095 1121 5158 rto
1142 5095 1281 5180 Bapdad
1301 5096 1338 5159 la
1360 5097 1489 5160 caracam
1511 5096 1636 5162 modam
1658 5101 1750 5179 atque
1772 5099 1900 5164 soldano
1913 5098 2071 5165 Damasci

414 5193 530 5262 scribit.
601 5195 632 5280 f.
655 5217 686 5261 a.
711 5196 784 5263 512.

1706 5295 1801 5372 1233,
1823 5293 1905 5357 Mai.
1927 5297 1980 5359 26.
2125 5325 2151 5364 as

501 5383 599 5453 ,Grep
617 5385 668 5438 IX
684 5384 752 5457 Rep.
771 5385 834 5440 [Ab.
858 5385 926 5452 VII,
945 5390 1005 5442 129.

518 5661 540 5726 ¹)
559 5679 595 5711 aa
613 5663 715 5714 sublato
733 5665 911 5732 appellationis
929 5667 1061 5719 obstaculo
1080 5666 1232 5734 lepardam?
