<?xml version="1.0" encoding="UTF-8"?>
<!DOCTYPE html PUBLIC "-//W3C//DTD XHTML 1.0 Transitional//EN"
    "http://www.w3.org/TR/xhtml1/DTD/xhtml1-transitional.dtd">
<html xmlns="http://www.w3.org/1999/xhtml" xml:lang="en" lang="en">
 <head>
  <title>
</title>
<meta http-equiv="Content-Type" content="text/html;charset=utf-8" />
  <meta name='ocr-system' content='tesseract 3.04.00' />
  <meta name='ocr-capabilities' content='ocr_page ocr_carea ocr_par ocr_line ocrx_word'/>
</head>
<body>
  <div class='ocr_page' id='page_1' title='image "./monumentagerman00peipgoog/monumentagerman00peipgoog_0738.png"; bbox 0 0 4560 6420; ppageno 0'>
   <div class='ocr_carea' id='block_1_1' title="bbox 656 383 1841 480">
    <p class='ocr_par' dir='ltr' id='par_1_1' title="bbox 656 383 1841 480">
     <span class='ocr_line' id='line_1_1' title="bbox 656 383 1841 480; baseline 0.014 -17"><span class='ocrx_word' id='word_1_1' title='bbox 656 383 657 386; x_wconf 61' lang='lat'>‘</span> <span class='ocrx_word' id='word_1_2' title='bbox 753 403 955 465; x_wconf 75' lang='lat' dir='ltr'><strong>saissonis</strong></span> <span class='ocrx_word' id='word_1_3' title='bbox 972 405 1162 465; x_wconf 77' lang='lat' dir='ltr'><strong>sacceam.</strong></span> <span class='ocrx_word' id='word_1_4' title='bbox 1199 409 1274 466; x_wconf 82' lang='lat' dir='ltr'><strong>mn.</strong></span> <span class='ocrx_word' id='word_1_5' title='bbox 1780 415 1841 480; x_wconf 83' lang='lat'><strong>715</strong></span> 
     </span>
    </p>
   </div>
   <div class='ocr_carea' id='block_1_2' title="bbox 124 583 1931 2436">
    <p class='ocr_par' dir='ltr' id='par_1_2' title="bbox 124 583 1931 2436">
     <span class='ocr_line' id='line_1_2' title="bbox 186 583 1840 677; baseline 0 -22"><span class='ocrx_word' id='word_1_6' title='bbox 186 586 432 674; x_wconf 74' lang='lat' dir='ltr'><strong>archiepiscopo</strong></span> <span class='ocrx_word' id='word_1_7' title='bbox 444 584 643 664; x_wconf 82' lang='lat' dir='ltr'>Arelatensi,</span> <span class='ocrx_word' id='word_1_8' title='bbox 655 583 903 672; x_wconf 74' lang='lat' dir='ltr'><strong>archiepiscopo</strong></span> <span class='ocrx_word' id='word_1_9' title='bbox 915 583 1163 666; x_wconf 78' lang='lat' dir='ltr'><strong>Temaconensi,</strong></span> <span class='ocrx_word' id='word_1_10' title='bbox 1175 584 1421 673; x_wconf 84' lang='lat' dir='ltr'><strong>archiepiscopo</strong></span> <span class='ocrx_word' id='word_1_11' title='bbox 1434 585 1663 670; x_wconf 89' lang='lat' dir='ltr'><strong>Bracharensi,</strong></span> <span class='ocrx_word' id='word_1_12' title='bbox 1675 589 1840 677; x_wconf 86' lang='lat' dir='ltr'><strong>episcopis</strong></span> 
     </span>
     <span class='ocr_line' id='line_1_3' title="bbox 185 687 1842 775; baseline 0 -17"><span class='ocrx_word' id='word_1_13' title='bbox 185 693 395 773; x_wconf 87' lang='lat' dir='ltr'><strong>Placentino,</strong></span> <span class='ocrx_word' id='word_1_14' title='bbox 417 689 604 770; x_wconf 89' lang='lat' dir='ltr'><strong>Aniciensi,</strong></span> <span class='ocrx_word' id='word_1_15' title='bbox 634 687 807 770; x_wconf 84' lang='lat' dir='ltr'><strong>Auriensi,</strong></span> <span class='ocrx_word' id='word_1_16' title='bbox 835 689 1055 769; x_wconf 88' lang='lat' dir='ltr'><strong>Astoricensi,</strong></span> <span class='ocrx_word' id='word_1_17' title='bbox 1088 689 1130 754; x_wconf 90' lang='lat' dir='ltr'><strong>ad</strong></span> <span class='ocrx_word' id='word_1_18' title='bbox 1156 695 1267 775; x_wconf 89' lang='lat' dir='ltr'><strong>partes</strong></span> <span class='ocrx_word' id='word_1_19' title='bbox 1297 696 1425 756; x_wconf 88' lang='lat' dir='ltr'><strong>nostras</strong></span> <span class='ocrx_word' id='word_1_20' title='bbox 1453 691 1633 758; x_wconf 85' lang='lat' dir='ltr'><strong>incolumes</strong></span> <span class='ocrx_word' id='word_1_21' title='bbox 1661 692 1842 758; x_wconf 90' lang='lat' dir='ltr'><strong>redierunt.</strong></span> 
     </span>
     <span class='ocr_line' id='line_1_4' title="bbox 186 793 1840 880; baseline 0.001 -20"><span class='ocrx_word' id='word_1_22' title='bbox 186 796 348 862; x_wconf 88' lang='lat' dir='ltr'><strong>Dominus</strong></span> <span class='ocrx_word' id='word_1_23' title='bbox 371 801 481 860; x_wconf 90' lang='lat' dir='ltr'><strong>autem</strong></span> <span class='ocrx_word' id='word_1_24' title='bbox 494 793 694 874; x_wconf 82' lang='lat' dir='ltr'><strong>Romedeus,</strong></span> <span class='ocrx_word' id='word_1_25' title='bbox 717 800 909 880; x_wconf 91' lang='lat' dir='ltr'><strong>procurator</strong></span> <span class='ocrx_word' id='word_1_26' title='bbox 931 800 966 858; x_wconf 93' lang='lat' dir='ltr'><strong>et</strong></span> <span class='ocrx_word' id='word_1_27' title='bbox 987 794 1120 857; x_wconf 89' lang='lat' dir='ltr'><strong>nuntius</strong></span> <span class='ocrx_word' id='word_1_28' title='bbox 1142 795 1279 859; x_wconf 88' lang='lat' dir='ltr'><strong>illustris</strong></span> <span class='ocrx_word' id='word_1_29' title='bbox 1303 803 1337 859; x_wconf 91' lang='lat' dir='ltr'><strong>et</strong></span> <span class='ocrx_word' id='word_1_30' title='bbox 1359 795 1525 880; x_wconf 86' lang='lat' dir='ltr'><strong>magnifici</strong></span> <span class='ocrx_word' id='word_1_31' title='bbox 1540 797 1601 860; x_wconf 91' lang='lat' dir='ltr'><strong>viri</strong></span> <span class='ocrx_word' id='word_1_32' title='bbox 1616 797 1743 861; x_wconf 89' lang='lat' dir='ltr'><strong>comitis</strong></span> <span class='ocrx_word' id='word_1_33' title='bbox 1759 797 1840 862; x_wconf 93' lang='lat' dir='ltr'><strong>Pro-</strong></span> 
     </span>
     <span class='ocr_line' id='line_1_5' title="bbox 159 885 1840 984; baseline -0.001 -18"><span class='ocrx_word' id='word_1_34' title='bbox 159 885 163 890; x_wconf 35' lang='lat'>⁸</span> <span class='ocrx_word' id='word_1_35' title='bbox 186 901 306 979; x_wconf 85' lang='lat' dir='ltr'><strong>vincia,</strong></span> <span class='ocrx_word' id='word_1_36' title='bbox 328 921 401 964; x_wconf 93' lang='lat' dir='ltr'><strong>cum</strong></span> <span class='ocrx_word' id='word_1_37' title='bbox 423 899 520 982; x_wconf 85' lang='lat' dir='ltr'><strong>galea</strong></span> <span class='ocrx_word' id='word_1_38' title='bbox 542 905 577 962; x_wconf 93' lang='lat' dir='ltr'><strong>et</strong></span> <span class='ocrx_word' id='word_1_39' title='bbox 591 898 777 962; x_wconf 88' lang='lat' dir='ltr'><strong>hominibus</strong></span> <span class='ocrx_word' id='word_1_40' title='bbox 801 898 868 962; x_wconf 90' lang='lat' dir='ltr'><strong>suis</strong></span> <span class='ocrx_word' id='word_1_41' title='bbox 890 896 931 961; x_wconf 91' lang='lat' dir='ltr'><strong>ad</strong></span> <span class='ocrx_word' id='word_1_42' title='bbox 955 899 1087 984; x_wconf 89' lang='lat' dir='ltr'><strong>propria</strong></span> <span class='ocrx_word' id='word_1_43' title='bbox 1110 899 1181 962; x_wconf 92' lang='lat' dir='ltr'><strong>sine</strong></span> <span class='ocrx_word' id='word_1_44' title='bbox 1204 899 1328 964; x_wconf 91' lang='lat' dir='ltr'><strong>lesione</strong></span> <span class='ocrx_word' id='word_1_45' title='bbox 1352 899 1480 981; x_wconf 81' lang='lat' dir='ltr'><strong>redivit,</strong></span> <span class='ocrx_word' id='word_1_46' title='bbox 1502 901 1611 964; x_wconf 80' lang='lat' dir='ltr'><strong>navim</strong></span> <span class='ocrx_word' id='word_1_47' title='bbox 1634 901 1840 965; x_wconf 89' lang='lat' dir='ltr'><strong>inimicorum</strong></span> 
     </span>
     <span class='ocr_line' id='line_1_6' title="bbox 187 1002 1843 1091; baseline 0.001 -23"><span class='ocrx_word' id='word_1_48' title='bbox 187 1006 286 1070; x_wconf 90' lang='lat' dir='ltr'><strong>rebus</strong></span> <span class='ocrx_word' id='word_1_49' title='bbox 298 1003 452 1091; x_wconf 78' lang='lat' dir='ltr'><strong>pretiosis</strong></span> <span class='ocrx_word' id='word_1_50' title='bbox 465 1008 626 1082; x_wconf 82' lang='lat' dir='ltr'><strong>onustam,</strong></span> <span class='ocrx_word' id='word_1_51' title='bbox 643 1023 739 1086; x_wconf 91' lang='lat' dir='ltr'><strong>quam</strong></span> <span class='ocrx_word' id='word_1_52' title='bbox 751 1003 785 1066; x_wconf 94' lang='lat' dir='ltr'><strong>in</strong></span> <span class='ocrx_word' id='word_1_53' title='bbox 797 1003 870 1087; x_wconf 92' lang='lat' dir='ltr'><strong>ipso</strong></span> <span class='ocrx_word' id='word_1_54' title='bbox 887 1003 1038 1067; x_wconf 90' lang='lat' dir='ltr'><strong>conflictu</strong></span> <span class='ocrx_word' id='word_1_55' title='bbox 1050 1003 1149 1088; x_wconf 87' lang='lat' dir='ltr'><strong>oepit,</strong></span> <span class='ocrx_word' id='word_1_56' title='bbox 1166 1023 1278 1067; x_wconf 91' lang='lat' dir='ltr'><strong>secum</strong></span> <span class='ocrx_word' id='word_1_57' title='bbox 1290 1002 1457 1079; x_wconf 84' lang='lat' dir='ltr'><strong>ducendo;</strong></span> <span class='ocrx_word' id='word_1_58' title='bbox 1474 1024 1546 1068; x_wconf 90' lang='lat' dir='ltr'><strong>cum</strong></span> <span class='ocrx_word' id='word_1_59' title='bbox 1563 1003 1843 1089; x_wconf 89' lang='lat' dir='ltr'><strong>quoRo.venera·</strong></span> 
     </span>
     <span class='ocr_line' id='line_1_7' title="bbox 184 1105 1839 1192; baseline -0.001 -19"><span class='ocrx_word' id='word_1_60' title='bbox 184 1109 261 1172; x_wconf 92' lang='lat' dir='ltr'><strong>bilis</strong></span> <span class='ocrx_word' id='word_1_61' title='bbox 279 1115 312 1173; x_wconf 93' lang='lat' dir='ltr'><strong>et</strong></span> <span class='ocrx_word' id='word_1_62' title='bbox 328 1113 462 1172; x_wconf 90' lang='lat' dir='ltr'><strong>sanctus</strong></span> <span class='ocrx_word' id='word_1_63' title='bbox 478 1112 573 1192; x_wconf 89' lang='lat' dir='ltr'><strong>pater</strong></span> <span class='ocrx_word' id='word_1_64' title='bbox 589 1106 763 1191; x_wconf 87' lang='lat' dir='ltr'><strong>episcopus</strong></span> <span class='ocrx_word' id='word_1_65' title='bbox 776 1106 1000 1184; x_wconf 90' lang='lat' dir='ltr'><strong>Penestrinus,</strong></span> <span class='ocrx_word' id='word_1_66' title='bbox 1017 1107 1101 1170; x_wconf 92' lang='lat' dir='ltr'><strong>sicut</strong></span> <span class='ocrx_word' id='word_1_67' title='bbox 1112 1107 1310 1192; x_wconf 87' lang='lat' dir='ltr'><strong>accepimus,</strong></span> <span class='ocrx_word' id='word_1_68' title='bbox 1325 1107 1498 1172; x_wconf 89' lang='lat' dir='ltr'><strong>incolumis</strong></span> <span class='ocrx_word' id='word_1_69' title='bbox 1513 1107 1641 1174; x_wconf 81' lang='lat' dir='ltr'><strong>redivit.</strong></span> <span class='ocrx_word' id='word_1_70' title='bbox 1675 1105 1751 1172; x_wconf 83' lang='lat' dir='ltr'><strong>Alie</strong></span> <span class='ocrx_word' id='word_1_71' title='bbox 1768 1107 1839 1192; x_wconf 94' lang='lat' dir='ltr'><strong>qui-</strong></span> 
     </span>
     <span class='ocr_line' id='line_1_8' title="bbox 186 1209 1840 1298; baseline -0.001 -22"><span class='ocrx_word' id='word_1_72' title='bbox 186 1212 261 1276; x_wconf 91' lang='lat' dir='ltr'><strong>dem</strong></span> <span class='ocrx_word' id='word_1_73' title='bbox 277 1217 388 1275; x_wconf 91' lang='lat' dir='ltr'><strong>nostre</strong></span> <span class='ocrx_word' id='word_1_74' title='bbox 405 1211 499 1296; x_wconf 87' lang='lat' dir='ltr'><strong>galee</strong></span> <span class='ocrx_word' id='word_1_75' title='bbox 516 1210 550 1273; x_wconf 96' lang='lat' dir='ltr'><strong>in</strong></span> <span class='ocrx_word' id='word_1_76' title='bbox 570 1210 641 1296; x_wconf 92' lang='lat' dir='ltr'><strong>ipso</strong></span> <span class='ocrx_word' id='word_1_77' title='bbox 658 1209 761 1295; x_wconf 92' lang='lat' dir='ltr'><strong>prelio</strong></span> <span class='ocrx_word' id='word_1_78' title='bbox 778 1216 965 1296; x_wconf 89' lang='lat' dir='ltr'><strong>expugnate</strong></span> <span class='ocrx_word' id='word_1_79' title='bbox 982 1209 1103 1296; x_wconf 90' lang='lat' dir='ltr'><strong>plures,</strong></span> <span class='ocrx_word' id='word_1_80' title='bbox 1125 1210 1209 1274; x_wconf 91' lang='lat' dir='ltr'><strong>sicut</strong></span> <span class='ocrx_word' id='word_1_81' title='bbox 1225 1210 1417 1292; x_wconf 87' lang='lat' dir='ltr'><strong>audivimus,</strong></span> <span class='ocrx_word' id='word_1_82' title='bbox 1440 1211 1473 1276; x_wconf 91' lang='lat' dir='ltr'><strong>in</strong></span> <span class='ocrx_word' id='word_1_83' title='bbox 1491 1213 1630 1298; x_wconf 90' lang='lat' dir='ltr'><strong>pelagus</strong></span> <span class='ocrx_word' id='word_1_84' title='bbox 1646 1211 1840 1296; x_wconf 89' lang='lat' dir='ltr'><strong>navigantes</strong></span> 
     </span>
     <span class='ocr_line' id='line_1_9' title="bbox 186 1312 1843 1400; baseline -0.002 -20"><span class='ocrx_word' id='word_1_85' title='bbox 186 1315 323 1380; x_wconf 87' lang='lat' dir='ltr'><strong>hostiles</strong></span> <span class='ocrx_word' id='word_1_86' title='bbox 347 1336 464 1379; x_wconf 85' lang='lat' dir='ltr'><strong>manus</strong></span> <span class='ocrx_word' id='word_1_87' title='bbox 488 1319 673 1391; x_wconf 87' lang='lat' dir='ltr'><strong>evaserunt,</strong></span> <span class='ocrx_word' id='word_1_88' title='bbox 696 1333 778 1398; x_wconf 85' lang='lat' dir='ltr'><strong>quas</strong></span> <span class='ocrx_word' id='word_1_89' title='bbox 796 1312 942 1398; x_wconf 91' lang='lat' dir='ltr'><strong>quotidie</strong></span> <span class='ocrx_word' id='word_1_90' title='bbox 966 1334 1155 1378; x_wconf 89' lang='lat' dir='ltr'><strong>reversuras</strong></span> <span class='ocrx_word' id='word_1_91' title='bbox 1176 1321 1400 1399; x_wconf 86' lang='lat' dir='ltr'><strong>expectamus,</strong></span> <span class='ocrx_word' id='word_1_92' title='bbox 1424 1322 1563 1400; x_wconf 89' lang='lat' dir='ltr'><strong>quatuor</strong></span> <span class='ocrx_word' id='word_1_93' title='bbox 1578 1321 1635 1378; x_wconf 89' lang='lat' dir='ltr'><strong>aut</strong></span> <span class='ocrx_word' id='word_1_94' title='bbox 1651 1315 1738 1380; x_wconf 90' lang='lat' dir='ltr'><strong>circa</strong></span> <span class='ocrx_word' id='word_1_95' title='bbox 1752 1314 1843 1378; x_wconf 91' lang='lat' dir='ltr'><strong>illam</strong></span> 
     </span>
     <span class='ocr_line' id='line_1_10' title="bbox 188 1416 1842 1506; baseline -0.001 -23"><span class='ocrx_word' id='word_1_96' title='bbox 188 1419 403 1506; x_wconf 85' lang='lat' dir='ltr'><strong>quantitatem</strong></span> <span class='ocrx_word' id='word_1_97' title='bbox 427 1417 592 1503; x_wconf 85' lang='lat' dir='ltr'><strong>exceptis,</strong></span> <span class='ocrx_word' id='word_1_98' title='bbox 617 1437 698 1501; x_wconf 91' lang='lat' dir='ltr'><strong>quas</strong></span> <span class='ocrx_word' id='word_1_99' title='bbox 722 1416 825 1480; x_wconf 89' lang='lat' dir='ltr'><strong>crucis</strong></span> <span class='ocrx_word' id='word_1_100' title='bbox 849 1423 883 1481; x_wconf 92' lang='lat' dir='ltr'><strong>et</strong></span> <span class='ocrx_word' id='word_1_101' title='bbox 906 1418 1008 1480; x_wconf 87' lang='lat' dir='ltr'><strong>nostri</strong></span> <span class='ocrx_word' id='word_1_102' title='bbox 1031 1417 1144 1481; x_wconf 88' lang='lat' dir='ltr'><strong>hostes</strong></span> <span class='ocrx_word' id='word_1_103' title='bbox 1166 1416 1279 1481; x_wconf 89' lang='lat' dir='ltr'><strong>Pisani</strong></span> <span class='ocrx_word' id='word_1_104' title='bbox 1302 1418 1452 1483; x_wconf 87' lang='lat' dir='ltr'><strong>detinent</strong></span> <span class='ocrx_word' id='word_1_105' title='bbox 1475 1425 1586 1505; x_wconf 90' lang='lat' dir='ltr'><strong>captas</strong></span> <span class='ocrx_word' id='word_1_106' title='bbox 1611 1439 1684 1482; x_wconf 92' lang='lat' dir='ltr'><strong>oum</strong></span> <span class='ocrx_word' id='word_1_107' title='bbox 1707 1418 1842 1503; x_wconf 92' lang='lat' dir='ltr'><strong>quibus·</strong></span> 
     </span>
     <span class='ocr_line' id='line_1_11' title="bbox 187 1519 1842 1609; baseline -0.002 -21"><span class='ocrx_word' id='word_1_108' title='bbox 187 1524 263 1588; x_wconf 92' lang='lat' dir='ltr'><strong>dam</strong></span> <span class='ocrx_word' id='word_1_109' title='bbox 293 1522 494 1609; x_wconf 89' lang='lat' dir='ltr'><strong>prelatorum</strong></span> <span class='ocrx_word' id='word_1_110' title='bbox 527 1527 560 1585; x_wconf 92' lang='lat' dir='ltr'><strong>et</strong></span> <span class='ocrx_word' id='word_1_111' title='bbox 590 1519 838 1584; x_wconf 87' lang='lat' dir='ltr'><strong>ambaxatorum</strong></span> <span class='ocrx_word' id='word_1_112' title='bbox 872 1541 911 1584; x_wconf 91' lang='lat' dir='ltr'><strong>ac</strong></span> <span class='ocrx_word' id='word_1_113' title='bbox 940 1520 1077 1585; x_wconf 88' lang='lat' dir='ltr'><strong>aliorum</strong></span> <span class='ocrx_word' id='word_1_114' title='bbox 1105 1521 1309 1585; x_wconf 89' lang='lat' dir='ltr'><strong>venientium</strong></span> <span class='ocrx_word' id='word_1_115' title='bbox 1335 1521 1376 1585; x_wconf 90' lang='lat' dir='ltr'><strong>ad</strong></span> <span class='ocrx_word' id='word_1_116' title='bbox 1406 1521 1580 1586; x_wconf 86' lang='lat' dir='ltr'><strong>concilium</strong></span> <span class='ocrx_word' id='word_1_117' title='bbox 1608 1521 1810 1586; x_wconf 90' lang='lat' dir='ltr'><strong>nominatum</strong></span> <span class='ocrx_word' id='word_1_118' title='bbox 1821 1521 1842 1584; x_wconf 92' lang='lat'><strong>¹.</strong></span> 
     </span>
     <span class='ocr_line' id='line_1_12' title="bbox 187 1624 1842 1711; baseline -0.001 -21"><span class='ocrx_word' id='word_1_119' title='bbox 187 1626 226 1690; x_wconf 94' lang='lat' dir='ltr'><strong>In</strong></span> <span class='ocrx_word' id='word_1_120' title='bbox 248 1625 425 1690; x_wconf 90' lang='lat' dir='ltr'><strong>amissione</strong></span> <span class='ocrx_word' id='word_1_121' title='bbox 449 1645 577 1711; x_wconf 90' lang='lat' dir='ltr'><strong>quoque</strong></span> <span class='ocrx_word' id='word_1_122' title='bbox 601 1645 816 1710; x_wconf 88' lang='lat' dir='ltr'><strong>personarum</strong></span> <span class='ocrx_word' id='word_1_123' title='bbox 840 1632 874 1688; x_wconf 87' lang='lat' dir='ltr'><strong>et</strong></span> <span class='ocrx_word' id='word_1_124' title='bbox 897 1645 1006 1689; x_wconf 89' lang='lat' dir='ltr'><strong>rerum</strong></span> <span class='ocrx_word' id='word_1_125' title='bbox 1030 1624 1256 1707; x_wconf 89' lang='lat' dir='ltr'><strong>Ianuensium,</strong></span> <span class='ocrx_word' id='word_1_126' title='bbox 1280 1625 1358 1691; x_wconf 88' lang='lat' dir='ltr'><strong>lieet</strong></span> <span class='ocrx_word' id='word_1_127' title='bbox 1380 1647 1446 1690; x_wconf 91' lang='lat' dir='ltr'><strong>non</strong></span> <span class='ocrx_word' id='word_1_128' title='bbox 1468 1624 1606 1706; x_wconf 86' lang='lat' dir='ltr'><strong>modica,</strong></span> <span class='ocrx_word' id='word_1_129' title='bbox 1629 1647 1695 1691; x_wconf 92' lang='lat' dir='ltr'><strong>non</strong></span> <span class='ocrx_word' id='word_1_130' title='bbox 1717 1632 1842 1690; x_wconf 89' lang='lat' dir='ltr'><strong>tentum</strong></span> 
     </span>
     <span class='ocr_line' id='line_1_13' title="bbox 186 1728 1842 1817; baseline -0.002 -24"><span class='ocrx_word' id='word_1_131' title='bbox 186 1729 335 1793; x_wconf 91' lang='lat' dir='ltr'><strong>dolemus</strong></span> <span class='ocrx_word' id='word_1_132' title='bbox 364 1736 462 1814; x_wconf 88' lang='lat' dir='ltr'><strong>atque</strong></span> <span class='ocrx_word' id='word_1_133' title='bbox 489 1729 674 1807; x_wconf 88' lang='lat' dir='ltr'><strong>tristamur,</strong></span> <span class='ocrx_word' id='word_1_134' title='bbox 708 1734 865 1812; x_wconf 91' lang='lat' dir='ltr'><strong>quantum</strong></span> <span class='ocrx_word' id='word_1_135' title='bbox 896 1728 930 1791; x_wconf 92' lang='lat' dir='ltr'><strong>in</strong></span> <span class='ocrx_word' id='word_1_136' title='bbox 960 1728 1140 1812; x_wconf 81' lang='lat' dir='ltr'><strong>ignominia</strong></span> <span class='ocrx_word' id='word_1_137' title='bbox 1163 1729 1304 1794; x_wconf 89' lang='lat' dir='ltr'><strong>nominis</strong></span> <span class='ocrx_word' id='word_1_138' title='bbox 1327 1728 1406 1795; x_wconf 90' lang='lat' dir='ltr'><strong>Iesu</strong></span> <span class='ocrx_word' id='word_1_139' title='bbox 1429 1729 1569 1811; x_wconf 80' lang='lat' dir='ltr'><strong>Christi,</strong></span> <span class='ocrx_word' id='word_1_140' title='bbox 1604 1730 1667 1817; x_wconf 88' lang='lat' dir='ltr'><strong>ipsi</strong></span> <span class='ocrx_word' id='word_1_141' title='bbox 1702 1735 1737 1793; x_wconf 89' lang='lat' dir='ltr'><strong>et</strong></span> <span class='ocrx_word' id='word_1_142' title='bbox 1772 1729 1842 1792; x_wconf 90' lang='lat' dir='ltr'><strong>eius</strong></span> 
     </span>
     <span class='ocr_line' id='line_1_14' title="bbox 186 1830 1844 1919; baseline -0.002 -22"><span class='ocrx_word' id='word_1_143' title='bbox 186 1831 338 1897; x_wconf 86' lang='lat' dir='ltr'><strong>fidelibus</strong></span> <span class='ocrx_word' id='word_1_144' title='bbox 361 1853 381 1895; x_wconf 91' lang='lat' dir='ltr'><strong>a</strong></span> <span class='ocrx_word' id='word_1_145' title='bbox 402 1830 569 1896; x_wconf 83' lang='lat' dir='ltr'><strong>Friderico</strong></span> <span class='ocrx_word' id='word_1_146' title='bbox 593 1831 681 1896; x_wconf 91' lang='lat' dir='ltr'><strong>dicto</strong></span> <span class='ocrx_word' id='word_1_147' title='bbox 705 1832 902 1918; x_wconf 91' lang='lat' dir='ltr'><strong>imperatore</strong></span> <span class='ocrx_word' id='word_1_148' title='bbox 926 1830 967 1896; x_wconf 91' lang='lat' dir='ltr'><strong>de</strong></span> <span class='ocrx_word' id='word_1_149' title='bbox 990 1831 1094 1918; x_wconf 90' lang='lat' dir='ltr'><strong>ipsius</strong></span> <span class='ocrx_word' id='word_1_150' title='bbox 1122 1832 1305 1896; x_wconf 86' lang='lat' dir='ltr'><strong>fautoribus</strong></span> <span class='ocrx_word' id='word_1_151' title='bbox 1337 1840 1403 1897; x_wconf 89' lang='lat' dir='ltr'><strong>tam</strong></span> <span class='ocrx_word' id='word_1_152' title='bbox 1432 1833 1643 1919; x_wconf 89' lang='lat' dir='ltr'><strong>pertinaciter</strong></span> <span class='ocrx_word' id='word_1_153' title='bbox 1673 1833 1778 1912; x_wconf 89' lang='lat' dir='ltr'><strong>illata,</strong></span> <span class='ocrx_word' id='word_1_154' title='bbox 1810 1839 1844 1895; x_wconf 90' lang='grc'><strong>11</strong></span> 
     </span>
     <span class='ocr_line' id='line_1_15' title="bbox 189 1934 1843 2021; baseline -0.001 -22"><span class='ocrx_word' id='word_1_155' title='bbox 189 1937 222 2000; x_wconf 91' lang='grc'><strong>11</strong></span> <span class='ocrx_word' id='word_1_156' title='bbox 245 1935 442 2000; x_wconf 89' lang='lat' dir='ltr'><strong>detrimento</strong></span> <span class='ocrx_word' id='word_1_157' title='bbox 465 1935 666 2021; x_wconf 90' lang='lat' dir='ltr'><strong>prelatorum</strong></span> <span class='ocrx_word' id='word_1_158' title='bbox 694 1957 732 2000; x_wconf 94' lang='lat' dir='ltr'><strong>ac</strong></span> <span class='ocrx_word' id='word_1_159' title='bbox 762 1956 894 1998; x_wconf 91' lang='lat' dir='ltr'><strong>suarum</strong></span> <span class='ocrx_word' id='word_1_160' title='bbox 926 1955 1050 2014; x_wconf 89' lang='lat' dir='ltr'><strong>rerum,</strong></span> <span class='ocrx_word' id='word_1_161' title='bbox 1083 1936 1139 2020; x_wconf 90' lang='lat' dir='ltr'><strong>qui</strong></span> <span class='ocrx_word' id='word_1_162' title='bbox 1166 1935 1207 1999; x_wconf 91' lang='lat' dir='ltr'><strong>ad</strong></span> <span class='ocrx_word' id='word_1_163' title='bbox 1238 1935 1412 2000; x_wconf 91' lang='lat' dir='ltr'><strong>concilium</strong></span> <span class='ocrx_word' id='word_1_164' title='bbox 1441 1937 1474 2000; x_wconf 93' lang='lat' dir='ltr'><strong>in</strong></span> <span class='ocrx_word' id='word_1_165' title='bbox 1503 1937 1625 2000; x_wconf 90' lang='lat' dir='ltr'><strong>virtute</strong></span> <span class='ocrx_word' id='word_1_166' title='bbox 1656 1934 1843 2000; x_wconf 92' lang='lat' dir='ltr'><strong>obedientie</strong></span> 
     </span>
     <span class='ocr_line' id='line_1_16' title="bbox 124 2025 1931 2125; baseline -0.001 -21"><span class='ocrx_word' id='word_1_167' title='bbox 124 2059 136 2094; x_wconf 75' lang='lat'><strong>⁵</strong></span> <span class='ocrx_word' id='word_1_168' title='bbox 188 2042 332 2104; x_wconf 91' lang='lat' dir='ltr'><strong>letanter</strong></span> <span class='ocrx_word' id='word_1_169' title='bbox 352 2037 540 2118; x_wconf 90' lang='lat' dir='ltr'><strong>veniebant,</strong></span> <span class='ocrx_word' id='word_1_170' title='bbox 563 2038 727 2102; x_wconf 87' lang='lat' dir='ltr'><strong>sanctitati</strong></span> <span class='ocrx_word' id='word_1_171' title='bbox 752 2044 861 2102; x_wconf 90' lang='lat' dir='ltr'><strong>vestre</strong></span> <span class='ocrx_word' id='word_1_172' title='bbox 885 2039 1028 2102; x_wconf 88' lang='lat' dir='ltr'><strong>salutare</strong></span> <span class='ocrx_word' id='word_1_173' title='bbox 1052 2045 1085 2102; x_wconf 90' lang='lat' dir='ltr'><strong>et</strong></span> <span class='ocrx_word' id='word_1_174' title='bbox 1109 2039 1231 2102; x_wconf 91' lang='lat' dir='ltr'><strong>iustum</strong></span> <span class='ocrx_word' id='word_1_175' title='bbox 1255 2039 1426 2104; x_wconf 90' lang='lat' dir='ltr'><strong>consilium</strong></span> <span class='ocrx_word' id='word_1_176' title='bbox 1449 2040 1629 2125; x_wconf 90' lang='lat' dir='ltr'><strong>prestituri.</strong></span> <span class='ocrx_word' id='word_1_177' title='bbox 1928 2025 1931 2036; x_wconf 77' lang='grc'><strong><em>’</em></strong></span> 
     </span>
     <span class='ocr_line' id='line_1_17' title="bbox 294 2141 1843 2226; baseline 0 -20"><span class='ocrx_word' id='word_1_178' title='bbox 294 2141 347 2206; x_wconf 88' lang='lat' dir='ltr'><strong>Ad</strong></span> <span class='ocrx_word' id='word_1_179' title='bbox 370 2141 595 2207; x_wconf 90' lang='lat' dir='ltr'><strong>ulciscendum</strong></span> <span class='ocrx_word' id='word_1_180' title='bbox 618 2142 750 2226; x_wconf 90' lang='lat' dir='ltr'><strong>quidem</strong></span> <span class='ocrx_word' id='word_1_181' title='bbox 773 2149 900 2206; x_wconf 88' lang='lat' dir='ltr'><strong>tantum</strong></span> <span class='ocrx_word' id='word_1_182' title='bbox 922 2143 1049 2207; x_wconf 90' lang='lat' dir='ltr'><strong>facinus</strong></span> <span class='ocrx_word' id='word_1_183' title='bbox 1077 2149 1111 2206; x_wconf 92' lang='lat' dir='ltr'><strong>et</strong></span> <span class='ocrx_word' id='word_1_184' title='bbox 1139 2149 1206 2207; x_wconf 90' lang='lat' dir='ltr'><strong>tarn</strong></span> <span class='ocrx_word' id='word_1_185' title='bbox 1233 2149 1330 2208; x_wconf 84' lang='lat' dir='ltr'><strong>atrox</strong></span> <span class='ocrx_word' id='word_1_186' title='bbox 1359 2150 1393 2208; x_wconf 91' lang='lat' dir='ltr'><strong>et</strong></span> <span class='ocrx_word' id='word_1_187' title='bbox 1423 2141 1664 2209; x_wconf 85' lang='lat' dir='ltr'><strong>defendendam</strong></span> <span class='ocrx_word' id='word_1_188' title='bbox 1686 2141 1784 2208; x_wconf 88' lang='lat' dir='ltr'><strong>fidem</strong></span> <span class='ocrx_word' id='word_1_189' title='bbox 1809 2149 1843 2208; x_wconf 92' lang='lat' dir='ltr'><strong>et</strong></span> 
     </span>
     <span class='ocr_line' id='line_1_18' title="bbox 187 2245 1844 2332; baseline 0.001 -23"><span class='ocrx_word' id='word_1_190' title='bbox 187 2246 359 2311; x_wconf 89' lang='lat' dir='ltr'><strong>ecclesiam</strong></span> <span class='ocrx_word' id='word_1_191' title='bbox 382 2252 529 2310; x_wconf 88' lang='lat' dir='ltr'><strong>sanctam</strong></span> <span class='ocrx_word' id='word_1_192' title='bbox 552 2245 616 2310; x_wconf 89' lang='lat' dir='ltr'><strong>Dei</strong></span> <span class='ocrx_word' id='word_1_193' title='bbox 641 2254 674 2310; x_wconf 90' lang='lat' dir='ltr'><strong>et</strong></span> <span class='ocrx_word' id='word_1_194' title='bbox 697 2267 827 2310; x_wconf 91' lang='lat' dir='ltr'><strong>omnem</strong></span> <span class='ocrx_word' id='word_1_195' title='bbox 855 2247 1012 2332; x_wconf 91' lang='lat' dir='ltr'><strong>populum</strong></span> <span class='ocrx_word' id='word_1_196' title='bbox 1044 2245 1105 2310; x_wconf 91' lang='lat' dir='ltr'><strong>sibi</strong></span> <span class='ocrx_word' id='word_1_197' title='bbox 1134 2245 1348 2312; x_wconf 89' lang='lat' dir='ltr'><strong>adherentem</strong></span> <span class='ocrx_word' id='word_1_198' title='bbox 1379 2247 1451 2312; x_wconf 84' lang='lat' dir='ltr'><strong>zelo</strong></span> <span class='ocrx_word' id='word_1_199' title='bbox 1483 2247 1561 2312; x_wconf 90' lang='lat' dir='ltr'><strong>fidei</strong></span> <span class='ocrx_word' id='word_1_200' title='bbox 1594 2254 1628 2312; x_wconf 91' lang='lat' dir='ltr'><strong>et</strong></span> <span class='ocrx_word' id='word_1_201' title='bbox 1654 2247 1774 2311; x_wconf 89' lang='lat' dir='ltr'><strong>amoris</strong></span> <span class='ocrx_word' id='word_1_202' title='bbox 1806 2267 1844 2310; x_wconf 90' lang='lat' dir='ltr'><strong>ae</strong></span> 
     </span>
     <span class='ocr_line' id='line_1_19' title="bbox 187 2349 1844 2436; baseline -0.001 -22"><span class='ocrx_word' id='word_1_203' title='bbox 187 2349 371 2414; x_wconf 89' lang='lat' dir='ltr'><strong>devotionis</strong></span> <span class='ocrx_word' id='word_1_204' title='bbox 398 2350 534 2414; x_wconf 86' lang='lat' dir='ltr'><strong>caritate</strong></span> <span class='ocrx_word' id='word_1_205' title='bbox 566 2349 715 2431; x_wconf 87' lang='lat' dir='ltr'><strong>accensi,</strong></span> <span class='ocrx_word' id='word_1_206' title='bbox 749 2371 769 2413; x_wconf 90' lang='lat' dir='ltr'><strong>a</strong></span> <span class='ocrx_word' id='word_1_207' title='bbox 797 2351 912 2414; x_wconf 91' lang='lat' dir='ltr'><strong>maiori</strong></span> <span class='ocrx_word' id='word_1_208' title='bbox 939 2371 1044 2435; x_wconf 87' lang='lat' dir='ltr'><strong>usque</strong></span> <span class='ocrx_word' id='word_1_209' title='bbox 1073 2349 1115 2414; x_wconf 89' lang='lat' dir='ltr'><strong>ad</strong></span> <span class='ocrx_word' id='word_1_210' title='bbox 1145 2350 1304 2414; x_wconf 90' lang='lat' dir='ltr'><strong>minorem</strong></span> <span class='ocrx_word' id='word_1_211' title='bbox 1338 2349 1584 2415; x_wconf 90' lang='lat' dir='ltr'><strong>immutabiliter</strong></span> <span class='ocrx_word' id='word_1_212' title='bbox 1613 2349 1844 2436; x_wconf 88' lang='lat' dir='ltr'><strong>proposuimus</strong></span> 
     </span>
    </p>
   </div>
   <div class='ocr_carea' id='block_1_3' title="bbox 61 2449 1844 2539">
    <p class='ocr_par' dir='ltr' id='par_1_3' title="bbox 61 2449 1844 2539">
     <span class='ocr_line' id='line_1_20' title="bbox 61 2449 1844 2539; baseline 0 -21"><span class='ocrx_word' id='word_1_213' title='bbox 61 2449 64 2456; x_wconf 32' lang='lat'>⁸</span> <span class='ocrx_word' id='word_1_214' title='bbox 187 2475 346 2539; x_wconf 87' lang='lat' dir='ltr'><strong>personas</strong></span> <span class='ocrx_word' id='word_1_215' title='bbox 370 2460 478 2518; x_wconf 89' lang='grc'><strong>11111</strong></span> <span class='ocrx_word' id='word_1_216' title='bbox 501 2459 631 2517; x_wconf 88' lang='grc'><strong>1111111</strong></span> <span class='ocrx_word' id='word_1_217' title='bbox 654 2453 887 2518; x_wconf 88' lang='lat' dir='ltr'><strong>universaliter</strong></span> <span class='ocrx_word' id='word_1_218' title='bbox 909 2455 1050 2539; x_wconf 89' lang='lat' dir='ltr'><strong>operari,</strong></span> <span class='ocrx_word' id='word_1_219' title='bbox 1073 2455 1197 2518; x_wconf 90' lang='lat' dir='ltr'><strong>nullam</strong></span> <span class='ocrx_word' id='word_1_220' title='bbox 1221 2454 1368 2538; x_wconf 88' lang='lat' dir='ltr'><strong>requiem</strong></span> <span class='ocrx_word' id='word_1_221' title='bbox 1384 2460 1590 2518; x_wconf 87' lang='lat' dir='ltr'><strong>assumentes</strong></span> <span class='ocrx_word' id='word_1_222' title='bbox 1613 2451 1667 2519; x_wconf 91' lang='lat' dir='ltr'><strong>die</strong></span> <span class='ocrx_word' id='word_1_223' title='bbox 1683 2460 1844 2534; x_wconf 87' lang='grc'><strong>1111111,</strong></span> 
     </span>
    </p>
   </div>
   <div class='ocr_carea' id='block_1_4' title="bbox 186 2555 1847 3474">
    <p class='ocr_par' dir='ltr' id='par_1_4' title="bbox 186 2555 1847 3474">
     <span class='ocr_line' id='line_1_21' title="bbox 188 2555 1845 2643; baseline -0.001 -21"><span class='ocrx_word' id='word_1_224' title='bbox 188 2559 293 2623; x_wconf 90' lang='lat' dir='ltr'><strong>donec</strong></span> <span class='ocrx_word' id='word_1_225' title='bbox 316 2556 489 2622; x_wconf 90' lang='lat' dir='ltr'><strong>rebellium</strong></span> <span class='ocrx_word' id='word_1_226' title='bbox 513 2557 704 2621; x_wconf 85' lang='lat' dir='ltr'><strong>conculcata</strong></span> <span class='ocrx_word' id='word_1_227' title='bbox 726 2556 873 2643; x_wconf 91' lang='lat' dir='ltr'><strong>nequitia</strong></span> <span class='ocrx_word' id='word_1_228' title='bbox 896 2557 1106 2622; x_wconf 88' lang='lat' dir='ltr'><strong>innocentum</strong></span> <span class='ocrx_word' id='word_1_229' title='bbox 1130 2557 1281 2636; x_wconf 90' lang='lat' dir='ltr'><strong>vulnera,</strong></span> <span class='ocrx_word' id='word_1_230' title='bbox 1313 2555 1411 2621; x_wconf 88' lang='lat' dir='ltr'><strong>cedes</strong></span> <span class='ocrx_word' id='word_1_231' title='bbox 1435 2563 1468 2620; x_wconf 93' lang='lat' dir='ltr'><strong>ct</strong></span> <span class='ocrx_word' id='word_1_232' title='bbox 1489 2557 1624 2622; x_wconf 92' lang='lat' dir='ltr'><strong>iniurias</strong></span> <span class='ocrx_word' id='word_1_233' title='bbox 1647 2555 1845 2622; x_wconf 86' lang='lat' dir='ltr'><strong>ulciscamur</strong></span> 
     </span>
     <span class='ocr_line' id='line_1_22' title="bbox 187 2659 1844 2748; baseline 0.001 -23"><span class='ocrx_word' id='word_1_234' title='bbox 187 2661 229 2725; x_wconf 92' lang='lat' dir='ltr'><strong>ad</strong></span> <span class='ocrx_word' id='word_1_235' title='bbox 251 2661 410 2726; x_wconf 89' lang='lat' dir='ltr'><strong>honorem</strong></span> <span class='ocrx_word' id='word_1_236' title='bbox 434 2665 467 2726; x_wconf 89' lang='grc'><strong>11</strong></span> <span class='ocrx_word' id='word_1_237' title='bbox 489 2659 627 2744; x_wconf 91' lang='lat' dir='ltr'><strong>gloriam</strong></span> <span class='ocrx_word' id='word_1_238' title='bbox 650 2661 791 2725; x_wconf 89' lang='lat' dir='ltr'><strong>nominis</strong></span> <span class='ocrx_word' id='word_1_239' title='bbox 814 2660 893 2726; x_wconf 89' lang='lat' dir='ltr'><strong>Iesu</strong></span> <span class='ocrx_word' id='word_1_240' title='bbox 917 2661 1040 2727; x_wconf 79' lang='lat' dir='ltr'><strong>Christi</strong></span> <span class='ocrx_word' id='word_1_241' title='bbox 1065 2669 1099 2726; x_wconf 92' lang='lat' dir='ltr'><strong>et</strong></span> <span class='ocrx_word' id='word_1_242' title='bbox 1122 2662 1329 2727; x_wconf 88' lang='lat' dir='ltr'><strong>sanctissime</strong></span> <span class='ocrx_word' id='word_1_243' title='bbox 1352 2683 1494 2748; x_wconf 89' lang='lat' dir='ltr'><strong>persone</strong></span> <span class='ocrx_word' id='word_1_244' title='bbox 1514 2669 1623 2727; x_wconf 88' lang='lat' dir='ltr'><strong>vestre</strong></span> <span class='ocrx_word' id='word_1_245' title='bbox 1646 2683 1684 2727; x_wconf 89' lang='lat' dir='ltr'><strong>ac</strong></span> <span class='ocrx_word' id='word_1_246' title='bbox 1707 2661 1844 2727; x_wconf 83' lang='lat' dir='ltr'><strong>fratrum</strong></span> 
     </span>
     <span class='ocr_line' id='line_1_23' title="bbox 186 2764 1844 2853; baseline 0 -25"><span class='ocrx_word' id='word_1_247' title='bbox 186 2772 369 2830; x_wconf 88' lang='lat' dir='ltr'><strong>vestrorum</strong></span> <span class='ocrx_word' id='word_1_248' title='bbox 402 2771 436 2830; x_wconf 90' lang='lat' dir='ltr'><strong>et</strong></span> <span class='ocrx_word' id='word_1_249' title='bbox 466 2764 606 2829; x_wconf 88' lang='lat' dir='ltr'><strong>ecclesie</strong></span> <span class='ocrx_word' id='word_1_250' title='bbox 637 2765 832 2828; x_wconf 86' lang='lat' dir='ltr'><strong>universalis</strong></span> <span class='ocrx_word' id='word_1_251' title='bbox 861 2771 960 2851; x_wconf 90' lang='lat' dir='ltr'><strong>atque</strong></span> <span class='ocrx_word' id='word_1_252' title='bbox 989 2765 1091 2830; x_wconf 90' lang='lat' dir='ltr'><strong>totius</strong></span> <span class='ocrx_word' id='word_1_253' title='bbox 1119 2765 1225 2830; x_wconf 89' lang='lat' dir='ltr'><strong>fidelis</strong></span> <span class='ocrx_word' id='word_1_254' title='bbox 1248 2766 1361 2853; x_wconf 91' lang='lat' dir='ltr'><strong>populi</strong></span> <span class='ocrx_word' id='word_1_255' title='bbox 1385 2764 1572 2832; x_wconf 83' lang='lat' dir='ltr'><strong>Christiani.</strong></span> <span class='ocrx_word' id='word_1_256' title='bbox 1617 2766 1681 2831; x_wconf 93' lang='lat' dir='ltr'><strong>Pro</strong></span> <span class='ocrx_word' id='word_1_257' title='bbox 1706 2787 1844 2851; x_wconf 91' lang='lat' dir='ltr'><strong>quorum</strong></span> 
     </span>
     <span class='ocr_line' id='line_1_24' title="bbox 187 2867 1844 2954; baseline 0.001 -21"><span class='ocrx_word' id='word_1_258' title='bbox 187 2869 307 2934; x_wconf 88' lang='lat' dir='ltr'><strong>effectu</strong></span> <span class='ocrx_word' id='word_1_259' title='bbox 329 2867 458 2932; x_wconf 90' lang='lat' dir='ltr'><strong>noverit</strong></span> <span class='ocrx_word' id='word_1_260' title='bbox 480 2867 703 2932; x_wconf 88' lang='lat' dir='ltr'><strong>indubitanter</strong></span> <span class='ocrx_word' id='word_1_261' title='bbox 725 2868 881 2932; x_wconf 87' lang='lat' dir='ltr'><strong>sanctitas</strong></span> <span class='ocrx_word' id='word_1_262' title='bbox 900 2874 1021 2948; x_wconf 90' lang='lat' dir='ltr'><strong>vestra,</strong></span> <span class='ocrx_word' id='word_1_263' title='bbox 1046 2868 1133 2954; x_wconf 93' lang='lat' dir='ltr'><strong>quod</strong></span> <span class='ocrx_word' id='word_1_264' title='bbox 1149 2869 1237 2934; x_wconf 91' lang='lat' dir='ltr'><strong>cives</strong></span> <span class='ocrx_word' id='word_1_265' title='bbox 1252 2869 1445 2951; x_wconf 92' lang='lat' dir='ltr'><strong>Ianuenses,</strong></span> <span class='ocrx_word' id='word_1_266' title='bbox 1469 2871 1609 2935; x_wconf 91' lang='lat' dir='ltr'><strong>maiores</strong></span> <span class='ocrx_word' id='word_1_267' title='bbox 1634 2876 1668 2935; x_wconf 86' lang='lat' dir='ltr'><strong>et</strong></span> <span class='ocrx_word' id='word_1_268' title='bbox 1690 2871 1844 2954; x_wconf 89' lang='lat' dir='ltr'><strong>minores,</strong></span> 
     </span>
     <span class='ocr_line' id='line_1_25' title="bbox 188 2969 1844 3061; baseline 0.001 -26"><span class='ocrx_word' id='word_1_269' title='bbox 188 2971 365 3057; x_wconf 93' lang='lat' dir='ltr'><strong>dampnum</strong></span> <span class='ocrx_word' id='word_1_270' title='bbox 389 2969 438 3035; x_wconf 91' lang='lat' dir='ltr'><strong>eis</strong></span> <span class='ocrx_word' id='word_1_271' title='bbox 461 2969 495 3033; x_wconf 92' lang='lat' dir='ltr'><strong>in</strong></span> <span class='ocrx_word' id='word_1_272' title='bbox 517 2969 667 3056; x_wconf 86' lang='lat' dir='ltr'><strong>predicto</strong></span> <span class='ocrx_word' id='word_1_273' title='bbox 691 2971 845 3035; x_wconf 89' lang='lat' dir='ltr'><strong>conflictu</strong></span> <span class='ocrx_word' id='word_1_274' title='bbox 868 2971 994 3035; x_wconf 90' lang='lat' dir='ltr'><strong>illatum</strong></span> <span class='ocrx_word' id='word_1_275' title='bbox 1019 2992 1078 3057; x_wconf 90' lang='lat' dir='ltr'><strong>pro</strong></span> <span class='ocrx_word' id='word_1_276' title='bbox 1101 2972 1191 3036; x_wconf 92' lang='lat' dir='ltr'><strong>nullo</strong></span> <span class='ocrx_word' id='word_1_277' title='bbox 1216 2973 1284 3038; x_wconf 90' lang='lat' dir='ltr'><strong>sive</strong></span> <span class='ocrx_word' id='word_1_278' title='bbox 1314 2973 1443 3038; x_wconf 91' lang='lat' dir='ltr'><strong>modico</strong></span> <span class='ocrx_word' id='word_1_279' title='bbox 1472 2980 1682 3061; x_wconf 86' lang='lat' dir='ltr'><strong>reputantes,</strong></span> <span class='ocrx_word' id='word_1_280' title='bbox 1714 2973 1844 3038; x_wconf 91' lang='lat' dir='ltr'><strong>omissis</strong></span> 
     </span>
     <span class='ocr_line' id='line_1_26' title="bbox 189 3069 1844 3163; baseline 0.001 -23"><span class='ocrx_word' id='word_1_281' title='bbox 189 3077 312 3154; x_wconf 86' lang='lat' dir='ltr'><strong>causis,</strong></span> <span class='ocrx_word' id='word_1_282' title='bbox 346 3075 434 3138; x_wconf 91' lang='lat' dir='ltr'><strong>curis</strong></span> <span class='ocrx_word' id='word_1_283' title='bbox 462 3081 495 3138; x_wconf 90' lang='lat' dir='ltr'><strong>et</strong></span> <span class='ocrx_word' id='word_1_284' title='bbox 523 3075 666 3159; x_wconf 86' lang='lat' dir='ltr'><strong>negotiis</strong></span> <span class='ocrx_word' id='word_1_285' title='bbox 694 3075 873 3155; x_wconf 91' lang='lat' dir='ltr'><strong>universis,</strong></span> <span class='ocrx_word' id='word_1_286' title='bbox 909 3077 1147 3141; x_wconf 89' lang='lat' dir='ltr'><strong>constructioni</strong></span> <span class='ocrx_word' id='word_1_287' title='bbox 1182 3083 1215 3142; x_wconf 90' lang='grc'><strong>11</strong></span> <span class='ocrx_word' id='word_1_288' title='bbox 1244 3078 1416 3142; x_wconf 89' lang='lat' dir='ltr'><strong>munitioni</strong></span> <span class='ocrx_word' id='word_1_289' title='bbox 1446 3079 1577 3143; x_wconf 90' lang='lat' dir='ltr'><strong>navium</strong></span> <span class='ocrx_word' id='word_1_290' title='bbox 1606 3084 1640 3143; x_wconf 88' lang='lat' dir='ltr'><strong>et</strong></span> <span class='ocrx_word' id='word_1_291' title='bbox 1661 3069 1844 3163; x_wconf 79' lang='lat' dir='ltr'><strong>&#39;galearum</strong></span> 
     </span>
     <span class='ocr_line' id='line_1_27' title="bbox 188 3177 1847 3265; baseline 0.002 -22"><span class='ocrx_word' id='word_1_292' title='bbox 188 3179 393 3244; x_wconf 88' lang='lat' dir='ltr'><strong>incessanter</strong></span> <span class='ocrx_word' id='word_1_293' title='bbox 414 3178 568 3263; x_wconf 89' lang='lat' dir='ltr'><strong>vigilant,</strong></span> <span class='ocrx_word' id='word_1_294' title='bbox 603 3177 780 3243; x_wconf 88' lang='lat' dir='ltr'><strong>efficaciter</strong></span> <span class='ocrx_word' id='word_1_295' title='bbox 808 3179 973 3258; x_wconf 89' lang='lat' dir='ltr'><strong>laborant,</strong></span> <span class='ocrx_word' id='word_1_296' title='bbox 1006 3181 1052 3243; x_wconf 90' lang='lat' dir='ltr'><strong>ita</strong></span> <span class='ocrx_word' id='word_1_297' title='bbox 1084 3179 1171 3264; x_wconf 91' lang='lat' dir='ltr'><strong>quod</strong></span> <span class='ocrx_word' id='word_1_298' title='bbox 1196 3181 1244 3244; x_wconf 92' lang='lat' dir='ltr'><strong>eis</strong></span> <span class='ocrx_word' id='word_1_299' title='bbox 1267 3187 1421 3265; x_wconf 90' lang='lat' dir='ltr'><strong>tanquam</strong></span> <span class='ocrx_word' id='word_1_300' title='bbox 1444 3181 1621 3246; x_wconf 89' lang='lat' dir='ltr'><strong>victoribus</strong></span> <span class='ocrx_word' id='word_1_301' title='bbox 1646 3181 1847 3246; x_wconf 89' lang='lat' dir='ltr'><strong>subiciantur</strong></span> 
     </span>
     <span class='ocr_line' id='line_1_28' title="bbox 188 3281 1847 3370; baseline 0.001 -24"><span class='ocrx_word' id='word_1_302' title='bbox 188 3303 278 3346; x_wconf 90' lang='lat' dir='ltr'><strong>more</strong></span> <span class='ocrx_word' id='word_1_303' title='bbox 302 3282 399 3346; x_wconf 92' lang='lat' dir='ltr'><strong>solito</strong></span> <span class='ocrx_word' id='word_1_304' title='bbox 422 3282 555 3363; x_wconf 90' lang='lat' dir='ltr'><strong>inimici,</strong></span> <span class='ocrx_word' id='word_1_305' title='bbox 578 3281 664 3366; x_wconf 94' lang='lat' dir='ltr'><strong>quod</strong></span> <span class='ocrx_word' id='word_1_306' title='bbox 686 3281 720 3346; x_wconf 92' lang='lat' dir='ltr'><strong>in</strong></span> <span class='ocrx_word' id='word_1_307' title='bbox 744 3281 837 3347; x_wconf 90' lang='lat' dir='ltr'><strong>brevi</strong></span> <span class='ocrx_word' id='word_1_308' title='bbox 860 3281 1002 3346; x_wconf 88' lang='lat' dir='ltr'><strong>futurum</strong></span> <span class='ocrx_word' id='word_1_309' title='bbox 1030 3304 1104 3348; x_wconf 89' lang='lat' dir='ltr'><strong>esse</strong></span> <span class='ocrx_word' id='word_1_310' title='bbox 1130 3305 1299 3370; x_wconf 90' lang='lat' dir='ltr'><strong>speramus</strong></span> <span class='ocrx_word' id='word_1_311' title='bbox 1314 3282 1457 3348; x_wconf 91' lang='lat' dir='ltr'><strong>Domino</strong></span> <span class='ocrx_word' id='word_1_312' title='bbox 1474 3283 1686 3366; x_wconf 89' lang='lat' dir='ltr'><strong>concedente,</strong></span> <span class='ocrx_word' id='word_1_313' title='bbox 1710 3290 1744 3349; x_wconf 88' lang='lat' dir='ltr'><strong>et</strong></span> <span class='ocrx_word' id='word_1_314' title='bbox 1759 3282 1847 3370; x_wconf 93' lang='lat' dir='ltr'><strong>quod</strong></span> 
     </span>
     <span class='ocr_line' id='line_1_29' title="bbox 189 3386 1844 3474; baseline -0.002 -21"><span class='ocrx_word' id='word_1_315' title='bbox 189 3390 329 3454; x_wconf 89' lang='lat' dir='ltr'><strong>ccclesia</strong></span> <span class='ocrx_word' id='word_1_316' title='bbox 356 3388 421 3453; x_wconf 90' lang='lat' dir='ltr'><strong>Dei</strong></span> <span class='ocrx_word' id='word_1_317' title='bbox 454 3389 487 3452; x_wconf 93' lang='lat' dir='ltr'><strong>in</strong></span> <span class='ocrx_word' id='word_1_318' title='bbox 515 3387 709 3474; x_wconf 92' lang='lat' dir='ltr'><strong>perditionis</strong></span> <span class='ocrx_word' id='word_1_319' title='bbox 738 3388 860 3467; x_wconf 89' lang='lat' dir='ltr'><strong>filium,</strong></span> <span class='ocrx_word' id='word_1_320' title='bbox 894 3387 1000 3450; x_wconf 89' lang='lat' dir='ltr'><strong>virum</strong></span> <span class='ocrx_word' id='word_1_321' title='bbox 1027 3387 1243 3472; x_wconf 88' lang='lat' dir='ltr'><strong>flagitiosum,</strong></span> <span class='ocrx_word' id='word_1_322' title='bbox 1276 3394 1459 3473; x_wconf 89' lang='lat' dir='ltr'><strong>apostatam</strong></span> <span class='ocrx_word' id='word_1_323' title='bbox 1488 3387 1690 3453; x_wconf 84' lang='lat' dir='ltr'><strong>Fridericum</strong></span> <span class='ocrx_word' id='word_1_324' title='bbox 1724 3386 1844 3451; x_wconf 91' lang='lat' dir='ltr'><strong>dictum</strong></span> 
     </span>
    </p>
   </div>
   <div class='ocr_carea' id='block_1_5' title="bbox 74 3489 1847 3580">
    <p class='ocr_par' dir='ltr' id='par_1_5' title="bbox 74 3489 1847 3580">
     <span class='ocr_line' id='line_1_30' title="bbox 74 3489 1847 3580; baseline -0.003 -23"><span class='ocrx_word' id='word_1_325' title='bbox 74 3512 79 3520; x_wconf 93' lang='lat'>·</span> <span class='ocrx_word' id='word_1_326' title='bbox 188 3495 438 3580; x_wconf 89' lang='lat' dir='ltr'><strong>imperatorem,</strong></span> <span class='ocrx_word' id='word_1_327' title='bbox 469 3497 502 3555; x_wconf 90' lang='lat' dir='ltr'><strong>et</strong></span> <span class='ocrx_word' id='word_1_328' title='bbox 537 3489 641 3576; x_wconf 90' lang='lat' dir='ltr'><strong>ipsius</strong></span> <span class='ocrx_word' id='word_1_329' title='bbox 670 3490 848 3577; x_wconf 88' lang='lat' dir='ltr'><strong>complices</strong></span> <span class='ocrx_word' id='word_1_330' title='bbox 879 3491 1009 3554; x_wconf 90' lang='lat' dir='ltr'><strong>virtutis</strong></span> <span class='ocrx_word' id='word_1_331' title='bbox 1043 3511 1101 3554; x_wconf 93' lang='lat' dir='ltr'><strong>sue</strong></span> <span class='ocrx_word' id='word_1_332' title='bbox 1133 3491 1255 3577; x_wconf 91' lang='lat' dir='ltr'><strong>poterit</strong></span> <span class='ocrx_word' id='word_1_333' title='bbox 1282 3491 1558 3576; x_wconf 88' lang='lat' dir='ltr'><strong>magnificentiam</strong></span> <span class='ocrx_word' id='word_1_334' title='bbox 1586 3490 1729 3576; x_wconf 88' lang='lat' dir='ltr'><strong>operari,</strong></span> <span class='ocrx_word' id='word_1_335' title='bbox 1762 3490 1847 3553; x_wconf 90' lang='lat' dir='ltr'><strong>sicut</strong></span> 
     </span>
    </p>
   </div>
   <div class='ocr_carea' id='block_1_6' title="bbox 127 3592 1848 5551">
    <p class='ocr_par' dir='ltr' id='par_1_6' title="bbox 127 3592 1848 5551">
     <span class='ocr_line' id='line_1_31' title="bbox 190 3592 1845 3685; baseline -0.003 -24"><span class='ocrx_word' id='word_1_336' title='bbox 190 3603 331 3685; x_wconf 89' lang='lat' dir='ltr'><strong>oportet.</strong></span> <span class='ocrx_word' id='word_1_337' title='bbox 375 3595 463 3660; x_wconf 83' lang='lat' dir='ltr'><strong>Ecce</strong></span> <span class='ocrx_word' id='word_1_338' title='bbox 488 3595 576 3658; x_wconf 92' lang='lat' dir='ltr'><strong>enim</strong></span> <span class='ocrx_word' id='word_1_339' title='bbox 600 3594 726 3658; x_wconf 88' lang='lat' dir='ltr'><strong>scelera</strong></span> <span class='ocrx_word' id='word_1_340' title='bbox 757 3600 791 3659; x_wconf 91' lang='lat' dir='ltr'><strong>et</strong></span> <span class='ocrx_word' id='word_1_341' title='bbox 821 3595 1028 3680; x_wconf 90' lang='lat' dir='ltr'><strong>iniquitates,</strong></span> <span class='ocrx_word' id='word_1_342' title='bbox 1062 3616 1142 3681; x_wconf 91' lang='lat' dir='ltr'><strong>quas</strong></span> <span class='ocrx_word' id='word_1_343' title='bbox 1166 3616 1205 3660; x_wconf 89' lang='grc'><strong>11</strong></span> <span class='ocrx_word' id='word_1_344' title='bbox 1229 3593 1379 3674; x_wconf 93' lang='lat' dir='ltr'><strong>volente,</strong></span> <span class='ocrx_word' id='word_1_345' title='bbox 1410 3592 1586 3657; x_wconf 87' lang='lat' dir='ltr'><strong>mandante</strong></span> <span class='ocrx_word' id='word_1_346' title='bbox 1609 3600 1643 3658; x_wconf 92' lang='lat' dir='ltr'><strong>et</strong></span> <span class='ocrx_word' id='word_1_347' title='bbox 1664 3592 1845 3657; x_wconf 88' lang='lat' dir='ltr'><strong>deliberato</strong></span> 
     </span>
     <span class='ocr_line' id='line_1_32' title="bbox 188 3695 1845 3786; baseline -0.004 -20"><span class='ocrx_word' id='word_1_348' title='bbox 188 3702 324 3766; x_wconf 86' lang='lat' dir='ltr'><strong>consilio</strong></span> <span class='ocrx_word' id='word_1_349' title='bbox 348 3705 559 3786; x_wconf 89' lang='lat' dir='ltr'><strong>procurante,</strong></span> <span class='ocrx_word' id='word_1_350' title='bbox 590 3704 624 3762; x_wconf 93' lang='lat' dir='ltr'><strong>et</strong></span> <span class='ocrx_word' id='word_1_351' title='bbox 648 3705 824 3784; x_wconf 90' lang='lat' dir='ltr'><strong>sequentes</strong></span> <span class='ocrx_word' id='word_1_352' title='bbox 849 3698 937 3777; x_wconf 89' lang='lat' dir='ltr'><strong>eius,</strong></span> <span class='ocrx_word' id='word_1_353' title='bbox 968 3697 1029 3762; x_wconf 88' lang='lat' dir='ltr'><strong>viri</strong></span> <span class='ocrx_word' id='word_1_354' title='bbox 1050 3697 1221 3776; x_wconf 89' lang='lat' dir='ltr'><strong>infideles,</strong></span> <span class='ocrx_word' id='word_1_355' title='bbox 1257 3695 1323 3761; x_wconf 92' lang='lat' dir='ltr'><strong>Dei</strong></span> <span class='ocrx_word' id='word_1_356' title='bbox 1351 3702 1385 3760; x_wconf 98' lang='lat' dir='ltr'><strong>et</strong></span> <span class='ocrx_word' id='word_1_357' title='bbox 1412 3696 1580 3761; x_wconf 89' lang='lat' dir='ltr'><strong>hominum</strong></span> <span class='ocrx_word' id='word_1_358' title='bbox 1607 3703 1845 3784; x_wconf 88' lang='lat' dir='ltr'><strong>persecutores,</strong></span> 
     </span>
     <span class='ocr_line' id='line_1_33' title="bbox 190 3800 1847 3890; baseline -0.005 -20"><span class='ocrx_word' id='word_1_359' title='bbox 190 3811 411 3871; x_wconf 87' lang='lat' dir='ltr'><strong>exercuerunt</strong></span> <span class='ocrx_word' id='word_1_360' title='bbox 433 3804 467 3867; x_wconf 92' lang='lat' dir='ltr'><strong>in</strong></span> <span class='ocrx_word' id='word_1_361' title='bbox 490 3803 655 3890; x_wconf 92' lang='lat' dir='ltr'><strong>piissimos</strong></span> <span class='ocrx_word' id='word_1_362' title='bbox 678 3808 788 3888; x_wconf 90' lang='lat' dir='ltr'><strong>patres</strong></span> <span class='ocrx_word' id='word_1_363' title='bbox 806 3800 847 3865; x_wconf 89' lang='lat' dir='ltr'><strong>ad</strong></span> <span class='ocrx_word' id='word_1_364' title='bbox 862 3808 1008 3865; x_wconf 89' lang='lat' dir='ltr'><strong>vestram</strong></span> <span class='ocrx_word' id='word_1_365' title='bbox 1033 3801 1155 3865; x_wconf 93' lang='lat' dir='ltr'><strong>curiam</strong></span> <span class='ocrx_word' id='word_1_366' title='bbox 1178 3801 1311 3886; x_wconf 88' lang='lat' dir='ltr'><strong>publico</strong></span> <span class='ocrx_word' id='word_1_367' title='bbox 1335 3800 1453 3864; x_wconf 90' lang='grc'><strong>1111111</strong></span> <span class='ocrx_word' id='word_1_368' title='bbox 1477 3821 1536 3886; x_wconf 89' lang='grc'><strong>111</strong></span> <span class='ocrx_word' id='word_1_369' title='bbox 1558 3820 1647 3864; x_wconf 91' lang='lat' dir='ltr'><strong>mare</strong></span> <span class='ocrx_word' id='word_1_370' title='bbox 1665 3801 1847 3876; x_wconf 89' lang='lat' dir='ltr'><strong>venientes,</strong></span> 
     </span>
     <span class='ocr_line' id='line_1_34' title="bbox 189 3902 1847 3995; baseline -0.004 -22"><span class='ocrx_word' id='word_1_371' title='bbox 189 3907 366 3995; x_wconf 89' lang='lat' dir='ltr'><strong>capiendo,</strong></span> <span class='ocrx_word' id='word_1_372' title='bbox 397 3905 583 3992; x_wconf 88' lang='lat' dir='ltr'><strong>spoliando,</strong></span> <span class='ocrx_word' id='word_1_373' title='bbox 607 3902 775 3984; x_wconf 84' lang='lat' dir='ltr'><strong>cadendo,</strong></span> <span class='ocrx_word' id='word_1_374' title='bbox 798 3905 1001 3969; x_wconf 88' lang='lat' dir='ltr'><strong>vulnerando</strong></span> <span class='ocrx_word' id='word_1_375' title='bbox 1026 3911 1060 3970; x_wconf 95' lang='lat' dir='ltr'><strong>et</strong></span> <span class='ocrx_word' id='word_1_376' title='bbox 1083 3904 1262 3969; x_wconf 88' lang='lat' dir='ltr'><strong>occidendo</strong></span> <span class='ocrx_word' id='word_1_377' title='bbox 1286 3925 1344 3968; x_wconf 91' lang='lat' dir='ltr'><strong>eos</strong></span> <span class='ocrx_word' id='word_1_378' title='bbox 1368 3910 1401 3968; x_wconf 91' lang='lat' dir='ltr'><strong>et</strong></span> <span class='ocrx_word' id='word_1_379' title='bbox 1423 3905 1505 3968; x_wconf 89' lang='lat' dir='ltr'><strong>alios</strong></span> <span class='ocrx_word' id='word_1_380' title='bbox 1529 3905 1584 3990; x_wconf 93' lang='lat' dir='ltr'><strong>qui</strong></span> <span class='ocrx_word' id='word_1_381' title='bbox 1608 3903 1847 3968; x_wconf 91' lang='lat' dir='ltr'><strong>comitabantur</strong></span> 
     </span>
     <span class='ocr_line' id='line_1_35' title="bbox 191 4007 1847 4094; baseline -0.004 -17"><span class='ocrx_word' id='word_1_382' title='bbox 191 4011 340 4091; x_wconf 91' lang='lat' dir='ltr'><strong>eosdem,</strong></span> <span class='ocrx_word' id='word_1_383' title='bbox 372 4012 463 4075; x_wconf 90' lang='lat' dir='ltr'><strong>nulla</strong></span> <span class='ocrx_word' id='word_1_384' title='bbox 488 4011 574 4074; x_wconf 92' lang='lat' dir='ltr'><strong>iusta</strong></span> <span class='ocrx_word' id='word_1_385' title='bbox 601 4029 700 4073; x_wconf 88' lang='lat' dir='ltr'><strong>causa</strong></span> <span class='ocrx_word' id='word_1_386' title='bbox 723 4009 979 4090; x_wconf 88' lang='lat' dir='ltr'><strong>interveniente,</strong></span> <span class='ocrx_word' id='word_1_387' title='bbox 1009 4016 1161 4094; x_wconf 90' lang='lat' dir='ltr'><strong>patentes</strong></span> <span class='ocrx_word' id='word_1_388' title='bbox 1185 4015 1261 4073; x_wconf 88' lang='lat' dir='ltr'><strong>sunt</strong></span> <span class='ocrx_word' id='word_1_389' title='bbox 1284 4014 1318 4072; x_wconf 91' lang='lat' dir='ltr'><strong>et</strong></span> <span class='ocrx_word' id='word_1_390' title='bbox 1340 4008 1487 4094; x_wconf 89' lang='lat' dir='ltr'><strong>publice,</strong></span> <span class='ocrx_word' id='word_1_391' title='bbox 1515 4028 1652 4094; x_wconf 90' lang='lat' dir='ltr'><strong>quarum</strong></span> <span class='ocrx_word' id='word_1_392' title='bbox 1675 4007 1791 4072; x_wconf 92' lang='lat' dir='ltr'><strong>horror</strong></span> <span class='ocrx_word' id='word_1_393' title='bbox 1813 4007 1847 4070; x_wconf 94' lang='lat' dir='ltr'><strong>in</strong></span> 
     </span>
     <span class='ocr_line' id='line_1_36' title="bbox 191 4109 1847 4202; baseline -0.005 -21"><span class='ocrx_word' id='word_1_394' title='bbox 191 4121 370 4202; x_wconf 85' lang='lat' dir='ltr'><strong>conspectu</strong></span> <span class='ocrx_word' id='word_1_395' title='bbox 396 4113 530 4177; x_wconf 90' lang='lat' dir='ltr'><strong>Domini</strong></span> <span class='ocrx_word' id='word_1_396' title='bbox 559 4111 612 4176; x_wconf 95' lang='lat' dir='ltr'><strong>dei</strong></span> <span class='ocrx_word' id='word_1_397' title='bbox 641 4111 787 4176; x_wconf 84' lang='lat' dir='ltr'><strong>Sabaoth</strong></span> <span class='ocrx_word' id='word_1_398' title='bbox 819 4119 1036 4198; x_wconf 90' lang='lat' dir='ltr'><strong>cognoscetur</strong></span> <span class='ocrx_word' id='word_1_399' title='bbox 1067 4111 1272 4192; x_wconf 86' lang='lat' dir='ltr'><strong>ascendisse,</strong></span> <span class='ocrx_word' id='word_1_400' title='bbox 1303 4112 1448 4176; x_wconf 89' lang='lat' dir='ltr'><strong>clamans</strong></span> <span class='ocrx_word' id='word_1_401' title='bbox 1478 4110 1519 4174; x_wconf 88' lang='lat' dir='ltr'><strong>ad</strong></span> <span class='ocrx_word' id='word_1_402' title='bbox 1549 4109 1789 4196; x_wconf 90' lang='lat' dir='ltr'><strong>depositionem</strong></span> <span class='ocrx_word' id='word_1_403' title='bbox 1813 4117 1847 4174; x_wconf 87' lang='lat' dir='ltr'><strong>ct</strong></span> 
     </span>
     <span class='ocr_line' id='line_1_37' title="bbox 190 4213 1846 4304; baseline -0.005 -19"><span class='ocrx_word' id='word_1_404' title='bbox 190 4227 339 4285; x_wconf 88' lang='lat' dir='ltr'><strong>eternam</strong></span> <span class='ocrx_word' id='word_1_405' title='bbox 361 4217 627 4304; x_wconf 87' lang='lat' dir='ltr'><strong>dampnationem</strong></span> <span class='ocrx_word' id='word_1_406' title='bbox 649 4215 771 4302; x_wconf 88' lang='lat' dir='ltr'><strong>ipsius,</strong></span> <span class='ocrx_word' id='word_1_407' title='bbox 799 4221 835 4279; x_wconf 92' lang='lat' dir='ltr'><strong>ut</strong></span> <span class='ocrx_word' id='word_1_408' title='bbox 866 4216 927 4279; x_wconf 92' lang='lat' dir='ltr'><strong>sub</strong></span> <span class='ocrx_word' id='word_1_409' title='bbox 956 4215 1044 4279; x_wconf 91' lang='lat' dir='ltr'><strong>illius</strong></span> <span class='ocrx_word' id='word_1_410' title='bbox 1069 4215 1203 4300; x_wconf 91' lang='lat' dir='ltr'><strong>indigno</strong></span> <span class='ocrx_word' id='word_1_411' title='bbox 1234 4215 1371 4302; x_wconf 90' lang='lat' dir='ltr'><strong>imperio</strong></span> <span class='ocrx_word' id='word_1_412' title='bbox 1400 4215 1543 4280; x_wconf 91' lang='lat' dir='ltr'><strong>ecclesia</strong></span> <span class='ocrx_word' id='word_1_413' title='bbox 1564 4213 1629 4278; x_wconf 91' lang='lat' dir='ltr'><strong>Dei</strong></span> <span class='ocrx_word' id='word_1_414' title='bbox 1659 4213 1846 4278; x_wconf 89' lang='lat' dir='ltr'><strong>nullatenus</strong></span> 
     </span>
     <span class='ocr_line' id='line_1_38' title="bbox 191 4317 1847 4405; baseline -0.005 -17"><span class='ocrx_word' id='word_1_415' title='bbox 191 4328 381 4388; x_wconf 88' lang='lat' dir='ltr'><strong>conteratur</strong></span> <span class='ocrx_word' id='word_1_416' title='bbox 403 4327 436 4384; x_wconf 92' lang='lat' dir='ltr'><strong>et</strong></span> <span class='ocrx_word' id='word_1_417' title='bbox 457 4319 565 4384; x_wconf 88' lang='lat' dir='ltr'><strong>tidelis</strong></span> <span class='ocrx_word' id='word_1_418' title='bbox 589 4320 731 4405; x_wconf 92' lang='lat' dir='ltr'><strong>populus</strong></span> <span class='ocrx_word' id='word_1_419' title='bbox 756 4317 963 4384; x_wconf 89' lang='lat' dir='ltr'><strong>Christianus</strong></span> <span class='ocrx_word' id='word_1_420' title='bbox 986 4320 1125 4384; x_wconf 86' lang='lat' dir='ltr'><strong>ulterius</strong></span> <span class='ocrx_word' id='word_1_421' title='bbox 1157 4341 1223 4383; x_wconf 94' lang='lat' dir='ltr'><strong>non</strong></span> <span class='ocrx_word' id='word_1_422' title='bbox 1248 4319 1411 4384; x_wconf 90' lang='lat' dir='ltr'><strong>crucietur</strong></span> <span class='ocrx_word' id='word_1_423' title='bbox 1432 4340 1492 4404; x_wconf 90' lang='lat' dir='ltr'><strong>per</strong></span> <span class='ocrx_word' id='word_1_424' title='bbox 1515 4339 1601 4384; x_wconf 91' lang='lat' dir='ltr'><strong>eum.</strong></span> <span class='ocrx_word' id='word_1_425' title='bbox 1645 4317 1847 4383; x_wconf 85' lang='lat' dir='ltr'><strong>Ascendisse</strong></span> 
     </span>
     <span class='ocr_line' id='line_1_39' title="bbox 190 4419 1847 4514; baseline -0.005 -22"><span class='ocrx_word' id='word_1_426' title='bbox 190 4429 311 4514; x_wconf 91' lang='lat' dir='ltr'><strong>quippe</strong></span> <span class='ocrx_word' id='word_1_427' title='bbox 339 4425 372 4489; x_wconf 92' lang='lat' dir='ltr'><strong>in</strong></span> <span class='ocrx_word' id='word_1_428' title='bbox 396 4425 497 4488; x_wconf 90' lang='lat' dir='ltr'><strong>altum</strong></span> <span class='ocrx_word' id='word_1_429' title='bbox 520 4421 665 4502; x_wconf 90' lang='lat' dir='ltr'><strong>videtur,</strong></span> <span class='ocrx_word' id='word_1_430' title='bbox 698 4427 735 4486; x_wconf 88' lang='lat' dir='ltr'><strong>ut</strong></span> <span class='ocrx_word' id='word_1_431' title='bbox 766 4423 931 4488; x_wconf 84' lang='lat' dir='ltr'><strong>exaltatus</strong></span> <span class='ocrx_word' id='word_1_432' title='bbox 958 4423 1056 4487; x_wconf 91' lang='lat' dir='ltr'><strong>altius</strong></span> <span class='ocrx_word' id='word_1_433' title='bbox 1085 4431 1252 4508; x_wconf 89' lang='lat' dir='ltr'><strong>mergatur</strong></span> <span class='ocrx_word' id='word_1_434' title='bbox 1281 4429 1314 4488; x_wconf 89' lang='lat' dir='ltr'><strong>et</strong></span> <span class='ocrx_word' id='word_1_435' title='bbox 1341 4422 1557 4510; x_wconf 80' lang='lat' dir='ltr'><strong>precipitatur</strong></span> <span class='ocrx_word' id='word_1_436' title='bbox 1587 4423 1620 4487; x_wconf 94' lang='lat' dir='ltr'><strong>in</strong></span> <span class='ocrx_word' id='word_1_437' title='bbox 1649 4419 1847 4508; x_wconf 89' lang='lat' dir='ltr'><strong>profundum</strong></span> 
     </span>
     <span class='ocr_line' id='line_1_40' title="bbox 190 4524 1844 4616; baseline -0.003 -21"><span class='ocrx_word' id='word_1_438' title='bbox 190 4531 302 4616; x_wconf 84' lang='lat' dir='ltr'><strong>abyssi</strong></span> <span class='ocrx_word' id='word_1_439' title='bbox 326 4537 359 4595; x_wconf 91' lang='grc'><strong>11</strong></span> <span class='ocrx_word' id='word_1_440' title='bbox 381 4535 515 4616; x_wconf 90' lang='lat' dir='ltr'><strong>puteum</strong></span> <span class='ocrx_word' id='word_1_441' title='bbox 539 4526 644 4591; x_wconf 90' lang='lat' dir='ltr'><strong>eterni</strong></span> <span class='ocrx_word' id='word_1_442' title='bbox 667 4524 811 4612; x_wconf 90' lang='lat' dir='ltr'><strong>pudoris.</strong></span> <span class='ocrx_word' id='word_1_443' title='bbox 863 4525 1092 4615; x_wconf 84' lang='lat' dir='ltr'><strong>Supplicamus</strong></span> <span class='ocrx_word' id='word_1_444' title='bbox 1122 4527 1222 4610; x_wconf 91' lang='lat' dir='ltr'><strong>igitur</strong></span> <span class='ocrx_word' id='word_1_445' title='bbox 1251 4527 1417 4592; x_wconf 89' lang='lat' dir='ltr'><strong>sanctitati</strong></span> <span class='ocrx_word' id='word_1_446' title='bbox 1439 4534 1550 4592; x_wconf 90' lang='lat' dir='ltr'><strong>vestre</strong></span> <span class='ocrx_word' id='word_1_447' title='bbox 1573 4527 1669 4592; x_wconf 84' lang='lat' dir='ltr'><strong>flexis</strong></span> <span class='ocrx_word' id='word_1_448' title='bbox 1693 4525 1844 4612; x_wconf 90' lang='lat' dir='ltr'><strong>genibus,</strong></span> 
     </span>
     <span class='ocr_line' id='line_1_41' title="bbox 190 4628 1847 4723; baseline -0.004 -23"><span class='ocrx_word' id='word_1_449' title='bbox 190 4657 251 4723; x_wconf 91' lang='lat' dir='ltr'><strong>per</strong></span> <span class='ocrx_word' id='word_1_450' title='bbox 272 4634 497 4722; x_wconf 87' lang='lat' dir='ltr'><strong>aspersionem</strong></span> <span class='ocrx_word' id='word_1_451' title='bbox 521 4630 690 4716; x_wconf 88' lang='lat' dir='ltr'><strong>sanguinis</strong></span> <span class='ocrx_word' id='word_1_452' title='bbox 705 4628 783 4694; x_wconf 89' lang='lat' dir='ltr'><strong>Iesu</strong></span> <span class='ocrx_word' id='word_1_453' title='bbox 799 4629 922 4695; x_wconf 89' lang='lat' dir='ltr'><strong>Christi</strong></span> <span class='ocrx_word' id='word_1_454' title='bbox 943 4632 1035 4696; x_wconf 87' lang='lat' dir='ltr'><strong>euius</strong></span> <span class='ocrx_word' id='word_1_455' title='bbox 1051 4632 1157 4695; x_wconf 88' lang='lat' dir='ltr'><strong>vicem</strong></span> <span class='ocrx_word' id='word_1_456' title='bbox 1179 4630 1295 4716; x_wconf 91' lang='lat' dir='ltr'><strong>geritis</strong></span> <span class='ocrx_word' id='word_1_457' title='bbox 1319 4631 1352 4695; x_wconf 94' lang='lat' dir='ltr'><strong>in</strong></span> <span class='ocrx_word' id='word_1_458' title='bbox 1375 4631 1471 4696; x_wconf 87' lang='lat' dir='ltr'><strong>terris</strong></span> <span class='ocrx_word' id='word_1_459' title='bbox 1484 4630 1651 4695; x_wconf 90' lang='lat' dir='ltr'><strong>humiliter</strong></span> <span class='ocrx_word' id='word_1_460' title='bbox 1667 4630 1847 4709; x_wconf 83' lang='lat' dir='ltr'><strong>exorando,</strong></span> 
     </span>
     <span class='ocr_line' id='line_1_42' title="bbox 189 4733 1846 4826; baseline -0.004 -23"><span class='ocrx_word' id='word_1_461' title='bbox 189 4746 351 4826; x_wconf 91' lang='lat' dir='ltr'><strong>quatenus</strong></span> <span class='ocrx_word' id='word_1_462' title='bbox 377 4735 590 4800; x_wconf 90' lang='lat' dir='ltr'><strong>infortunium</strong></span> <span class='ocrx_word' id='word_1_463' title='bbox 619 4733 838 4814; x_wconf 90' lang='lat' dir='ltr'><strong>antedictum,</strong></span> <span class='ocrx_word' id='word_1_464' title='bbox 868 4740 905 4798; x_wconf 92' lang='lat' dir='ltr'><strong>ut</strong></span> <span class='ocrx_word' id='word_1_465' title='bbox 933 4755 998 4799; x_wconf 93' lang='lat' dir='ltr'><strong>non</strong></span> <span class='ocrx_word' id='word_1_466' title='bbox 1025 4734 1136 4815; x_wconf 86' lang='lat' dir='ltr'><strong>decet,</strong></span> <span class='ocrx_word' id='word_1_467' title='bbox 1164 4755 1228 4798; x_wconf 92' lang='lat' dir='ltr'><strong>non</strong></span> <span class='ocrx_word' id='word_1_468' title='bbox 1253 4742 1422 4816; x_wconf 88' lang='lat' dir='ltr'><strong>curantes,</strong></span> <span class='ocrx_word' id='word_1_469' title='bbox 1450 4734 1491 4799; x_wconf 92' lang='lat' dir='ltr'><strong>ab</strong></span> <span class='ocrx_word' id='word_1_470' title='bbox 1515 4735 1647 4821; x_wconf 92' lang='lat' dir='ltr'><strong>incepto</strong></span> <span class='ocrx_word' id='word_1_471' title='bbox 1676 4735 1846 4821; x_wconf 90' lang='lat' dir='ltr'><strong>proposito</strong></span> 
     </span>
     <span class='ocr_line' id='line_1_43' title="bbox 188 4836 1847 4924; baseline -0.005 -18"><span class='ocrx_word' id='word_1_472' title='bbox 188 4849 255 4906; x_wconf 90' lang='lat' dir='ltr'><strong>tam</strong></span> <span class='ocrx_word' id='word_1_473' title='bbox 277 4841 366 4906; x_wconf 90' lang='lat' dir='ltr'><strong>felici</strong></span> <span class='ocrx_word' id='word_1_474' title='bbox 389 4838 550 4904; x_wconf 89' lang='lat' dir='ltr'><strong>desistere</strong></span> <span class='ocrx_word' id='word_1_475' title='bbox 572 4859 638 4902; x_wconf 92' lang='lat' dir='ltr'><strong>non</strong></span> <span class='ocrx_word' id='word_1_476' title='bbox 660 4838 780 4916; x_wconf 89' lang='lat' dir='ltr'><strong>velitis,</strong></span> <span class='ocrx_word' id='word_1_477' title='bbox 804 4843 856 4902; x_wconf 90' lang='lat' dir='ltr'><strong>set</strong></span> <span class='ocrx_word' id='word_1_478' title='bbox 878 4837 993 4902; x_wconf 91' lang='lat' dir='ltr'><strong>fortius</strong></span> <span class='ocrx_word' id='word_1_479' title='bbox 1017 4838 1152 4902; x_wconf 89' lang='lat' dir='ltr'><strong>animati</strong></span> <span class='ocrx_word' id='word_1_480' title='bbox 1175 4836 1215 4901; x_wconf 89' lang='lat' dir='ltr'><strong>ad</strong></span> <span class='ocrx_word' id='word_1_481' title='bbox 1239 4836 1393 4901; x_wconf 88' lang='lat' dir='ltr'><strong>effectum</strong></span> <span class='ocrx_word' id='word_1_482' title='bbox 1418 4838 1489 4902; x_wconf 91' lang='lat' dir='ltr'><strong>eius</strong></span> <span class='ocrx_word' id='word_1_483' title='bbox 1506 4838 1687 4924; x_wconf 88' lang='lat' dir='ltr'><strong>potentiam</strong></span> <span class='ocrx_word' id='word_1_484' title='bbox 1703 4842 1847 4901; x_wconf 90' lang='lat' dir='ltr'><strong>vestram</strong></span> 
     </span>
     <span class='ocr_line' id='line_1_44' title="bbox 188 4939 1846 5030; baseline -0.005 -20"><span class='ocrx_word' id='word_1_485' title='bbox 188 4965 341 5030; x_wconf 89' lang='lat' dir='ltr'><strong>magnam</strong></span> <span class='ocrx_word' id='word_1_486' title='bbox 364 4941 544 5008; x_wconf 83' lang='lat' dir='ltr'><strong>extendere</strong></span> <span class='ocrx_word' id='word_1_487' title='bbox 568 4962 633 5006; x_wconf 90' lang='lat' dir='ltr'><strong>non</strong></span> <span class='ocrx_word' id='word_1_488' title='bbox 655 4940 802 5022; x_wconf 89' lang='lat' dir='ltr'><strong>tardetis,</strong></span> <span class='ocrx_word' id='word_1_489' title='bbox 825 4948 862 5004; x_wconf 92' lang='lat' dir='ltr'><strong>ut</strong></span> <span class='ocrx_word' id='word_1_490' title='bbox 883 4941 974 5006; x_wconf 90' lang='lat' dir='ltr'><strong>Petri</strong></span> <span class='ocrx_word' id='word_1_491' title='bbox 996 4942 1157 5022; x_wconf 89' lang='lat' dir='ltr'><strong>navicula,</strong></span> <span class='ocrx_word' id='word_1_492' title='bbox 1180 4961 1277 5027; x_wconf 90' lang='lat' dir='ltr'><strong>quarn</strong></span> <span class='ocrx_word' id='word_1_493' title='bbox 1293 4939 1440 5028; x_wconf 90' lang='lat' dir='ltr'><strong>piissime</strong></span> <span class='ocrx_word' id='word_1_494' title='bbox 1458 4939 1661 5024; x_wconf 87' lang='lat' dir='ltr'><strong>gubernatis,</strong></span> <span class='ocrx_word' id='word_1_495' title='bbox 1686 4939 1846 5003; x_wconf 89' lang='lat' dir='ltr'><strong>fluctuum</strong></span> 
     </span>
     <span class='ocr_line' id='line_1_45' title="bbox 190 5043 1848 5135; baseline -0.005 -22"><span class='ocrx_word' id='word_1_496' title='bbox 190 5050 314 5134; x_wconf 89' lang='lat' dir='ltr'><strong>agitata</strong></span> <span class='ocrx_word' id='word_1_497' title='bbox 335 5047 488 5135; x_wconf 88' lang='lat' dir='ltr'><strong>procellis</strong></span> <span class='ocrx_word' id='word_1_498' title='bbox 513 5051 546 5111; x_wconf 95' lang='lat' dir='ltr'><strong>et</strong></span> <span class='ocrx_word' id='word_1_499' title='bbox 567 5045 765 5109; x_wconf 89' lang='lat' dir='ltr'><strong>adherentes</strong></span> <span class='ocrx_word' id='word_1_500' title='bbox 789 5044 897 5110; x_wconf 91' lang='lat' dir='ltr'><strong>eidem</strong></span> <span class='ocrx_word' id='word_1_501' title='bbox 920 5067 986 5110; x_wconf 91' lang='lat' dir='ltr'><strong>non</strong></span> <span class='ocrx_word' id='word_1_502' title='bbox 1009 5046 1043 5109; x_wconf 90' lang='lat' dir='ltr'><strong>in</strong></span> <span class='ocrx_word' id='word_1_503' title='bbox 1067 5067 1188 5131; x_wconf 90' lang='lat' dir='ltr'><strong>equore</strong></span> <span class='ocrx_word' id='word_1_504' title='bbox 1217 5051 1351 5132; x_wconf 90' lang='lat' dir='ltr'><strong>propter</strong></span> <span class='ocrx_word' id='word_1_505' title='bbox 1380 5043 1537 5107; x_wconf 90' lang='lat' dir='ltr'><strong>tumultus</strong></span> <span class='ocrx_word' id='word_1_506' title='bbox 1566 5049 1599 5107; x_wconf 91' lang='lat' dir='ltr'><strong>et</strong></span> <span class='ocrx_word' id='word_1_507' title='bbox 1631 5047 1848 5129; x_wconf 85' lang='lat' dir='ltr'><strong>tempestatas</strong></span> 
     </span>
     <span class='ocr_line' id='line_1_46' title="bbox 127 5147 1846 5239; baseline -0.003 -23"><span class='ocrx_word' id='word_1_508' title='bbox 127 5188 138 5224; x_wconf 71' lang='lat' dir='ltr'><strong>a</strong></span> <span class='ocrx_word' id='word_1_509' title='bbox 191 5153 311 5239; x_wconf 91' lang='lat' dir='ltr'><strong>perire,</strong></span> <span class='ocrx_word' id='word_1_510' title='bbox 334 5159 386 5215; x_wconf 88' lang='lat' dir='ltr'><strong>set</strong></span> <span class='ocrx_word' id='word_1_511' title='bbox 408 5150 450 5215; x_wconf 94' lang='lat' dir='ltr'><strong>ad</strong></span> <span class='ocrx_word' id='word_1_512' title='bbox 472 5155 602 5237; x_wconf 92' lang='lat' dir='ltr'><strong>portum</strong></span> <span class='ocrx_word' id='word_1_513' title='bbox 625 5149 757 5213; x_wconf 89' lang='lat' dir='ltr'><strong>valeant</strong></span> <span class='ocrx_word' id='word_1_514' title='bbox 779 5149 952 5236; x_wconf 90' lang='lat' dir='ltr'><strong>pervenire</strong></span> <span class='ocrx_word' id='word_1_515' title='bbox 976 5149 1087 5234; x_wconf 91' lang='lat' dir='ltr'><strong>gaudii</strong></span> <span class='ocrx_word' id='word_1_516' title='bbox 1104 5157 1137 5214; x_wconf 89' lang='lat' dir='ltr'><strong>et</strong></span> <span class='ocrx_word' id='word_1_517' title='bbox 1151 5150 1277 5228; x_wconf 89' lang='lat' dir='ltr'><strong>salutis,</strong></span> <span class='ocrx_word' id='word_1_518' title='bbox 1300 5147 1504 5234; x_wconf 90' lang='lat' dir='ltr'><strong>gubernante</strong></span> <span class='ocrx_word' id='word_1_519' title='bbox 1518 5147 1608 5212; x_wconf 89' lang='lat' dir='ltr'><strong>illam</strong></span> <span class='ocrx_word' id='word_1_520' title='bbox 1625 5167 1752 5211; x_wconf 90' lang='lat' dir='ltr'><strong>summa</strong></span> <span class='ocrx_word' id='word_1_521' title='bbox 1770 5167 1846 5231; x_wconf 90' lang='lat' dir='ltr'><strong>pru·</strong></span> 
     </span>
     <span class='ocr_line' id='line_1_47' title="bbox 191 5249 1846 5340; baseline -0.005 -19"><span class='ocrx_word' id='word_1_522' title='bbox 191 5257 302 5322; x_wconf 87' lang='lat' dir='ltr'><strong>dantia</strong></span> <span class='ocrx_word' id='word_1_523' title='bbox 317 5263 437 5336; x_wconf 89' lang='lat' dir='ltr'><strong>vestra,</strong></span> <span class='ocrx_word' id='word_1_524' title='bbox 461 5255 554 5319; x_wconf 92' lang='lat' dir='ltr'><strong>cuius</strong></span> <span class='ocrx_word' id='word_1_525' title='bbox 578 5253 753 5340; x_wconf 90' lang='lat' dir='ltr'><strong>splendore</strong></span> <span class='ocrx_word' id='word_1_526' title='bbox 777 5253 1002 5319; x_wconf 89' lang='lat' dir='ltr'><strong>illuminantur</strong></span> <span class='ocrx_word' id='word_1_527' title='bbox 1017 5274 1131 5319; x_wconf 89' lang='lat' dir='ltr'><strong>omnes</strong></span> <span class='ocrx_word' id='word_1_528' title='bbox 1149 5253 1302 5318; x_wconf 90' lang='lat' dir='ltr'><strong>catholici</strong></span> <span class='ocrx_word' id='word_1_529' title='bbox 1318 5258 1353 5316; x_wconf 91' lang='lat' dir='ltr'><strong>et</strong></span> <span class='ocrx_word' id='word_1_530' title='bbox 1367 5250 1482 5316; x_wconf 87' lang='lat' dir='ltr'><strong>fideles</strong></span> <span class='ocrx_word' id='word_1_531' title='bbox 1499 5250 1687 5316; x_wconf 90' lang='lat' dir='ltr'><strong>Christiani.</strong></span> <span class='ocrx_word' id='word_1_532' title='bbox 1722 5249 1846 5314; x_wconf 84' lang='lat' dir='ltr'><strong>Venire</strong></span> 
     </span>
     <span class='ocr_line' id='line_1_48' title="bbox 191 5355 1848 5447; baseline -0.004 -22"><span class='ocrx_word' id='word_1_533' title='bbox 191 5368 301 5425; x_wconf 89' lang='lat' dir='ltr'><strong>autem</strong></span> <span class='ocrx_word' id='word_1_534' title='bbox 317 5359 547 5447; x_wconf 89' lang='lat' dir='ltr'><strong>personaliter,</strong></span> <span class='ocrx_word' id='word_1_535' title='bbox 561 5359 590 5422; x_wconf 88' lang='lat' dir='ltr'><strong>si</strong></span> <span class='ocrx_word' id='word_1_536' title='bbox 601 5364 711 5422; x_wconf 88' lang='lat' dir='ltr'><strong>vestre</strong></span> <span class='ocrx_word' id='word_1_537' title='bbox 726 5359 835 5444; x_wconf 89' lang='lat' dir='ltr'><strong>placet</strong></span> <span class='ocrx_word' id='word_1_538' title='bbox 851 5357 1034 5438; x_wconf 86' lang='lat' dir='ltr'><strong>clementie,</strong></span> <span class='ocrx_word' id='word_1_539' title='bbox 1051 5358 1263 5442; x_wconf 87' lang='lat' dir='ltr'><strong>autaliquem</strong></span> <span class='ocrx_word' id='word_1_540' title='bbox 1279 5357 1425 5442; x_wconf 89' lang='lat' dir='ltr'><strong>legatum</strong></span> <span class='ocrx_word' id='word_1_541' title='bbox 1440 5361 1596 5435; x_wconf 87' lang='lat' dir='ltr'><strong>vestrum,</strong></span> <span class='ocrx_word' id='word_1_542' title='bbox 1611 5355 1716 5418; x_wconf 87' lang='lat' dir='ltr'><strong>vimm</strong></span> <span class='ocrx_word' id='word_1_543' title='bbox 1732 5355 1848 5439; x_wconf 89' lang='lat' dir='ltr'><strong>utique</strong></span> 
     </span>
     <span class='ocr_line' id='line_1_49' title="bbox 193 5457 1848 5551; baseline -0.006 -23"><span class='ocrx_word' id='word_1_544' title='bbox 193 5463 363 5551; x_wconf 88' lang='lat' dir='ltr'><strong>providum</strong></span> <span class='ocrx_word' id='word_1_545' title='bbox 388 5470 422 5527; x_wconf 89' lang='lat' dir='ltr'><strong>et</strong></span> <span class='ocrx_word' id='word_1_546' title='bbox 444 5463 637 5542; x_wconf 86' lang='lat' dir='ltr'><strong>discretum,</strong></span> <span class='ocrx_word' id='word_1_547' title='bbox 661 5461 793 5526; x_wconf 91' lang='lat' dir='ltr'><strong>mittere</strong></span> <span class='ocrx_word' id='word_1_548' title='bbox 817 5461 998 5546; x_wconf 90' lang='lat' dir='ltr'><strong>dignemini</strong></span> <span class='ocrx_word' id='word_1_549' title='bbox 1021 5460 1061 5524; x_wconf 91' lang='lat' dir='ltr'><strong>ad</strong></span> <span class='ocrx_word' id='word_1_550' title='bbox 1085 5461 1252 5526; x_wconf 88' lang='lat' dir='ltr'><strong>civitatem</strong></span> <span class='ocrx_word' id='word_1_551' title='bbox 1275 5467 1310 5524; x_wconf 91' lang='lat' dir='ltr'><strong>et</strong></span> <span class='ocrx_word' id='word_1_552' title='bbox 1332 5461 1481 5524; x_wconf 90' lang='lat' dir='ltr'><strong>homines</strong></span> <span class='ocrx_word' id='word_1_553' title='bbox 1505 5468 1632 5524; x_wconf 91' lang='lat' dir='ltr'><strong>vestros</strong></span> <span class='ocrx_word' id='word_1_554' title='bbox 1656 5457 1848 5533; x_wconf 85' lang='lat' dir='ltr'><strong>Ianuenses,</strong></span> 
     </span>
    </p>
   </div>
   <div class='ocr_carea' id='block_1_7' title="bbox 295 5717 1825 5866">
    <p class='ocr_par' dir='ltr' id='par_1_7' title="bbox 295 5717 1825 5866">
     <span class='ocr_line' id='line_1_50' title="bbox 295 5717 1825 5791; baseline -0.005 -15"><span class='ocrx_word' id='word_1_555' title='bbox 295 5723 322 5788; x_wconf 91' lang='grc'><strong>1)</strong></span> <span class='ocrx_word' id='word_1_556' title='bbox 343 5721 463 5776; x_wconf 80' lang='lat' dir='ltr'><strong>Errcres</strong></span> <span class='ocrx_word' id='word_1_557' title='bbox 479 5722 565 5775; x_wconf 78' lang='lat' dir='ltr'><strong>huius</strong></span> <span class='ocrx_word' id='word_1_558' title='bbox 582 5721 728 5774; x_wconf 74' lang='lat' dir='ltr'><strong>relationis</strong></span> <span class='ocrx_word' id='word_1_559' title='bbox 746 5736 780 5772; x_wconf 77' lang='lat' dir='ltr'><strong>ex</strong></span> <span class='ocrx_word' id='word_1_560' title='bbox 798 5721 913 5790; x_wconf 76' lang='lat' dir='ltr'><strong>epistola</strong></span> <span class='ocrx_word' id='word_1_561' title='bbox 927 5718 1108 5791; x_wconf 78' lang='lat' dir='ltr'><strong>praecedente</strong></span> <span class='ocrx_word' id='word_1_562' title='bbox 1125 5721 1265 5790; x_wconf 73' lang='lat' dir='ltr'><strong>corrigar,-</strong></span> <span class='ocrx_word' id='word_1_563' title='bbox 1282 5720 1319 5790; x_wconf 78' lang='lat' dir='ltr'><strong>cs.</strong></span> <span class='ocrx_word' id='word_1_564' title='bbox 1338 5719 1578 5784; x_wconf 65' lang='lat' dir='ltr'><strong>actm-meta,</strong></span> <span class='ocrx_word' id='word_1_565' title='bbox 1594 5717 1611 5772; x_wconf 80' lang='lat' dir='ltr'><strong>t.</strong></span> <span class='ocrx_word' id='word_1_566' title='bbox 1630 5732 1652 5774; x_wconf 88' lang='grc'><strong>1.</strong></span> <span class='ocrx_word' id='word_1_567' title='bbox 1670 5733 1697 5772; x_wconf 75' lang='lat' dir='ltr'><strong>a.</strong></span> <span class='ocrx_word' id='word_1_568' title='bbox 1717 5719 1825 5770; x_wconf 79' lang='grc'><strong>32001.</strong></span> 
     </span>
     <span class='ocr_line' id='line_1_51' title="bbox 1589 5813 1642 5866; baseline 0 -22"><span class='ocrx_word' id='word_1_569' title='bbox 1589 5813 1642 5866; x_wconf 59' lang='lat' dir='ltr'><strong>w·</strong></span> 
     </span>
    </p>
   </div>
   <div class='ocr_carea' id='block_1_8' title="bbox 0 0 2291 6420">
    <p class='ocr_par' dir='ltr' id='par_1_8' title="bbox 0 0 2291 6420">
     <span class='ocr_line' id='line_1_52' title="bbox 0 0 2291 6420; baseline 0 0"><span class='ocrx_word' id='word_1_570' title='bbox 0 0 2291 6420; x_wconf 95' lang='lat' dir='ltr'><strong> </strong></span> 
     </span>
    </p>
   </div>
  </div>
 </body>
</html>
