4448 6420
759 97 958 154 EPISTOLAE
976 97 1165 154 smncrnn.
1201 97 1277 153 1223.
1782 102 1841 162 155

196 275 273 360 cipis
302 274 480 340 detinendo
510 274 743 340 miserabiliter
771 279 978 359 occupatam,
1010 279 1140 360 tempus
1173 280 1239 355 est,
1269 281 1305 338 ut
1337 272 1383 337 hii
1413 273 1468 359 qui
1497 293 1553 339 ere
1575 279 1784 360 peccatorum
1808 294 1843 338 se

195 376 323 442 diabolo
355 377 589 458 vendiderunt,
624 380 812 442 ammissum
836 385 1032 463 recuperent
1054 379 1243 443 libertatem
1273 385 1307 443 et
1336 399 1396 464 per
1418 378 1586 443 salutifere
1609 376 1844 464 redemptionis

195 480 373 546 remedium
396 483 522 546 animas
545 481 707 546 redimant
735 480 849 546 lrauds
874 481 1037 546 diabolica
1060 484 1256 569 captivatas:
1290 489 1429 566 exurgat
1451 502 1545 546 nunc.
1564 481 1618 566 qui
1648 480 1782 558 dormit,
1812 487 1845 544 et

195 583 234 647 ab
257 585 413 670 operibus
437 586 551 650 mortis
575 586 747 664 excitetur,
770 592 806 649 ut
828 585 991 649 illuminet
1013 605 1088 649 eum
1113 583 1273 649 Christus.
1318 584 1468 669 Exurgat
1490 590 1524 649 et
1547 590 1656 648 currat
1678 583 1711 647 in
1734 583 1844 669 splen·

138 719 149 752 a
195 686 270 751 dore
301 687 439 772 fulgoris
466 709 629 753 armorum
652 686 799 766 Domini,
829 689 994 752 accinctus
1023 688 1064 752 ad
1097 688 1185 752 illius
1208 688 1346 774 prelium
1368 687 1586 774 preliandum,
1617 686 1672 771 qui
1698 687 1845 771 legitime

195 790 396 854 certantibus
425 812 579 856 coronam
608 792 674 856 vite
705 791 874 877 promittit.
919 790 988 855 Nos
1017 799 1127 856 autem
1155 793 1249 856 iuxta
1277 793 1442 877 generalis
1473 797 1595 856 statuta
1619 791 1747 856 concilii
1769 811 1844 878 per-

194 915 289 958 sonas
313 900 347 958 et
370 894 456 958 bona
480 916 609 976 eorum,
641 896 695 979 qui
720 896 824 959 crucis
849 902 924 958 sunt
948 903 1115 960 caractere
1139 898 1301 981 insigniti,
1332 897 1531 983 recipientes
1555 897 1615 962 sub
1638 897 1844 981 protectione

194 998 280 1063 sedis
304 999 486 1085 apostolice
509 999 662 1085 speciali,
692 999 844 1063 omnibus
869 1000 924 1084 qui
946 1001 1093 1065 laborem
1116 1001 1215 1065 istum
1237 1003 1269 1066 in
1293 1002 1432 1088 propriis
1454 1002 1604 1087 personis
1629 999 1791 1065 subierint
1812 1005 1846 1064 et

194 1103 364 1187 expensis,
386 1103 518 1188 plenam
542 1123 673 1167 suorum
697 1089 941 1188 peccaminum}
973 1104 1013 1168 de
1042 1105 1161 1189 quibus
1191 1106 1353 1170 veraciter
1375 1105 1498 1170 fuerint
1524 1103 1622 1169 corde
1651 1103 1782 1168 contriti
1812 1109 1846 1167 et

194 1227 248 1270 ore
272 1205 435 1286 confessi,
459 1206 588 1270 veniam
611 1205 818 1290 indulgemus
843 1208 933 1270 etin
956 1208 1170 1272 retributione
1195 1209 1353 1272 iustorum
1378 1208 1492 1272 salutis
1515 1215 1629 1272 eterne
1653 1206 1847 1292 pollicemur

193 1316 413 1392 augmentum.
460 1308 518 1372 uis
550 1316 660 1373 autem
689 1310 744 1395 qui
775 1331 841 1374 non
870 1311 903 1375 in
931 1312 1072 1396 propriis
1100 1313 1251 1397 personis
1279 1312 1357 1376 illuc
1388 1310 1607 1390 accesserint,
1636 1315 1687 1373 set
1717 1309 1751 1372 in
1778 1309 1846 1372 suis

192 1410 363 1476 dumtaxat
385 1413 541 1498 expensis
565 1413 658 1477 iuxta
679 1414 869 1478 facultatem
893 1421 927 1479 et
955 1416 1146 1499 qualitatem
1175 1436 1266 1479 suam
1291 1415 1378 1480 viros
1408 1413 1545 1478 idoneos
1573 1411 1783 1493 destinarint,
1814 1419 1847 1474 et

193 1514 255 1578 illis
286 1516 440 1580 similiter
472 1517 527 1601 qui
561 1517 639 1581 licet
674 1518 707 1581 in
737 1519 854 1583 alienis
886 1520 1042 1605 expensis
1075 1521 1108 1583 in
1141 1520 1280 1605 propriis
1311 1519 1462 1606 personis
1494 1526 1604 1582 tamen
1636 1517 1845 1594 accesserint,

191 1619 322 1704 plenam
345 1639 477 1683 suorum
500 1621 648 1686 veniama
673 1621 882 1686 concedimus
909 1629 1127 1708 peccatorum.
1181 1623 1290 1688 Huius
1314 1643 1444 1708 quoque
1467 1622 1670 1687 remissionis
1694 1621 1843 1686 volumus

99 1747 132 1782 η
193 1727 225 1786 et
247 1720 458 1786 concedimus
483 1745 557 1788 esse
579 1725 757 1812 participes
781 1727 873 1790 iuxta
890 1726 1105 1810 quantitatem
1122 1725 1259 1792 subsidii
1283 1733 1316 1789 et
1339 1724 1521 1790 devotionis
1544 1725 1698 1789 affectum
1721 1745 1846 1805 omnes,

193 1825 245 1910 qui
272 1824 315 1889 ad
344 1826 596 1892 subventionem
625 1829 729 1914 ipsius
759 1837 846 1894 terre
870 1829 911 1894 de
944 1830 1040 1894 bonis
1073 1830 1141 1894 suis
1166 1850 1309 1915 congrue
1333 1827 1564 1893 ministrabunt
1586 1834 1643 1892 aut
1666 1827 1752 1892 circa
1773 1847 1847 1913 pre·

193 1926 278 1992 dicta
300 1929 474 1993 eonsilium
497 1937 531 1994 et
553 1931 713 1995 auxilium
736 1932 955 2019 impenderint
978 1939 1184 2020 oportunum.
1230 1932 1273 1997 Et
1302 1931 1453 2018 quoniam
1482 1930 1764 2017 pernecessarium
1795 1937 1847 1994 est

194 2032 415 2117 prosecutioni
449 2034 573 2118 negotii
607 2037 794 2116 memorati,
838 2043 875 2100 ut
908 2037 1072 2122 principes
1107 2042 1140 2100 et
1173 2037 1313 2122 populus
1349 2033 1526 2099 Christiani
1558 2034 1649 2120 pacis
1683 2031 1848 2118 gaudeant

194 2135 334 2216 unitate,
374 2157 435 2222 per
477 2137 692 2202 ecclesiamm
735 2141 879 2225 prelatos
916 2139 1142 2204 discordantes
1176 2138 1373 2203 reducantur
1407 2138 1448 2203 ad
1482 2138 1613 2224 plenam
1643 2158 1758 2223 pacem
1794 2138 1847 2201 rel

90 2271 95 2278 ·
116 2265 128 2300 1·
196 2237 317 2303 firmam
339 2245 512 2324 treuguam
535 2240 769 2307 inviolabiliter
791 2243 922 2307 interim
945 2241 1194 2308 observandam.
1239 2241 1326 2306 Hinc
1350 2247 1417 2322 est,
1446 2241 1532 2326 quod
1555 2247 1621 2305 tarn
1645 2262 1703 2326 pro
1726 2239 1846 2306 exhor-

194 2343 313 2406 tatione
337 2341 431 2406 verbi
455 2344 560 2407 crucis
582 2364 679 2430 quam
703 2347 792 2432 pacis
817 2368 876 2411 seu
898 2354 1108 2431 treuguarum
1131 2345 1243 2410 federe
1268 2345 1435 2410 suadendo
1457 2346 1615 2410 mittimus
1639 2344 1680 2409 ad
1702 2365 1760 2408 vos
1786 2341 1845 2422 ..l‚

194 2446 437 2510 universitatem
474 2453 615 2511 vestram
651 2455 820 2513 monentes
852 2456 886 2514 et
921 2451 1132 2515 obsecrantes
1166 2451 1198 2513 in
1234 2448 1393 2529 Domino,
1426 2450 1577 2535 quatinus
1613 2449 1722 2534 ipsum
1762 2447 1847 2511 reci-

195 2551 320 2636 pientes
355 2551 492 2637 ylariter
528 2559 561 2617 et
589 2553 730 2639 benigne
766 2561 944 2620 tractantes
980 2555 1027 2618 sic
1065 2575 1164 2641 super
1193 2554 1362 2639 premissis
1398 2557 1469 2618 eius
1501 2551 1685 2618 salubribus
1716 2551 1847 2614 monitis

196 2655 380 2737 intendatis,
403 2662 440 2720 ut
463 2677 562 2743 opere
586 2658 718 2738 clareat,
742 2659 829 2744 quod
845 2659 945 2728 „vobis
968 2680 1034 2722 uon
1056 2658 1144 2723 desit
1167 2657 1418 2742 magnanimitas
1434 2656 1630 2736 Mathathie,
1653 2655 1707 2741 qui
1730 2654 1844 2719 videns

84 2779 101 2816 2
198 2767 304 2826 sancta
327 2758 462 2824 Domini
492 2761 690 2847 prophanari
711 2763 869 2849 prosiliit,
899 2769 935 2827 ut
957 2762 1022 2827 Dei
1054 2763 1162 2848 legem
1186 2766 1220 2825 et
1243 2768 1395 2846 paternas
1419 2759 1645 2826 observantias
1669 2766 1815 2824 tueretur
1828 2759 1848 2825 ¹.

817 3041 1224 3049 ffi--ffl-

981 3299 1066 3372 aaa.

301 3412 490 3506 Honorius
512 3437 575 3504 ΠΙ
589 3459 681 3520 papa
701 3437 924 3523 [Philippum]
949 3459 1050 3522 repent
1076 3438 1277 3503 Francorum
1302 3441 1407 3520 rapat,
1436 3440 1472 3501 ut
1492 3459 1513 3501 a
1537 3436 1759 3518 crucesignatis
1780 3435 1844 3499 sive

199 3541 233 3604 ab
258 3543 338 3620 illie,
367 3543 422 3624 qui
450 3545 628 3609 necessaria
654 3543 821 3607 ewundem
848 3542 1007 3624 inferant,
1035 3544 1215 3625 extorqueri
1235 3542 1373 3625 pedagica
1403 3561 1467 3606 nou
1494 3543 1672 3622 permittat,
1703 3544 1733 3604 ct
1753 3543 1789 3603 ul
1810 3539 1847 3601 in

199 3665 285 3726 reque
314 3665 371 3710 suo
404 3650 539 3725 statuat,
574 3651 611 3712 ut
640 3645 794 3727 quaelibet
829 3645 937 3710 domus
968 3647 1103 3731 singulis
1137 3647 1294 3711 rnensibus
1325 3667 1422 3728 usqua
1455 3645 1499 3709 ad
1531 3645 1704 3708 triennium
1738 3641 1848 3706 saltem

200 3767 292 3812 uuum
317 3748 528 3815 Tarmoenaem
549 3751 596 3816 nel
617 3751 862 3830 aequivalentem
885 3756 1038 3815 increatam
1055 3772 1117 3832 pro
1138 3750 1277 3816 subsidio
1302 3751 1418 3815 Terrae
1440 3750 1575 3816 Sanctae
1600 3747 1746 3812 ensotmt.

1331 3857 1425 3932 1223,
1447 3855 1531 3917 circa
1553 3850 1661 3931 April.
1683 3848 1758 3913 27².

296 3937 783 4009 mfflmffimm

294 4025 432 4094 Potthast,
451 4023 520 4095 Ray.
542 4027 623 4079 69r0.

843 4152 1197 4244 Rmffimm

299 4297 383 4362 Cum
414 4300 456 4363 sit
483 4320 547 4363 non
577 4301 681 4365 solum
710 4300 846 4386 impium
878 4306 929 4366 set
958 4302 1056 4366 etiam
1083 4301 1271 4380 abusivum,
1302 4301 1368 4365 illis
1393 4298 1515 4364 auferri
1543 4297 1699 4384 pedagia,
1728 4297 1784 4382 qui
1816 4297 1847 4362 ei

121 4419 125 4440 ³
198 4403 283 4468 cuius
314 4402 454 4489 pedibus
482 4405 590 4468 omnia
618 4411 694 4468 sunt
723 4405 871 4470 subiecta
898 4404 1040 4470 fideliter
1069 4405 1207 4490 obsequi
1235 4405 1446 4486 affectantes,
1476 4402 1517 4466 ad
1538 4401 1767 4466 vindicandam
1796 4402 1845 4466 in·

196 4505 306 4570 iuriam
330 4507 435 4571 crucis
459 4507 530 4571 eius
554 4514 586 4573 et
609 4515 747 4588 terram,
777 4529 839 4593 que
863 4507 1027 4572 funiculus
1051 4513 1102 4572 est
1125 4508 1318 4572 hereditatis
1340 4508 1461 4594 ipsius,
1492 4507 1533 4570 ab
1556 4505 1707 4571 hostibus
1730 4504 1914 4568 rendi-nu.
1932 4523 2010 4572 roan.

197 4609 349 4688 caudam,
395 4611 542 4696 cognatis
580 4617 613 4675 et
649 4612 734 4676 natis
771 4632 810 4675 ac
847 4612 1114 4697 possessionibus
1152 4610 1334 4691 derelictis,
1380 4608 1590 4675 laudabiliter
1625 4608 1846 4692 accingantur,

197 4713 423 4779 excellentiam
456 4723 544 4779 tuam
576 4735 729 4801 rogamus
761 4721 795 4780 ot
827 4716 994 4779 hortamur
1024 4715 1058 4778 in
1088 4713 1248 4792 Domino,
1284 4714 1436 4798 quatinus
1466 4735 1486 4778 a
1517 4733 1612 4777 cruce
1644 4711 1779 4796 signatis
1814 4711 1847 4773 in

197 4815 292 4884 Terre
317 4817 437 4882 Sancte
461 4817 641 4882 subsidium
664 4817 870 4904 profecturis,
895 4818 964 4883 sire
988 4818 1030 4882 ab
1054 4818 1119 4882 illis
1143 4819 1197 4902 qui
1219 4817 1408 4882 necessaria
1431 4815 1580 4882 deferent
1603 4812 1791 4894 eorundem,
1814 4812 1847 4876 in

296 5077 318 5144 ¹)
338 5079 440 5130 verrium
458 5079 525 5130 deest
542 5080 569 5128 iu
588 5079 619 5130 u.
706 5075 728 5144 ¹³)
752 5119 757 5130 .
778 5119 784 5130 .
803 5087 828 5131 at
846 5118 851 5128 .
872 5117 877 5130 .
898 5077 935 5139 It,·
952 5081 986 5146 cs.
1005 5098 1029 5130 u.
1052 5084 1111 5131 229.

293 5215 319 5280 l)
338 5215 373 5266 Ia
391 5213 503 5267 eundem
520 5212 626 5266 modum
644 5214 734 5268 verbis
751 5229 806 5268 nou
824 5214 936 5268 rnubum
953 5215 1066 5268 mutatis
1079 5231 1161 5285 papa
1178 5216 1308 5285 episcopa
1326 5220 1351 5268 et
1369 5213 1492 5282 capitulo
1509 5211 1716 5267 Tarantasienai
1729 5211 1798 5266 Mai.
1810 5215 1848 5265 26

180 5295 230 5364 ,Ia
242 5301 311 5368 229]
331 5301 454 5369 scripsit.
530 5300 557 5364 2)
578 5300 710 5354 Eiusdem
729 5301 832 5356 tenoris
847 5299 963 5370 epistola
982 5301 1019 5355 ad
1037 5318 1126 5371 repens
1147 5300 1267 5372 Anpltae
1282 5301 1333 5354 sul>
1353 5300 1442 5368 April.
1460 5303 1497 5353 27
1515 5314 1560 5367 ap.
1580 5297 1691 5368 Rymer,
1710 5297 1847 5358 Foedera,

384 5391 398 5420 a

186 5385 252 5515 Ι311,
277 5405 296 5454 1,
311 5403 342 5456 Pa
362 5389 406 5440 9η·
1584 5477 1641 5533 20*

197 5619 201 5673 l

205 5748 215 5866 d
