4448 6420
702 335 903 392 EPISTOLAE
921 337 1111 393 sanabunt.
1144 339 1218 393 1226.
1726 351 1787 412 ’223

135 505 272 568 articulo
296 511 330 569 et
352 507 546 572 excessibus
569 511 642 574 aliis
667 511 700 574 in
724 512 932 597 inquisitione
957 514 1152 598 contemptis
1183 534 1248 576 non
1271 513 1420 579 decuerit
1443 517 1671 603 compromitti.
1716 516 1788 591 Qua

135 628 208 671 cum
243 607 285 672 ad
315 609 377 674 hoc
408 609 517 675 induci
548 634 614 677 non
642 623 769 701 posset,
804 616 909 694 idem,
944 637 984 681 ea
1011 616 1197 701 ignorante,
1230 617 1270 682 de
1307 619 1410 704 ipsius
1439 619 1581 706 hospitio
1615 621 1789 708 privilegia

137 710 298 776 libertatis
322 715 529 794 monasterii,
559 737 622 801 que
645 717 803 798 habebat,
828 726 862 783 et
888 719 1045 804 quasdam
1074 742 1147 785 cum
1171 722 1220 786 eis
1244 722 1370 786 litteras
1393 724 1592 808 apostolicas
1623 724 1687 790 sibi
1708 725 1789 791 fecit

135 815 266 889 afferri:
291 837 371 903 quas
399 817 526 882 litteras
559 841 633 884 cum
660 821 733 906 ipsa
760 822 980 887 intellexisset
1002 823 1139 902 incisas,
1167 823 1208 889 de
1237 825 1476 891 interversione
1500 826 1662 892 dictorum
1685 829 1786 915 privi-

136 919 296 1004 legiorum
325 921 519 1006 plurimum,
555 923 639 988 sicut
669 931 813 1011 poterat,
846 933 1010 1007 metuens,
1044 949 1116 992 cum
1146 935 1252 994 metus
1280 929 1468 994 huiusmodi
1491 931 1626 998 caderet
1653 933 1686 997 in
1710 955 1787 998 con·

134 1028 291 1103 stantem,
321 1023 468 1089 eiusdem
491 1047 526 1091 sc
551 1026 703 1092 submisit
725 1029 876 1111 arbitrio,
900 1029 986 1115 quod
1010 1053 1044 1096 se
1068 1031 1190 1095 iuravit
1212 1033 1312 1096 etiam
1336 1039 1554 1110 servaturam
1585 1037 1697 1122 sicque
1726 1057 1787 1102 nec

134 1133 225 1191 certa
257 1147 319 1191 nec
352 1148 451 1213 super
479 1130 576 1194 certis
608 1133 898 1218 compromissione
932 1133 1040 1214 lacta,
1072 1135 1106 1198 in
1135 1135 1246 1199 multis
1277 1143 1330 1200 est
1361 1136 1395 1199 in
1429 1157 1595 1203 enormem
1628 1140 1787 1205 lesionem

135 1231 325 1295 monasterii
357 1232 527 1298 arbitrium
561 1236 813 1321 promulgatum.
879 1237 945 1301 Per
985 1237 1068 1301 illud
1105 1239 1193 1302 enim
1232 1238 1400 1304 abbatissa
1434 1246 1566 1306 tenetur
1600 1243 1786 1308 renuntiare

135 1335 279 1420 querelis
303 1342 337 1400 et
358 1335 508 1423 dampnis
531 1339 631 1403 illatis
654 1361 674 1404 a
696 1341 844 1426 quolibet
866 1342 1104 1428 predictomm,
1127 1349 1161 1407 et
1184 1344 1293 1407 omnia
1315 1343 1427 1408 debita
1450 1343 1555 1409 electe
1579 1352 1612 1410 ct
1635 1346 1786 1426 ecclesie,

138 1458 331 1524 quocunque
361 1439 458 1503 medo
482 1447 648 1506 eontracta
677 1444 757 1524 sint,
792 1451 826 1508 et
856 1465 1003 1530 expensa
1032 1451 1106 1531 post
1128 1445 1232 1531 ipsius
1256 1445 1452 1511 eiectionem
1483 1446 1605 1525 electe,
1639 1449 1787 1513 terminis

136 1541 263 1607 solvere
287 1541 482 1627 assignatis;
505 1542 628 1610 debent
651 1547 751 1611 etiam
773 1550 1001 1633 possessiones
1025 1550 1171 1635 obligate
1195 1549 1236 1614 ab
1258 1551 1331 1635 ipsa
1354 1570 1559 1634 quocumque
1581 1550 1692 1631 modo,
1717 1551 1786 1616 sive

135 1643 202 1707 sint
222 1645 428 1730 prepositure
452 1649 505 1712 vel
528 1650 726 1728 monasterii,
751 1651 836 1736 apud
860 1652 946 1724 illos,
970 1653 1088 1737 quibus
1112 1652 1256 1738 obligate
1280 1658 1470 1732 noscuntur,
1493 1652 1598 1718 donec
1620 1653 1788 1719 abbatissa

136 1767 192 1812 eas
221 1746 376 1829 redimat,
409 1770 595 1831 remanere,
630 1773 668 1817 ac
702 1755 934 1819 concessiones
969 1754 1140 1819 leudornm
1172 1763 1205 1820 et
1237 1755 1301 1819 alia
1330 1757 1435 1820 electe
1458 1756 1562 1841 ipsius
1591 1756 1677 1822 lacta
1701 1757 1788 1822 circa

135 1852 294 1917 vassallos
317 1859 351 1918 et
372 1853 604 1920 ministeriales
629 1857 824 1922 inconcussa
847 1859 980 1922 servari.
1023 1857 1095 1932 Qus
1118 1859 1242 1944 utique,
1266 1859 1350 1922 sicut
1372 1858 1435 1922 luit
1455 1859 1551 1924 nobis
1574 1861 1787 1946 propositum,

138 1963 251 2020 tenere
275 1977 340 2020 non
363 1956 498 2036 debent,
523 1959 675 2043 quoniam
698 1982 764 2025 non
787 1948 953 2026 videretur
975 1983 995 2025 a
1018 1960 1243 2047 dilapidatrice
1267 1960 1438 2026 abbatissa
1460 1959 1593 2042 distare,
1616 1964 1645 2026 si
1668 1962 1786 2050 dilapi-

134 2061 301 2125 dationem
324 2061 485 2126 bonorum
507 2063 558 2127 sui
572 2065 764 2130 monasterii
787 2066 976 2146 sustineret,
1002 2071 1036 2130 et
1057 2087 1117 2152 per
1132 2065 1369 2150 impunitatem,
1392 2085 1456 2149 que
1480 2086 1522 2130 ex
1545 2067 1786 2132 renuntiatione

134 2163 319 2228 huiusmodi
341 2166 546 2251 proveniret,
571 2169 675 2253 magis
698 2169 914 2235 redderentur
935 2167 1074 2256 predicti
1097 2170 1210 2234 etalii
1233 2176 1345 2235 contra
1367 2169 1530 2256 prelatum
1552 2172 1787 2236 monasterium

134 2268 332 2350 insolentes,
361 2291 399 2334 ac
422 2271 565 2351 intrusa,
599 2294 671 2337 cum
699 2275 831 2360 repulsa
854 2272 1038 2339 debuerunt
1067 2274 1137 2338 eius
1161 2279 1235 2337 acta
1256 2263 1391 2358 repelli,
1423 2273 1568 2338 melioris
1591 2274 1788 2340 conditionis

135 2371 305 2452 existeret,
328 2392 426 2457 quam
449 2373 515 2438 sint
537 2377 657 2461 prelati
673 2378 829 2442 canonice
845 2377 997 2456 instituti,
1020 2376 1061 2442 ad
1085 2397 1222 2462 quorum
1239 2376 1351 2442 debita
1372 2397 1438 2440 non
1463 2382 1618 2443 tenentur
1634 2378 1785 2455 ecclesie,

61 2497 72 2533 ε
136 2475 199 2540 nisi
222 2480 389 2541 constaret
410 2499 469 2564 pro
492 2478 637 2564 ipsarum
660 2481 799 2546 utilitate
822 2487 999 2560 contracta,
1022 2481 1168 2545 favorem
1192 2480 1290 2544 etiam
1310 2480 1473 2545 inveniret
1488 2481 1787 2546 ecclesiasticorum

135 2580 294 2646 bonorum
317 2581 471 2647 alienatio
494 2605 514 2647 a
536 2584 607 2648 iure
630 2583 808 2670 prohibita,
841 2584 902 2649 sub
932 2605 996 2670 qua
1024 2583 1182 2668 obligatio
1205 2583 1410 2663 continetur,
1440 2589 1474 2647 et
1495 2583 1729 2649 ministeriales
1753 2592 1788 2649 et

135 2685 267 2749 vassalli
296 2691 384 2750 tante
412 2687 620 2772 prerogativa
645 2687 832 2753 viderentur
858 2688 1018 2768 existere,
1048 2693 1084 2751 ut
1112 2687 1145 2751 in
1174 2687 1223 2751 eis
1253 2692 1343 2751 esset
1371 2687 1511 2767 licitum,
1541 2686 1627 2771 qued
1656 2687 1690 2751 in
1713 2687 1786 2752 aliis

135 2809 200 2853 non
231 2789 356 2854 liceret.
401 2789 547 2855 Tenetur
583 2811 711 2877 quoque
747 2791 914 2857 abbatissa
946 2812 1007 2877 ρετ
1040 2791 1147 2877 ipsum
1185 2789 1355 2854 arbitrium
1384 2788 1587 2854 advocatiam
1615 2796 1649 2855 et
1679 2791 1788 2854 omnia

135 2890 248 2972 feuda,
271 2913 334 2976 que
358 2913 468 2957 comes
491 2893 658 2959 Hoiemsl
681 2902 772 2960 tenet
795 2917 814 2959 a
839 2894 1057 2975 monasterio,
1090 2899 1123 2958 et
1146 2915 1209 2978 que
1232 2892 1355 2958 debent
1377 2893 1418 2957 ad
1442 2891 1541 2973 illud,
1565 2913 1638 2957 cum
1660 2894 1786 2979 prolem

63 3021 74 3057 c
136 3015 200 3059 non
229 2995 368 3076 habeat,
398 2996 470 3083 ipso
503 2998 622 3063 comite
650 2998 832 3064 decedente
862 2997 1006 3077 devolvi,
1036 2997 1148 3061 comiti
1171 2995 1289 3062 Octoni
1319 2994 1468 3061 ciusdem
1495 2996 1624 3066 comitis
1650 2996 1787 3060 Ηοίετί8

135 3098 247 3184 nepoti
274 3099 472 3182 concedere,
507 3107 542 3165 ut
575 3101 622 3165 sic
659 3100 700 3166 de
734 3102 829 3166 bonis
856 3101 1047 3166 monasterii
1075 3106 1211 3185 cogatur
1239 3101 1273 3164 in
1303 3100 1373 3164 eius
1400 3097 1616 3185 praiudieium
1642 3100 1786 3165 existere

135 3200 292 3266 liberalis.
336 3203 488 3269 Habetur
510 3205 644 3290 insuper
666 3205 700 3269 in
722 3204 867 3285 arbitrio,
891 3210 928 3269 ut
950 3225 1016 3268 non
1039 3204 1265 3268 incastelletur
1287 3202 1609 3287 Quindeliburgense
1633 3210 1786 3285 castrum,

136 3311 169 3369 et
192 3326 290 3392 super
311 3305 474 3372 hedificiis
497 3315 531 3373 et
553 3306 787 3374 munitiom'bus
816 3328 882 3372 uon
903 3306 1061 3392 impediat
1084 3306 1254 3372 abbatissa
1280 3305 1402 3371 dictum
1433 3306 1585 3371 comitem
1608 3306 1787 3371 Heioruma

136 3414 170 3471 et
195 3407 394 3493 burgenses,
430 3431 504 3474 cum
537 3410 637 3475 iidem
666 3433 725 3498 per
759 3418 918 3484 castrum,
955 3409 1143 3476 odientibus
1179 3410 1327 3496 pluribus
1356 3407 1529 3473 formidine
1564 3429 1650 3495 pene
1689 3429 1786 3494 quarn

85 3539 91 3570 τ
137 3511 265 3576 virtutis
288 3533 400 3577 amore
422 3535 578 3600 peccare,
609 3516 798 3580 calcaneum
821 3523 934 3581 contra
957 3515 1193 3580 monasterium
1217 3514 1344 3599 erigere
1367 3533 1406 3577 ac
1429 3513 1460 3577 ei
1483 3533 1542 3576 sua
1562 3513 1636 3577 iura
1657 3511 1786 3577 subtra-

136 3616 215 3681 here
238 3623 439 3697 tarreantur,
472 3625 506 3682 et
527 3640 588 3705 per
616 3621 814 3686 munitiones
844 3629 877 3686 et
906 3619 1036 3685 edificia
1058 3619 1154 3684 lacile
1178 3623 1405 3704 presumerent
1427 3636 1500 3680 cum
1523 3614 1722 3680 monasterio
1745 3614 1787 3680 dc

137 3719 206 3806 pari
234 3719 432 3786 contendere
464 3743 502 3787 ac
531 3729 644 3787 contra
674 3724 780 3810 ipsum
810 3725 909 3789 etiam
941 3723 1113 3788 rebellare.
1157 3722 1315 3786 Preterea
1346 3741 1420 3784 cum
1452 3719 1552 3784 nichil
1581 3724 1676 3783 extra
1698 3740 1786 3784 com-

137 3823 332 3908 promissum
354 3823 395 3888 ab
418 3823 539 3890 arbitro
569 3826 641 3890 lieri
668 3827 789 3908 valeat,
818 3827 1029 3912 inquisitores
1050 3825 1203 3912 perpetui
1224 3822 1446 3889 conservaturi
1469 3821 1617 3909 predicta
1640 3820 1787 3909 deputati

138 3933 211 3990 sunt
234 3948 294 4013 per
315 3927 485 3993 arbitrium
507 3934 731 4010 memoratum,
754 3951 814 4015 per
837 3950 935 4013 quos,
959 3929 987 3994 si
1007 3928 1175 3993 abbatissa
1197 3926 1379 4013 reperiatur
1399 3925 1543 4010 aliquem
1565 3923 1607 3990 de
1630 3923 1787 4011 predictis

139 4029 284 4095 articulis
306 4052 372 4095 non
395 4052 560 4112 servasse,
590 4031 686 4096 cadat
713 4053 732 4096 a
761 4032 920 4118 dignitate
943 4055 1018 4114 sua,
1047 4032 1111 4096 nisi
1133 4031 1224 4117 prius
1248 4029 1443 4104 satisfaciat,
1466 4048 1562 4112 quam
1585 4027 1649 4114 ipsi
1671 4048 1691 4092 a
1713 4028 1786 4092 loco

138 4133 302 4214 recedant,
327 4143 361 4200 et
383 4141 563 4200 conventus
587 4136 697 4200 statim
718 4135 842 4220 eligere
865 4137 962 4200 aliam
983 4141 1146 4215 teneatur,
1169 4133 1255 4220 quod
1277 4132 1319 4198 ad
1335 4132 1562 4198 auctoritatem
1585 4131 1699 4195 arbitri
1721 4152 1787 4196 non

139 4237 318 4323 spectabat.
364 4238 558 4303 Continetur
587 4238 817 4303 nichilominus
846 4240 880 4303 in
909 4239 1027 4305 eodem
1053 4238 1203 4317 arbitrio,
1235 4235 1322 4323 quod
1351 4284 1391 4302 ..
1421 4233 1690 4300 Alberstadensis
1717 4234 1788 4321 epi-

139 4362 256 4428 scopus
274 4341 438 4407 dominica
460 4343 492 4407 in
516 4343 614 4407 ramis
629 4344 809 4428 palmarum
826 4342 868 4407 ad
883 4343 1118 4408 monasterium
1140 4363 1205 4406 non
1228 4341 1292 4405 nisi
1315 4360 1387 4405 cum
1404 4339 1579 4424 sexaginta
1594 4339 1787 4424 equitaturis

139 4444 273 4510 accedat
295 4445 377 4509 inibi
400 4446 633 4531 procurandus,
656 4452 690 4510 et
712 4445 799 4532 quod
822 4447 990 4512 abbatissa
1012 4447 1044 4511 ei
1065 4466 1166 4510 uuum
1189 4445 1259 4510 auri
1281 4444 1444 4509 fertonem
1467 4448 1502 4508 et
1524 4440 1678 4507 candelas
1703 4448 1786 4506 tem-

67 4565 72 4586 ⁴
140 4548 271 4633 poribus
295 4549 454 4614 exhibeat
476 4550 673 4616 constitutis.
717 4549 842 4634 Inque
866 4550 997 4635 quidem
1019 4550 1084 4636 ipsi
1104 4548 1304 4613 monasterio
1328 4569 1372 4612 ex
1394 4567 1434 4611 eo
1457 4546 1604 4626 forsitan,
1628 4544 1715 4631 quod
1737 4551 1788 4610 cst

141 4651 224 4718 sedis
247 4652 428 4738 apostolice
452 4653 612 4740 speciale,
637 4653 790 4740 specialis
813 4653 919 4738 gratia
941 4653 1029 4717 lacta
1050 4653 1130 4728 fuit,
1154 4657 1191 4716 ut
1212 4650 1367 4715 videlicet
1389 4649 1668 4735 procurationem,
1689 4650 1787 4734 longe

140 4756 221 4820 ultra
248 4777 461 4843 personarum
490 4763 523 4821 et
552 4757 758 4822 evectionum
788 4778 959 4822 numerum
986 4757 1020 4820 in
1050 4756 1189 4821 concilio
1217 4753 1433 4819 Laterauensi
1463 4759 1628 4832 taxatum,
1657 4759 1691 4816 et
1712 4752 1787 4832 alia,

142 4879 199 4944 que
221 4859 391 4924 abbatissa
413 4881 578 4946 nunquam
607 4861 698 4948 prius
722 4861 929 4947 prestiterat,
959 4860 1142 4925 exhiberet.
1188 4859 1295 4944 Super
1316 4857 1435 4943 quibus
1458 4853 1625 4920 subveniri
1646 4877 1706 4942 par
1727 4875 1788 4921 nos

142 4961 222 5027 dicto
245 4963 445 5029 monastario
468 4963 658 5051 petebatur,
686 4971 720 5029 et
751 4985 851 5051 super
873 4965 946 5030 aliis
971 4964 1139 5052 expressis
1163 4963 1196 5027 in
1224 4961 1340 5027 eodem
1368 4959 1516 5039 arbitrio,
1545 4979 1606 5044 par
1631 4978 1695 5043 que
1722 4977 1787 5023 non

146 5066 351 5134 mediocriter
377 5066 446 5132 ledi
473 5066 593 5132 dicitur
620 5067 870 5148 monasterium,
898 5065 1073 5154 provideri.
1119 5065 1201 5132 (lum
1228 5071 1337 5132 autem
1367 5062 1483 5129 eadem
1510 5059 1695 5142 abbatissa,
1726 5060 1789 5125 etsi

144 5170 316 5249 voluisset,
347 5171 531 5256 nequiverit
553 5171 741 5237 renuntiare
762 5171 975 5257 indulgentiis
998 5178 1033 5236 et
1054 5169 1237 5257 privilegiis
1259 5167 1436 5242 libertatis,
1468 5187 1531 5251 que
1555 5163 1788 5228 monasterium

144 5271 244 5359 ipsum
282 5273 428 5340 indicant
466 5273 505 5339 ad
544 5274 595 5338 ius
635 5281 669 5339 et
701 5275 935 5362 proprietatem
969 5274 1117 5340 Romane
1153 5273 1295 5339 ecclesie
1328 5271 1509 5358 pertinere,
1546 5289 1585 5333 ac
1624 5265 1788 5352 prefatum

144 5376 307 5442 arbitrium
331 5399 374 5443 ex
396 5377 590 5442 auctoritate
613 5378 827 5464 proferentis,
859 5399 956 5464 quem
987 5379 1246 5443 circumventum
1273 5374 1378 5440 fuisse
1410 5372 1588 5452 credimus,
1618 5372 1702 5436 tanti
1723 5391 1789 5436 non

244 5621 266 5686 ¹)
284 5619 363 5675 nois?
380 5619 412 5671 R.
