4596 6406
783 415 983 476 arrsroma
1000 407 1191 478 sntscmu.
1227 421 1303 478 ress.
1803 425 1864 492 027

218 595 357 663 materia
379 595 593 683 relinquatur,
617 604 651 662 et
673 618 733 662 nos
755 596 964 662 devotionem
987 603 1076 662 tuam
1099 596 1262 684 possimus
1285 598 1401 663 merito
1426 597 1665 665 commendare.
1712 599 1867 687 Alioquin

219 725 284 767 non
313 703 475 767 immerito
507 703 631 788 poteris
667 703 858 782 formidare,
893 709 929 767 ut
963 703 1027 766 iam
1064 702 1187 767 dictum
1217 711 1343 790 patrem
1375 710 1485 785 tuum,
1524 705 1577 789 qui
1611 705 1652 768 ob
1684 705 1868 769 huiuamodi

222 807 454 892 oppressiones
477 805 607 870 viuculo
631 806 691 869 luit
714 807 1060 870 excommunicationis
1084 808 1253 885 astrictus,
1282 806 1453 872 exhumari
1481 805 1522 871 de
1546 808 1703 872 cimiterio
1728 808 1867 872 ecclesie

223 911 393 991 iaciamus,
418 917 452 976 et
477 912 675 990 sententias,
706 932 786 995 quas
810 910 1076 997 archiepiscopus
1098 919 1297 975 memoratus
1321 917 1354 975 et
1377 911 1576 996 suffraganei
1606 913 1654 976 sui
1684 911 1725 976 ob
1754 911 1867 976 deien-

155 1031 166 1067 ⁵
219 1015 344 1078 sionem
377 1015 495 1078 iurium
530 1014 743 1080 ecclesiarum
779 1035 910 1078 suarum
945 1019 979 1078 et
1014 1014 1238 1079 ecclesiastice
1271 1014 1432 1078 libertatis
1463 1015 1494 1078 in
1519 1022 1551 1080 te
1575 1037 1613 1079 ae
1636 1022 1755 1080 terram
1778 1023 1867 1079 tuam

219 1119 280 1182 rite
313 1117 467 1183 duxerint
492 1118 760 1206 promulgandas,
795 1118 1026 1182 inviolabiliter
1060 1117 1245 1190 observari,
1284 1119 1365 1181 alias
1395 1125 1508 1182 eontra
1538 1126 1570 1182 te
1599 1120 1812 1205 spiritualiter
1835 1127 1869 1183 et

219 1223 443 1309 temporaliter
464 1223 556 1287 iuxta
579 1230 708 1287 tuorum
732 1221 921 1286 meritorum
945 1222 1146 1305 exigentiam
1169 1221 1400 1285 nichilominus
1422 1223 1645 1307 processuri&

326 1343 402 1407 Dat.
427 1341 537 1411 Later.
560 1343 645 1408 rrss
670 1343 744 1408 Kal.
768 1343 841 1407 iun.
865 1365 950 1407 anno
973 1343 1052 1409 XII.

839 1591 1250 1599 ——-—-——-.——.—

1003 1816 1089 1890 7r8.

325 1930 515 2042 (atropatus
530 1957 587 2023 IX
595 1979 684 2040 papa
695 1957 896 2024 Ludoroieam
912 1958 967 2023 IX
987 1979 1088 2041 regem
1097 1959 1296 2023 Francorum
1317 1957 1470 2036 hortatur,
1492 1962 1529 2022 ut
1549 1958 1649 2023 sedem
1671 1957 1871 2038 apostolicam

143 2093 167 2130 ro
216 2065 331 2148 filialis
351 2064 520 2128 deuotioms
541 2063 737 2145 pratitadr'ae
756 2067 983 2144 praesumtum
1015 2063 1106 2127 addr't
1135 2083 1167 2126 sc
1188 2062 1326 2141 effectam
1350 2063 1509 2128 interdicti
1529 2063 1564 2126 ia
1586 2061 1743 2126 eeclesiam
1765 2060 1871 2124 Bella

217 2190 376 2236 emensam
392 2168 518 2250 prolati
531 2171 595 2232 tam
609 2167 666 2231 dia
680 2167 931 2250 sarspendcadam
952 2167 1089 2246 ducisse,
1111 2168 1206 2232 donce
1227 2166 1325 2230 eutem
1346 2166 1489 2230 ecclcsiae
1510 2165 1547 2228 dc
1567 2169 1692 2245 pastore
1707 2163 1871 2245 prouisam

213 2273 325 2360 faerit.
1509 2273 1602 2348 1238,
1624 2268 1708 2335 Mai.
1731 2272 1783 2333 26.

324 2391 407 2462 (ἔτερ,
426 2391 475 2446 IX
493 2391 561 2460 Κεφ,
585 2391 642 2446 Vol.
664 2391 718 2456 VI,
737 2395 857 2456 20—213
877 2391 940 2446 Lib.
959 2391 1033 2461 XII,
1052 2395 1117 2446 108.

322 2479 456 2548 Potttast,
478 2478 546 2548 Rep.
565 2483 666 2536 10607.

709 2729 718 2748 .
749 2731 758 2748 .
786 2674 956 2750 illustri
982 2676 1077 2769 regi
1104 2676 1387 2750 Francorum.

327 2823 362 2886 Si
384 2830 441 2888 tua
464 2821 585 2906 regalis
609 2823 793 2889 sublimitas
817 2826 982 2912 principes
1006 2827 1095 2891 orbis
1131 2824 1371 2911 circumspiciat
1402 2823 1589 2905 universos,
1619 2824 1765 2888 inveniet
1795 2843 1873 2886 sea

219 2928 291 2992 Deo
314 2928 400 2991 inter
416 2934 544 2990 ceteros
561 2928 749 3008 exaltatam,
772 2932 827 3014 qui
851 2952 893 2995 ex
917 2932 1022 3016 gratia
1045 2953 1103 2995 sua
1126 2938 1160 2995 et
1183 2931 1318 3009 meritis,
1341 2952 1405 3016 que
1428 2930 1515 2994 clare
1538 2928 1695 2994 memorie
1718 2927 1872 3012 progeni-

220 3038 308 3096 tores
332 3031 377 3095 tui
401 3031 434 3094 in
458 3039 637 3117 conspectu
655 3032 725 3097 eius
742 3033 862 3100 iecisse
878 3043 1067 3116 noscuntur,
1092 3057 1227 3120 regnum
1243 3043 1345 3114 tuum,
1368 3033 1578 3099 benedictum
1601 3033 1642 3096 ab
1666 3053 1716 3110 eo,
1737 3029 1872 3094 dilatare

220 3134 392 3220 magnifiee
416 3141 467 3199 est
490 3132 653 3220 dignatus,
677 3159 801 3223 augens
824 3140 884 3203 tibi
907 3140 1044 3225 gratiam
1062 3141 1095 3204 in
1112 3141 1257 3226 presenti
1281 3146 1313 3204 et
1329 3139 1467 3224 gloriam
1489 3158 1668 3224 preparans
1696 3136 1729 3199 in
1753 3135 1872 3199 futuro.

218 3239 283 3303 Pro
318 3259 356 3303 eo
390 3237 477 3303 enim
513 3239 597 3322 quod
632 3239 730 3305 iidem
763 3245 992 3329 progenitores
1022 3245 1070 3309 tui
1106 3243 1148 3308 ad
1176 3245 1332 3308 faetorem
1365 3263 1458 3307 suum
1488 3241 1633 3305 habuere
1663 3260 1744 3325 puro
1775 3237 1872 3303 corde

219 3349 404 3430 respectum
427 3350 461 3406 et
482 3345 665 3426 veritatem,
688 3348 972 3413 mansuetudinem
995 3358 1028 3415 et
1058 3349 1217 3414 iustitiam
1242 3353 1469 3428 servaverunt,
1499 3353 1534 3409 tu
1556 3364 1685 3428 quoque
1708 3350 1871 3427 tamquam

219 3447 317 3511 heres
346 3447 513 3532 legitimus
544 3447 624 3534 ipsis
646 3450 679 3514 in
702 3452 818 3517 timore
841 3452 992 3532 Domini,
1029 3460 1062 3517 ct
1091 3473 1157 3516 non
1189 3454 1295 3516 solum
1326 3451 1360 3514 in
1382 3450 1447 3513 hiis
1480 3456 1531 3513 set
1554 3449 1653 3513 etiam
1675 3447 1708 3510 in
1732 3446 1872 3511 ecclesie

220 3549 332 3614 matris
357 3556 411 3614 tue
435 3550 609 3617 devotione
633 3555 802 3619 succedis:
837 3564 905 3620 tam
928 3557 1003 3621 illos
1034 3578 1131 3642 quam
1166 3563 1198 3620 te
1233 3556 1306 3620 oleo
1335 3552 1546 3620 exultationis
1576 3573 1634 3638 pre
1662 3548 1874 3636 participibus
1892 3574 2014 3622 rasuera.

219 3654 285 3718 tuis
329 3654 443 3718 unexit
486 3655 629 3740 fecitque
674 3657 734 3721 tibi
777 3679 896 3722 nomen
942 3659 1064 3744 grande
1110 3680 1209 3745 supra
1246 3679 1364 3723 nomen
1401 3677 1594 3742 magnorum
1632 3654 1687 3738 qui
1726 3662 1800 3716 sunt
1838 3652 1871 3715 in

141 3793 160 3829 2».
218 3764 322 3837 terra,
369 3757 428 3821 tibi
472 3765 506 3821 et
548 3779 648 3843 regno
692 3767 748 3824 tuo
795 3763 829 3826 in
872 3784 945 3828 rore
989 3765 1050 3828 oeli
1095 3772 1129 3829 ct
1172 3771 1259 3828 terre
1302 3761 1500 3849 pinguedine
1537 3758 1749 3824 benedicens.
1814 3755 1867 3820 Sic
1882 3783 1937 3823 (ron.
1952 3785 2024 3830 nas.

219 3867 328 3925 autem
362 3882 497 3946 regnum
535 3862 641 3947 ipsum
675 3863 837 3930 Dominus
872 3867 1030 3931 stabilivit
1065 3876 1098 3932 ct
1130 3869 1163 3931 in
1195 3867 1371 3932 devotione
1399 3865 1547 3929 Romane
1582 3863 1723 3927 ecclesie
1758 3860 1870 3923 matris

219 3973 273 4031 tue
302 3964 385 4029 adeo
421 3965 596 4048 radicavit,
634 3968 720 4051 quod
753 3991 882 4056 semper
911 3971 943 4035 in
975 3994 1015 4036 ca
1043 3973 1113 4058 ipso
1143 3972 1285 4036 faciente
1316 3969 1496 4056 permansit
1528 3973 1562 4032 et
1591 3966 1632 4029 ab
1665 3966 1735 4030 eius
1767 3965 1869 4029 bene·
1899 3997 1909 4024 0

218 4069 347 4156 placitis
379 4069 468 4132 nullo
503 4090 656 4154 umquam
679 4074 763 4137 sicut
786 4073 949 4139 credimus
975 4076 1017 4140 sit
1041 4083 1189 4162 tempore
1213 4076 1452 4152 discessurum,
1487 4071 1563 4156 quia
1596 4071 1675 4134 licet
1711 4066 1872 4133 interdum

219 4173 442 4237 immissiones
465 4193 524 4258 per
546 4175 683 4258 angelos
707 4177 810 4240 malos
835 4179 928 4259 fiant,
958 4181 1013 4264 qui
1044 4187 1080 4244 ut
1103 4200 1220 4265 operas
1245 4199 1321 4242 suas
1347 4178 1498 4262 ingerant
1527 4181 1560 4239 et
1583 4180 1676 4238 aetus
1701 4172 1871 4252 extollant,
1886 4192 1944 4234 l‘sat.
1960 4197 2028 4242 ma.

220 4275 351 4356 famam,
375 4277 587 4360 quantumin
611 4279 659 4342 eis
684 4287 750 4358 est,
773 4294 954 4366 aggravant
976 4285 1114 4348 aliorum
1138 4291 1171 4347 et
1195 4283 1294 4347 ctiam
1317 4281 1492 4347 benefacta
1514 4278 1703 4364 depravant,
1727 4274 1875 4339 dicentes

219 4379 340 4443 bonum
371 4381 493 4444 malum
522 4389 556 4445 et
587 4384 708 4447 malum
739 4385 879 4464 bonum,
913 4409 951 4451 ae
975 4387 1081 4451 lucem
1106 4386 1260 4451 tenebras
1284 4391 1317 4450 ct
1341 4383 1495 4449 tenebras
1518 4384 1625 4447 lucem
1649 4401 1749 4467 prava
1772 4381 1873 4444 inter·

219 4483 401 4568 pretatione
425 4493 597 4569 ponentes,
621 4508 681 4550 nos
704 4495 825 4570 tamon,
849 4492 904 4576 qui
928 4491 1063 4555 sathane
1087 4513 1152 4554 non
1176 4487 1375 4554 iniuramusb
1399 4487 1549 4566 astutias,
1572 4505 1631 4572 pro
1655 4491 1744 4548 certo
1769 4482 1874 4547 credi-

219 4609 309 4668 mus,
355 4588 453 4651 inrmo
494 4589 658 4675 probabili
695 4596 940 4680 presumptione
978 4603 1146 4676 tenemus,
1192 4593 1278 4678 quod
1325 4592 1485 4658 serenitas
1529 4590 1637 4674 regia,
1686 4585 1872 4652 huiusmodi

218 4689 477 4756 detractionibus
503 4695 594 4758 velut
617 4696 759 4761 nubibus
783 4699 936 4782 aquilone
965 4699 1098 4784 iugatis,
1127 4699 1215 4762 illius
1239 4696 1351 4761 seduci
1376 4717 1411 4759 se
1434 4695 1573 4759 fallaciis
1603 4715 1669 4758 non
1695 4691 1872 4778 permittet,

220 4796 295 4880 quia
331 4795 413 4860 fides
459 4802 523 4861 tua
561 4821 660 4886 supra
702 4810 795 4888 petre
832 4804 942 4889 posita
978 4803 1216 4868 firmamentum
1254 4822 1314 4864 nec
1353 4799 1512 4864 convelli⁰
1550 4803 1661 4884 potest
1704 4803 1874 4859 ventorum

220 4897 457 4964 detractionum
488 4902 689 4984 incursibus,
727 4928 787 4971 nee
819 4908 932 4971 matris
963 4915 1018 4972 tuc
1049 4908 1184 4985 caritas,
1223 4926 1319 4991 quam
1356 4903 1458 4967 habet
1495 4902 1536 4966 ad
1573 4909 1605 4965 te
1636 4908 1799 4985 tamquam
1833 4896 1875 4960 ad

219 5002 395 5088 specialem
426 5005 544 5080 filium,
574 5009 749 5074 vulnorari.
798 5010 882 5075 Nam
918 5012 947 5074 si
977 5012 1011 5074 in
1044 5012 1178 5097 speculo
1214 5007 1348 5074 rationis
1386 5007 1474 5070 facta
1511 5005 1693 5092 perspicias
1726 5003 1874 5081 aliorum,

219 5105 252 5168 in
276 5128 315 5170 eo
340 5106 548 5174 considerare
572 5113 695 5196 poteris
725 5113 915 5196 evidenter,
947 5114 1033 5200 quod
1056 5115 1119 5193 hii,
1153 5113 1208 5198 qui
1240 5112 1389 5177 exultant
1419 5131 1492 5174 cum
1523 5106 1749 5171 malefecerint
1778 5111 1811 5168 ct
1840 5105 2020 5170 inias-‚au

220 5209 318 5273 rebus
334 5211 487 5297 pessimis
503 5215 694 5298 gloriantur,
719 5217 930 5282 affectionum
947 5239 1076 5282 suarum
1093 5223 1234 5304 querunt
1250 5217 1372 5280 habere
1389 5218 1557 5278 consortes
1581 5219 1613 5274 ct
1636 5208 1874 5273 desideriorum

220 5315 327 5379 socios
351 5317 546 5401 iniquorum.
595 5318 630 5382 Si
654 5321 752 5385 ctiam
776 5321 923 5387 ciusdem
947 5324 1059 5387 matris
1083 5329 1139 5386 tue
1157 5322 1332 5408 puritatem
1356 5317 1516 5396 attendas,
1540 5315 1700 5394 invenies,
1731 5310 1817 5398 quod
1842 5311 1875 5374 in

221 5421 292 5483 eius
315 5421 442 5485 actibus
465 5443 531 5486 non
554 5422 652 5488 dubio
674 5427 931 5512 presumptionis
955 5435 1006 5492 ost
1029 5428 1120 5490 locus
1145 5433 1196 5490 sct
1218 5424 1424 5510 experientis
1456 5418 1633 5498 certitudo,
1665 5439 1725 5482 nec
1760 5423 1812 5480 est
1834 5415 1875 5479 de

318 5683 342 5748 ¹²)
368 5685 408 5744 Τ.,·
436 5702 585 5750 processura
604 5686 687 5752 Rapa.
792 5686 815 5752 h)
834 5689 849 5738 ι’.
868 5706 888 5738 e.
907 5689 1065 5754 igrrcramus;
1092 5687 1142 5736 nid
1161 5685 1279 5735 amulam
1297 5684 1436 5751 scriptores.
1541 5683 1565 5746 ⁰)
1584 5683 1620 5730 ita
1640 5681 1724 5746 Itayu.
1751 5697 1776 5730 a.
1797 5679 1875 5738 1238,

219 5771 235 5832 §
253 5775 301 5830 4³5
318 5772 431 5822 crrureui
449 5772 475 5820 iu
495 5790 585 5838 apogr.
604 5783 698 5824 riostro.

1616 5859 1668 5912 w*
