4538 6426
733 347 933 404 EPISTOLAE
945 347 1139 407 'SELECTAE
1176 351 1250 406 1217.
1781 361 1818 421 15

163 523 318 604 percepte
347 541 367 584 a
396 519 474 586 sede
504 523 687 606 apostolica
715 524 929 609 protectionis
960 531 1012 588 cta
1038 525 1201 589 libertatis
1231 525 1326 590 nobis
1353 527 1539 614 nostrisque
1573 533 1819 597 successoribus

165 631 200 686 tu
229 629 263 686 ct
292 646 502 690 successores
529 628 576 691 tui
606 627 767 692 fertonem
796 629 866 692 auri
893 629 1030 712 singulis
1060 629 1152 692 annis
1181 629 1353 693 exolvetis.
1402 630 1619 698 Decernimus
1649 655 1728 720 ergo
1757 645 1818 702 etc.

165 746 280 810 usque:
310 726 497 812 protutura,
532 730 624 794 salva
658 731 692 794 in
726 732 875 795 omnibus
904 731 993 796 sedis
1023 731 1202 817 apostolice
1233 733 1438 800 auctoritate.
1485 734 1520 799 Si
1548 758 1611 821 qua
1633 737 1733 822 igitur
1756 746 1818 805 ete.

165 849 284 914 usque:
307 830 435 896 ultioni.
482 832 617 897 Cunctis
640 840 751 899 autem
774 841 836 897 etc.
860 855 979 919 usque:
1003 834 1181 900 inveniant.
1226 833 1343 900 Amen.

273 933 349 998 Dat.
390 935 542 1000 Lateran.
582 958 641 1022 per
678 959 809 1001 manum
846 938 980 1002 Rancrii
1022 945 1134 1001 sancte
1175 936 1323 1004 Romane
1365 942 1505 1007 ecclesie
1548 944 1818 1028 vicecancellarii,

167 1036 250 1100 XIII
273 1037 348 1102 Kal.
373 1039 511 1125 Aprilis,
541 1039 719 1107 indictione
742 1043 783 1122 V,
814 1041 1048 1107 incarnationis
1071 1039 1243 1106 Dominice
1272 1063 1357 1108 anno
1380 1044 1584 1129 Mooxvlb,
1612 1050 1818 1134 pontificatus

166 1162 242 1206 vcro
266 1141 390 1206 domini
412 1143 551 1211 Honorii
575 1165 659 1230 pape
683 1145 772 1210 tertii
794 1167 878 1210 anno
901 1147 1016 1232 primo.

960 1579 1020 1654 lt).

278 1679 466 1774 Honorias
488 1710 555 1774 III
571 1731 656 1790 papa
677 1710 861 1795 [Conrado]
886 1709 923 1774 de
943 1711 1094 1776 Eremitie
1115 1715 1143 1774 ct
1165 1712 1201 1776 dc
1224 1713 1335 1777 Monte
1360 1717 1486 1778 sanctae
1505 1713 1635 1779 Mariae
1656 1715 1820 1780 abbatibus

165 1819 193 1878 ct
224 1815 405 1895 praeposito
446 1812 483 1875 dc
519 1811 660 1894 Oninpin
698 1815 937 1877 controuersiam
974 1815 1057 1878 inter
1098 1813 1284 1878 Heinricam
1327 1816 1493 1880 (lineorum
1532 1821 1562 1880 et
1597 1817 1820 1903 H[cinricum]

101 1941 105 1964 ¹
169 1917 436 1984 Coasmntr'cascm
452 1918 668 1997 praepositam
689 1917 873 1980 deecclesia
895 1917 932 1980 dc
954 1916 1106 1998 Montipit
1127 1924 1268 1982 exortam
1289 1919 1523 1985 terminandam
1544 1921 1711 1985 committit.

1439 2025 1533 2101 1217,
1555 2023 1656 2090 Mart.
1679 2028 1731 2089 21.

271 2105 344 2159 non.
363 2104 420 2158 111
434 2104 500 2173 aaa.
525 2105 581 2158 ru.
601 2104 621 2157 1
637 2061 756 2168 sesa
775 2104 836 2159 nso.
856 2105 881 2168 r,
902 2107 965 2157 am.

168 2336 227 2409 De
260 2334 501 2408 Heremitis
534 2341 577 2408 et
610 2336 662 2408 de
693 2335 843 2410 Monte
878 2342 1034 2410 sancte
1069 2337 1201 2410 Marie
1235 2335 1482 2408 abbatibus
1515 2341 1559 2410 et
1589 2339 1818 2430 preposito

362 2456 414 2528 dc
442 2454 630 2548 Oningin
660 2455 1032 2531 constantiensis
1060 2462 1104 2530 et
1130 2455 1364 2529 Curiensis
1391 2455 1629 2530 diocesum.
1714 2487 1717 2500 ¹

276 2606 316 2669 In
332 2607 499 2692 presentia
513 2604 625 2669 dilecti
640 2605 697 2669 filii
713 2601 829 2690 Pletri]
848 2603 889 2668 de
906 2604 1118 2684 Collemcdio,
1143 2605 1304 2690 capellani
1321 2605 1432 2685 nostri,
1457 2625 1552 2689 quem
1567 2605 1609 2670 Η.
1627 2605 1762 2672 diacono
1786 2616 1820 2673 et

167 2709 211 2776 M.
239 2709 441 2796 procuratori
467 2709 510 2772 H.
540 2707 802 2772 Constantiensis
831 2709 1012 2793 prepositi¹
1051 2707 1199 2772 dedimus
1232 2707 1429 2788 auditorem,
1464 2707 1621 2774 diaconus
1650 2712 1821 2796 proposuit

166 2819 375 2890 memoratus,
404 2811 489 2897 quod
517 2833 588 2875 cum
619 2833 639 2875 a
667 2811 839 2875 karissimo
868 2812 900 2874 in
925 2810 1055 2875 Christo
1085 2811 1152 2876 filio
1180 2817 1292 2876 nostro
1321 2810 1358 2874 F.
1386 2811 1505 2875 illustri
1532 2833 1610 2897 rege
1643 2812 1754 2879 Sicilie
1786 2816 1819 2878 in

165 2915 384 2994 Romanorum
395 2916 624 3001 imperatorem
637 2915 753 2992 electo,
775 2914 816 2978 ad
828 2916 1002 2979 ecclesiam
1018 2913 1060 2978 de
1074 2913 1234 2999 Montigil,
1246 2914 1280 2977 in
1296 2935 1360 2999 qua
1380 2913 1467 2978 idem
1486 2935 1546 2978 rex
1565 2915 1615 2979 ius
1629 2924 1820 3002 patronatus

167 3019 308 3098 obtinet,
341 3018 458 3083 suisset
490 3018 665 3083 diocesano
701 3018 857 3103 episcopo
885 3018 1040 3081 canonice
1067 3024 1292 3103 presentatus,
1331 3016 1436 3081 dictus
1466 3017 1658 3084 diocesanus
1688 3021 1820 3107 reprobi

90 3139 108 3174 2³
168 3121 297 3186 Ottonis
319 3121 436 3185 timore
451 3121 537 3185 vires
561 3119 683 3185 adhoc⁰
706 3121 740 3184 in
763 3120 910 3206 partibus
932 3120 998 3183 illis
1014 3119 1177 3199 habentis,
1201 3121 1255 3204 qui
1275 3127 1448 3206 postquam
1470 3121 1577 3186 tuerat
1596 3125 1819 3188 excommuni-

168 3223 295 3288 catione
318 3224 450 3308 ligatus,
477 3223 584 3288 eidem
607 3229 855 3309 presentaverat
876 3224 1080 3308 prepositum
1103 3221 1314 3304 antedictum,
1338 3223 1446 3308 ipsum
1469 3223 1656 3304 admittens,
1680 3225 1820 3291 eundem

168 3325 349 3391 Henricum
385 3326 425 3390 ad
462 3327 567 3412 ipsam
605 3328 779 3391 ecclesiam
812 3327 984 3390 admittere
1020 3326 1194 3390 recusavit.
1254 3325 1401 3411 Cumque
1438 3324 1524 3391 idem
1561 3326 1604 3391 H.
1640 3330 1821 3394 venerabili

166 3431 258 3497 tratri
289 3437 401 3494 nostro
425 3479 432 3494 .
457 3479 464 3493 .
488 3429 640 3494 Curicnsi
663 3431 840 3517 episcopo²
869 3452 907 3494 ac
930 3428 1153 3494 coniudicibus
1176 3429 1243 3492 suis
1266 3450 1286 3493 a
1308 3429 1393 3494 bone
1418 3430 1574 3494 memorie
1597 3427 1819 3517 I[nnocentio]

167 3555 253 3622 papa
281 3532 516 3619 predecessore
551 3541 664 3598 nostro
699 3534 867 3618 negotium
901 3534 1008 3619 ipsum
1042 3531 1238 3595 obtinuisset
1277 3532 1435 3596 committi
1466 3532 1530 3596 fine
1567 3531 1678 3599 debito
1709 3538 1820 3602 termi-

92 3661 95 3666 ’
168 3637 320 3714 nandum,
343 3636 442 3702 iidem
465 3637 498 3700 in
521 3658 620 3702 causa
643 3637 769 3701 ratione
792 3637 906 3722 previa
928 3635 1155 3720 procedentes,
1181 3641 1215 3698 ct
1236 3635 1454 3720 approbantes
1479 3635 1564 3720 quod
1587 3658 1607 3700 a
1629 3636 1716 3703 dicto
1741 3662 1819 3726 rege

166 3743 288 3807 laomim
309 3741 417 3806 tuerat
437 3741 471 3805 in
493 3741 554 3804 hae
577 3747 684 3826 parte,
712 3741 817 3825 ipsam
845 3739 1020 3803 ecclesiam
1043 3737 1271 3802 adiudicarunt
1293 3737 1429 3802 diacono
1454 3747 1647 3818 memorate,
1678 3749 1712 3806 et
1734 3743 1821 3828 quod

167 3845 208 3909 de
242 3843 329 3909 dicto
363 3845 531 3930 preposito
566 3865 626 3928 per
658 3843 976 3907 excommunicatum
1010 3841 1117 3904 minus
1152 3841 1307 3904 canonice
1341 3839 1462 3904 factum
1496 3843 1651 3907 extiterat
1685 3845 1820 3928 irritato,

168 3947 349 4013 venerabili
378 3947 470 4010 tratri
501 3955 613 4010 nostro
638 3946 882 4010 constantiensi
907 3945 1090 4031 episcopo³,
1122 3945 1186 4008 loci
1210 3942 1397 4022 diocesano,
1421 3943 1632 4027 mandarunt,
1655 3955 1691 4012 ut
1714 3948 1821 4034 ipsum

168 4053 355 4118 institueret
387 4050 420 4112 in
455 4050 597 4114 ecclesia
631 4048 832 4135 supradicta;
868 4049 923 4133 qui
955 4047 1142 4111 mandatum
1182 4067 1309 4126 eorum,
1343 4052 1439 4130 prout
1474 4045 1598 4128 decuit,
1634 4053 1822 4117 executioni

97 4167 99 4175 ¹
170 4155 371 4221 demandans
400 4154 531 4239 scripsit
557 4152 780 4238 parrochianis
810 4152 949 4216 ecclesie
976 4151 1161 4230 antedicta,
1194 4158 1230 4215 ut
1264 4150 1327 4236 ipsi
1353 4156 1518 4235 tamquam
1547 4157 1666 4219 rectori
1697 4176 1755 4220 suo
1787 4155 1821 4218 in

169 4259 320 4323 omnibus
353 4256 535 4323 obedirent.
568 4307 571 4314 .
600 4255 792 4341 Propositus
823 4276 919 4335 vero,
954 4254 994 4320 de
1029 4255 1185 4340 predictis
1221 4254 1372 4318 omnibus
1412 4255 1501 4319 nulla
1539 4278 1673 4343 prorsus
1711 4258 1822 4323 habita

170 4363 351 4442 mentione,
380 4362 421 4426 ad
451 4361 653 4448 prepositum
686 4360 727 4425 de
759 4359 908 4444 Scurigel
939 4367 972 4424 et
999 4357 1186 4423 coniudices
1219 4381 1294 4423 suos
1323 4365 1434 4422 contra
1462 4359 1604 4424 electum
1632 4359 1822 4427 diaconumd

169 4487 269 4554 super
290 4467 362 4553 ipsa
384 4465 526 4531 ecclesia
548 4464 695 4530 eiusdem
718 4463 960 4549 predecessoris
983 4463 1086 4527 nostri
1109 4463 1235 4526 litteras
1259 4463 1462 4548 impetravit;
1486 4464 1541 4548 qui
1564 4485 1637 4528 cum
1660 4466 1691 4530 ei
1713 4466 1822 4531 locum

169 4571 377 4656 assignarent
398 4575 602 4654 suspectum,
624 4566 666 4631 ad
688 4588 784 4652 quem
808 4567 879 4631 sine
902 4567 1049 4652 periculo
1077 4566 1222 4652 corporis
1256 4565 1413 4631 accedere
1438 4587 1503 4631 non
1526 4567 1683 4649 audebat,
1706 4590 1768 4634 nee
1791 4570 1823 4635 ci

173 4675 297 4740 vellent
319 4673 418 4736 alium
441 4672 549 4736 locum
571 4669 611 4735 ad
627 4691 724 4755 quem
748 4677 817 4734 tute
833 4677 947 4756 posset
962 4669 1119 4734 accedere
1136 4669 1316 4753 assignare,
1341 4669 1562 4735 sufficientem
1577 4677 1823 4756 procuratorem

170 4777 348 4844 destinavit
370 4774 411 4839 ad
433 4774 633 4860 presentiam
660 4772 853 4854 eorundem,
883 4793 980 4857 quem
1002 4770 1101 4835 iidem
1124 4770 1249 4836 iudices
1275 4771 1450 4838 admittere
1474 4772 1666 4848 noluerunt;
1689 4782 1823 4861 propter

173 4881 257 4969 quod
290 4880 436 4968 prelatus
471 4877 631 4942 diaconus
664 4875 776 4941 sedem
809 4875 1022 4961 apostolicam
1053 4874 1242 4960 appellavit.
1296 4875 1427 4940 Iudices
1456 4897 1534 4940 vero
1567 4876 1714 4960 legitima
1751 4878 1823 4942 eius

172 4987 391 5074 appellatione
408 4989 596 5069 contempta
611 4981 816 5068 protulerunt
832 4979 1178 5045 excommunicationis
1193 4980 1390 5045 senteutiam
1405 4980 1438 5043 in
1454 4977 1603 5043 eundem.
1647 4979 1823 5044 Nominato

172 5091 282 5176 itaque
316 5088 453 5152 diacono
487 5091 621 5172 propter
654 5083 716 5147 hoc
748 5081 790 5147 ad
821 5080 934 5165 sedem
968 5081 1180 5168 apostolicam
1207 5079 1404 5160 accedente,
1435 5079 1580 5168 prelatus
1610 5079 1825 5166 predecessor

805 5239 939 5246 -,.---.-
947 5236 1177 5244 ..φα-...κη’

285 5347 309 5416 ·)
327 5357 353 5400 et
370 5347 436 5400 decet
453 5347 481 5398 in
498 5346 530 5398 B.
589 5343 612 5410 1’)
630 5341 972 5396 carnaimcraatienirad.
987 5341 1293 5393 analemmatorum.
1358 5339 1378 5404 ⁰)
1396 5340 1413 5391 i.
1431 5355 1451 5392 a.
1469 5339 1561 5392 adhuc.
1617 5339 1640 5404 θ)
1657 5340 1782 5394 decanum
1793 5341 1824 5393 R.

275 5485 302 5550 1)
322 5482 451 5537 Heinricr'
472 5483 505 5537 dr
527 5483 625 5539 Tanna
646 5483 689 5538 cel
710 5482 811 5546 Tuane,
834 5481 937 5550 repetis
961 5479 1043 5534 omae
1056 5475 1257 5547 protonotarii;
1281 5475 1318 5544 cf.
1344 5475 1642 5531 namra-eremum
1660 5474 1734 5530 ner.
1757 5475 1825 5546 dipl.

173 5571 252 5627 nna.
274 5570 323 5632 ΙΙ,
351 5567 504 5624 Introduct.
530 5569 644 5624 CXXV
662 5576 688 5626 et
713 5569 785 5624 Tom.
803 5569 825 5624 I
842 5587 872 5639 p.
893 5571 950 5624 511.
1045 5566 1074 5632 2)
1092 5561 1216 5619 amomo
1238 5563 1278 5617 II
1297 5562 1331 5617 de
1348 5561 1452 5617 Mucio.
1539 5562 1567 5628 3)
1592 5561 1719 5618 Conrado
1736 5562 1776 5617 II
1793 5562 1827 5618 de

177 5654 327 5728 Tepcrseld.
