4560 6420
553 1381 1532 1550 nnnrnnmnnsun.

1001 1735 1087 1810 829.

319 1845 507 1938 Honorius
528 1876 592 1941 ΙΙΙ
609 1899 696 1958 papa
716 1878 862 1958 potestati
889 1881 918 1942 et
939 1877 1058 1958 populo
1080 1877 1270 1943 Pistor-icosi
1296 1877 1441 1956 modat,
1470 1882 1506 1941 ut
1528 1876 1711 1953 Fossatum,
1737 1873 1870 1938 Turrem

215 1980 245 2041 ct
265 1977 484 2043 Moatieatlam
505 1983 609 2045 castra
630 1980 775 2045 deterre
802 1981 975 2046 comitissae
996 1980 1168 2046 Matbitdis
1194 1981 1362 2046 existentia
1388 1981 1496 2046 abbati
1522 1979 1560 2044 dc
1582 1977 1720 2060 Septimo
1746 1977 1871 2042 neruine

217 2081 362 2146 ecclesiia
383 2081 546 2148 Rauennae
568 2103 664 2166 sisque
688 2083 732 2148 ad
751 2085 930 2164 mocianum
948 2083 1068 2169 festam
1085 2086 1320 2169 purificationis
1341 2085 1452 2170 [Febr.
1466 2083 1506 2169 2]
1527 2083 1693 2165 resipiscat,
1716 2081 1763 2146 cet
1785 2079 1814 2144 si
1835 2080 1872 2144 de

150 2199 162 2238 ⁵
214 2183 284 2248 iure
306 2203 362 2248 suo
383 2183 550 2266 confidant,
568 2192 789 2268 procuratores
809 2187 854 2252 ad
874 2187 975 2252 mmm
995 2189 1196 2269 apostoticam
1218 2190 1356 2255 mittant.
1514 2189 1608 2264 1221,
1630 2184 1707 2253 Dec.
1729 2187 1782 2250 22.

317 2304 347 2358 Ε
364 2304 456 2360 codice
476 2307 590 2360 Arabici
607 2308 784 2378 municipalis
803 2307 987 2399 Pistoriensia
1012 2308 1040 2362 V.
1061 2307 1100 2362 Gt.
1120 2309 1154 2363 F.
1178 2307 1288 2364 Titanes
1307 2309 1449 2379 epistotam
1467 2305 1621 2378 exscripsit.

333 2517 565 2592 Honorius
592 2518 836 2611 episcopus
863 2541 1030 2594 servus
1057 2540 1292 2594 servorum
1319 2519 1395 2593 Dei
1422 2518 1607 2594 dilectis
1633 2515 1750 2590 filiis

268 2640 563 2729 ..potestati
599 2646 639 2713 et
674 2641 843 2733 populo
880 2639 1163 2714 Pistoriensi
1198 2641 1395 2714 salutem
1428 2644 1470 2714 et
1505 2635 1818 2731 apostolicam

855 2761 1231 2836 benedictionem.

138 2923 164 2962 ¹⁰
324 2905 405 2971 Oum
433 2929 498 2973 non
525 2909 696 2990 dubitetis,
726 2911 803 2995 quia
831 2932 892 2976 nee
922 2911 1072 2976 dubitare
1100 2911 1256 2998 potestis,
1287 2916 1408 2976 terram
1436 2908 1602 2975 comitisse
1636 2905 1798 2972 Mattildis
1829 2903 1871 2970 ad

213 3009 396 3074 Romanam
421 3013 595 3077 ecelesiam
619 3014 795 3099 pertinere,
820 3013 905 3101 quod
928 3016 1027 3080 etiam
1051 3015 1238 3080 carissimus
1259 3016 1293 3079 in
1309 3013 1440 3080 Christo
1464 3013 1550 3078 tilius
1566 3019 1680 3078 noster
1694 3009 1731 3077 F.
1747 3009 1869 3075 Roma-

213 3123 348 3176 norum·
370 3113 548 3202 imperator
569 3139 700 3204 semper
722 3127 882 3205 augustus
913 3126 947 3184 et
972 3141 1032 3185 rex
1056 3119 1167 3185 Sicilie
1196 3139 1440 3205 recognoscens
1462 3124 1584 3182 terram
1608 3113 1703 3180 nobis
1727 3113 1871 3180 restituit

213 3226 441 3300 memoratam,
471 3219 626 3286 indecens
657 3223 788 3288 omuino
817 3229 883 3304 est,
915 3223 1002 3308 quod
1033 3231 1141 3288 castra
1164 3223 1305 3310 quedam
1328 3221 1508 3288 existentia
1538 3220 1578 3286 de
1602 3227 1691 3285 terra
1711 3217 1869 3305 predicta,

213 3321 367 3388 videlicet
396 3323 588 3407 Fossatum,
627 3325 749 3392 Turres
780 3333 814 3392 et
843 3326 1091 3392 Monticellum¹
1120 3327 1274 3392 detinetis
1305 3327 1501 3391 auctoritate
1533 3324 1667 3412 propria
1700 3327 1869 3409 occupata.

140 3439 164 3478 1⁵
216 3425 376 3492 Nolentes
399 3427 498 3513 igitur
520 3437 556 3494 ut
579 3429 695 3495 civitas
719 3430 860 3512 vestrae,
891 3452 987 3517 quam
1017 3431 1226 3517 prerogativa
1249 3429 1390 3516 quadam
1421 3428 1607 3495 dilectionis
1630 3425 1871 3513 amplectimur,

215 3535 329 3594 contra
351 3553 387 3596 se
409 3530 591 3599 Romanam
614 3535 789 3601 ecelesiam
812 3541 969 3622 provocet
993 3541 1026 3601 et
1048 3557 1125 3615 uos,
1154 3535 1196 3600 ad
1220 3557 1302 3621 quos
1324 3536 1468 3621 pertinet
1491 3533 1575 3598 tueri
1599 3531 1649 3596 ius
1673 3551 1786 3610 suum,
1811 3550 1870 3592 ex-

216 3633 360 3719 periatur
388 3636 505 3718 iratos,
530 3638 746 3726 quimpotius⁰
770 3640 941 3725 cupientes
964 3660 1022 3704 vos
1046 3646 1079 3704 et
1102 3638 1269 3703 civitatem
1292 3636 1431 3703 eandem
1454 3643 1600 3702 nostram
1628 3640 1662 3700 et
1690 3631 1871 3720 apostolice

218 3734 305 3799 sedis
328 3739 477 3822 gratiam,
501 3744 566 3826 que'
583 3743 734 3830 provehit
757 3749 791 3807 et
811 3743 936 3808 exaltat
952 3741 1088 3808 devotos
1112 3750 1145 3808 et
1168 3742 1308 3807 humiles
1331 3741 1429 3822 filios,
1453 3739 1587 3805 uberius
1604 3737 1772 3803 obtinere:
1797 3735 1870 3800 uni·

218 3840 408 3907 versitatem
430 3851 572 3910 vestram
595 3868 766 3912 monemus
790 3853 824 3912 et
846 3846 1015 3911 hortamur
1035 3853 1162 3912 attente
1192 3867 1254 3931 per
1275 3846 1459 3932 apostolica
1480 3844 1604 3929 scripta
1626 3841 1772 3906 districte
1795 3859 1870 3925 pre·

139 3953 166 3993 ²⁰
218 3943 369 4029 cipieudo
392 3947 594 4032 mandantes,
618 3952 770 4036 quatinus
793 3972 897 4035 usque
920 3950 962 4014 ad
985 3950 1107 4016 testum
1131 3949 1366 4037 purificationis
1390 3949 1542 4036 proximo
1558 3951 1735 4012 ventnnrm
1751 3942 1870 4008 dilecto

217 4045 284 4111 filio
308 4046 466 4116 ..abbati
481 4051 521 4117 de
539 4053 686 4140 Septimo
701 4054 891 4119 Florentino
908 4054 1052 4119 diocesis
1076 4059 1183 4118 castra
1205 4054 1278 4140 ipsa
1300 4073 1374 4117 cum
1398 4051 1550 4118 omnibus
1572 4047 1778 4138 pertinentiis
1802 4046 1871 4111 suis

218 4155 330 4215 nostro
354 4157 388 4216 et
411 4154 551 4221 ecclesie
574 4157 723 4223 Romane
747 4157 878 4223 nomine
902 4157 1096 4242 resignetis,
1120 4156 1173 4222 vel
1197 4156 1323 4237 saltim,
1354 4158 1382 4222 si
1404 4155 1445 4221 de
1469 4156 1539 4221 iure
1561 4160 1673 4220 vestro
1696 4149 1870 4232 confiditis,

216 4261 445 4339 procuratores
467 4266 597 4325 vestros
620 4283 719 4349 super
741 4263 803 4327 hoc
830 4262 872 4327 ad
899 4268 1045 4326 nostram
1072 4262 1273 4347 presentiam
1305 4260 1544 4326 transmittatis.
1594 4257 1638 4322 Et
1661 4257 1737 4342 quia
1766 4255 1870 4320 mani-

216 4355 337 4423 festum
361 4360 456 4440 toret,
479 4362 508 4426 si
529 4363 626 4429 aliter
647 4365 802 4451 ageretis,
825 4364 911 4452 quod
934 4364 967 4429 in
989 4370 1101 4430 nostro
1125 4364 1376 4430 delectaremini
1400 4363 1589 4450 gravamine
1612 4382 1650 4426 ae
1670 4367 1871 4445 contemptu,

141 4469 166 4511 ’ὅ
219 4463 400 4528 venerabili
427 4466 519 4530 tratri
547 4476 660 4534 nostro
689 4469 935 4536 ..Florentino
959 4467 1136 4556 episcopod
1170 4489 1230 4532 uos
1262 4468 1418 4533 noveritis
1448 4467 1644 4546 iniunxisse,
1675 4472 1712 4529 ut
1741 4485 1800 4530 vos
1829 4461 1871 4528 ad

216 4565 356 4631 alterum
378 4567 599 4653 predictorum
621 4593 682 4657 per
704 4593 875 4637 censuram
898 4572 1155 4637 ecelesiasticam
1177 4572 1397 4658 appellatione
1421 4579 1548 4637 remota
1569 4567 1755 4658 compellat.

325 4689 402 4754 Dat.
425 4691 536 4759 Later.
558 4693 608 4758 XI
631 4692 708 4759 Kal.
731 4694 802 4759 Ian.
825 4695 1036 4782 pontificatus
1060 4694 1164 4758 nostri
1187 4714 1273 4758 anno
1297 4693 1356 4760 VI.

326 4811 360 4877 S.
404 4811 476 4896 Ego
508 4813 677 4880 Vethosus
709 4816 891 4902 apostolice
924 4815 1013 4881 sedis
1049 4816 1196 4880 notarius
1231 4820 1331 4899 atque
1369 4815 1505 4881 tabellio
1539 4813 1759 4879 auctenticum
1792 4806 1872 4872 iilud

218 4913 400 4978 litterarum
422 4915 545 4982 domini
567 4939 652 5005 pape
674 4919 814 4985 Honorii
842 4919 930 4984 tertii
956 4919 1112 5006 plumbea
1139 4918 1230 4983 bulla
1259 4918 1363 5004 ipsius
1391 4917 1549 5004 pendenti
1579 4917 1755 4992 munitum,
1784 4910 1871 4976 uude

141 5025 167 5066 ³⁰
218 5016 281 5081 hoc
309 5024 474 5104 sumptum
504 5028 555 5085 est
584 5023 789 5108 exemplum,
818 5021 887 5088 uidi
910 5027 943 5087 et
966 5023 1031 5108 tegi
1054 5028 1088 5088 et
1111 5022 1179 5101 hic,
1209 5028 1306 5108 prout
1335 5021 1370 5085 in
1402 5042 1442 5085 eo
1464 5019 1613 5106 repperi,
1642 5016 1683 5083 de
1706 5013 1807 5081 verbo
1830 5013 1871 5080 ad

219 5121 356 5185 verbum
379 5123 497 5209 scripsi
524 5132 558 5189 et
584 5123 725 5190 fideliter
752 5126 953 5214 exemplavi,
981 5126 1071 5191 nullo
1101 5125 1213 5192 addito
1240 5127 1293 5192 vel
1323 5132 1463 5206 remoto,
1491 5122 1632 5210 ideoque
1659 5119 1701 5187 ad
1730 5119 1871 5184 futuram

219 5225 442 5290 ostensionem
465 5226 552 5293 dioto
576 5230 729 5318 exemplo
753 5230 881 5315 signum
904 5231 1073 5318 proprium
1096 5228 1292 5317 apponendo
1315 5228 1506 5315 subscripsi.

323 5487 347 5550 ¹)
365 5488 494 5540 R⁰m⁸1¹¹18
512 5509 603 5559 apoqr.
690 5489 715 5559 b)
734 5500 821 5549 nostra
837 5511 880 5564 op.
969 5491 992 5556 ⁰)
1009 5492 1172 5562 quampotius
1190 5509 1232 5558 ap.
1320 5488 1346 5555 d)
1364 5491 1483 5560 episcopo
1501 5490 1569 5543 deest
1586 5491 1614 5541 ia
1631 5507 1673 5555 op.

324 5626 350 5693 1)
371 5623 414 5694 Cf.
431 5641 457 5680 a
476 5631 537 5682 150.

320 5725 384 5780 Rea.
401 5726 484 5779 Pons.
501 5727 523 5781 1.
1631 5723 1666 5780 92
