4448 6420
1068 375 1114 428 EX
1134 373 1290 429 HONORII
1309 373 1349 427 ΙΙΙ
1367 371 1548 427 nnsisvno

596 682 604 699 .
635 681 650 720 ,Ἴ
672 623 1014 716 archiepiscopo
1042 622 1366 696 Mediolanensi
1393 627 1435 694 et
1463 677 1471 694 .
1503 677 1511 693 .
1539 615 1761 692 Brixiensi
1791 619 2016 711 episcopo.

586 775 669 839 Cum
693 773 990 840 reconciliationem
1019 773 1139 836 civium
1161 771 1398 846 Brixiensium,
1428 769 1481 854 qni
1506 769 1582 833 olim
1613 790 1672 855 pro
1701 768 1857 840 hereticis
1880 765 2056 853 pugnando
2081 766 2131 828 vel

479 879 592 944 domos
624 900 699 942 suas
730 876 884 942 armando
914 881 1027 941 contra
1056 875 1233 940 catholicos
1265 873 1610 938 excommunicationis
1639 873 1792 958 laqueum
1820 872 2044 950 incurremnt,
2071 892 2131 935 nec

478 1003 544 1047 non
566 1003 685 1068 penam
709 986 843 1066 propter
871 979 933 1044 hoc
956 978 1166 1064 infligendam
1195 976 1321 1042 eisdem
1348 976 1554 1062 providentie
1579 981 1688 1040 vestre
1711 975 1902 1039 duxerimus
1925 974 2130 1039 committen-

478 1084 565 1163 dam,
589 1090 622 1148 et
645 1082 862 1148 communitas
884 1083 1070 1147 Brixiensis
1098 1103 1156 1168 pro
1185 1080 1409 1146 moderatione
1440 1080 1542 1166 ipsius
1570 1100 1654 1165 pene
1678 1078 1770 1142 vobis
1795 1077 1981 1163 supplicare
2004 1076 2131 1141 dicatur
2185 1110 2188 1144 t

483 1187 651 1252 humiliter
674 1191 707 1251 et
730 1186 907 1265 instanter,
934 1183 1113 1250 asserendo
1136 1183 1169 1248 id
1192 1184 1334 1248 maxime
1358 1182 1468 1248 facere
1491 1183 1532 1246 ad
1557 1204 1616 1248 sue
1639 1181 1781 1246 civitatis
1805 1180 2076 1265 tranquillitatem
2099 1187 2131 1244 et

479 1311 606 1376 paoem,
629 1287 820 1354 moderandi
842 1308 961 1374 penam
983 1288 1100 1375 ipsam,
1123 1293 1219 1373 prout
1242 1285 1400 1373 expedire
1424 1285 1582 1365 videritis,
1607 1286 1654 1349 ita
1676 1291 1786 1350 tamen
1809 1283 1896 1369 quod
1920 1283 2024 1370 ipsius
2047 1304 2130 1368 pene

476 1393 620 1458 facilitas
643 1390 812 1456 audaciam
835 1411 900 1455 non
922 1390 1030 1477 possit
1051 1389 1197 1454 tribuere
1220 1387 1446 1474 delinquendi,
1475 1388 1678 1475 presentium
1706 1387 1799 1451 vobis
1827 1387 2022 1451 anctoritate
2054 1407 2130 1450 con·

478 1495 623 1561 cedimus
647 1499 857 1581 potestatem.
902 1492 1047 1568 Quodsi
1070 1492 1254 1557 nonambo
1279 1498 1341 1557 etc.
1365 1493 1449 1556 alter
1475 1498 1631 1558 vestrum.

585 1614 663 1681 Dat.
684 1614 838 1680 Lateran.
861 1614 897 1679 Π
917 1615 949 1679 N
951 1635 1030 1680 onas
1052 1614 1141 1694 Maii,
1167 1611 1265 1700 [anno
1288 1611 1364 1700 Xll.

1099 1858 1510 1866 ——n——a———ffln

1263 2081 1348 2154 296.

588 2195 776 2292 Honorias
802 2226 866 2290 111
890 2246 979 2309 papo
1007 2224 1172 2289 Fridmico
1200 2224 1415 2288 Rornanmnm
1444 2224 1625 2304 insperatam
1653 2223 1790 2286 scribens
1819 2221 2009 2286 cclvcrnrmter·
2037 2221 2075 2284 dc
2100 2241 2133 2283 co

476 2327 689 2409 corrqrceritnr,
719 2328 802 2410 qaod
822 2328 980 2392 ecclesiam
1002 2327 1181 2391 Roscianum
1203 2326 1370 2404 diflirnurrc
1391 2326 1529 2404 scitatur,
1551 2326 1641 2390 eram
1662 2325 1810 2405 beneficio
1833 2345 1908 2406 erpo
1930 2345 2000 2387 carn
2021 2321 2134 2400 diffuse

476 2437 658 2511 cnnmerat;
686 2436 795 2498 contra
820 2435 924 2496 enimn
951 2431 1116 2495 violentias
1143 2431 1210 2493 eins
1241 2448 1314 2510 erpa
1336 2430 1491 2509 episcopos
1512 2430 1615 2511 cepni,
1636 2428 1809 2510 perfidiam
1834 2447 1908 2510 erpa
1933 2426 2134 2491 Tbomosism

476 2532 514 2597 dc
534 2533 650 2600 Oclom
664 2539 835 2617 ceterosque
849 2534 980 2612 comites,
1002 2533 1164 2616 inpratnm
1188 2533 1221 2596 in
1243 2551 1379 2596 socerum
1401 2533 1552 2610 orciniam,
1570 2531 1762 2613 patrimonii
1782 2530 1864 2595 beati
1878 2529 1969 2593 Petri
1990 2531 2134 2610 iniquom

483 2638 710 2719 oppressionem
723 2639 899 2719 capnobrot,
923 2656 1050 2701 nimmits
1070 2657 1110 2701 nc
1132 2637 1224 2700 illam
1232 2655 1387 2718 prospera
1402 2635 1550 2702 seducant
1571 2641 1600 2700 ct
1622 2659 1642 2702 a
1665 2635 1768 2700 debito
1790 2633 1946 2698 elevatione
1960 2635 2131 2697 arnoocnnt.

1585 2743 1679 2818 1226,
1701 2738 1794 2802 initio
1815 2737 1931 2802 mensis
1951 2735 2049 2799 Maii.

582 2858 655 2913 Hon.
674 2859 733 2912 111
748 2858 815 2930 Rep.
839 2859 897 2915 Vol.
918 2859 950 2928 V,
975 2864 1115 2914 124-126
1121 2880 1130 2927 ,·
1157 2861 1220 2914 Lib.
1241 2862 1278 2928 Χ,
1303 2864 1368 2914 262.
1405 2861 1508 2915 Parisii
1533 2860 1671 2930 exemplar
1696 2858 1751 2926 [a]
1774 2857 1962 2927 supplevimus
1986 2872 2021 2909 ea
2042 2855 2133 2925 Rapa.

478 2947 552 2997 Ann.
571 2944 634 2998 eccl.
651 2960 677 2998 o.
695 2949 779 3010 1226,
802 2945 985 3014 §3—13Ir],·
1008 2946 1173 3000 contulimus
1195 2946 1266 3000 lianc
1288 2946 1434 3015 epistotam
1455 2962 1515 3000 carn
1538 2945 1655 3001 adiisse
1680 2961 1724 3016 op.
1745 2941 2044 3006 fluitare-Bretina,
2063 2941 2133 2995 Hist.

478 3028 545 3098 aar.
564 3029 644 3084 nm.
663 3029 707 3099 ιι,
726 3036 744 3085 ι.
763 3031 806 3099 11,
821 3048 852 3100 ρ.
872 3034 931 3085 sss
949 3030 1052 3100 [ram.

582 3114 719 3180 raanan,
737 3116 804 3186 me.
824 3119 905 3172 saer.

659 3329 905 3422 Friderico,
936 3333 1238 3406 Romanorum
1265 3330 1523 3423 imperatori
1551 3351 1726 3423 semper
1753 3334 1946 3423 augusto

1133 3455 1175 3524 et
1202 3451 1296 3543 regi
1323 3450 1484 3523 Sicilie.

588 3599 737 3664 Miranda
768 3601 832 3665 tuis
868 3602 1019 3667 sensibus
1050 3609 1162 3666 nostra
1192 3602 1284 3667 venit
1315 3601 1472 3686 epistola,
1504 3608 1540 3664 ut
1571 3600 1748 3685 scripsisti,
1783 3599 1841 3664 sed
1869 3599 2050 3665 mirabilior
2080 3607 2133 3663 tua

481 3704 614 3768 nostris.
660 3703 747 3771 Sane
772 3706 800 3770 si
823 3712 934 3771 nostre
957 3706 1077 3793 pagine
1100 3705 1203 3770 verba
1223 3706 1309 3770 iusto
1333 3704 1489 3769 librasses
1514 3703 1683 3781 examine,
1713 3704 1740 3767 si
1769 3704 1912 3768 litteram
1936 3702 1978 3767 ad
2000 3704 2132 3768 rivalem

479 3826 627 3888 sensum,
655 3809 839 3895 postposito
862 3809 1020 3894 coniuge,
1049 3831 1113 3874 non
1137 3810 1314 3889 traxisses,
1337 3808 1526 3893 interpretis
1549 3827 1615 3870 non
1639 3807 1784 3892 suspecti
1806 3806 1926 3872 iudicio
1951 3807 2132 3872 invenisses
2179 3841 2188 3877 ς

479 3911 611 3986 inillis,
634 3911 722 3976 unde
746 3911 908 3998 spirituali
931 3913 1016 3998 patri
1032 3914 1193 3978 tenereris
1217 3920 1251 3976 et
1274 3912 1379 3976 matri.
1424 3911 1495 3975 Tne
1512 3910 1643 3996 quidem
1658 3918 1752 3975 tenor
1773 3910 1913 3996 epistole
1936 3909 2133 3996 continebat,

479 4013 566 4097 quod
589 4021 700 4101 preter
722 4015 865 4079 omnium
889 4016 1077 4101 opinionem
1100 4023 1133 4080 et
1156 4016 1293 4080 consilia
1316 4016 1514 4102 principum,
1537 4021 1574 4079 ut
1596 4016 1661 4079 tuis
1685 4014 1795 4081 verbis
1818 4021 1964 4094 utamur,
1986 4020 2021 4080 te
2044 4015 2132 4078 inve-

480 4116 587 4180 nimus
610 4116 651 4181 ad
673 4117 882 4204 beneplacita
904 4126 1017 4182 nostra
1039 4125 1205 4204 paratum,
1235 4119 1281 4181 ita
1310 4125 1346 4182 ut
1369 4119 1478 4182 nullus
1504 4117 1774 4203 predecessorum
1797 4126 1926 4182 tuorum
1949 4119 2026 4182 ullis
2049 4125 2134 4183 retro

481 4219 685 4305 temporibus
708 4221 872 4285 recolatur
894 4220 976 4286 adeo
1006 4223 1148 4287 ecclesie
1179 4222 1282 4286 tuisse
1310 4220 1458 4286 devotus.
1506 4220 1572 4286 Sed
1595 4220 1635 4286 de
1660 4220 1863 4307 principibus
1886 4242 1952 4286 non
1975 4222 2071 4286 aliter
2094 4243 2135 4285 ex

479 4319 531 4384 his
554 4321 665 4386 verbis
689 4323 937 4389 informabimus
961 4326 1116 4404 animum,
1139 4345 1235 4411 quam
1259 4325 1439 4411 probabilis
1463 4324 1640 4389 credulitas
1663 4323 1785 4388 habeat
1807 4324 1884 4388 faeti
1908 4324 2134 4412 experimento
2180 4357 2188 4394 r

483 4422 639 4509 probata,
670 4424 711 4490 de
735 4426 854 4512 quibus
876 4428 1057 4513 apostolice
1085 4427 1173 4493 sedis
1206 4429 1389 4493 constantia
1417 4434 1506 4492 recte
1530 4428 1692 4514 opinionis
1722 4427 1878 4492 iudicium
1901 4428 2035 4494 sinistre
2059 4449 2135 4513 sug-

481 4527 642 4612 gestionis
665 4528 822 4594 instantia
843 4551 909 4595 non
930 4532 1079 4612 mutabit,
1103 4554 1176 4597 cum
1198 4532 1288 4596 tacta
1309 4531 1505 4617 preferenda
1529 4532 1595 4596 sint
1616 4531 1732 4613 dictis,
1762 4539 1796 4596 et
1818 4537 1909 4596 certa
1932 4532 2137 4618 preiudieent

480 4630 643 4715 positivis.
688 4629 777 4696 Ecce
800 4631 841 4698 de
864 4635 1009 4699 archivio
1034 4637 1172 4700 ecclesie
1189 4636 1392 4700 munimenta
1414 4636 1546 4722 publica
1568 4634 1740 4721 prodeunt,
1765 4657 1828 4721 que
1846 4635 2029 4720 sigillorum
2051 4658 2137 4723 pene

481 4734 626 4799 omnium
640 4735 823 4822 principum
841 4739 967 4803 munita
987 4740 1186 4824 signaculis¹
1211 4740 1397 4826 opinionem
1414 4739 1595 4825 repudiant,
1619 4759 1716 4824 quam
1738 4739 1822 4804 torte
1840 4737 1962 4804 videris
1984 4741 2138 4826 ingerere

480 4842 595 4902 eontra
617 4838 710 4918 illos,
740 4861 779 4905 eo
808 4840 895 4924 quod
917 4841 1176 4907 veresimilitudo
1206 4864 1270 4906 non
1300 4843 1417 4931 recipit
1447 4849 1555 4906 tantos
1580 4849 1613 4906 et
1636 4843 1719 4907 tales
1743 4843 1829 4906 vires
1859 4843 2058 4910 excellentie
2081 4851 2137 4910 tue
2182 4874 2188 4912 r

479 4938 613 5006 dedisse
645 4943 816 5008 consilium
846 4945 1042 5009 eontrarium
1072 4946 1191 5033 scripto
1221 4953 1278 5011 tuo
1308 4952 1341 5012 et
1370 4947 1514 5032 ipsorum
1543 4945 1671 5029 signato
1703 4945 1829 5032 sigillis.
1875 4944 1928 5013 De
1959 4944 2135 5033 predeces-

479 5043 607 5108 soribus
638 5050 749 5110 autem
778 5047 861 5128 tuis,
894 5048 922 5112 si
949 5048 1072 5133 aliquid
1095 5051 1215 5114 certius
1248 5049 1352 5115 maior
1378 5049 1526 5115 dedisset
1555 5050 1743 5136 expressio,
1775 5050 1967 5114 metiremur
1997 5051 2032 5117 in
2061 5053 2135 5130 illis,

478 5145 556 5232 quid
579 5147 613 5212 in
635 5155 668 5214 te
691 5171 824 5236 sperare
847 5171 1038 5237 possemus,
1066 5153 1236 5238 quoniam,
1265 5154 1292 5217 si
1315 5152 1357 5217 ad
1387 5153 1554 5240 proximos
1585 5152 1753 5238 sanguinis
1776 5153 1950 5218 scribentis
1973 5154 2137 5221 referatur

1604 5329 1719 5336 ...--.--
1724 5329 1774 5336 *-
1785 5330 1867 5338 ...Μ-
1872 5331 2035 5338 *ὴν---

586 5439 608 5506 ·)
626 5459 694 5493 anno
712 5439 737 5493 X
755 5443 868 5495 dessein
886 5445 917 5496 n.

477 5665 550 5716 wo
582 5575 619 5718 lil
631 5576 740 5718 Αέιιᾱίι
762 5595 843 5648 papa
868 5580 967 5634 litteris
989 5583 1149 5654 palticipare
1176 5582 1287 5656 inspecti
1312 5582 1386 5638 dotis
1412 5583 1605 5657 Franlcenfort
1632 5583 1662 5636 in
1687 5584 1820 5660 solorrpni
1846 5584 1937 5650 curia,
1965 5588 2003 5637 23
2030 5581 2135 5654 Aprilis
2180 5601 2188 5639 r
