4576 6390
769 360 975 423 EPISTOLAE
993 359 1184 426 SELEC'l'AE.
1220 367 1296 426 12³4.
1796 373 1859 441 493

202 549 236 610 et
258 541 433 631 dampnato
463 541 568 608 voluit
590 541 765 608 miseratus
788 541 922 623 adesse,
953 543 1008 628 qui
1031 544 1218 611 nullatcnus
1241 545 1447 631 permisisset
1468 564 1583 610 manus
1606 544 1723 632 impias
1748 553 1861 613 contra

201 650 273 737 pios
303 671 407 736 usque
440 646 523 712 adeo
554 646 717 727 roborari,
751 645 814 709 nisi
846 652 880 710 et
911 668 1004 711 suam
1033 648 1190 712 vindicari
1224 648 1264 714 de
1300 656 1413 714 nostra
1443 650 1633 714 confusione
1662 650 1860 736 providisset

202 754 354 818 iniuriam
385 759 419 817 et
452 751 576 816 servari
610 757 756 815 nostram
787 748 827 813 de
864 771 923 814 sua
954 752 1091 816 victoria
1124 751 1338 838 disciplinam.
1397 752 1464 816 Sub
1499 753 1560 817 hac
1595 755 1767 818 occasione
1802 754 1860 818 da-

202 858 313 922 linati³
335 856 465 944 plurimi
496 855 686 920 satisfacere
715 875 772 941 pro
796 853 892 917 modo
924 856 1095 920 criminum
1125 857 1222 920 aliter
1242 878 1307 921 non
1330 858 1496 937 valentes,
1526 858 1616 922 velut
1644 859 1677 921 in
1700 857 1859 945 profundo

204 962 362 1025 malorum
385 959 516 1046 penitus
542 957 790 1044 desperassent,
822 957 884 1020 nisi
913 959 1108 1023 occurrisset
1132 961 1180 1024 eis
1204 959 1264 1024 hec
1288 960 1417 1038 tabula,
1450 960 1514 1024 nisi
1536 981 1596 1046 per
1618 960 1679 1026 hoc
1705 981 1859 1048 compen-

204 1063 293 1127 dium
318 1063 385 1126 suis
409 1063 527 1149 positis
551 1084 610 1148 pro
627 1061 759 1125 Christo
775 1061 946 1125 animabus
964 1064 1180 1126 consummati
1197 1064 1341 1128 breviter
1356 1064 1530 1127 multorum
1546 1071 1730 1150 temporum
1754 1065 1861 1150 spatia

203 1168 466 1254 complevissent.
522 1165 618 1229 Multi
651 1167 750 1230 etiam
773 1166 931 1230 invenire
960 1167 1066 1230 locum
1098 1167 1155 1231 ubi
1185 1174 1348 1231 steterunt
1377 1167 1480 1254 pedes
1511 1165 1646 1231 Domini
1678 1169 1858 1255 cupientes,

201 1272 291 1358 prius
314 1271 354 1334 ad
377 1270 525 1334 bravium
557 1269 627 1334 sine
651 1290 749 1333 cursu
772 1269 825 1332 vel
853 1275 930 1355 post
952 1268 993 1332 ad
1017 1290 1169 1333 coronam
1193 1271 1263 1334 sine
1286 1269 1395 1355 gladio
1418 1277 1652 1355 pervenerunt,
1685 1272 1742 1335 illo
1765 1293 1859 1336 suurn

202 1380 434 1440 remunerante,
453 1373 600 1454 militem,
623 1373 679 1457 qui
703 1373 805 1437 solam
829 1371 1015 1436 considerat
1038 1374 1071 1436 in
1095 1373 1235 1437 oblatisb
1258 1376 1488 1438 voluntatem&
1534 1374 1578 1438 Ut
1601 1381 1710 1438 autem
1727 1381 1860 1461 propter

202 1478 366 1563 premissa
388 1474 503 1540 fideles
528 1476 706 1540 efficaciter
729 1481 762 1539 et
785 1483 939 1561 potenter
963 1484 1203 1562 expurgentur,
1236 1499 1295 1542 nos
1323 1477 1364 1542 de
1389 1478 1620 1564 omnipotentis
1644 1477 1708 1542 Dei
1731 1478 1859 1541 miseri-

205 1580 316 1644 cordia
339 1587 372 1644 et
394 1579 565 1644 beatorum
587 1578 678 1643 Petri
703 1586 736 1643 et
757 1577 854 1642 Pauli
877 1579 1099 1663 apostolorum
1123 1581 1315 1644 auctoritate
1340 1580 1468 1660 confisi,
1501 1601 1542 1644 cx
1565 1580 1622 1643 illa
1645 1601 1741 1664 quam
1763 1580 1858 1644 nobis

202 1684 281 1748 licet
303 1682 446 1768 indignis
468 1680 561 1745 Deus
592 1681 715 1766 ligandi
745 1688 843 1765 atque
868 1680 1016 1744 solvendi
1040 1682 1178 1745 eontulit
1200 1688 1418 1767 potestatem,
1451 1683 1603 1746 omnibus
1626 1684 1681 1768 qui
1713 1683 1857 1748 laborem

202 1787 301 1865 istum
329 1787 361 1849 in
388 1784 528 1872 propriis
556 1784 707 1870 personis
736 1784 897 1848 subierint
921 1790 954 1848 et
976 1785 1010 1848 in
1033 1786 1204 1870 expensis,
1234 1786 1364 1872 plenam
1388 1806 1520 1850 suorum
1544 1787 1785 1872 peccaminum,
1816 1787 1857 1852 dc

202 1889 320 1973 quibus
344 1888 504 1952 veraciter
528 1885 649 1950 fuerint
673 1887 770 1950 corde
794 1887 925 1950 contriti
949 1893 982 1950 et
1004 1909 1059 1951 ore
1084 1888 1236 1969 confessi,
1261 1889 1390 1952 veniam
1413 1888 1623 1974 indulgemus
1648 1898 1681 1954 et
1704 1891 1737 1953 in
1760 1891 1856 1954 retri-

202 1992 337 2056 butione
361 1992 520 2054 iustorum
550 1990 665 2053 salutis
697 1997 809 2054 eterne
833 1990 1026 2075 pollicemur
1058 1999 1280 2076 augmentum.
1324 1990 1383 2055 Eis
1407 1999 1517 2056 autem
1541 1994 1596 2078 qui
1620 2015 1684 2058 non
1706 1994 1857 2080 personis

204 2096 344 2183 propriis
365 2095 442 2159 illuc
459 2095 669 2172 accesserint,
696 2093 754 2158 sed
778 2094 811 2156 in
836 2094 902 2158 suis
919 2094 1078 2158 duntaxat
1095 2096 1250 2180 expensis
1274 2096 1366 2159 iuxta
1380 2095 1569 2160 facultatem
1593 2103 1626 2161 et
1642 2097 1858 2183 quantitatem

204 2220 295 2263 suam
326 2198 414 2262 viros
442 2197 579 2261 idoneos
608 2197 859 2275 destinaverint,
893 2203 926 2260 et
960 2197 1026 2260 illis
1055 2197 1206 2262 similiter
1237 2198 1290 2282 qui
1323 2198 1402 2261 licet
1431 2199 1465 2261 in
1491 2199 1607 2264 alienis
1640 2200 1795 2286 expensis
1824 2199 1858 2263 in

202 2302 342 2389 propriis
366 2308 476 2365 tamen
504 2302 653 2386 personis
687 2302 901 2379 accesserint,
934 2301 1064 2386 plenam
1097 2323 1229 2366 suorum
1253 2301 1463 2366 concedimus
1486 2303 1615 2367 veniam
1638 2308 1858 2390 peccatorum.

203 2406 311 2470 Huius
335 2425 463 2491 quoque
494 2403 697 2467 remissionis
721 2404 871 2467 volumus
906 2411 939 2467 et
968 2403 1178 2468 concedimus
1210 2427 1283 2469 csse
1312 2406 1490 2491 participes
1519 2407 1612 2470 iuxta
1643 2407 1857 2491 quantitatem

204 2509 342 2574 subsidii
365 2515 399 2572 et
422 2507 605 2572 devotionis
627 2507 781 2571 affectum
805 2528 928 2588 omnes,
952 2508 1008 2592 qui
1030 2507 1071 2570 ad
1095 2509 1346 2572 subventionem
1369 2511 1471 2596 ipsius
1495 2516 1581 2574 terre
1605 2509 1763 2574 debonis
1789 2510 1856 2572 suis

206 2634 348 2698 congrue
372 2610 613 2675 ministrabunt.
657 2610 821 2674 Personas
838 2631 967 2695 quoque
988 2611 1133 2696 ipsorum
1157 2619 1190 2676 et
1212 2613 1308 2692 bone,
1332 2634 1374 2676 ex
1396 2634 1460 2697 quo
1484 2635 1614 2678 crucem
1630 2620 1857 2699 susceperunt,

204 2717 265 2781 sub
289 2716 379 2780 beati
393 2714 486 2778 Petri
509 2720 542 2777 et
566 2719 678 2777 nostra
699 2714 904 2799 protectione
929 2714 1134 2799 suscipimus,
1158 2736 1286 2780 necnon
1309 2721 1342 2780 et
1366 2715 1481 2780 eadem
1506 2717 1567 2780 sub
1591 2717 1855 2802 archiepiscopo-

203 2842 284 2900 rum,
309 2819 538 2906 episcoporum
561 2823 594 2881 et
616 2818 759 2881 omnium
783 2818 982 2903 prelatorum
998 2819 1146 2882 ‘ecclesie
1163 2817 1225 2882 Dei
1245 2818 1435 2884 defensione
1460 2821 1650 2901 consistant,
1674 2826 1857 2884 statuentes

203 2933 240 2989 ut
269 2924 374 2988 donec
402 2920 443 2985 de
474 2921 618 3007 ipsorum
649 2920 740 2983 obitu
775 2921 828 2985 vel
859 2920 966 2984 reditu
997 2922 1180 2986 certissime
1213 2930 1444 3007 cognoscatur,
1483 2925 1611 3008 integra
1640 2928 1796 2988 maneant
1825 2927 1859 2986 et

204 3049 321 3095 secura
351 3026 541 3091 consistant.
586 3023 689 3086 Porro
717 3025 929 3096 ecclesiarum
958 3026 1092 3112 prelati,
1123 3027 1176 3110 qui
1206 3027 1239 3089 in
1262 3027 1451 3092 exhibenda
1466 3028 1598 3098 ,iustitia
1621 3026 1858 3111 crucesignatis

206 3140 374 3198 eteorum
398 3128 531 3192 familiis
555 3129 762 3212 negligentes
786 3129 974 3210 extiterint,
1008 3130 1115 3193 sciant
1139 3152 1173 3193 se
1197 3132 1339 3216 graviter
1360 3131 1553 3218 puniendos.
1599 3130 1694 3204 Quod
1718 3131 1745 3194 si
1769 3129 1858 3214 quis-

203 3257 300 3322 quam
325 3231 485 3298 contrarie
510 3232 757 3318 presumpserit,
780 3253 840 3317 per
862 3232 1075 3296 ecelesiarum
1100 3232 1246 3317 prelatos
1268 3234 1489 3320 appellatione
1512 3237 1696 3320 postposita
1720 3253 1859 3298 censura

204 3337 430 3404 ecclesiastiea
463 3342 699 3421 compescatur.
759 3333 794 3397 Si
824 3335 878 3418 qui
908 3355 985 3399 vero
1019 3335 1296 3421 proficiscentium
1331 3338 1408 3400 illuc
1442 3337 1482 3401 ad
1513 3337 1706 3423 prestandas
1741 3357 1858 3400 usuras

203 3443 386 3505 iuramento
410 3445 564 3502 tenentur
586 3436 726 3514 astricti,
757 3435 936 3502 creditores
966 3459 1079 3502 eorum
1109 3461 1169 3524 pcr
1199 3440 1412 3503 ecclcsiamm
1443 3441 1602 3524 prelatos,
1632 3446 1668 3504 ut
1691 3441 1859 3504 remittant

204 3545 244 3608 iis
279 3542 453 3629 prestitum
487 3541 706 3604 iuramentum
739 3547 772 3603 et
805 3539 846 3603 ab
880 3561 1051 3604 usurarum
1085 3543 1258 3607 exactione
1292 3540 1471 3622 desistant,
1508 3542 1624 3607 eadem
1659 3542 1858 3629 precipimus

206 3645 410 3709 districtione
444 3644 605 3729 compelli.
673 3640 768 3714 Quod
807 3644 834 3706 si
868 3645 1039 3728 quisquam
1074 3644 1270 3709 creditorum
1312 3667 1369 3710 eos
1403 3645 1445 3710 ad
1479 3645 1674 3710 solutionem
1713 3644 1859 3729 coegerit

205 3770 387 3828 usurarum,
412 3769 487 3811 enm
510 3747 550 3810 ad
575 3747 815 3826 restitutionem
836 3768 947 3811 earum
972 3748 1070 3811 simili
1092 3749 1164 3833 cogi
1187 3748 1469 3813 animadversione
1493 3748 1693 3812 mandamus.
1738 3747 1858 3811 Iudeos

205 3874 283 3917 vero
307 3851 349 3916 ad
372 3850 585 3916 remittendas
614 3849 695 3934 ipsis
723 3871 837 3914 usuras
865 3872 925 3937 per
952 3852 1136 3916 secularem
1159 3853 1312 3938 compelli
1342 3852 1540 3938 precipimus
1561 3857 1771 3937 potestatem.
1815 3848 1859 3912 Et

205 3957 310 4020 donec
334 3956 399 4019 illis
423 3953 619 4030 remiserint,
643 3952 684 4015 ab
708 3953 871 4016 universis
895 3953 1017 4017 Christi
1040 3954 1191 4019 fidelibus
1217 3955 1340 4018 tamin
1363 3955 1583 4019 mercimoniis
1607 3974 1704 4040 quam
1727 3953 1761 4016 in
1784 3952 1858 4016 aliis

206 4081 266 4146 per
288 4056 635 4123 excommunicationis
667 4057 862 4119 sententiam
892 4057 940 4120 eis
969 4058 1101 4122 omnino
1130 4058 1314 4122 communio
1343 4058 1534 4143 denegetur.
1579 4058 1655 4121 Hiis
1678 4078 1772 4138 vero,
1803 4056 1858 4140 qui

207 4162 319 4226 Iudeis
343 4162 455 4226 debita
479 4162 607 4224 solvere
631 4166 799 4244 nequeunt
822 4161 855 4223 in
878 4162 1034 4246 presenti,
1059 4163 1106 4226 sic
1129 4162 1294 4248 principes
1318 4163 1483 4226 seculares
1505 4162 1580 4225 utili
1603 4160 1759 4225 dilatione
1782 4180 1857 4246 pro-

206 4266 353 4346 videant,
383 4264 468 4350 quod
498 4269 574 4350 post
604 4263 666 4326 iter
694 4269 877 4347 arreptum,
904 4284 1074 4349 usquequo
1104 4264 1144 4329 de
1175 4267 1320 4351 ipsorum
1348 4267 1438 4330 obitu
1461 4266 1515 4329 vel
1545 4263 1652 4328 reditu
1675 4264 1857 4327 certissime

207 4375 434 4453 cognoscatur,
456 4388 626 4431 usurarum
649 4387 714 4430 non
738 4367 904 4430 incurrant
919 4368 1135 4448 incommoda,
1159 4370 1337 4454 compulsis
1355 4368 1465 4433 Iudeis
1481 4373 1658 4454 proventus
1674 4367 1857 4452 pignorum,

207 4495 289 4558 quos
313 4474 442 4537 interim
466 4477 700 4558 perceperunt,
733 4471 928 4550 insortam,
959 4473 1115 4558 expensis
1138 4474 1336 4537 necessariis
1359 4473 1523 4546 deductis,
1555 4477 1757 4557 computare,
1785 4491 1858 4534 cum

206 4576 393 4641 huiusmodi
415 4575 610 4640 beneficium
634 4595 699 4638 non
722 4575 858 4638 multum
882 4574 1030 4639 videatur
1052 4576 1174 4640 habere
1197 4576 1371 4662 dispendii,
1394 4578 1470 4663 quia
1493 4576 1690 4641 solutionem
1714 4575 1761 4639 sic
1783 4595 1859 4661 pro·

206 4687 310 4764 rogat,
335 4679 421 4764 quod
443 4678 556 4743 debita
578 4699 643 4742 non
666 4677 834 4741 absorbet.
880 4673 923 4740 Ut
944 4684 1054 4742 autem
1072 4678 1173 4744 Terre
1191 4679 1310 4744 Sancte
1336 4680 1519 4744 subsidium
1538 4679 1677 4743 divisum
1701 4679 1734 4742 in
1756 4679 1858 4765 pluri·

207 4805 278 4848 mos
311 4783 440 4846 facilius
476 4779 698 4867 impendatur,
732 4779 940 4844 obsecramus
975 4802 1088 4846 omnes
1119 4790 1152 4847 et
1185 4784 1331 4868 singulos
1362 4805 1422 4870 per
1452 4784 1583 4847 Patrem
1615 4788 1648 4845 et
1676 4780 1796 4845 Filium
1826 4787 1860 4846 et

208 4885 366 4973 Spiritum
390 4891 553 4964 sanctum,
583 4904 684 4947 unum
712 4884 817 4947 solum
840 4903 953 4947 verum
978 4891 1126 4949 eternum
1150 4885 1275 4968 Deum,
1306 4886 1510 4971 postulantes
1532 4885 1604 4948 viee
1628 4883 1768 4963 Christi,
1800 4905 1859 4968 pro

207 4991 353 5070 Christo,
385 4987 426 5053 ab
449 4987 706 5074 archiepiscopis
736 4993 769 5052 et
796 4988 976 5074 episcopis,
1005 4989 1179 5054 abbatibus
1204 4996 1238 5054 et
1267 4988 1447 5076 prioribus,
1478 4994 1512 5052 et
1534 4993 1602 5050 tam
1624 4985 1860 5050 cathedralium

207 5115 304 5178 quam
327 5093 464 5156 aliarum
488 5091 752 5156 conventualium
777 5090 990 5154 ecelesiarum
1021 5093 1173 5179 capitulis
1196 5101 1230 5157 et
1259 5092 1387 5157 clericis
1418 5089 1596 5169 universis,
1629 5109 1757 5152 necnon
1780 5089 1859 5153 civi-

209 5198 352 5278 tatibus,
382 5197 467 5260 villis
491 5203 524 5260 et
552 5195 681 5282 oppidis
705 5202 947 5281 competentem
977 5219 1149 5263 nnmerum
1172 5198 1367 5263 bellatorum
1390 5217 1462 5260 cum
1486 5191 1642 5278 expensis
1665 5192 1860 5256 necessariis

316 5459 338 5520 ¹)
356 5459 392 5508 tta
410 5457 485 5508 eliam
503 5457 530 5506 ia
544 5457 634 5521 prima
650 5456 796 5506 recemioac
815 5456 921 5519 Manli„
944 5474 987 5522 ap.
1006 5455 1101 5506 Later-d
1118 5456 1174 5507 eod
1192 5456 1224 5506 B.
1230 5475 1238 5516 ,·
1260 5457 1289 5506 in
1306 5456 1406 5518 altera,
1430 5454 1486 5506 eod.
1505 5453 1546 5517 0.,
1571 5461 1594 5504 et
1612 5470 1655 5518 ap.
1673 5451 1750 5518 Roga
1767 5451 1859 5502 delicti.

206 5544 230 5610 ²¹)
249 5546 376 5597 oblatione
394 5544 457 5610 1209.
475 5552 498 5593 et
515 5543 552 5594 M.
636 5543 657 5607 ε)
674 5543 775 5607 reliquo
792 5559 823 5592 ea
840 5543 892 5604 M„
910 5561 973 5592 nam
991 5561 1056 5608 qaae
1075 5543 1160 5594 adhuc
1178 5561 1220 5608 ap.
1240 5541 1304 5609 Ifoq.
1323 5551 1472 5607 sequantur,
1488 5557 1519 5592 et
1536 5556 1651 5590 morse
1668 5539 1784 5589 uberim
1801 5554 1860 5588 con·

207 5639 291 5686 fracte
308 5639 374 5682 suar.
