4560 6420
1086 356 1389 414 Abulrsnuurun.

1199 742 1286 814 836.

522 874 716 986 &reperies
730 903 786 968 IX
791 924 882 984 papa
903 901 1035 987 [Iacobo
1048 899 1200 983 Teepolc]
1221 897 1294 962 doci
1312 895 1494 960 Venetoiam
1512 893 1680 973 prmnittit,
1700 891 1729 955 si
1752 891 1908 954 exercitas
1930 889 2078 953 ccclesiae

414 1005 450 1068 ia
481 1025 576 1089 repeto
602 1005 733 1072 Siciliae
760 1008 890 1089 aliquod
915 1006 1024 1072 mobile
1055 1004 1213 1086 acquirat,
1246 1001 1375 1066 Venetos
1402 1020 1442 1064 ce
1468 995 1697 1063 sesecundum
1728 998 1835 1059 ratam
1863 1012 2077 1074 expensarum

420 1113 636 1174 consecuturos
657 1129 720 1176 cese
735 1111 922 1191 portionem.
1085 1157 1087 1160 -
1705 1100 1798 1174 1239,
1822 1096 1908 1178 Sept.
1931 1099 1987 1162 24.

526 1245 635 1301 Damus
653 1248 795 1316 epistolum
813 1251 838 1315 1)
857 1247 991 1316 accepia
1009 1245 1070 1300 Lib.
1090 1244 1165 1299 Paci.
1184 1249 1203 1298 t.
1222 1245 1246 1307 I,
1258 1242 1286 1310 f.
1307 1245 1372 1308 309,
1390 1246 1418 1305 2)
1438 1247 1456 1294 t.
1475 1243 1516 1306 ΙΙ,
1532 1240 1556 1308 f.
1577 1243 1624 1304 58,
1643 1241 1671 1305 3)
1690 1253 1724 1291 cx
1741 1235 1830 1290 Libro
1848 1234 1957 1289 Blasco
1982 1251 2009 1286 n.
2029 1237 2074 1286 65.

418 1334 460 1404 cf.
478 1350 504 1390 o.
525 1337 591 1389 sce.
2138 1303 2149 1339 ⁵

701 1526 967 1618 Gregorius²
993 1525 1235 1617 episcopus
1263 1541 1424 1595 servus
1454 1540 1681 1593 servorum
1709 1517 1789 1592 Dei

417 1647 580 1722 dilecto
611 1645 708 1720 filio
741 1646 885 1720 nobili
912 1645 1010 1719 viro
1044 1645 1144 1718 duci
1170 1644 1439 1717 Venetorum
1471 1640 1663 1714 salutem
1701 1644 1744 1713 et
1775 1635 2078 1729 apostolicam

1054 1763 1434 1839 benedictionem.

525 1913 607 1980 Oum
637 1915 679 1980 ad
710 1935 807 2000 quem
829 1935 910 1979 onus
934 1919 1091 1999 speetat‚'
1107 1917 1140 1976 et
1172 1911 1428 1976 emolumenturn
1451 1908 1572 1973 debeat
1594 1906 1775 1993 pertinere,
1807 1911 1844 1969 ut
1873 1905 1930 1990 qui
1959 1904 2076 1968 labore

417 2019 580 2100 atteritur,
608 2018 841 2084 consolationis
877 2015 1023 2082 remedio
1047 2017 1211 2080 foveatur:
1236 2015 1428 2079 auctoritate
1451 2011 1652 2099 presentium
1675 2008 1827 2073 duximus
1852 2008 2077 2087 statuendum,
2130 2021 2152 2057 ¹⁰

417 2130 453 2189 ut
485 2125 513 2188 si
541 2121 739 2207 contingerit
777 2122 957 2185 exercitum
990 2119 1128 2198 ecclesie
1158 2119 1191 2182 in
1217 2139 1319 2203 regno
1344 2117 1454 2194 Sicilie
1484 2113 1615 2199 aliquod
1642 2112 1796 2178 mobilleb
1828 2112 2000 2196 acquirere
2025 2111 2078 2176 vel

417 2227 553 2306 lucrari,
587 2247 630 2292 ex
658 2245 698 2289 eo
734 2223 912 2288 secundum
948 2229 1052 2287 ratem
1082 2242 1318 2308 expensarum,
1354 2241 1434 2305 quas
1464 2226 1500 2282 tu
1535 2225 1568 2282 et
1598 2237 1769 2282 commune
1799 2215 2008 2280 Venetorum
2044 2215 2078 2278 in

416 2331 549 2416 negotio
572 2329 708 2408 facietis,
732 2326 978 2412 consequemini
1001 2325 1186 2412 portionem
1195 2335 1216 2388 ⁰.

523 2450 610 2515 Date
631 2446 794 2532 Anagnis,
818 2453 934 2512 octavo
956 2433 1030 2511 Kal.
1055 2443 1190 2510 Octobr.
1213 2443 1421 2529 pontificatus
1445 2441 1548 2506 nostri
1570 2461 1656 2505 anno
1682 2438 1919 2504 tertiodecimo.
1980 2489 1982 2492 .

1037 2704 1448 2715 ...--.—---—-·-—---..—---..¹

1206 3021 1293 3094 837.

525 3150 715 3259 &reportes
746 3175 802 3241 IX
826 3197 913 3257 papo
934 3176 1134 3261 [Zmnardo]
1163 3175 1255 3240 electo
1279 3175 1440 3241 &odensi
1471 3180 1499 3240 et
1527 3174 1688 3241 &adocei
1711 3178 1739 3239 ct
1764 3173 1945 3239 Castellum
1976 3171 2083 3235 orchi·
2134 3188 2155 3225 u

417 3280 558 3346 diaconis
584 3278 727 3357 meda,
753 3299 793 3344 uc
822 3279 963 3357 Venetos,
992 3279 1144 3361 quamdiu
1165 3279 1319 3343 exercitus
1340 3298 1445 3342 coram
1467 3279 1503 3341 iii
1532 3277 1659 3342 servilio
1680 3276 1822 3342 ccclesiae
1838 3275 2032 3356 perstiterit,
2063 3295 2084 3336 o

418 3403 574 3466 quoquam
595 3383 754 3448 owkemri
773 3384 966 3463 permittant.
1708 3380 1801 3454 1239,
1824 3377 1909 3458 Sept.
1931 3379 1987 3441 24.

536 3502 646 3558 Domus
664 3503 804 3571 epistolem
823 3507 847 3570 1)
865 3503 999 3571 crecopia
1017 3501 1079 3555 [Ab.
1101 3503 1175 3556 Paci.
1196 3510 1214 3557 t.
1235 3505 1258 3566 Ι,
1275 3502 1297 3568 f.
1319 3504 1382 3566 309,
1400 3505 1428 3566 2)
1447 3505 1466 3555 t.
1486 3504 1527 3570 II,
1545 3503 1567 3569 s.
1588 3505 1632 3566 59,
1662 3504 1691 3566 3)
1711 3515 1744 3552 ec
1762 3497 1848 3551 Libro
1868 3497 1978 3551 Blasco
1997 3514 2025 3551 n.
2041 3503 2079 3554 66

419 3588 463 3658 Of.
480 3607 509 3644 a.
528 3591 595 3645 833.

532 3777 800 3877 Gregoriusd
828 3782 1262 3874 episcopusservus
1289 3803 1526 3855 servorum
1553 3780 1630 3854 Dei
1657 3781 1834 3854 dilectis
1860 3781 1969 3854 filiis
2135 3789 2160 3827 s

419 3905 564 3980 eleeto
584 3905 803 3980 Gradensi
832 3908 873 3977 et
900 3959 909 3976 .
932 3960 940 3977 .
961 3903 1188 3977 Gradensi
1216 3908 1257 3976 et
1288 3900 1713 3977 ..castellanensu
1740 3901 2083 3976 archidiaconis

754 4025 946 4098 salutem
973 4029 1016 4098 et
1042 4024 1341 4116 apostolicam
1367 4022 1740 4098 benedictionem.

525 4174 608 4240 (lum
631 4175 788 4240 dilectum
810 4174 913 4238 filium
936 4173 1093 4238 nobillem
1117 4173 1223 4237 virum
1246 4223 1280 4237 ..
1305 4173 1421 4238 ducem
1446 4179 1479 4238 et
1503 4176 1771 4238 communitatem
1786 4170 1993 4235 Venetorum
2017 4173 2082 4238 sub

416 4279 620 4366 protectione
641 4278 732 4342 besti
753 4275 864 4341 Petrir
888 4281 921 4342 et
944 4282 1056 4341 nostre
1087 4276 1311 4361 receperimus
1339 4277 1474 4361 speciali
1506 4283 1539 4342 et
1563 4278 1652 4363 ipsos
1682 4277 1716 4341 in
1750 4276 1889 4354 ecclesie
1914 4273 2079 4361 obsequio

416 4380 631 4469 persistentes
654 4400 713 4444 uos
737 4379 855 4444 deceat
875 4379 1055 4465 apostolico
1078 4378 1222 4464 presidio
1245 4379 1438 4444 confovere:
1475 4379 1686 4445 discretioni*³
1708 4378 1838 4460 vestreh
1860 4399 1920 4465 per
1943 4385 2079 4465 aposto·
2133 4383 2159 4422 ²⁵

416 4485 481 4550 lica
510 4485 633 4570 scripta
665 4482 874 4559 mandamus,
910 4488 1071 4568 quatenus
1105 4482 1208 4547 dictos
1250 4481 1367 4546 ducem
1399 4489 1432 4548 et
1464 4484 1751 4564 communitatem,
1785 4481 1930 4569 quandiu
1963 4501 2082 4546 eorum

417 4588 583 4653 exercitus
605 4586 639 4649 iu
662 4586 794 4650 servitio
823 4586 1002 4672 apostolice
1025 4585 1112 4651 sedis
1137 4583 1261 4665 eundo,
1292 4585 1409 4651 stando
1434 4588 1486 4651 vel
1522 4586 1689 4653 redeundo
1713 4586 1949 4674 perstiteritis
1974 4607 2082 4672 regno

417 4689 530 4768 Sicilie
553 4688 759 4775 occupando,
790 4691 824 4754 in
854 4690 1004 4776 personia
1032 4696 1089 4754 aut
1121 4691 1219 4755 rebus
1249 4710 1308 4754 seu
1331 4691 1428 4754 terris
1451 4688 1619 4754 districtus
1647 4711 1765 4755 eorum
1788 4711 1854 4754 nou
1876 4689 2082 4776 permittatis

417 4811 437 4857 a
464 4811 627 4878 quoquam
655 4793 802 4860 indebite
831 4793 1012 4874 molestari,
1042 4795 1272 4858 molestatores
1303 4792 1491 4858 huiusmodi
1518 4815 1578 4880 per
1607 4816 1781 4860 censuram
1814 4794 2081 4860 eeclesiasticam

416 4897 638 4985 appellatione
661 4897 845 4984 postposite
868 4896 1118 4983 compescendo.
1144 4894 1145 4897 ’
1167 4895 1263 4970 Quod
1286 4898 1315 4961 si
1338 4918 1403 4961 non
1427 4919 1540 4962 omnes
1564 4898 1628 4961 hiis
1654 4897 1858 4983 exequendis
1882 4897 2080 4984 potueritis¹
2133 4913 2159 4950 ³⁰

416 5001 589 5083 interesse,
614 5000 677 5066 duo
699 5007 846 5066 vestrum
870 5021 910 5065 ea
932 5001 1165 5066 nichilominus
1190 5008 1404 5087 exequentur.

522 5121 610 5187 Data
632 5121 794 5208 Anagnie,
818 5128 933 5187 octavo
955 5120 1125 5189 Kalendas
1149 5120 1312 5204 Octobris,
1335 5121 1542 5208 pontificatus
1576 5122 1678 5186 nostri
1702 5142 1786 5186 anuo
1809 5120 2050 5187 tertiodecimo.

521 5378 546 5446 ⁸)
564 5380 695 5448 inscriptio
713 5382 742 5432 in
759 5380 800 5431 ΡΙ
817 5389 840 5434 ct
859 5384 888 5433 2:
905 5383 1001 5435 Littera
1017 5383 1122 5449 papalis,
1140 5383 1209 5448 quod
1226 5382 1379 5436 habebimus
1397 5385 1428 5436 de
1446 5386 1517 5436 lucro
1536 5385 1622 5448 Sicilie
1639 5391 1753 5436 noenum
1770 5389 1879 5450 partem
1898 5383 1926 5433 in
1938 5383 1996 5434 Bt:
2015 5386 2080 5435 Item

415 5468 466 5519 elis
482 5469 499 5518 l.
519 5486 544 5535 p.
562 5485 606 5534 qu.
625 5468 649 5519 h.
669 5468 700 5520 de
717 5484 797 5535 regno
806 5469 831 5520 S.
845 5487 871 5519 u.
881 5487 905 5536 p.
962 5467 987 5533 t)
1001 5467 1056 5530 P1,·
1074 5468 1168 5521 mobile
1177 5467 1238 5530 Pa·
1255 5471 1351 5522 nobille
1369 5469 1413 5520 Bl.
1467 5468 1834 5536 ⁰)P1,·partiouemP2,Bl.
1898 5465 1924 5534 ὓ)
1944 5469 2077 5535 irueriptio

415 5554 445 5604 in
462 5552 518 5604 Bt:
535 5556 600 5606 Item
617 5554 668 5606 slis
685 5554 769 5606 littera
787 5555 892 5622 papulis.
980 5553 1003 5620 e)
1022 5553 1244 5616 P1,·Castellanis
1262 5555 1323 5619 P2‚·
1341 5557 1470 5608 castellon
1489 5554 1531 5608 Bl.
1619 5553 1640 5622 s)
1659 5556 1708 5621 ΡΙ,
1724 5560 1751 5618 2,·
1769 5553 1845 5608 Pauli
1866 5555 1906 5606 Bl.
1979 5553 2005 5620 Β)
2019 5554 2081 5616 Pa·
2135 5557 2160 5596 ⁸⁵

414 5639 594 5709 discrepationi
612 5638 665 5706 ΡΙ,
682 5639 725 5694 Bl.
815 5639 916 5709 ¹1)Bt,·
935 5649 1020 5698 nostre
1039 5641 1093 5692 ΡΙ.
1181 5640 1199 5708 ¹)
1218 5642 1269 5708 ΡΙ,
1289 5645 1317 5703 2,·
1334 5643 1447 5712 potueris
1465 5639 1507 5693 Bl.
