4494 6426
391 397 397 408 '
426 404 467 466 68
1013 397 1059 452 ax
1078 396 1233 453 noncan
1254 399 1293 452 111
1311 399 1490 454 nucusrao

426 573 522 636 huius
545 579 655 637 nostre
678 573 902 658 protectionis,
927 571 1169 636 constitutionis
1187 580 1220 636 et
1237 572 1440 636 inhibitionis
1462 579 1609 637 tenorem
1635 571 1757 657 aliquid
1777 579 1900 639 temere
1926 595 2075 659 presum-

426 677 552 763 pserint
573 681 778 763 attemptare,
801 697 859 740 vos
882 677 1162 761 presumptionem
1186 677 1332 761 ipsorum
1359 676 1536 741 monitione
1558 677 1672 762 previa
1694 696 1753 761 per
1775 697 1944 740 censuram
1967 677 2075 740 ecele-

427 779 591 843 siasticam
615 780 742 845 sublato
765 779 995 865 appellationis
1019 777 1188 842 obstaculo
1214 778 1438 863 compescatis,
1461 778 1507 842 ita
1529 778 1616 863 quod
1631 778 1687 841 ubi
1703 799 1766 841 non
1787 800 1898 843 omnes
1914 779 1978 843 hiis
1995 801 2075 844 exe-

427 881 564 965 quendis
581 883 755 968 potueritis
778 884 949 962 interesse,
972 880 1037 945 duo
1054 889 1199 946 vestrum
1215 881 1268 945 vel
1285 881 1384 945 etiam
1408 881 1529 965 singuli
1552 904 1591 947 ea
1613 881 1842 946 nichilominus
1859 891 2073 968 exequantur.

533 984 608 1051 Dat.
632 986 783 1051 Lateran.
808 986 861 1050 III
883 986 933 1049 ld.
957 983 1052 1049 Febr.
1076 986 1284 1070 pontificatus
1308 985 1411 1048 nostri
1433 1004 1518 1049 anno
1541 985 1648 1048 tertio.
2127 1008 2138 1046 s

1034 1247 1444 1254 masa—'-

1219 1487 1280 1559 95.
1380 1478 1381 1481 ¹

535 1595 722 1688 Honorius
750 1624 817 1689 ΙΙΙ
839 1645 927 1704 papa
956 1624 1155 1709 F[ridcrr'eo]
1182 1625 1396 1691 Rectene-ram
1425 1627 1491 1708 rcpi
1521 1631 1550 1690 et
1581 1626 1738 1691 universis
1764 1630 1828 1690 tom
1854 1621 2076 1705 crucesignatis

425 1745 520 1805 quara
546 1727 621 1791 aliis
646 1747 704 1808 per
736 1727 919 1790 Teatontam
949 1727 1124 1791 constitutis
1152 1729 1301 1807 scribens,
1331 1751 1431 1812 repere
1461 1733 1562 1794 nronct
1591 1734 1620 1793 et
1644 1729 1865 1811 crucesignatis
1893 1727 1950 1791 sab
1974 1744 2075 1806 poem

425 1827 634 1893 anathematis
655 1829 799 1907 mandat,
826 1832 861 1892 ert
889 1848 985 1909 usqae
1012 1829 1055 1892 ad
1078 1828 1195 1913 festam
1222 1832 1324 1895 saneti
1347 1831 1501 1896 lotrensis
1529 1832 1680 1912 baptistae
1696 1833 1878 1910 prociarum
1899 1829 1991 1914 [Iun.
2014 1826 2076 1910 24]

424 1931 485 1994 iter
507 1933 670 2012 arripiant
697 1952 804 1996 versas
826 1930 1026 2010 Damiatcnr;
1054 1938 1205 2015 repem'et
1226 1934 1391 2014 imperium
1412 1935 1469 1998 sab
1490 1955 1549 1998 sac
1566 1934 1754 2015 protectione
1782 1932 1927 2012 suscepi&
1953 1931 1998 1994 eis
2021 1929 2077 2009 qui

426 2035 635 2098 remanserint
656 2035 692 2098 irc
716 2035 843 2114 imperio
862 2035 1030 2115 praecipit,
1053 2040 1089 2098 at
1109 2037 1160 2100 eui
1181 2057 1238 2101 rea
1260 2038 1425 2117 imperium
1447 2039 1622 2114 contraittat,
1644 2036 1673 2100 ei
1693 2037 1729 2099 in
1751 2037 1892 2100 onrntbas
1914 2035 2074 2110 obediant·
2138 2061 2142 2084 ι

424 2135 626 2220 [Eberhardc
640 2136 693 2220 ll]
713 2137 940 2217 archiepiscopo
963 2137 1198 2221 Saltsbarpeasr‘
1220 2144 1249 2202 ct
1267 2138 1410 2224 [Ottoar']
1432 2139 1652 2220 Herbipoleasi
1674 2143 1702 2202 et
1720 2137 1864 2222 [Ottcni]
1886 2136 2076 2201 Traiectcasi

424 2240 574 2320 episeopis
594 2240 739 2318 recedat
767 2244 802 2304 at
829 2240 1070 2322 amesipnatm,
1098 2243 1154 2322 qui
1175 2244 1236 2306 iter
1260 2244 1402 2323 arripere
1429 2243 1516 2307 ultre
1542 2241 1708 2306 ter-ricinum
1737 2241 1930 2318 distulerint,
1959 2259 2076 2303 caecar-

424 2342 590 2408 rnuar'eeut.
1703 2345 1796 2421 1219,
1818 2343 1913 2406 Febr.
1938 2345 1988 2405 11.

529 2460 603 2515 Hor.
621 2461 679 2515 ΙΙΙ
694 2461 762 2530 Rep.
787 2462 842 2516 Vol.
862 2465 902 2527 II,
922 2467 965 2527 59,
986 2466 1036 2530 60,-
1052 2463 1114 2518 ait.
1135 2465 1194 2528 III,
1211 2469 1273 2518 281.

528 2548 665 2611 Potttraat
681 2547 747 2616 ch.
768 2551 848 2602 5984.

424 2773 466 2848 F.
507 2774 639 2849 illustri
682 2775 759 2867 regi
800 2774 919 2848 Sicilie
969 2775 1007 2847 in
1049 2777 1309 2849 Romanorum
1351 2775 1614 2866 imperatorem
1654 2774 1769 2848 electo
1815 2781 1851 2848 et
1893 2773 2077 2847 universis

426 2895 675 2987 principihuS,
716 2894 972 2969 ecelesiasticis
1014 2918 1058 2969 sc
1097 2896 1319 2983 mundante,
1365 2917 1512 2969 necnon
1554 2895 1750 2967 comitibus
1785 2899 1821 2967 et
1858 2894 2076 2980 baronibus

624 3021 701 3088 tarn
728 3015 991 3106 crucesignatis
1017 3037 1131 3107 quarn
1158 3016 1253 3104 aliis,
1280 3037 1347 3106 per
1372 3015 1623 3088 Theutcniam
1650 3013 1872 3086 constitutis

515 3162 625 3248 ¹Iusta
648 3162 769 3246 doloris
793 3170 827 3228 et
849 3165 1025 3229 anxietatis
1049 3165 1187 3228 materia
1208 3165 1329 3250 populo
1346 3163 1530 3228 Christiano
1547 3185 1611 3227 non
1628 3162 1741 3243 deerit,
1766 3183 1862 3246 quam
1878 3160 1933 3225 diu
1954 3169 2074 3225 terram

427 3267 459 3330 in
483 3288 547 3352 qua
568 3268 756 3353 unigenitus
779 3265 844 3332 Dei
866 3268 962 3349 tilius,
986 3268 1172 3355 redemptor
1194 3279 1307 3333 noster
1329 3289 1367 3332 ac
1391 3267 1540 3331 dominus
1563 3266 1658 3331 Iesus
1686 3265 1852 3343 Christus,
1881 3283 1939 3328 sua
1969 3268 2075 3327 morte
2127 3294 2146 3330 a¹

425 3377 569 3434 nostram
604 3370 757 3455 dignatus
790 3376 840 3436 est
863 3367 994 3456 operari
1016 3374 1173 3450 salutern,
1210 3393 1292 3457 gens
1327 3370 1496 3436 incredula
1526 3376 1560 3434 et
1587 3370 1720 3433 inimica
1742 3368 1928 3432 Christiano
1951 3367 2076 3431 nomini

425 3471 596 3538 detinebit.
640 3473 794 3538 Accessit
827 3480 936 3539 autem
969 3474 1033 3538 hiis
1056 3475 1257 3560 temporibus
1292 3483 1325 3538 et
1359 3475 1424 3538 alia
1459 3472 1686 3538 sollicitudinis
1718 3492 1815 3536 causa
1844 3491 1909 3535 non
1937 3469 2075 3548 modica,

424 3575 510 3661 quod
533 3574 688 3642 videlicet
710 3577 875 3642 exercitus
900 3576 1116 3658 Christianus,
1140 3579 1195 3660 qui
1219 3577 1348 3642 obsidet
1370 3577 1565 3658 Damiatam,
1590 3577 1637 3641 sic
1659 3577 1692 3640 in
1712 3583 1783 3640 arto
1806 3581 1857 3640 est
1879 3575 2016 3660 positus,
2039 3579 2076 3636 ut

424 3700 489 3742 non
511 3686 578 3743 tam
601 3678 751 3744 videatur
773 3679 927 3744 obsidens
951 3702 1046 3765 quam
1070 3681 1235 3760 obsessus,
1259 3702 1320 3745 nec
1344 3702 1401 3745 sue
1426 3680 1540 3744 salutis
1563 3679 1715 3744 fiduciam
1738 3677 1868 3757 haheat,
1892 3677 1956 3741 nisi
1979 3677 2012 3741 in
2035 3697 2075 3741 co

425 3780 479 3865 qui
503 3782 607 3846 salvat
628 3781 669 3847 de
693 3804 752 3847 sua
774 3783 998 3848 misericordia
1022 3783 1233 3864 confidentes,
1258 3785 1347 3849 etin
1371 3806 1526 3849 succursu
1550 3805 1647 3869 quem
1663 3782 1703 3846 dc
1719 3781 1867 3867 partibus
1891 3780 2074 3844 cismarinis
2127 3809 2150 3843 a

425 3890 588 3970 expectat.
632 3885 726 3949 Licet
750 3906 826 3950 vcro
843 3885 952 3950 divino
975 3888 1141 3951 miseratio
1165 3887 1297 3973 pictatis
1320 3909 1435 3951 causas
1458 3887 1598 3951 humane
1616 3885 1806 3949 salvationis
1830 3884 2018 3968 exquirens,
2042 3889 2075 3946 et

424 3988 561 4054 virtutes
584 3989 728 4074 largiens
750 3997 786 4054 ut
809 3991 936 4074 premia
958 3991 1129 4074 largiatur,
1164 3989 1205 4054 ad
1241 3991 1370 4055 illorum
1398 4011 1585 4054 succursum
1618 3998 1652 4054 et
1678 3988 1904 4052 liberationem
1927 3984 2074 4072 predicte

424 4096 511 4156 terre
545 4092 670 4177 animos
703 4094 878 4156 multorum
913 4093 1109 4170 {reconderit
1143 4093 1286 4158 creditur
1313 4101 1423 4158 tamen
1451 4100 1484 4158 et
1515 4115 1534 4157 a
1561 4093 1671 4157 multis
1695 4093 1789 4177 quasi
1811 4088 2074 4177 presagientibus

424 4193 551 4274 dicitur,
575 4195 661 4281 quod
685 4197 817 4260 celestis
840 4196 977 4260 altitudo
1002 4198 1129 4261 consilii
1153 4199 1261 4262 omnia
1283 4221 1401 4283 regens
1425 4198 1554 4261 fortiter
1574 4197 1781 4280 suaviterque
1801 4194 1979 4278 disponens
2003 4191 2075 4270 tibi,

423 4297 470 4360 tili
493 4319 563 4374 rex,
586 4299 668 4362 tanti
693 4299 801 4384 operis
824 4300 962 4383 gloriam
986 4302 1181 4382 reservavit,
1206 4322 1279 4365 eum
1303 4302 1400 4364 timor
1423 4308 1455 4364 ct
1478 4308 1599 4364 tremor
1621 4297 1852 4384 magnitudinis
1875 4295 1999 4360 brachii
2024 4295 2072 4357 tui
2125 4321 2135 4340 ·›

425 4401 471 4463 sic
495 4400 653 4466 cecidisse
670 4401 798 4465 dicatur
813 4423 911 4487 super
931 4411 1064 4488 gentem
1084 4403 1296 4484 incredulam,
1319 4409 1356 4467 ut
1378 4425 1398 4467 a
1420 4403 1503 4467 faeie
1526 4408 1583 4466 tua
1605 4423 1669 4465 non
1692 4408 1786 4487 putet
1808 4401 1871 4464 sibi
1892 4398 2073 4485 presidium

423 4502 511 4567 aliud
535 4524 709 4589 superesse
733 4525 828 4588 quarn
851 4505 972 4588 fugam.
1018 4504 1079 4570 Eia
1101 4507 1210 4590 igitur,
1234 4507 1502 4571 victoriosissime
1525 4528 1602 4586 rex,
1626 4505 1703 4568 dum
1723 4504 1882 4569 increduli
1897 4502 2073 4588 trepidant,

424 4605 500 4669 dnm
533 4606 648 4671 fideles
685 4608 854 4693 suspensis
889 4608 991 4692 signis
1026 4615 1060 4673 ct
1096 4610 1212 4674 animis
1247 4617 1279 4674 te
1314 4616 1504 4696 expectant:
1540 4609 1633 4674 Tolle
1657 4613 1778 4673 moras!
1810 4628 1941 4691 semper
1963 4606 2074 4671 nocuit

424 4707 555 4774 differre
579 4710 735 4796 paratis¹,
764 4717 798 4776 et
820 4712 851 4776 ei
878 4712 933 4797 qui
958 4711 998 4775 ad
1021 4713 1199 4798 imperialis
1223 4713 1374 4778 culminis
1396 4713 1528 4797 fastigia
1550 4720 1583 4777 te
1606 4713 1752 4792 vocavit,
1782 4713 1814 4774 in
1844 4710 1906 4774 hoc
1936 4709 2073 4774 articulo

422 4817 478 4876 tue
503 4812 695 4898 obsequium
727 4814 910 4878 devotionis
938 4815 1108 4900 impende,
1146 4824 1390 4903 comparaturus
1422 4816 1482 4880 tibi
1510 4814 1596 4880 farne
1620 4816 1801 4880 immortale
1824 4813 2016 4900 preconium
2040 4819 2072 4876 ct
2124 4840 2148 4876 a

424 4923 612 4981 eternorum
634 4918 771 5002 gloriam
793 4919 1000 5004 premiorum.
1045 4920 1095 4984 Nc
1118 4929 1227 4986 autern
1242 4920 1360 5005 dignus
1378 4919 1551 4984 comitatus
1575 4918 1661 4983 desit
1683 4917 1773 5001 regie
1795 4917 1976 4998 maiestati,
1998 4917 2072 4980 uni-

422 5019 611 5085 versitatem
634 5028 787 5102 vestram,
810 5022 868 5086 filii
891 5025 1120 5109 crucesignati,
1144 5046 1313 5090 monemus
1330 5031 1364 5089 et
1379 5023 1588 5088 obsecramus
1609 5023 1642 5085 in
1664 5021 1815 5100 Domino,
1838 5043 1877 5086 ac
1900 5023 1933 5085 in
1956 5023 2072 5086 remis-

423 5122 548 5187 sionem
571 5123 664 5188 vobis
694 5126 893 5209 iniungimus
921 5135 1144 5213 peccatorum,
1180 5135 1214 5193 et
1246 5128 1306 5192 sub
1330 5149 1415 5214 pena
1449 5124 1796 5192 excommunicationis
1827 5124 1974 5188 districte
1997 5145 2072 5210 pre-

422 5227 572 5312 cipiendo
607 5226 813 5308 mandamus,
847 5231 999 5314 quatinus
1032 5231 1074 5295 ad
1095 5217 1273 5296 ‘reddenda
1305 5231 1447 5295 Domino
1481 5237 1557 5294 vcta
1590 5236 1700 5294 vestra
1731 5249 1789 5292 vos
1824 5229 1996 5292 occasione
2033 5249 2071 5292 ac

422 5331 634 5394 excusatione
658 5333 862 5397 cessantibus
885 5333 995 5399 taliter
1017 5336 1210 5422 preparetis,
1232 5343 1269 5399 ut
1291 5355 1393 5418 usque
1416 5333 1600 5398 adfectum
1624 5333 1728 5397 sancti
1750 5331 1907 5396 Iohannis
1927 5331 2071 5417 baptiste
2123 5353 2148 5390 ro

421 5434 606 5519 proximum
628 5455 694 5498 una
717 5457 791 5501 cum
814 5437 885 5523 ipso
909 5459 987 5522 rege
1011 5439 1174 5525 arripiatis
1197 5439 1260 5503 iter
1283 5437 1493 5502 succurrendi
1516 5436 1677 5500 exercitui
1693 5433 1889 5521 supradicto,
1912 5435 2020 5520 posito
2038 5435 2070 5496 in

525 5693 550 5761 1)
576 5692 677 5748 Versae
695 5693 810 5759 Laconi,
829 5695 929 5749 Phara.
948 5698 971 5760 Ι,
990 5699 1052 5750 281.
