4494 6426
423 386 482 448 100
634 425 636 432 ι
1006 378 1054 437 EX
1072 381 1229 438 BONOltll
1247 380 1287 437 III
1305 378 1485 437 REGISTRO
1943 365 1957 398 ⁶

421 555 592 621 cedentem
615 556 854 641 negligentiam
877 557 1091 642 subsequenti
1114 556 1285 642 diligentia
1308 556 1418 621 taliter
1441 563 1648 643 purgaturus,
1673 555 1759 644 quod
1782 579 1918 644 operum
1940 557 2070 624 exhibi-

420 661 509 725 tione
533 660 750 742 demonstres,
774 667 806 724 te
824 659 863 724 ad
887 683 947 726 nos
964 668 997 726 et
1009 662 1192 726 Romanam
1209 660 1384 726 ecclesiam
1404 659 1547 726 debitam
1564 660 1773 736 devotionem
1789 662 1921 742 habere,
1945 683 2071 748 nosque

418 785 456 827 ac
479 763 597 828 fratres
622 764 725 828 nostri
747 784 812 828 non
837 771 949 829 contra
971 769 1005 828 te
1029 771 1080 828 set
1102 785 1161 850 pro
1184 770 1217 828 te
1242 763 1386 848 cogitare
1408 765 1517 850 potius
1540 765 1731 830 debeamus.

525 866 601 931 Dat.
618 867 705 954 apud
720 867 1003 946 Urbemveterem,
1026 867 1059 930 H
1076 868 1188 932 Nonas
1205 866 1418 953 Septembris,
1442 868 1651 953 pontificatus
1674 869 1776 933 nostri
1799 890 1884 933 anno
1908 869 2032 954 quinto.

1042 1161 1274 1169 -ψ
1282 1163 1297 1168 --
1303 1164 1374 1169 -η

1205 1458 1287 1532 139.

530 1571 717 1667 Honorius
750 1596 815 1662 111
840 1618 927 1678 papo
959 1598 1111 1662 Alatriao
1144 1598 1332 1663 srrbdiocoao
1364 1599 1510 1681 mundat,
1547 1603 1584 1663 ut
1616 1601 1660 1665 od
1693 1603 1916 1685 resignandam
1951 1609 2069 1669 terram
2122 1626 2133 1661 s

417 1703 590 1768 cornitissuc
615 1701 787 1766 Marticolis
817 1704 881 1765 tam
912 1700 998 1783 opmd
1028 1701 1146 1782 reprom
1176 1701 1388 1765 celsitsutiacm
1415 1723 1509 1782 quem
1535 1704 1623 1784 apud
1649 1704 1868 1790 [conradum]
1896 1707 2073 1788 episcopum

417 1805 588 1869 Metensem
602 1804 777 1885 impanatio
790 1804 884 1868 outae
899 1804 1130 1882 cancellarium,
1153 1804 1208 1885 qro'
1218 1803 1459 1888 R[oynoldum]
1472 1805 1695 1871 sarbdtocorsuru
1709 1810 1802 1872 conis
1810 1811 2073 1890 prorrrissionibus

416 1908 564 1986 detineat,
587 1927 713 1988 operam
735 1907 883 1988 conserat.
1724 1914 1818 1990 1220,
1841 1912 1927 1994 sept.
1948 1917 1980 1978 4.

522 2027 595 2082 Hon.
614 2030 669 2080 ΙΙΙ
682 2027 748 2096 Ray.
767 2026 828 2080 Lib.
852 2026 881 2092 V,
900 2024 960 2080 91⁶.

521 2115 658 2180 Potitoat,
676 2114 746 2185 Περ.
766 2117 849 2169 6352.

703 2329 928 2418 Aletrinc,
960 2325 1241 2401 subdiacono
1270 2332 1314 2400 et
1340 2328 1583 2420 capellano
1610 2333 1778 2402 nostre.

528 2480 610 2545 Cum
635 2481 713 2545 olim
736 2481 832 2545 nobis
856 2479 922 2544 tuis
945 2479 1064 2544 litteris
1088 2481 1286 2562 intimasses,
1310 2481 1531 2546 venerabilem
1555 2481 1688 2564 fratrem
1711 2485 1856 2543 nostmm
1881 2527 1913 2544 ..
1937 2479 2069 2544 Meten-

419 2606 488 2648 sem
517 2586 707 2672 episcopum
738 2584 919 2671 imperialis
949 2585 1023 2649 aule
1052 2586 1284 2649 cancellarium
1307 2586 1433 2670 regium
1455 2585 1621 2671 recepisse
1644 2582 1850 2664 mandatum,
1882 2589 1918 2647 ut
1948 2589 2070 2648 terram

417 2691 504 2753 clare
527 2689 684 2754 memorie
709 2689 875 2753 comitisse
899 2687 1043 2752 Matildis
1067 2688 1127 2752 tibi
1149 2689 1280 2753 nomine
1304 2695 1416 2752 nostro
1439 2689 1563 2752 feceret
1586 2688 1756 2772 resignari,
1778 2709 1840 2752 nos
1860 2686 2069 2772 postmodum
2109 2721 2110 2726 κ

416 2793 584 2856 intellecto
609 2791 695 2878 quod
718 2813 792 2856 cum
816 2793 1012 2856 cancellario
1036 2813 1100 2856 non
1122 2792 1281 2857 veniebas
1305 2791 1438 2872 eodem,
1460 2791 1616 2855 dilectum
1638 2791 1741 2856 filium
1763 2791 1803 2857 R.
1829 2790 2065 2856 subdiaconum
2122 2809 2144 2846 u

416 2901 450 2958 et
473 2896 677 2981 capellanum
701 2901 850 2959 nostrum
873 2901 1007 2981 propter
1028 2895 1090 2959 hoc
1114 2915 1187 2959 cum
1211 2897 1331 2960 nostris
1354 2896 1473 2960 litteris
1498 2897 1682 2960 curavimus
1705 2895 1886 2972 destinare,
1915 2894 1970 2979 qui
1994 2915 2070 2957 curn

416 2995 472 3062 diu
494 2998 587 3061 vanis
610 2997 881 3083 promissionibus
911 2998 1077 3078 detinens,
1110 3019 1177 3062 non
1207 2999 1369 3084 processit
1391 2999 1570 3063 efficaciter
1598 2999 1630 3061 in
1656 2999 1789 3084 negotio
1820 3019 1881 3062 nec
1910 2996 2070 3083 procedit.

416 3099 560 3185 Ideoque
584 3121 644 3186 per
665 3102 847 3187 apostolica
869 3102 927 3165 tibi
952 3103 1075 3187 scripta
1101 3101 1301 3182 mandamus,
1326 3102 1476 3186 quatinus
1500 3109 1567 3165 tam
1584 3101 1670 3188 apud
1694 3102 1816 3187 regiam
1840 3099 2069 3166 celsitudinem

416 3225 513 3289 quam
548 3202 633 3289 apud
667 3203 832 3290 prefatum
865 3205 1095 3269 cancellarium
1130 3204 1177 3268 ita
1211 3204 1343 3269 studeas
1379 3203 1523 3290 operari,
1564 3203 1650 3289 quod
1681 3210 1768 3267 terra
1806 3204 1879 3290 ipsa
1917 3201 2068 3289 predicto

418 3309 588 3394 capellano
612 3310 666 3374 vel
688 3309 750 3373 tibi
773 3330 811 3374 ac
835 3310 880 3390 ei,
905 3311 932 3374 si
956 3317 989 3374 te
1012 3315 1199 3396 presentem
1222 3330 1296 3373 esse
1320 3308 1509 3393 contigerit,
1534 3308 1719 3393 resignetur
1741 3315 1775 3372 et
1797 3307 1930 3372 nomine
1954 3313 2066 3370 nostro
2119 3326 2143 3361 a>

416 3410 456 3475 ab
490 3412 593 3498 ipsius
629 3418 716 3476 terre
746 3411 933 3477 hominibus
969 3410 1137 3476 fidelitatis
1178 3411 1361 3475 iuramenta
1391 3416 1593 3496 prestentur,
1624 3410 1812 3475 mandatum
1843 3415 1990 3474 nostrum
2022 3409 2069 3472 ite

415 3516 556 3581 sollicite
594 3516 804 3602 impleturus,
843 3515 928 3602 quod
958 3516 1130 3580 occasione
1159 3515 1341 3580 litterarum
1371 3521 1404 3578 et
1432 3515 1560 3578 consilii
1589 3514 1636 3578 tui
1663 3536 1728 3578 non
1759 3513 1927 3578 videamur
1949 3513 2067 3592 delusi,

415 3620 628 3701 denuntians,
660 3621 688 3684 si
712 3641 794 3706 opus
819 3641 895 3685 esse
918 3619 1056 3698 videris,
1090 3619 1153 3705 ipsi
1175 3619 1263 3703 regi,
1294 3617 1380 3703 quod
1405 3618 1431 3680 si
1456 3618 1721 3710 cognoverimus,
1749 3617 1835 3702 quod
1865 3638 1924 3680 nos
1948 3617 1982 3680 in
2006 3616 2066 3679 hac

415 3729 508 3809 perte
531 3724 612 3788 velit
635 3722 779 3804 eludere,
804 3724 903 3788 facist
925 3744 985 3788 nos
1008 3722 1094 3786 aliud
1118 3722 1274 3806 cogitare.
1319 3720 1481 3804 Quicquid
1496 3727 1606 3784 autem
1621 3721 1796 3806 superhoc
1819 3722 1948 3802 feceris,
1970 3721 2067 3783 nobis

414 3827 567 3892 celeriter
588 3827 738 3892 intimare
761 3848 926 3914 procures.
2117 3842 2141 3878 ²⁵

522 3930 598 3998 Dat.
622 3938 791 4018 utsupra.

1199 4314 1281 4386 140.

522 4419 724 4517 Fridericas
745 4453 960 4519 Romanorum
982 4475 1039 4518 rex
1060 4453 1203 4517 Horou
1226 4453 1290 4516 ΙΙΙ
1310 4472 1417 4533 popae
1437 4451 1560 4532 pretias
1581 4452 1648 4534 cpit
1675 4451 1711 4517 dc
1733 4452 1796 4529 lna,
1826 4472 1906 4532 qaae
1928 4452 1989 4516 sibi
2006 4473 2066 4532 por

412 4557 600 4622 alatrinum
624 4557 848 4622 srrddiacouam
879 4562 908 4622 ct
936 4579 996 4638 per
1028 4559 1187 4621 notorium
1215 4556 1345 4620 Petrum
1378 4557 1415 4620 dc
1438 4556 1572 4622 Saturno
1601 4557 1748 4619 unctium
1775 4575 1866 4619 suum
1895 4555 2009 4619 littoris
2037 4561 2066 4619 et

411 4663 553 4724 neonus
583 4661 796 4725 transmiserit
803 4683 814 4740 ;
851 4681 882 4726 sc
919 4667 1081 4727 aeteruum
1108 4681 1171 4741 pro
1210 4659 1365 4740 beneficiis
1404 4660 1535 4739 acceptis
1573 4679 1647 4740 arpo
1675 4679 1794 4740 papiam
1827 4662 1856 4722 ct
1885 4657 2064 4723 Romanam

410 4763 568 4826 ecclesiam
589 4763 753 4827 debitorem
770 4763 841 4848 foro
863 4767 1040 4847 coafitetur,
1069 4763 1223 4845 quidquid
1250 4763 1312 4826 sibi
1333 4763 1490 4827 consulere
1519 4763 1624 4826 volcas
1652 4764 1777 4826 animae
1806 4781 1881 4826 sarae
1897 4763 2063 4842 procidere
2113 4790 2138 4826 a>

411 4867 575 4944 curaverit,
597 4870 743 4946 acceptat,
766 4867 836 4932 ticet
859 4887 924 4931 noe
944 4867 1091 4931 intulerit
1112 4868 1148 4930 ia
1170 4867 1269 4930 lotam
1291 4866 1484 4943 seracusam,
1507 4863 1735 4944 torpescamus
1756 4864 1948 4929 evidentibus
1966 4886 2061 4945 paroc-

407 4969 551 5050 pcdltas;
575 4975 665 5053 repat
683 4991 817 5052 paparo,
847 4976 882 5034 ut
903 4991 979 5036 suec
1001 4971 1188 5036 exultationi
1210 4989 1304 5051 quum
1326 4969 1418 5033 cit-ius
1440 4969 1597 5046 intendat,
1629 4968 1812 5050 supplicans
1832 4988 1872 5032 ne
1893 4969 2016 5050 irriqnis
2036 4971 2065 5029 ct

409 5073 580 5153 fallacibus
601 5073 844 5139 detractionibus
866 5095 974 5139 saeos
995 5095 1090 5139 aures
1105 5073 1264 5154 mordent.
1696 5075 1791 5150 1220,
1814 5071 1899 5151 Sept.
1925 5076 1976 5136 13.

513 5193 586 5247 Horu.
606 5196 661 5246 ΙΙΙ
674 5193 743 5264 ch.
767 5194 823 5247 Vol.
842 5196 900 5258 III,
919 5198 969 5255 27‚·
989 5193 1052 5248 Lib.
1076 5194 1105 5257 V,
1124 5197 1184 5247 140.

513 5280 569 5335 Ed.
587 5297 634 5350 ap.
652 5279 781 5347 Bdlrmer,
800 5283 860 5335 Act.
880 5283 948 5350 Irup.
969 5283 993 5346 I,
1011 5285 1073 5335 244.
