4494 6426
434 359 496 422 122
1026 357 1073 411 EX
1092 358 1249 413 HONORlI
1267 360 1307 413 Ill
1326 359 1506 416 REGISTRO

437 549 517 595 nera
540 530 676 594 meliora
699 550 797 615 quam
826 530 961 595 obscula
983 530 1193 595 blandientis.
1238 531 1283 595 Ut
1311 537 1421 596 autem
1449 540 1481 596 te
1510 533 1603 617 quasi
1631 535 1848 619 personaliter
1874 536 2089 621 alloquamur,

434 633 517 714 sois,
541 654 637 718 quam
661 634 887 720 sollempniter
909 635 1082 721 suscepisti
1105 635 1296 700 venerabile
1320 637 1449 721 signum
1472 637 1593 716 crucis,
1624 658 1720 721 quam
1743 637 1874 723 publice
1897 639 2089 724 promiseris

434 736 468 799 in
491 735 593 802 'Perre
618 735 739 801 Sancte
764 737 945 801 subsidium
968 738 1197 818 transfretare,
1226 760 1287 804 nec
1311 739 1458 824 ignoras,
1489 761 1584 825 quam
1614 742 1680 804 late
1704 747 1814 804 votum
1837 747 1928 805 tuum
1952 743 1995 805 sit
2018 741 2089 806 fere

433 840 572 905 ubilibet
592 829 806 926 divulgatum.
851 841 985 906 Utinam
1009 843 1215 922 attenderes,
1239 863 1335 927 quam
1359 842 1623 909 desiderabiliter
1645 850 1678 908 te
1700 846 1900 930 prestolatur
1922 846 2090 911 exercitus

437 943 642 1008 Christianus
666 945 809 1009 militans
831 943 973 1009 Domino
1005 947 1037 1010 in
1065 946 1212 1032 partibus
1245 947 1486 1024 transmarinis,
1517 954 1550 1011 et
1573 946 1779 1027 adverteres,
1810 955 1965 1032 quantam
1989 949 2031 1013 de
2055 956 2089 1014 te

436 1067 529 1132 pem
544 1048 742 1133 promiseris
765 1048 906 1113 ecclesie
929 1049 1091 1133 generali,
1121 1047 1268 1113 eredenti
1298 1071 1357 1136 pro
1386 1057 1493 1130 certo,
1522 1050 1608 1134 quod
1636 1071 1822 1136 proponens
1846 1050 2030 1116 Ierusalem
2059 1053 2092 1115 in

436 1151 596 1237 principio
619 1152 724 1216 letitie
747 1159 814 1232 tuo,
838 1152 1030 1239 postpositis
1053 1154 1136 1232 aliis,
1160 1151 1201 1217 ad
1218 1153 1501 1238 recuperationem
1524 1154 1596 1219 eius
1619 1154 1696 1217 totis
1720 1152 1893 1219 desideriis
1916 1153 2093 1239 aspirares,

437 1254 612 1342 presertim
644 1276 718 1319 oum
746 1255 788 1320 ad
816 1257 879 1321 hoc
906 1257 967 1320 tibi
991 1256 1154 1322 Dominus
1182 1276 1312 1321 omnem
1344 1256 1499 1321 obtulerit
1526 1257 1728 1322 facultatem.
1788 1256 1852 1321 Sed
1880 1279 1967 1322 nuuc
1998 1258 2094 1322 multi

438 1363 656 1437 murmurant,
680 1359 774 1422 multi
797 1359 956 1440 clamant,
981 1359 1067 1445 quod
1090 1361 1260 1446 postponis
1284 1360 1405 1444 exequi
1427 1367 1539 1424 votum
1562 1367 1669 1440 tuum,
1693 1367 1726 1424 at
1748 1366 1784 1424 ut
1805 1360 1891 1424 velle
1914 1359 1949 1423 id
1971 1361 2093 1446 exequi

439 1460 593 1540 videaris,
615 1462 738 1546 galeas,
762 1484 843 1547 quas
866 1463 993 1528 feceras
1016 1463 1195 1550 preparari,
1218 1463 1357 1542 detines,
1381 1463 1474 1547 qussi
1499 1471 1607 1528 tecum
1630 1465 1663 1527 in
1687 1471 1742 1528 tuo
1759 1463 1916 1526 comitatu
1932 1461 2091 1527 ducturus
2159 1521 2161 1524 .

439 1563 589 1639 easdem;
614 1585 676 1649 que
701 1566 729 1628 si
751 1566 887 1630 forsitan
910 1589 995 1630 nunc
1017 1569 1211 1645 transirent,
1240 1587 1394 1652 maguum
1417 1572 1554 1652 possent
1577 1567 1725 1631 conferre
1748 1567 1906 1631 auxilium
1929 1566 2094 1630 exercitui

438 1664 641 1743 Christiano,
673 1669 728 1753 qui
760 1690 799 1733 eo
831 1670 957 1754 indiget
978 1653 1201 1736 vehementer.
1245 1670 1291 1734 Ut
1313 1671 1413 1756 igitur
1435 1671 1497 1734 hoc
1521 1692 1540 1734 a
1562 1675 1595 1734 te
1620 1670 1830 1756 opprobrium
1853 1669 1999 1748 auferas,
2031 1690 2093 1734 neo

438 1789 499 1833 nos
522 1769 625 1834 facias
647 1770 688 1866 ab
711 1771 898 1838 hominibus
921 1774 1069 1854 lacerari,
1093 1774 1147 1859 qui
1163 1773 1353 1844 dilationem
1377 1775 1444 1838 voti
1468 1774 1562 1838 nobis
1585 1774 1740 1859 precipue
1756 1773 1955 1857 imputantes
1980 1778 2095 1837 contra

437 1893 497 1936 nos
513 1873 622 1938 iurant
636 1874 849 1957 incessanter,
873 1878 971 1941 immo
989 1884 1025 1940 ut
1047 1878 1096 1941 illi
1112 1879 1328 1962 complaceas,
1353 1879 1445 1941 ouius
1463 1883 1496 1941 te
1513 1877 1670 1961 obsequio
1687 1875 1857 1954 devovisti,
1881 1875 2095 1939 serenitatem

441 1981 530 2040 tuam
546 1998 710 2061 rogamus,
726 2001 896 2044 monemus
913 1987 946 2045 et
961 1981 1130 2045 hortamur
1145 1987 1281 2059 attente,
1298 1981 1509 2045 obsecrantes
1528 2002 1586 2066 per
1603 1980 1769 2044 dominum
1786 1979 1895 2044 Iesum
1914 1977 2093 2058 Christum,
2156 2009 2166 2043 a

439 2079 592 2163 quatinus
609 2081 650 2162 ei,
674 2083 729 2166 qui
746 2089 797 2147 est
812 2083 944 2161 veritas,
968 2104 1068 2148 verax
1086 2085 1244 2162 existens,
1263 2105 1394 2148 causam
1412 2083 1482 2147 eius
1505 2083 1694 2147 inveritate
1712 2088 1902 2167 pertractes,
1927 2088 1959 2146 et
1980 2084 2095 2167 galeas

437 2189 569 2267 paratas
593 2185 793 2268 quamtotius
821 2187 854 2250 in
878 2187 979 2252 Terre
1004 2188 1124 2253 Sancte
1149 2189 1328 2253 subsidium
1353 2187 1485 2252 studeas
1510 2186 1716 2260 destinare1,
1746 2193 1782 2250 ut
1805 2186 1852 2250 sic
1876 2185 1984 2250 eidem
2006 2192 2095 2251 torre

438 2286 561 2350 auxilia
577 2295 708 2372 sperata
723 2289 927 2372 continuans,
948 2313 1021 2354 cum
1039 2291 1135 2356 dante
1148 2290 1289 2356 Domino
1307 2291 1581 2368 transfretaveris,
1597 2290 1761 2375 paratiora
1775 2289 1924 2353 invenias
1941 2289 2097 2354 universa

440 2395 474 2452 et
498 2387 621 2458 Christi
643 2393 811 2476 negotium
835 2394 996 2459 efficatius
1020 2396 1206 2480 exequaris.
1251 2395 1407 2481 Alioquin
1431 2395 1528 2464 solas,
1552 2393 1638 2478 quod
1659 2415 1719 2458 nos
1742 2394 1860 2458 acriter
1882 2394 2097 2478 perturbares

439 2496 473 2554 et
494 2511 613 2557 nomen
635 2500 781 2558 nostrum
804 2516 824 2558 a
845 2497 957 2560 multis
973 2497 1100 2562 faceres
1115 2498 1346 2583 blasphemari,
1370 2519 1428 2584 pro
1452 2518 1491 2561 eo
1516 2497 1601 2582 quod
1617 2517 1790 2583 personam
1813 2503 1902 2560 tuam
1918 2496 2095 2562 tenerrime
2157 2527 2160 2552 ι

441 2592 627 2679 diligentes,
651 2618 855 2684 quecumque
879 2599 959 2664 facis
983 2603 1201 2686 equanimiter
1224 2609 1474 2688 comportamus.

548 2714 625 2783 Dat.
648 2718 801 2783 Lateran.
825 2719 939 2785 Idibus
962 2721 1059 2803 Iunii,
1082 2723 1290 2808 pontificatus
1314 2721 1417 2787 nostri
1440 2741 1524 2784 anno
1549 2720 1672 2805 quinto.

1227 3329 1310 3402 176.

552 3453 740 3550 Honoras
755 3484 821 3550 ΙΙΙ
832 3504 923 3565 papa
936 3483 1101 3568 [Pelopia]
1114 3484 1293 3548 Albaacasi
1312 3487 1451 3566 episcopo
1472 3484 1609 3561 nuntiat,
1631 3483 1868 3568 FJridcriaam]
1882 3482 2098 3547 Romanormm

441 3593 659 3672 imperatorem
674 3607 777 3653 measa
792 3588 916 3652 Martio
924 3589 1072 3668 proximo
1085 3588 1195 3670 saturo
1210 3588 1490 3668 transfretaturum
1508 3607 1573 3652 assa
1592 3592 1621 3650 ct
1633 3586 1875 3671 [Witbclmam]
1890 3585 2097 3650 orarationem

441 3693 679 3773 Mortisfcrratt
701 3691 745 3756 ad
764 3691 916 3773 festinam
938 3690 1111 3755 subsidium
1134 3709 1166 3752 sc
1187 3691 1356 3771 ‹maiopcra
1741 3691 1835 3767 1221,
1859 3689 1935 3754 Ima.
1958 3692 2011 3754 20.

545 3813 619 3867 uon.
638 3812 696 3866 ΠΙ
710 3811 777 3879 aeq.
801 3809 858 3864 va.
879 3810 941 3875 111,
959 3814 1028 3877 aa·
1041 3809 1107 3879 prs.
1134 3809 1162 3877 ν,
1183 3812 1243 3862 raa

668 4099 676 4116 .
707 4099 716 4115 .
744 4040 996 4114 Albanensi
1025 4041 1252 4132 episcopa,
1280 4038 1533 4130 apostolice
1561 4040 1683 4112 sedis
1710 4041 1870 4132 legato.

550 4190 666 4272 Absit,
699 4195 735 4254 ut
765 4189 867 4254 Terre
896 4188 1016 4254 Sancte
1045 4189 1213 4275 negotium
1243 4209 1339 4253 cursu
1370 4209 1435 4253 non
1465 4187 1622 4273 dirigatur
1653 4193 1781 4275 optato,
1812 4209 1871 4274 pro
1902 4209 1985 4274 quo,
2016 4190 2100 4254 sicut

441 4294 584 4359 Domino
607 4293 741 4377 placuit,
765 4298 856 4356 tanta
870 4292 1044 4357 multitudo
1062 4291 1323 4356 Christianorum
1342 4290 1505 4370 occubuit,
1530 4297 1564 4355 et
1585 4311 1646 4354 nos
1669 4312 1688 4354 a
1708 4291 1869 4377 principio
1884 4293 2097 4378 promotionis
2118 4363 2122 4373 ,

442 4403 554 4463 nostre
577 4401 644 4460 tam
666 4417 783 4480 graves
807 4396 937 4461 labores
961 4397 1176 4460 sustinuimus
1201 4401 1234 4459 et
1257 4415 1431 4480 expensas,
1454 4399 1553 4478 tuque
1577 4416 1596 4458 a
1618 4400 1685 4458 tam
1708 4395 1805 4479 longo
1828 4401 1977 4483 temporo
2002 4417 2099 4482 supra

443 4500 632 4587 opinionem
656 4499 799 4563 omnium
827 4499 998 4576 laborasti,
1031 4506 1063 4563 te
1087 4498 1220 4563 infinitis
1249 4498 1405 4584 periculis
1429 4497 1642 4583 exponendo,
1671 4519 1744 4561 cum
1767 4498 1867 4562 etiam
1892 4498 1933 4564 dc
1957 4500 2099 4585 erogatis

443 4605 484 4668 ab
520 4603 594 4667 aliis
628 4600 669 4666 ad
701 4602 805 4687 ipsius
838 4603 1077 4688 promotionem
1112 4603 1236 4687 nogotii
1271 4603 1312 4666 sit
1347 4622 1502 4665 numerus
1532 4622 1763 4686 expensarum.
1818 4600 1921 4666 Porro
1956 4603 2098 4686 benigne

443 4705 585 4792 receptis
608 4705 727 4769 litteris
756 4705 821 4769 tuis
852 4711 885 4769 et
914 4705 1144 4776 consideratis,
1175 4726 1238 4790 que
1269 4705 1347 4769 olim
1378 4710 1512 4789 aparte
1535 4704 1640 4768 altera
1664 4709 1738 4767 sunt
1760 4703 1886 4785 oblata,
1915 4712 1949 4770 et
1972 4727 2035 4790 quc
2058 4705 2098 4768 ab

445 4808 562 4874 eadem
584 4808 713 4872 noviter
728 4808 919 4889 offeruntur,
943 4809 1051 4894 pactio
1075 4809 1108 4872 in
1125 4809 1245 4872 litteris
1268 4809 1348 4894 ipsis
1366 4829 1534 4892 expressa,
1560 4828 1632 4870 cum
1655 4807 1719 4871 iam
1743 4807 1864 4872 dudum
1879 4807 2098 4872 conditionem

443 4911 566 4976 habere
595 4913 799 4998 potuerimus
830 4933 914 4998 eque
950 4914 1084 4992 bonam,
1119 4913 1202 4976 siout
1234 4919 1266 4976 te
1298 4911 1391 4996 quasi
1427 4911 1553 4988 statim,
1588 4910 1674 4993 quod
1702 4910 1867 4996 Egyptum
1901 4911 2097 4997 applicuisti,
2147 4937 2170 4974 ss

444 5015 628 5101 accepimus
651 5015 833 5094 referente,
857 5023 950 5101 grata
973 5016 1066 5080 nobis
1089 5038 1155 5080 uon
1178 5016 1285 5101 potuit
1308 5015 1450 5079 existere
1475 5013 1526 5076 vol
1550 5014 1717 5099 accepta².
1765 5013 1850 5076 Sane
1873 5013 1953 5077 licet
1976 5013 2097 5098 signifi·

445 5119 626 5184 severimus
642 5117 702 5182 tibi
719 5139 779 5204 per
794 5119 876 5182 alias
892 5119 1030 5198 litteras,
1054 5119 1163 5204 quodr
1186 5118 1380 5182 karissimus
1397 5117 1430 5180 in
1447 5116 1578 5180 Christo
1594 5117 1681 5181 lilius
1696 5122 1808 5181 noster
1822 5115 1859 5180 F.
1875 5116 2097 5181 Romanorum
2146 5181 2152 5194 ,

443 5222 620 5308 imperator
643 5228 676 5286 et
704 5242 834 5307 semper
856 5227 1013 5305 augustus
1039 5229 1072 5286 et
1095 5243 1155 5286 rex
1171 5221 1282 5285 Sicilie
1306 5227 1381 5285 ante
1405 5226 1439 5284 et
1461 5226 1537 5305 post
1552 5221 1795 5285 coronationem
1819 5241 1911 5284 suam
1935 5226 1969 5285 et
1989 5221 2023 5284 in
2046 5219 2097 5285 dic

549 5513 571 5578 ⁶)
590 5531 654 5580 quas
672 5513 704 5564 a.

549 5649 575 5717 1)
594 5653 790 5720 Imperatorem
807 5649 903 5724 paleas
918 5654 1041 5722 paratas
1058 5669 1121 5706 asoa
1139 5651 1324 5708 trammrsr‘ssa
1342 5648 1522 5722 conspertmas
1541 5665 1576 5706 aa·
1594 5665 1621 5706 n.
1640 5653 1701 5706 177.
1771 5649 1799 5713 2)
1822 5649 1865 5722 Cf.
1884 5665 1910 5702 rs.
1929 5654 1989 5704 159.
2146 5667 2170 5706 a
