4596 6406
782 379 982 436 amsuomn
999 377 1190 436 SELECTAE.
1227 381 1302 436 laea.

1020 763 1107 842 758.

318 880 510 991 (treme
543 907 599 973 rx
627 928 714 989 papa
741 907 839 972 eam
868 906 1016 986 macac,
1058 912 1094 972 a
1121 908 1289 974 melinum
1324 910 1362 974 a
1390 909 1533 974 nomano
1564 909 1869 989 communicarem,

206 1013 273 1078 nisi
295 1012 385 1094 infra
406 1031 540 1076 mensem
561 1011 605 1077 od
626 1011 809 1076 mandatnm
831 1010 974 1074 ecciesiae
991 1011 1130 1090 redierit,
1151 1013 1295 1078 omnibns
1311 1013 1428 1098 fendis,
1450 1033 1531 1094 qnae
1551 1034 1573 1076 a
1591 1012 1757 1077 Tcmieina
1776 1013 1868 1078 otiis-

207 1136 266 1196 qae
288 1116 424 1180 ecclesiis
445 1115 590 1194 obtineat,
611 1116 740 1197 pmuarc
762 1113 893 1178 stadem.
1511 1117 1604 1196 1239,
1626 1115 1706 1182 Nae.
1728 1117 1782 1182 20.

313 1251 396 1320 arey.
415 1251 466 1305 rx
481 1251 549 1320 1209.
568 1247 631 1306 mo.
649 1249 738 1315 xrrr,
757 1252 814 1304 rso.

960 1446 1120 1522 Eidem.

316 1593 399 1661 Oum
423 1595 507 1660 sicut
529 1596 717 1682 accepimus
733 1595 890 1662 Eaelinus
913 1596 954 1662 de
969 1597 1130 1679 Romano,
1154 1597 1218 1664 Dei
1242 1607 1276 1664 et
1291 1599 1431 1665 ecclesie
1454 1597 1616 1678 inimicus,
1639 1595 1778 1664 diversis
1801 1619 1860 1663 ex-

207 1699 537 1766 communicationum
561 1701 735 1766 sententiis
757 1701 953 1766 auctoritste
977 1702 1160 1788 apostolica
1183 1703 1250 1767 suis
1281 1703 1387 1789 culpis
1411 1701 1621 1788 exigentibus
1644 1702 1687 1766 sit
1709 1703 1861 1767 astrictus

207 1811 240 1870 et
261 1803 296 1868 in
319 1804 399 1891 ipsis
430 1825 488 1891 per
516 1803 692 1870 triennium
722 1809 755 1868 et
785 1804 926 1889 amplius
958 1805 1157 1890 perstiterit,
1185 1805 1437 1893 dampnabiliter
1469 1806 1578 1872 eleves
1610 1805 1750 1872 ecclesie
1781 1827 1859 1872 con·

209 1905 425 1995 tempuendo:
449 1908 526 1994 quia
549 1908 684 1994 dignum
707 1915 768 1983 est,
792 1915 829 1972 ut
851 1928 933 1993 quos
949 1907 1014 1974 Dei
1037 1909 1170 1975 timore
1186 1910 1270 1976 malo
1287 1930 1352 1974 non
1369 1916 1513 1989 revocat,
1538 1910 1729 1995 temporalis
1745 1910 1865 1975 saltem

132 2028 157 2067 ¹⁰
209 2009 384 2077 coherceat
406 2011 593 2100 disciplina,
623 2009 831 2092 mandamus,
862 2011 1015 2096 quatinus
1044 2009 1203 2095 eundem,
1226 2013 1291 2078 nisi
1314 2035 1335 2078 a
1357 2019 1390 2078 te
1412 2012 1556 2078 monitus
1580 2010 1757 2098 diligenter
1778 2013 1866 2078 intra

208 2136 356 2180 mensem
379 2114 421 2179 ad
452 2114 642 2180 mandatum
673 2113 814 2179 ecclesie
845 2111 980 2178 redierit
1009 2135 1114 2200 prona
1144 2121 1275 2197 monte,
1310 2117 1461 2181 omnibus
1492 2114 1616 2197 feudis,
1653 2136 1716 2200 que
1751 2121 1819 2180 tam
1846 2137 1866 2180 a

208 2217 383 2284 Terrisiua
405 2239 502 2304 quarn
525 2219 598 2283 aliis
623 2217 774 2283 ecclesiis
799 2215 980 2281 dinoscitur
1003 2216 1169 2299 obtinere,
1197 2219 1331 2285 studeas
1361 2220 1556 2285 auctoritate
1584 2224 1697 2283 nostra
1725 2219 1866 2305 privare,

208 2316 315 2410 ipsum
338 2323 500 2409 privatum
524 2325 572 2388 eis
595 2323 830 2388 nichilominus
853 2319 1051 2402 nuntiando,
1075 2343 1234 2407 expresse
1258 2323 1320 2390 sibi
1344 2347 1387 2389 ex
1409 2329 1502 2410 parte
1526 2327 1639 2386 nostra
1661 2328 1863 2404 contestans,

208 2426 294 2513 quod
316 2447 376 2490 nos
403 2447 446 2490 ex
469 2433 546 2490 tunc
569 2426 603 2490 in
630 2447 704 2491 eum
733 2432 888 2512 tanquam
920 2426 954 2490 iu
982 2425 1164 2491 hereticum
1193 2433 1226 2491 et
1258 2434 1518 2514 contemptorem
1550 2425 1691 2492 ecclesie
1724 2426 1865 2491 clavium

132 2547 155 2586 ¹⁵
208 2530 433 2617 procedemus.

193 2661 196 2666 “
314 2652 390 2717 Dat.
414 2657 450 2716 ut
473 2671 581 2739 supra.

994 3034 1080 3108 759.

311 3149 503 3260 Gremio
533 3175 588 3241 rx
612 3195 704 3257 papa
736 3175 868 3261 [ree]
902 3175 1040 3256 metopo
1069 3174 1232 3240 aeaco
1265 3175 1374 3241 eran
1407 3193 1439 3240 se
1471 3194 1575 3240 onmes
1604 3172 1812 3238 enecans
1838 3193 1860 3237 a

204 3281 369 3348 Friderico
400 3281 481 3345 dicto
512 3281 698 3360 imperatore
723 3278 856 3344 Eeeiino
884 3279 921 3344 de
948 3279 1093 3345 Romano
1122 3284 1180 3346 ant
1209 3281 1286 3345 aliis
1312 3280 1349 3345 de
1376 3280 1465 3345 bonis
1496 3280 1640 3344 ecciesiae
1676 3279 1858 3343 Tercisinae

206 3385 311 3468 (aces
331 3386 444 3450 irritas
465 3384 635 3449 accensere.
1504 3385 1597 3462 1239,
1620 3382 1699 3447 Noe.
1723 3383 1775 3448 20.

128 3525 155 3564 2⁰
311 3519 392 3591 Grep.
411 3522 459 3574 IX
472 3519 539 3590 Rep.
561 3518 620 3574 Vol.
645 3521 691 3589 VJ,
709 3523 776 3582 130,·
792 3517 853 3574 Lib.
873 3520 959 3586 XIII,
978 3523 1038 3575 150.

751 3806 760 3825 .
789 3805 798 3825 .
828 3749 1036 3843 episcopo
1065 3749 1313 3824 Tervisino.

313 3899 439 3966 Haberi
461 3905 532 3966 rata
554 3899 707 3964 nolentes
730 3921 793 3985 que
817 3899 858 3964 ab
886 3900 986 3986 impio
1010 3897 1180 3966 Friderico
1209 3898 1297 3964 dioto
1326 3899 1540 3986 imperatore,
1573 3896 1640 3962 Dei
1662 3903 1697 3962 et
1718 3896 1860 3962 ecclesie

206 4007 349 4088 inimico,
373 4006 658 4072 excommunicato
681 4027 703 4070 a
725 4003 819 4070 nobis
835 4004 1045 4090 exigentibus
1062 4005 1168 4090 culpis
1186 4003 1265 4084 suis,
1288 4010 1414 4069 temere
1431 4009 1507 4068 sunt
1523 4007 1722 4090 presumpta,
1747 4020 1861 4064 omnes

207 4111 438 4176 concessiones
467 4129 525 4174 seu
554 4109 767 4175 investituras
794 4108 899 4172 tactas
929 4107 971 4172 ab
999 4128 1039 4173 eo
1068 4106 1205 4172 Eaelino
1238 4106 1279 4172 de
1306 4105 1456 4172 Romano
1491 4104 1775 4170 excommunicato
1804 4108 1864 4167 aut

128 4231 154 4271 ²⁵
206 4215 369 4301 aliquibus
398 4214 471 4279 aliis
501 4212 542 4278 de
571 4215 704 4294 castris,
736 4211 1018 4300 possessionibus,
1044 4208 1344 4290 iurisdictionibus,
1373 4209 1499 4274 iuribus
1532 4215 1565 4274 ot
1592 4207 1691 4274 rebus
1723 4207 1797 4272 aliis
1821 4205 1863 4272 ad

207 4325 296 4384 tuam
319 4324 353 4382 et
374 4318 455 4383 alias
479 4318 638 4383 ecelesias
661 4317 803 4381 civitatis
827 4322 861 4381 et
884 4315 1026 4381 diocesis
1042 4314 1214 4380 Terrisine
1232 4314 1457 4400 spectantibus
1480 4314 1590 4379 irritas
1613 4333 1688 4378 esse
1711 4312 1861 4378 decerni-

206 4444 278 4487 mus
302 4429 337 4488 et
359 4423 483 4504 inanes,
507 4422 690 4510 privilegiis
714 4427 748 4487 et
770 4421 998 4485 instrumentis
1022 4417 1181 4485 conlectis
1205 4418 1326 4485 exinde
1342 4419 1465 4484 nullam
1482 4416 1707 4483 obtinentibus
1729 4415 1862 4501 penitus

205 4526 404 4594 firmitatem.

313 4649 389 4717 Dat.
410 4657 447 4716 at
469 4670 577 4736 supra.

827 4751 1239 4762 ——-—-—-—---

988 5049 1075 5124 760.

127 5209 153 5250 ³⁰
314 5164 595 5284 medicandae]
626 5213 684 5260 ree
717 5191 872 5259 mellae
901 5190 1052 5273 Greporio
1082 5185 1138 5254 ΙΧ
1166 5209 1270 5271 papae
1303 5185 1491 5252 demtionem
1524 5203 1616 5249 aiom
1648 5201 1723 5266 erpa
1760 5183 1861 5248 sedem

202 5303 403 5384 apostolicam
430 5300 572 5381 exponit,
607 5299 694 5380 eique
725 5297 855 5362 nuntiat
880 5315 912 5359 se
946 5295 995 5361 W.
1019 5295 1160 5359 abbatem
1191 5293 1303 5358 Sancti
1331 5289 1481 5357 Facundi
1511 5289 1683 5365 destinare,
1716 5292 1752 5352 at
1790 5307 1858 5352 cnm

203 5406 330 5470 licentia
352 5404 454 5486 ipsias
475 5403 518 5468 ad
539 5405 756 5486 imperatorem
777 5401 921 5467 ecclesiia
941 5397 1207 5466 reconciliantem
1224 5401 1335 5477 partes
1357 5412 1433 5458 snas
1455 5393 1710 5560 interssopptboe
1740 5499 1762 5558 4

309 5611 393 5680 Grep.
412 5611 458 5662 IX
475 5609 542 5678 Rep.
557 5609 615 5664 Vei
640 5611 703 5673 1⁷11,
723 5613 756 5676 83
774 5608 837 5664 Lib.
857 5607 939 5672 XIV,
952 5611 998 5660 38.

128 5703 153 5742 ³⁵
309 5697 452 5768 chnatdi
471 5699 541 5752 Ann.
558 5697 619 5751 eret.
639 5713 664 5749 a.
685 5701 765 5762 1239,
782 5699 799 5760 ξ
816 5699 928 5749 ⁴1-ra.
1599 5776 1652 5830 83*
