4604 6420
454 387 516 448 336
1032 383 1079 436 EX
1099 381 1273 435 ennoean
1293 383 1330 436 IX
1349 382 1528 437 REGISTRO

456 559 582 622 exultat
614 557 747 643 spiritus
778 562 890 620 noster
919 556 952 620 in
983 555 1056 620 Deo
1080 556 1231 632 salutari,
1264 557 1319 641 qui
1342 555 1592 641 deprecationes
1616 559 1744 617 nostras
1768 559 1802 622 et
1824 549 2113 616 misericordiane
2162 573 2179 598 ·

457 660 553 724 nobis
576 681 641 725 non
664 680 835 734 amovens,
859 659 950 724 cordi
973 665 1028 723 tuo
1052 659 1307 724 misericorditer
1330 659 1517 746 inspiravit,
1540 666 1576 723 ut
1599 658 1706 723 animo
1730 665 1785 722 tue
1809 657 1917 735 saluti,
1940 654 2112 742 dignitatis

457 764 573 828 honori
590 770 623 828 et
636 763 811 827 multorum
829 763 931 848 quieti
947 762 1082 849 provide
1099 763 1284 843 consulens,
1307 763 1349 827 ad
1373 764 1426 850 pie
1443 764 1555 827 matris
1572 762 1732 847 gremium
1747 759 1867 827 devote
1891 759 2026 838 redires,
2048 781 2113 845 que

435 923 436 926 ,
463 869 497 931 in
522 866 751 953 expectatione
775 866 823 929 tui
846 865 1002 930 maternis
1025 865 1197 930 affectibus
1222 866 1420 932 cruciatibus
1450 867 1594 931 emciata
1621 886 1700 951 sepe
1728 886 1787 950 pro
1816 871 1873 928 tua
1899 863 2114 928 conversione

340 996 377 1038 os.
394 999 448 1044 aa.
464 970 539 1035 thus
563 970 720 1035 orationis
735 968 877 1034 Domino
901 969 1091 1055 suppliciter
1113 968 1267 1048 adolevit,
1292 977 1325 1034 et
1342 970 1521 1060 immolavit
1541 968 1789 1034 lacrimabiliter
1803 967 1924 1031 vitulos
1939 965 2113 1040 labiorum,
2180 1013 2185 1024 .

459 1074 635 1138 multorum
665 1073 804 1137 filiorum
832 1072 1014 1157 periculum
1044 1072 1309 1157 perhorrescens.
1359 1073 1454 1137 Nune
1487 1080 1597 1137 autem
1633 1073 1709 1158 quia
1741 1071 1846 1135 maius
1874 1069 2031 1155 gaudium
2063 1075 2116 1134 est

323 1177 587 1261 cuc.1s.r.angslis
611 1175 676 1240 Dei
699 1197 797 1262 super
819 1196 883 1239 uno
915 1181 1089 1261 peccatore
1118 1175 1331 1260 penitentiam
1363 1182 1499 1260 agente,
1534 1196 1630 1261 quam
1661 1195 1760 1261 supra
1790 1173 1967 1258 nonaginta
1994 1194 2115 1238 novem

460 1280 580 1360 iustos,
613 1281 667 1365 qui
701 1301 737 1345 se
772 1284 942 1343 autumant
971 1278 1152 1365 penitentia
1182 1299 1245 1342 non
1275 1299 1389 1363 egere,
1424 1278 1541 1343 iubilat
1570 1277 1712 1343 eeclesia
1739 1277 1921 1362 generalis,
1955 1297 1996 1342 co
2027 1275 2116 1361 quod

460 1382 656 1448 tenebrosus
683 1382 795 1458 turbo,
825 1382 880 1466 qui
912 1403 997 1468 pene
1027 1381 1209 1446 involverat
1238 1402 1367 1446 omnem
1397 1388 1536 1452 terram,
1570 1382 1636 1446 luci
1664 1380 1751 1446 cedit
1780 1387 1910 1468 optate,
1939 1380 2117 1465 fragorque

460 1483 592 1550 horride
614 1485 839 1570 tempestatis,
862 1505 924 1569 que
948 1485 1058 1548 multis
1083 1483 1249 1548 excidium
1272 1485 1473 1562 minabatur,
1503 1484 1668 1551 arridente
1692 1486 1880 1550 serenitatis
1903 1485 2010 1570 gratia
2033 1483 2113 1548 sub-

462 1587 597 1653 silescit.
652 1586 722 1651 Nos
754 1588 854 1651 etiam
883 1587 997 1651 salutis
1027 1594 1059 1652 et
1095 1587 1228 1652 honoris
1257 1589 1304 1652 tui
1334 1588 1516 1674 profectum
1552 1589 1688 1654 sinceris
1706 1588 1895 1654 ,affectibus
1931 1587 2118 1674 cupientes,

462 1691 626 1757 Altissimi
649 1691 906 1756 misericordiam
922 1692 1088 1756 humiliter
1110 1693 1334 1777 imploramus,
1358 1698 1395 1756 ut
1417 1693 1472 1776 qui
1495 1700 1528 1757 te
1545 1694 1712 1758 revocavit
1728 1691 1895 1772 advitam,
1911 1691 1968 1756 det
1983 1690 2116 1755 virtutis

463 1795 679 1860 constantiam
703 1800 867 1874 revocato,
891 1802 1050 1880 quatenus
1074 1795 1130 1860 ubi
1153 1795 1330 1860 abundavit
1345 1794 1489 1877 dilectio,
1512 1795 1657 1861 abundet
1680 1802 1714 1861 et
1737 1795 1853 1882 gratia,
1876 1800 1910 1859 et
1931 1792 2117 1880 precedens

463 1899 577 1984 lapsus
606 1903 639 1962 te
669 1895 783 1961 reddat
813 1897 846 1961 in
874 1897 1025 1961 omnibus
1054 1899 1252 1978 cautiorem,
1283 1900 1359 1983 quia
1387 1897 1603 1984 proculdubio
1633 1919 1698 1963 non
1728 1905 1779 1962 est
1800 1918 1909 1975 amor,
1933 1897 1987 1983 qui
2010 1896 2120 1983 possit

465 2001 577 2087 equari
593 2007 751 2079 matema
767 2021 828 2065 nec
845 2001 942 2066 ullius
960 2001 1126 2066 efficacior
1142 2022 1222 2086 erga
1243 2007 1275 2066 te
1291 2023 1388 2086 quam
1408 2002 1547 2067 ecclesie
1568 2003 1705 2067 affectus
1721 2002 1826 2087 gratie
1841 2002 1951 2066 valeat
1965 2000 2118 2065 inveniri.
2173 2017 2197 2056 1³

463 2104 540 2190 Ipse
564 2123 702 2189 quoque,
726 2103 773 2167 fili
796 2104 979 2184 karissime,
1002 2104 1087 2191 parti
1110 2111 1166 2169 tue
1189 2103 1303 2168 adesto
1326 2105 1498 2182 sollicitus,
1521 2126 1563 2170 ue
1586 2104 1627 2170 de
1645 2111 1760 2188 cetero
1782 2104 1918 2191 patiaris
1941 2109 1975 2168 te
1998 2101 2120 2167 abduci

464 2208 517 2272 vel
539 2205 660 2271 seduci
691 2207 801 2293 pravis
832 2207 979 2272 consiliis
1009 2197 1255 2293 perversomm,
1286 2209 1341 2293 qui
1370 2228 1435 2273 non
1463 2230 1526 2294 que
1559 2214 1616 2273 tua
1644 2206 1702 2273 sed
1731 2228 1794 2294 que
1824 2228 1884 2271 sua
1907 2212 1983 2271 sunt
2005 2206 2119 2292 inique

467 2315 653 2394 querentes,
676 2309 839 2375 fascinare
862 2316 896 2374 te
920 2310 1077 2394 gestiunt,
1101 2316 1138 2382 ut
1161 2331 1341 2397 exasperes
1356 2318 1494 2377 matrem
1511 2318 1611 2376 tuam.
1651 2311 1805 2376 Ceterum
1822 2332 1895 2376 cum
1910 2311 1943 2374 in
1960 2309 2119 2374 solemni-

465 2419 532 2478 tate
555 2420 622 2477 tam
647 2411 781 2491 celebri,
806 2420 871 2478 tam
890 2413 1038 2492 solemni,
1062 2411 1191 2498 quando
1213 2418 1246 2480 te
1269 2414 1363 2498 quasi
1386 2415 1418 2478 in
1442 2435 1562 2479 novum
1579 2415 1745 2480 hominem
1769 2415 1944 2480 reformato
1961 2410 2121 2497 gloriatur

465 2505 610 2582 celestis
628 2517 718 2582 curia
745 2523 779 2582 et
808 2517 955 2582 seculum
986 2515 1197 2590 incendatur,
1230 2519 1505 2602 magnificentiam
1528 2525 1617 2583 tuam
1640 2518 1801 2582 munificis
1830 2516 1946 2582 deceat
1976 2516 2119 2580 affluere
2173 2531 2185 2570 2

465 2621 635 2686 beneficiis
664 2619 813 2706 pietatis,
847 2640 887 2684 eo
918 2617 1005 2704 quod
1040 2641 1104 2683 non
1132 2621 1237 2684 solum
1266 2620 1444 2685 Christiani
1473 2621 1639 2707 principes
1670 2620 1729 2686 sed
1769 2621 1868 2685 etiam
1898 2619 2035 2706 pagani,
2065 2618 2121 2703 qui

465 2745 577 2788 veram
598 2722 664 2788 Dei
685 2723 923 2804 notitiam-non
945 2722 1127 2800 habebant,
1150 2724 1184 2788 in
1208 2725 1275 2788 suis
1292 2724 1556 2789 solemnitatibus
1579 2724 1780 2789 tenebantur
1799 2724 1940 2804 liberare
1956 2722 2120 2808 captivos:

466 2849 536 2907 nos,
561 2826 616 2913 qui
637 2848 697 2912 pro
721 2826 857 2912 captivis
881 2832 914 2890 et
936 2826 1072 2890 afflictis
1095 2848 1187 2891 orare
1211 2833 1371 2902 tenemur,
1394 2849 1529 2913 precum
1552 2834 1737 2892 nostrarum
1761 2828 1920 2914 primitias
1945 2826 2122 2891 affectione

466 2931 676 3018 plenissimas
692 2929 853 3015 imperiali
869 2929 1112 2994 mansuetudini
1123 2929 1276 2995 duximus
1290 2929 1511 3010 destinandas,
1528 2951 1587 3016 pro
1602 2931 1735 3017 speciali
1752 2951 1887 2996 munere
1903 2930 2122 3016 postulantes,

468 3039 503 3098 et
523 3031 712 3097 adiurantes
735 3053 795 3119 per
817 3033 909 3096 illum
930 3035 1096 3118 angelum,
1126 3055 1222 3120 quem
1247 3033 1408 3099 Dominus
1434 3033 1476 3099 ad
1498 3034 1606 3100 anime
1632 3055 1671 3099 ac
1696 3034 1841 3121 corporis
1868 3035 1916 3099 tui
1938 3031 2122 3099 custodiam
2174 3045 2193 3084 2·

469 3135 648 3221 deputavit,
678 3155 729 3216 ne,
754 3134 840 3221 quod
861 3135 957 3215 absit,
981 3137 1156 3202 contristes
1180 3136 1331 3216 eundem,
1354 3138 1409 3222 qui
1432 3138 1587 3224 precipue
1611 3136 1652 3203 de
1675 3144 1731 3202 tua
1754 3138 1967 3202 conversione
1989 3138 2123 3216 letatur,

469 3246 630 3326 quatenus
653 3238 687 3302 in
709 3239 771 3303 hac
794 3239 1011 3318 solemnitate,
1034 3261 1097 3324 que
1122 3240 1274 3325 specialis
1298 3247 1349 3304 est
1371 3240 1536 3305 festivitas
1557 3242 1760 3326 angelorum,
1789 3241 1917 3305 comitis
1939 3239 2065 3304 Tharne
2090 3245 2124 3304 et

470 3342 632 3431 quondam
646 3341 809 3427 Raynaldi
824 3341 864 3406 dc
878 3341 1006 3407 Aversa
1021 3343 1105 3407 filios
1124 3343 1219 3407 uobis
1243 3343 1427 3408 liberaliter
1442 3343 1602 3429 largiaris,
1621 3365 1679 3409 eos
1697 3343 1738 3408 ad
1757 3350 1902 3409 nostram
1921 3343 2122 3429 presentiam

443 3469 444 3472 ¹
470 3444 680 3525 remittendo,
714 3445 790 3531 quia
814 3445 893 3509 licet
920 3443 1096 3510 secundum
1125 3447 1262 3511 formam
1288 3447 1428 3532 pacis'a
1454 3446 1655 3533 principibus
1680 3453 1885 3533 acceptatam
1911 3447 1952 3512 de
1978 3448 2124 3534 ipsomm

469 3551 663 3616 liberatione
686 3569 751 3613 non
774 3549 872 3614 fuerit
895 3547 1089 3624 dubitatum,
1114 3550 1142 3613 si
1165 3571 1331 3636 nunquam
1354 3555 1465 3614 tamen
1489 3556 1662 3614 tractatum
1685 3551 1811 3632 fuisset,
1834 3571 2040 3637 nequaquam
2064 3571 2122 3615 eos

471 3654 611 3719 ecclesie
631 3674 753 3738 negare
773 3658 806 3717 te
828 3652 934 3732 decet,
958 3673 1021 3738 que
1044 3653 1103 3716 tibi
1123 3660 1235 3739 potest
1256 3656 1290 3718 in
1312 3655 1411 3738 longe
1431 3653 1608 3719 maioribus
1624 3654 1834 3742 respondere.
1877 3654 1924 3720 Ut
1943 3653 2021 3739 quid
2036 3655 2123 3718 euim

470 3757 519 3823 illi
535 3756 721 3842 affligantur
735 3757 884 3837 ulterius,
909 3777 982 3820 cum
1005 3762 1038 3820 te
1061 3757 1126 3820 iam
1149 3777 1214 3821 non
1233 3762 1384 3843 oporteat
1406 3755 1439 3818 in
1460 3756 1568 3841 aliquo
1585 3757 1748 3836 dubitare,
1771 3759 1827 3844 qui
1843 3757 1969 3822 habens
1991 3777 2124 3821 manum

471 3861 612 3926 ecclesie
640 3858 847 3941 adiutricem,
869 3861 991 3946 ubique
1013 3882 1052 3925 ac
1075 3860 1217 3947 undique
1241 3883 1357 3927 secura
1378 3866 1473 3947 potes
1496 3861 1641 3946 gaudere
1663 3864 1795 3948 quiete?
1833 3862 1936 3927 Nobis
1960 3860 2124 3946 siquidem

471 3963 696 4050 principaliter
710 3969 855 4028 atrocem
870 3962 1007 4047 irrogari
1024 3970 1249 4048 reputaremus
1266 3964 1428 4036 iniuriam,
1451 3963 1479 4027 si
1496 3970 1610 4030 contra
1625 3973 1670 4040 te,
1691 3967 1777 4053 quod
1798 3966 1894 4044 absit,
1917 3966 2125 4050 contingeret

471 4065 594 4151 aliquid
615 4066 812 4152 attemptari.

578 4184 654 4250 Dat.
677 4186 839 4274 Anagnis,
862 4187 894 4250 V
915 4186 989 4252 Kal.
1014 4187 1105 4274 Sept.
1128 4189 1336 4274 pontificatus
1359 4192 1463 4257 nostri
1484 4214 1570 4257 anno
1593 4191 1651 4256 IV.

1090 4523 1500 4531 —————--———————

1257 4850 1345 4922 417.

582 4963 773 5073 Gregorius
794 4989 851 5054 IX
867 5010 956 5070 propo
981 4987 1101 5054 Christi
1117 4988 1226 5070 fideles
1247 4988 1400 5054 Pruteuis
1421 4989 1540 5054 viciuos
1562 4992 1670 5068 armat,
1693 4994 1729 5053 ut
1747 4995 1888 5071 pobatcr
1909 5013 1941 5056 sc
1962 4992 2130 5075 maneant

472 5098 517 5163 ad
534 5115 676 5180 pupuom
701 5095 810 5157 contra
832 5110 978 5174 pequam
1005 5090 1090 5171 illos,
1118 5091 1174 5174 qui
1199 5091 1398 5157 Gliristiauos
1426 5092 1540 5156 ibidem
1566 5092 1731 5157 essenus
1758 5093 1926 5172 trucident,
1956 5094 2130 5176 quibusque

471 5202 591 5283 fratres
614 5197 852 5262 Teutonicorum
872 5213 894 5258 o
914 5193 1100 5278 [Oourodo]
1126 5193 1203 5260 duce
1224 5193 1393 5260 Mareotae
1414 5194 1458 5260 ad
1477 5195 1637 5259 auxilium
1659 5195 1830 5260 introducti
1851 5216 1913 5277 per
1933 5215 1966 5262 se
1986 5197 2130 5262 resistere

472 5303 638 5384 '‘mm‘'
1764 5367 1858 5444 1230,
1881 5365 1966 5448 aar.
1989 5369 2042 5431 13.
2177 5299 2202 5337 ⁴⁰

580 5504 662 5574 Grae.
678 5505 727 5558 IX
744 5503 813 5572 Rep.
829 5502 888 5557 Vol.
906 5503 951 5573 II,
971 5505 1023 5569 305
1042 5502 1103 5556 lto.
1122 5503 1175 5572 IV,
1196 5505 1236 5557 61.
1284 5501 1406 5558 Edimus
1427 5503 1498 5558 hanc
1513 5503 1656 5573 epistolam
1674 5518 1709 5556 ex
1720 5503 1815 5575 Rapa.
1827 5504 1901 5558 Ana.
1919 5504 1982 5558 eccl.
2001 5511 2029 5559 α’.
2047 5506 2131 5573 1230,

474 5597 491 5660 ὅ
508 5595 554 5658 23,
573 5592 728 5662 suppletam
746 5607 780 5644 ex
804 5588 928 5655 flectam
947 5588 1024 5643 Mon.
1043 5588 1139 5644 Polou.
1158 5595 1177 5644 t.
1195 5590 1221 5660 1,
1236 5608 1267 5661 p.
1285 5593 1332 5655 20,
1349 5607 1376 5644 a.
1395 5592 1428 5645 41
1447 5589 1517 5660 [Tr.

578 5677 715 5747 Potthost,
731 5675 798 5746 Rea.
818 5679 904 5732 8603.
