<?xml version="1.0" encoding="UTF-8"?>
<!DOCTYPE html PUBLIC "-//W3C//DTD XHTML 1.0 Transitional//EN"
    "http://www.w3.org/TR/xhtml1/DTD/xhtml1-transitional.dtd">
<html xmlns="http://www.w3.org/1999/xhtml" xml:lang="en" lang="en">
 <head>
  <title>
</title>
<meta http-equiv="Content-Type" content="text/html;charset=utf-8" />
  <meta name='ocr-system' content='tesseract 3.04.00' />
  <meta name='ocr-capabilities' content='ocr_page ocr_carea ocr_par ocr_line ocrx_word'/>
</head>
<body>
  <div class='ocr_page' id='page_1' title='image "./monumentagerman00peipgoog/monumentagerman00peipgoog_0596.png"; bbox 0 0 4590 6366; ppageno 0'>
   <div class='ocr_carea' id='block_1_1' title="bbox 766 355 1851 430">
    <p class='ocr_par' dir='ltr' id='par_1_1' title="bbox 766 355 1851 430">
     <span class='ocr_line' id='line_1_1' title="bbox 766 355 1851 430; baseline 0.017 -18"><span class='ocrx_word' id='word_1_1' title='bbox 766 355 965 412; x_wconf 74' lang='lat' dir='ltr'>EPISTOLAE</span> <span class='ocrx_word' id='word_1_2' title='bbox 984 356 1172 414; x_wconf 79' lang='lat' dir='ltr'>SELECTAE.</span> <span class='ocrx_word' id='word_1_3' title='bbox 1209 360 1285 415; x_wconf 72' lang='lat' dir='ltr'>laet.</span> <span class='ocrx_word' id='word_1_4' title='bbox 1788 365 1851 430; x_wconf 85' lang='grc'>573</span> 
     </span>
    </p>
   </div>
   <div class='ocr_carea' id='block_1_2' title="bbox 198 531 1852 930">
    <p class='ocr_par' dir='ltr' id='par_1_2' title="bbox 198 531 1852 930">
     <span class='ocr_line' id='line_1_2' title="bbox 199 531 1851 624; baseline 0.004 -27"><span class='ocrx_word' id='word_1_5' title='bbox 199 531 370 620; x_wconf 85' lang='lat' dir='ltr'>proveniat</span> <span class='ocrx_word' id='word_1_6' title='bbox 393 538 427 598; x_wconf 95' lang='lat' dir='ltr'>et</span> <span class='ocrx_word' id='word_1_7' title='bbox 449 532 622 619; x_wconf 82' lang='lat' dir='ltr'>provenire</span> <span class='ocrx_word' id='word_1_8' title='bbox 646 533 757 598; x_wconf 81' lang='lat' dir='ltr'>valeat</span> <span class='ocrx_word' id='word_1_9' title='bbox 779 533 813 597; x_wconf 91' lang='lat' dir='ltr'>in</span> <span class='ocrx_word' id='word_1_10' title='bbox 836 532 994 614; x_wconf 86' lang='lat' dir='ltr'>futurum,</span> <span class='ocrx_word' id='word_1_11' title='bbox 1026 554 1125 618; x_wconf 91' lang='lat' dir='ltr'>super</span> <span class='ocrx_word' id='word_1_12' title='bbox 1147 535 1336 620; x_wconf 79' lang='lat' dir='ltr'>premissis,</span> <span class='ocrx_word' id='word_1_13' title='bbox 1359 535 1446 624; x_wconf 90' lang='lat' dir='ltr'>quod</span> <span class='ocrx_word' id='word_1_14' title='bbox 1470 536 1617 623; x_wconf 80' lang='lat' dir='ltr'>vigorem</span> <span class='ocrx_word' id='word_1_15' title='bbox 1641 544 1675 604; x_wconf 89' lang='lat' dir='ltr'>et</span> <span class='ocrx_word' id='word_1_16' title='bbox 1698 539 1851 604; x_wconf 90' lang='lat' dir='ltr'>stabilem</span> 
     </span>
     <span class='ocr_line' id='line_1_3' title="bbox 198 636 1852 725; baseline 0.004 -25"><span class='ocrx_word' id='word_1_17' title='bbox 198 636 385 700; x_wconf 90' lang='lat' dir='ltr'>firmitatem</span> <span class='ocrx_word' id='word_1_18' title='bbox 409 637 590 716; x_wconf 71' lang='lat' dir='ltr'><strong>obtineant,</strong></span> <span class='ocrx_word' id='word_1_19' title='bbox 614 636 757 701; x_wconf 85' lang='lat' dir='ltr'>efficacis</span> <span class='ocrx_word' id='word_1_20' title='bbox 780 637 950 723; x_wconf 78' lang='lat' dir='ltr'>vigilantis</span> <span class='ocrx_word' id='word_1_21' title='bbox 975 636 1120 701; x_wconf 90' lang='lat' dir='ltr'>studium</span> <span class='ocrx_word' id='word_1_22' title='bbox 1143 639 1332 725; x_wconf 89' lang='lat' dir='ltr'>apponatis;</span> <span class='ocrx_word' id='word_1_23' title='bbox 1355 637 1544 704; x_wconf 87' lang='lat' dir='ltr'>mandatum</span> <span class='ocrx_word' id='word_1_24' title='bbox 1568 649 1717 708; x_wconf 89' lang='lat' dir='ltr'>nostrum</span> <span class='ocrx_word' id='word_1_25' title='bbox 1740 643 1852 708; x_wconf 92' lang='lat' dir='ltr'>taliter</span> 
     </span>
     <span class='ocr_line' id='line_1_4' title="bbox 199 741 1850 832; baseline 0.003 -27"><span class='ocrx_word' id='word_1_26' title='bbox 199 741 384 826; x_wconf 82' lang='lat' dir='ltr'>impleturi,</span> <span class='ocrx_word' id='word_1_27' title='bbox 413 749 450 805; x_wconf 89' lang='lat' dir='ltr'>ut</span> <span class='ocrx_word' id='word_1_28' title='bbox 472 763 530 806; x_wconf 88' lang='lat' dir='ltr'>vos</span> <span class='ocrx_word' id='word_1_29' title='bbox 559 741 690 806; x_wconf 78' lang='lat' dir='ltr'><strong>felicem</strong></span> <span class='ocrx_word' id='word_1_30' title='bbox 720 747 841 806; x_wconf 88' lang='lat' dir='ltr'>statum</span> <span class='ocrx_word' id='word_1_31' title='bbox 864 742 967 807; x_wconf 88' lang='lat' dir='ltr'>Terre</span> <span class='ocrx_word' id='word_1_32' title='bbox 992 741 1113 807; x_wconf 81' lang='lat' dir='ltr'>Sancte</span> <span class='ocrx_word' id='word_1_33' title='bbox 1137 742 1275 829; x_wconf 87' lang='lat' dir='ltr'>diligere</span> <span class='ocrx_word' id='word_1_34' title='bbox 1298 743 1465 809; x_wconf 83' lang='lat' dir='ltr'>evidentia</span> <span class='ocrx_word' id='word_1_35' title='bbox 1495 745 1719 832; x_wconf 84' lang='lat' dir='ltr'>perpendatur</span> <span class='ocrx_word' id='word_1_36' title='bbox 1739 747 1850 832; x_wconf 90' lang='lat' dir='ltr'>operis</span> 
     </span>
     <span class='ocr_line' id='line_1_5' title="bbox 199 843 803 930; baseline 0.005 -22"><span class='ocrx_word' id='word_1_37' title='bbox 199 850 233 908; x_wconf 89' lang='lat' dir='ltr'>et</span> <span class='ocrx_word' id='word_1_38' title='bbox 255 843 348 907; x_wconf 85' lang='lat' dir='ltr'>vobis</span> <span class='ocrx_word' id='word_1_39' title='bbox 372 843 457 910; x_wconf 85' lang='lat' dir='ltr'>fame</span> <span class='ocrx_word' id='word_1_40' title='bbox 481 845 596 909; x_wconf 89' lang='lat' dir='ltr'>titulus</span> <span class='ocrx_word' id='word_1_41' title='bbox 619 845 803 930; x_wconf 84' lang='lat' dir='ltr'>amplietur.</span> 
     </span>
    </p>
   </div>
   <div class='ocr_carea' id='block_1_3' title="bbox 134 964 578 1051">
    <p class='ocr_par' dir='ltr' id='par_1_3' title="bbox 134 964 578 1051">
     <span class='ocr_line' id='line_1_6' title="bbox 134 964 578 1051; baseline 0.002 -21"><span class='ocrx_word' id='word_1_42' title='bbox 134 993 146 1030; x_wconf 79' lang='lat' dir='ltr'>s</span> <span class='ocrx_word' id='word_1_43' title='bbox 306 964 384 1030; x_wconf 89' lang='lat' dir='ltr'>Dat.</span> <span class='ocrx_word' id='word_1_44' title='bbox 408 972 445 1030; x_wconf 89' lang='lat' dir='ltr'>ut</span> <span class='ocrx_word' id='word_1_45' title='bbox 468 986 578 1051; x_wconf 91' lang='lat' dir='ltr'>supra.</span> 
     </span>
    </p>
   </div>
   <div class='ocr_carea' id='block_1_4' title="bbox 121 1084 1849 2003">
    <p class='ocr_par' dir='ltr' id='par_1_4' title="bbox 196 1084 1848 1274">
     <span class='ocr_line' id='line_1_7' title="bbox 303 1084 1848 1178; baseline 0.004 -29"><span class='ocrx_word' id='word_1_46' title='bbox 303 1084 344 1149; x_wconf 90' lang='lat' dir='ltr'>In</span> <span class='ocrx_word' id='word_1_47' title='bbox 377 1086 517 1152; x_wconf 91' lang='lat' dir='ltr'>eundem</span> <span class='ocrx_word' id='word_1_48' title='bbox 556 1087 626 1153; x_wconf 85' lang='lat' dir='ltr'>lere</span> <span class='ocrx_word' id='word_1_49' title='bbox 660 1088 793 1153; x_wconf 92' lang='lat' dir='ltr'>modum</span> <span class='ocrx_word' id='word_1_50' title='bbox 829 1088 933 1152; x_wconf 94' lang='lat' dir='ltr'>nobili</span> <span class='ocrx_word' id='word_1_51' title='bbox 961 1088 1031 1152; x_wconf 83' lang='lat' dir='ltr'>viro</span> <span class='ocrx_word' id='word_1_52' title='bbox 1061 1087 1100 1152; x_wconf 92' lang='lat'>0.</span> <span class='ocrx_word' id='word_1_53' title='bbox 1136 1087 1361 1154; x_wconf 77' lang='lat' dir='ltr'>comestabulo</span> <span class='ocrx_word' id='word_1_54' title='bbox 1395 1088 1582 1154; x_wconf 84' lang='lat' dir='ltr'>Acconensi</span> <span class='ocrx_word' id='word_1_55' title='bbox 1616 1095 1650 1154; x_wconf 91' lang='lat' dir='ltr'>et</span> <span class='ocrx_word' id='word_1_56' title='bbox 1683 1087 1848 1178; x_wconf 86' lang='lat' dir='ltr'>B[alieno]</span> 
     </span>
     <span class='ocr_line' id='line_1_8' title="bbox 196 1187 957 1274; baseline 0.005 -22"><span class='ocrx_word' id='word_1_57' title='bbox 196 1187 328 1253; x_wconf 90' lang='lat' dir='ltr'>domino</span> <span class='ocrx_word' id='word_1_58' title='bbox 352 1188 493 1274; x_wconf 83' lang='lat' dir='ltr'>Sydonis</span> <span class='ocrx_word' id='word_1_59' title='bbox 517 1196 550 1254; x_wconf 91' lang='lat' dir='ltr'>et</span> <span class='ocrx_word' id='word_1_60' title='bbox 572 1190 712 1256; x_wconf 84' lang='lat' dir='ltr'>Iohanni</span> <span class='ocrx_word' id='word_1_61' title='bbox 735 1191 777 1256; x_wconf 91' lang='lat' dir='ltr'>de</span> <span class='ocrx_word' id='word_1_62' title='bbox 801 1192 957 1257; x_wconf 81' lang='lat' dir='ltr'>Cesariis.</span> 
     </span>
    </p>

    <p class='ocr_par' dir='ltr' id='par_1_5' title="bbox 198 1291 1849 1462">
     <span class='ocr_line' id='line_1_9' title="bbox 303 1291 1849 1380; baseline 0.005 -24"><span class='ocrx_word' id='word_1_63' title='bbox 303 1292 343 1356; x_wconf 94' lang='lat' dir='ltr'>In</span> <span class='ocrx_word' id='word_1_64' title='bbox 366 1291 506 1358; x_wconf 90' lang='lat' dir='ltr'>eundem</span> <span class='ocrx_word' id='word_1_65' title='bbox 530 1294 661 1360; x_wconf 89' lang='lat' dir='ltr'>modum</span> <span class='ocrx_word' id='word_1_66' title='bbox 683 1296 841 1380; x_wconf 84' lang='lat' dir='ltr'>magistro</span> <span class='ocrx_word' id='word_1_67' title='bbox 865 1302 899 1361; x_wconf 88' lang='lat' dir='ltr'>et</span> <span class='ocrx_word' id='word_1_68' title='bbox 922 1296 1077 1360; x_wconf 86' lang='lat' dir='ltr'>fratribus</span> <span class='ocrx_word' id='word_1_69' title='bbox 1100 1296 1216 1361; x_wconf 90' lang='lat' dir='ltr'>domus</span> <span class='ocrx_word' id='word_1_70' title='bbox 1239 1303 1352 1362; x_wconf 90' lang='lat' dir='ltr'>sancte</span> <span class='ocrx_word' id='word_1_71' title='bbox 1368 1295 1472 1362; x_wconf 87' lang='lat' dir='ltr'>Marie</span> <span class='ocrx_word' id='word_1_72' title='bbox 1489 1297 1849 1364; x_wconf 88' lang='lat' dir='ltr'>Teutonicorumlero-</span> 
     </span>
     <span class='ocr_line' id='line_1_10' title="bbox 198 1395 394 1462; baseline 0 -4"><span class='ocrx_word' id='word_1_73' title='bbox 198 1395 394 1462; x_wconf 87' lang='lat' dir='ltr'>solimitane.</span> 
     </span>
    </p>

    <p class='ocr_par' dir='ltr' id='par_1_6' title="bbox 121 1500 1428 1589">
     <span class='ocr_line' id='line_1_11' title="bbox 121 1500 1428 1589; baseline -0.002 -20"><span class='ocrx_word' id='word_1_74' title='bbox 121 1533 168 1574; x_wconf 84' lang='lat' dir='ltr'>ro¹</span> <span class='ocrx_word' id='word_1_75' title='bbox 305 1500 344 1563; x_wconf 90' lang='lat' dir='ltr'>In</span> <span class='ocrx_word' id='word_1_76' title='bbox 368 1501 508 1566; x_wconf 90' lang='lat' dir='ltr'>eundem</span> <span class='ocrx_word' id='word_1_77' title='bbox 530 1502 661 1566; x_wconf 83' lang='lat' dir='ltr'>modom</span> <span class='ocrx_word' id='word_1_78' title='bbox 684 1505 871 1589; x_wconf 83' lang='lat' dir='ltr'>preceptori</span> <span class='ocrx_word' id='word_1_79' title='bbox 895 1510 929 1567; x_wconf 94' lang='lat' dir='ltr'>et</span> <span class='ocrx_word' id='word_1_80' title='bbox 950 1502 1107 1567; x_wconf 83' lang='lat' dir='ltr'>fratribus</span> <span class='ocrx_word' id='word_1_81' title='bbox 1131 1503 1280 1568; x_wconf 90' lang='lat' dir='ltr'>ciusdem</span> <span class='ocrx_word' id='word_1_82' title='bbox 1303 1503 1428 1569; x_wconf 89' lang='lat' dir='ltr'>domus.</span> 
     </span>
    </p>

    <p class='ocr_par' dir='ltr' id='par_1_7' title="bbox 197 1602 1848 1772">
     <span class='ocr_line' id='line_1_12' title="bbox 303 1602 1848 1691; baseline 0.005 -25"><span class='ocrx_word' id='word_1_83' title='bbox 303 1602 342 1666; x_wconf 92' lang='lat' dir='ltr'>ln</span> <span class='ocrx_word' id='word_1_84' title='bbox 373 1604 514 1670; x_wconf 89' lang='lat' dir='ltr'>eundem</span> <span class='ocrx_word' id='word_1_85' title='bbox 543 1605 675 1670; x_wconf 90' lang='lat' dir='ltr'>modum</span> <span class='ocrx_word' id='word_1_86' title='bbox 707 1605 874 1670; x_wconf 89' lang='lat' dir='ltr'>nobilibus</span> <span class='ocrx_word' id='word_1_87' title='bbox 904 1613 938 1670; x_wconf 89' lang='lat' dir='ltr'>et</span> <span class='ocrx_word' id='word_1_88' title='bbox 967 1606 1093 1670; x_wconf 84' lang='lat' dir='ltr'>civibus</span> <span class='ocrx_word' id='word_1_89' title='bbox 1124 1606 1374 1672; x_wconf 78' lang='lat' dir='ltr'>Acconensibus</span> <span class='ocrx_word' id='word_1_90' title='bbox 1406 1613 1440 1672; x_wconf 92' lang='lat' dir='ltr'>et</span> <span class='ocrx_word' id='word_1_91' title='bbox 1471 1607 1545 1671; x_wconf 91' lang='lat' dir='ltr'>aliis</span> <span class='ocrx_word' id='word_1_92' title='bbox 1573 1607 1668 1691; x_wconf 82' lang='lat' dir='ltr'>regni</span> <span class='ocrx_word' id='word_1_93' title='bbox 1693 1607 1848 1673; x_wconf 90' lang='lat' dir='ltr'>lerosoli-</span> 
     </span>
     <span class='ocr_line' id='line_1_13' title="bbox 197 1706 322 1772; baseline 0.024 -4"><span class='ocrx_word' id='word_1_94' title='bbox 197 1706 322 1772; x_wconf 89' lang='lat' dir='ltr'>mitani.</span> 
     </span>
    </p>

    <p class='ocr_par' dir='ltr' id='par_1_8' title="bbox 304 1811 1816 1900">
     <span class='ocr_line' id='line_1_14' title="bbox 304 1811 1816 1900; baseline 0.003 -26"><span class='ocrx_word' id='word_1_95' title='bbox 304 1811 343 1875; x_wconf 90' lang='lat' dir='ltr'>In</span> <span class='ocrx_word' id='word_1_96' title='bbox 365 1811 506 1877; x_wconf 90' lang='lat' dir='ltr'>eundem</span> <span class='ocrx_word' id='word_1_97' title='bbox 528 1813 660 1877; x_wconf 89' lang='lat' dir='ltr'>modum</span> <span class='ocrx_word' id='word_1_98' title='bbox 684 1861 718 1878; x_wconf 87' lang='lat'>..</span> <span class='ocrx_word' id='word_1_99' title='bbox 741 1815 897 1900; x_wconf 90' lang='lat' dir='ltr'>episcopo</span> <span class='ocrx_word' id='word_1_100' title='bbox 920 1812 1082 1878; x_wconf 88' lang='lat' dir='ltr'>Theatino</span> <span class='ocrx_word' id='word_1_101' title='bbox 1105 1833 1221 1898; x_wconf 87' lang='lat' dir='ltr'>usque:</span> <span class='ocrx_word' id='word_1_102' title='bbox 1247 1812 1379 1898; x_wconf 89' lang='lat' dir='ltr'>publice</span> <span class='ocrx_word' id='word_1_103' title='bbox 1402 1812 1578 1878; x_wconf 85' lang='lat' dir='ltr'>denunties</span> <span class='ocrx_word' id='word_1_104' title='bbox 1601 1834 1667 1879; x_wconf 93' lang='lat' dir='ltr'>non</span> <span class='ocrx_word' id='word_1_105' title='bbox 1690 1820 1816 1879; x_wconf 89' lang='lat' dir='ltr'>tenere.</span> 
     </span>
    </p>

    <p class='ocr_par' dir='ltr' id='par_1_9' title="bbox 304 1915 1118 2003">
     <span class='ocr_line' id='line_1_15' title="bbox 304 1915 1118 2003; baseline 0.002 -24"><span class='ocrx_word' id='word_1_106' title='bbox 304 1915 343 1979; x_wconf 92' lang='lat' dir='ltr'>In</span> <span class='ocrx_word' id='word_1_107' title='bbox 366 1916 507 1981; x_wconf 91' lang='lat' dir='ltr'>eundern</span> <span class='ocrx_word' id='word_1_108' title='bbox 529 1915 659 1981; x_wconf 91' lang='lat' dir='ltr'>modum</span> <span class='ocrx_word' id='word_1_109' title='bbox 684 1966 716 1984; x_wconf 92' lang='lat'>..</span> <span class='ocrx_word' id='word_1_110' title='bbox 741 1919 897 2003; x_wconf 89' lang='lat' dir='ltr'>episcopo</span> <span class='ocrx_word' id='word_1_111' title='bbox 920 1916 1118 1981; x_wconf 78' lang='lat' dir='ltr'>Acconensi.</span> 
     </span>
    </p>
   </div>
   <div class='ocr_carea' id='block_1_5' title="bbox 975 2473 1062 2547">
    <p class='ocr_par' dir='ltr' id='par_1_10' title="bbox 975 2473 1062 2547">
     <span class='ocr_line' id='line_1_16' title="bbox 975 2473 1062 2547; baseline 0.023 -2"><span class='ocrx_word' id='word_1_112' title='bbox 975 2473 1062 2547; x_wconf 83' lang='lat'>675.</span> 
     </span>
    </p>
   </div>
   <div class='ocr_carea' id='block_1_6' title="bbox 118 2584 1847 3009">
    <p class='ocr_par' dir='ltr' id='par_1_11' title="bbox 118 2584 1847 3009">
     <span class='ocr_line' id='line_1_17' title="bbox 118 2584 1847 2700; baseline -0.002 -17"><span class='ocrx_word' id='word_1_113' title='bbox 118 2647 141 2684; x_wconf 76' lang='lat' dir='ltr'>rr.</span> <span class='ocrx_word' id='word_1_114' title='bbox 304 2584 495 2696; x_wconf 61' lang='lat' dir='ltr'>Geryonae</span> <span class='ocrx_word' id='word_1_115' title='bbox 519 2612 575 2678; x_wconf 86' lang='lat' dir='ltr'>IX</span> <span class='ocrx_word' id='word_1_116' title='bbox 592 2634 678 2695; x_wconf 78' lang='lat' dir='ltr'>popa</span> <span class='ocrx_word' id='word_1_117' title='bbox 701 2614 877 2699; x_wconf 86' lang='lat' dir='ltr'>[chrico]</span> <span class='ocrx_word' id='word_1_118' title='bbox 898 2614 1128 2695; x_wconf 74' lang='lat' dir='ltr'>archiepiscopo</span> <span class='ocrx_word' id='word_1_119' title='bbox 1150 2614 1320 2678; x_wconf 73' lang='lat' dir='ltr'>Nazareno</span> <span class='ocrx_word' id='word_1_120' title='bbox 1342 2619 1371 2678; x_wconf 89' lang='lat' dir='ltr'>et</span> <span class='ocrx_word' id='word_1_121' title='bbox 1392 2613 1570 2700; x_wconf 80' lang='lat' dir='ltr'>[liudolfo]</span> <span class='ocrx_word' id='word_1_122' title='bbox 1590 2615 1729 2696; x_wconf 82' lang='lat' dir='ltr'>episcopo</span> <span class='ocrx_word' id='word_1_123' title='bbox 1751 2615 1847 2680; x_wconf 84' lang='lat' dir='ltr'>Acco-</span> 
     </span>
     <span class='ocr_line' id='line_1_18' title="bbox 191 2717 1846 2812; baseline 0.001 -32"><span class='ocrx_word' id='word_1_124' title='bbox 191 2717 284 2780; x_wconf 85' lang='lat' dir='ltr'>nensi</span> <span class='ocrx_word' id='word_1_125' title='bbox 305 2717 450 2794; x_wconf 84' lang='lat' dir='ltr'>mandat,</span> <span class='ocrx_word' id='word_1_126' title='bbox 482 2720 518 2780; x_wconf 88' lang='lat' dir='ltr'>nt</span> <span class='ocrx_word' id='word_1_127' title='bbox 544 2737 612 2781; x_wconf 72' lang='lat' dir='ltr'>carm</span> <span class='ocrx_word' id='word_1_128' title='bbox 639 2717 798 2782; x_wconf 80' lang='lat' dir='ltr'>discordia</span> <span class='ocrx_word' id='word_1_129' title='bbox 827 2719 910 2782; x_wconf 85' lang='lat' dir='ltr'>inter</span> <span class='ocrx_word' id='word_1_130' title='bbox 932 2719 1150 2798; x_wconf 81' lang='lat' dir='ltr'>imperatorem</span> <span class='ocrx_word' id='word_1_131' title='bbox 1171 2722 1201 2782; x_wconf 90' lang='lat' dir='ltr'>et</span> <span class='ocrx_word' id='word_1_132' title='bbox 1227 2720 1307 2783; x_wconf 86' lang='lat' dir='ltr'>circs</span> <span class='ocrx_word' id='word_1_133' title='bbox 1329 2720 1521 2812; x_wconf 76' lang='lat' dir='ltr'>Acconcnses</span> <span class='ocrx_word' id='word_1_134' title='bbox 1547 2723 1576 2784; x_wconf 88' lang='lat' dir='ltr'>ct</span> <span class='ocrx_word' id='word_1_135' title='bbox 1605 2719 1687 2783; x_wconf 85' lang='lat' dir='ltr'>alios</span> <span class='ocrx_word' id='word_1_136' title='bbox 1707 2718 1846 2782; x_wconf 74' lang='lat' dir='ltr'>tornines</span> 
     </span>
     <span class='ocr_line' id='line_1_19' title="bbox 191 2821 1846 2904; baseline -0.001 -20"><span class='ocrx_word' id='word_1_137' title='bbox 191 2821 281 2902; x_wconf 79' lang='lat' dir='ltr'>rcpni</span> <span class='ocrx_word' id='word_1_138' title='bbox 294 2821 576 2904; x_wconf 77' lang='lat' dir='ltr'>Hierosolymitoni</span> <span class='ocrx_word' id='word_1_139' title='bbox 590 2823 691 2902; x_wconf 83' lang='lat' dir='ltr'>sopita</span> <span class='ocrx_word' id='word_1_140' title='bbox 712 2823 763 2900; x_wconf 85' lang='lat' dir='ltr'>sit,</span> <span class='ocrx_word' id='word_1_141' title='bbox 786 2822 1114 2887; x_wconf 71' lang='lat' dir='ltr'>excommunicationis</span> <span class='ocrx_word' id='word_1_142' title='bbox 1135 2827 1166 2885; x_wconf 88' lang='lat' dir='ltr'>ct</span> <span class='ocrx_word' id='word_1_143' title='bbox 1185 2822 1345 2886; x_wconf 82' lang='lat' dir='ltr'>interdicti</span> <span class='ocrx_word' id='word_1_144' title='bbox 1359 2823 1530 2887; x_wconf 79' lang='lat' dir='ltr'>sentcntiae</span> <span class='ocrx_word' id='word_1_145' title='bbox 1553 2822 1589 2886; x_wconf 91' lang='lat' dir='ltr'>ob</span> <span class='ocrx_word' id='word_1_146' title='bbox 1612 2821 1846 2886; x_wconf 73' lang='lat' dir='ltr'>condomicitae</span> 
     </span>
     <span class='ocr_line' id='line_1_20' title="bbox 191 2924 1759 3009; baseline 0 -21"><span class='ocrx_word' id='word_1_147' title='bbox 191 2926 345 2989; x_wconf 78' lang='lat' dir='ltr'>relucent.</span> <span class='ocrx_word' id='word_1_148' title='bbox 394 2924 445 3009; x_wconf 81' lang='lat' dir='ltr'>Of.</span> <span class='ocrx_word' id='word_1_149' title='bbox 467 2945 500 2990; x_wconf 79' lang='lat' dir='ltr'>rr.</span> <span class='ocrx_word' id='word_1_150' title='bbox 525 2929 598 2989; x_wconf 76' lang='lat'>674.</span> <span class='ocrx_word' id='word_1_151' title='bbox 1472 2929 1566 3005; x_wconf 77' lang='lat'><strong><em>1236,</em></strong></span> <span class='ocrx_word' id='word_1_152' title='bbox 1588 2926 1684 2991; x_wconf 84' lang='lat' dir='ltr'>Febr.</span> <span class='ocrx_word' id='word_1_153' title='bbox 1705 2928 1759 2990; x_wconf 84' lang='lat'>23.</span> 
     </span>
    </p>
   </div>
   <div class='ocr_carea' id='block_1_7' title="bbox 113 3061 993 3216">
    <p class='ocr_par' dir='ltr' id='par_1_12' title="bbox 113 3061 993 3216">
     <span class='ocr_line' id='line_1_21' title="bbox 297 3061 993 3132; baseline 0.003 -18"><span class='ocrx_word' id='word_1_154' title='bbox 297 3061 378 3128; x_wconf 75' lang='lat' dir='ltr'>Grcp.</span> <span class='ocrx_word' id='word_1_155' title='bbox 397 3062 448 3115; x_wconf 87' lang='lat' dir='ltr'>IX</span> <span class='ocrx_word' id='word_1_156' title='bbox 464 3061 533 3132; x_wconf 71' lang='lat' dir='ltr'>Rey.</span> <span class='ocrx_word' id='word_1_157' title='bbox 555 3061 614 3116; x_wconf 89' lang='lat' dir='ltr'>Vol.</span> <span class='ocrx_word' id='word_1_158' title='bbox 635 3062 668 3127; x_wconf 89' lang='lat' dir='ltr'>V,</span> <span class='ocrx_word' id='word_1_159' title='bbox 687 3067 751 3124; x_wconf 84' lang='lat'><strong><em>110,-</em></strong></span> <span class='ocrx_word' id='word_1_160' title='bbox 771 3062 909 3126; x_wconf 75' lang='lat' dir='ltr'>Lio.1x‚</span> <span class='ocrx_word' id='word_1_161' title='bbox 931 3063 993 3117; x_wconf 85' lang='lat'>389.</span> 
     </span>
     <span class='ocr_line' id='line_1_22' title="bbox 113 3147 633 3216; baseline 0.004 -17"><span class='ocrx_word' id='word_1_162' title='bbox 113 3161 140 3200; x_wconf 80' lang='lat' dir='ltr'>ro</span> <span class='ocrx_word' id='word_1_163' title='bbox 297 3148 432 3216; x_wconf 73' lang='lat' dir='ltr'>Pollioni,</span> <span class='ocrx_word' id='word_1_164' title='bbox 449 3147 515 3215; x_wconf 73' lang='lat' dir='ltr'>Ray.</span> <span class='ocrx_word' id='word_1_165' title='bbox 533 3152 633 3202; x_wconf 84' lang='lat'><strong><em>10103.</em></strong></span> 
     </span>
    </p>
   </div>
   <div class='ocr_carea' id='block_1_8' title="bbox 352 3361 1683 3456">
    <p class='ocr_par' dir='ltr' id='par_1_13' title="bbox 352 3361 1683 3456">
     <span class='ocr_line' id='line_1_23' title="bbox 352 3361 1683 3456; baseline -0.001 -21"><span class='ocrx_word' id='word_1_166' title='bbox 352 3418 392 3436; x_wconf 93' lang='lat'>..</span> <span class='ocrx_word' id='word_1_167' title='bbox 420 3362 756 3455; x_wconf 85' lang='lat' dir='ltr'>archiepiscopo</span> <span class='ocrx_word' id='word_1_168' title='bbox 784 3362 1013 3438; x_wconf 88' lang='lat' dir='ltr'>Nazareno</span> <span class='ocrx_word' id='word_1_169' title='bbox 1042 3371 1085 3438; x_wconf 82' lang='lat' dir='ltr'>et</span> <span class='ocrx_word' id='word_1_170' title='bbox 1112 3420 1153 3438; x_wconf 94' lang='lat'>..</span> <span class='ocrx_word' id='word_1_171' title='bbox 1182 3365 1395 3456; x_wconf 90' lang='lat' dir='ltr'>episeopo</span> <span class='ocrx_word' id='word_1_172' title='bbox 1422 3361 1683 3436; x_wconf 87' lang='lat' dir='ltr'>Acconensi.</span> 
     </span>
    </p>
   </div>
   <div class='ocr_carea' id='block_1_9' title="bbox 113 3509 1846 4326">
    <p class='ocr_par' dir='ltr' id='par_1_14' title="bbox 191 3509 1846 3806">
     <span class='ocr_line' id='line_1_24' title="bbox 305 3509 1845 3599; baseline -0.001 -24"><span class='ocrx_word' id='word_1_173' title='bbox 305 3510 386 3575; x_wconf 83' lang='lat' dir='ltr'>Oum</span> <span class='ocrx_word' id='word_1_174' title='bbox 413 3510 524 3576; x_wconf 86' lang='lat' dir='ltr'>divina</span> <span class='ocrx_word' id='word_1_175' title='bbox 555 3519 710 3598; x_wconf 90' lang='lat' dir='ltr'>operante</span> <span class='ocrx_word' id='word_1_176' title='bbox 742 3514 850 3599; x_wconf 84' lang='lat' dir='ltr'>gratia</span> <span class='ocrx_word' id='word_1_177' title='bbox 876 3513 1055 3594; x_wconf 82' lang='lat' dir='ltr'>discordia,</span> <span class='ocrx_word' id='word_1_178' title='bbox 1089 3533 1152 3599; x_wconf 89' lang='lat' dir='ltr'>que</span> <span class='ocrx_word' id='word_1_179' title='bbox 1183 3513 1270 3578; x_wconf 91' lang='lat' dir='ltr'>inter</span> <span class='ocrx_word' id='word_1_180' title='bbox 1296 3512 1506 3577; x_wconf 83' lang='lat' dir='ltr'>karissimum</span> <span class='ocrx_word' id='word_1_181' title='bbox 1528 3511 1562 3574; x_wconf 93' lang='lat' dir='ltr'>iu</span> <span class='ocrx_word' id='word_1_182' title='bbox 1586 3509 1718 3574; x_wconf 80' lang='lat' dir='ltr'>Christo</span> <span class='ocrx_word' id='word_1_183' title='bbox 1742 3509 1845 3574; x_wconf 87' lang='lat' dir='ltr'>filium</span> 
     </span>
     <span class='ocr_line' id='line_1_25' title="bbox 191 3615 1844 3705; baseline -0.001 -26"><span class='ocrx_word' id='word_1_184' title='bbox 191 3623 337 3680; x_wconf 89' lang='lat' dir='ltr'>nostrum</span> <span class='ocrx_word' id='word_1_185' title='bbox 355 3615 559 3681; x_wconf 78' lang='lat' dir='ltr'>Fridericum</span> <span class='ocrx_word' id='word_1_186' title='bbox 580 3617 802 3683; x_wconf 90' lang='lat' dir='ltr'>Romanorum</span> <span class='ocrx_word' id='word_1_187' title='bbox 825 3619 1058 3705; x_wconf 87' lang='lat' dir='ltr'>imperatorem</span> <span class='ocrx_word' id='word_1_188' title='bbox 1075 3625 1138 3685; x_wconf 91' lang='lat' dir='ltr'>ete.</span> <span class='ocrx_word' id='word_1_189' title='bbox 1162 3623 1196 3683; x_wconf 90' lang='lat' dir='ltr'>et</span> <span class='ocrx_word' id='word_1_190' title='bbox 1224 3617 1368 3682; x_wconf 89' lang='lat' dir='ltr'>nobilem</span> <span class='ocrx_word' id='word_1_191' title='bbox 1390 3617 1496 3681; x_wconf 83' lang='lat' dir='ltr'>virum</span> <span class='ocrx_word' id='word_1_192' title='bbox 1521 3615 1709 3679; x_wconf 84' lang='lat' dir='ltr'>Conradum</span> <span class='ocrx_word' id='word_1_193' title='bbox 1732 3621 1844 3679; x_wconf 91' lang='lat' dir='ltr'>natum</span> 
     </span>
     <span class='ocr_line' id='line_1_26' title="bbox 192 3717 1846 3806; baseline 0 -24"><span class='ocrx_word' id='word_1_194' title='bbox 192 3741 287 3783; x_wconf 92' lang='lat' dir='ltr'>suum</span> <span class='ocrx_word' id='word_1_195' title='bbox 310 3743 352 3785; x_wconf 88' lang='lat' dir='ltr'>ex</span> <span class='ocrx_word' id='word_1_196' title='bbox 374 3741 441 3784; x_wconf 89' lang='lat' dir='ltr'>una</span> <span class='ocrx_word' id='word_1_197' title='bbox 463 3726 556 3806; x_wconf 86' lang='lat' dir='ltr'>parte</span> <span class='ocrx_word' id='word_1_198' title='bbox 580 3741 618 3785; x_wconf 91' lang='lat' dir='ltr'>ac</span> <span class='ocrx_word' id='word_1_199' title='bbox 642 3722 730 3786; x_wconf 87' lang='lat' dir='ltr'>cives</span> <span class='ocrx_word' id='word_1_200' title='bbox 748 3721 962 3786; x_wconf 85' lang='lat' dir='ltr'>Acconeuses</span> <span class='ocrx_word' id='word_1_201' title='bbox 987 3727 1020 3786; x_wconf 91' lang='lat' dir='ltr'>et</span> <span class='ocrx_word' id='word_1_202' title='bbox 1043 3721 1126 3785; x_wconf 89' lang='lat' dir='ltr'>alios</span> <span class='ocrx_word' id='word_1_203' title='bbox 1150 3721 1300 3785; x_wconf 91' lang='lat' dir='ltr'>homines</span> <span class='ocrx_word' id='word_1_204' title='bbox 1324 3721 1418 3805; x_wconf 87' lang='lat' dir='ltr'>regni</span> <span class='ocrx_word' id='word_1_205' title='bbox 1433 3718 1757 3785; x_wconf 84' lang='lat' dir='ltr'>lerosolimitauiex</span> <span class='ocrx_word' id='word_1_206' title='bbox 1779 3717 1846 3782; x_wconf 87' lang='lat' dir='ltr'>alin</span> 
     </span>
    </p>

    <p class='ocr_par' dir='ltr' id='par_1_15' title="bbox 113 3821 1844 4326">
     <span class='ocr_line' id='line_1_27' title="bbox 113 3821 1843 3909; baseline -0.003 -19"><span class='ocrx_word' id='word_1_207' title='bbox 113 3851 139 3890; x_wconf 81' lang='lat' dir='ltr'>n</span> <span class='ocrx_word' id='word_1_208' title='bbox 192 3845 291 3909; x_wconf 90' lang='lat' dir='ltr'>super</span> <span class='ocrx_word' id='word_1_209' title='bbox 313 3823 451 3889; x_wconf 85' lang='lat' dir='ltr'>diversis</span> <span class='ocrx_word' id='word_1_210' title='bbox 474 3825 621 3889; x_wconf 88' lang='lat' dir='ltr'>articulis</span> <span class='ocrx_word' id='word_1_211' title='bbox 639 3825 839 3906; x_wconf 88' lang='lat' dir='ltr'>vertebatur,</span> <span class='ocrx_word' id='word_1_212' title='bbox 863 3825 958 3890; x_wconf 91' lang='lat' dir='ltr'>nobis</span> <span class='ocrx_word' id='word_1_213' title='bbox 978 3825 1197 3890; x_wconf 85' lang='lat' dir='ltr'>mediantibus</span> <span class='ocrx_word' id='word_1_214' title='bbox 1220 3823 1385 3889; x_wconf 89' lang='lat' dir='ltr'>amicabili</span> <span class='ocrx_word' id='word_1_215' title='bbox 1408 3824 1451 3887; x_wconf 86' lang='lat' dir='ltr'>sit</span> <span class='ocrx_word' id='word_1_216' title='bbox 1466 3823 1705 3907; x_wconf 90' lang='lat' dir='ltr'>compositione</span> <span class='ocrx_word' id='word_1_217' title='bbox 1722 3821 1843 3907; x_wconf 87' lang='lat' dir='ltr'>sopita:</span> 
     </span>
     <span class='ocr_line' id='line_1_28' title="bbox 191 3923 1843 4013; baseline -0.002 -23"><span class='ocrx_word' id='word_1_218' title='bbox 191 3928 394 4013; x_wconf 90' lang='lat' dir='ltr'>presentium</span> <span class='ocrx_word' id='word_1_219' title='bbox 426 3928 520 3993; x_wconf 87' lang='lat' dir='ltr'>vobis</span> <span class='ocrx_word' id='word_1_220' title='bbox 555 3930 751 4010; x_wconf 88' lang='lat' dir='ltr'>auctoritate</span> <span class='ocrx_word' id='word_1_221' title='bbox 786 3927 998 4006; x_wconf 75' lang='lat' dir='ltr'>mandamus,</span> <span class='ocrx_word' id='word_1_222' title='bbox 1034 3928 1187 4013; x_wconf 89' lang='lat' dir='ltr'>quatinus</span> <span class='ocrx_word' id='word_1_223' title='bbox 1224 3926 1573 3992; x_wconf 83' lang='lat' dir='ltr'>excommunicationis</span> <span class='ocrx_word' id='word_1_224' title='bbox 1607 3932 1641 3989; x_wconf 92' lang='lat' dir='ltr'>et</span> <span class='ocrx_word' id='word_1_225' title='bbox 1677 3923 1843 3989; x_wconf 89' lang='lat' dir='ltr'>interdicti</span> 
     </span>
     <span class='ocr_line' id='line_1_29' title="bbox 191 4028 1844 4119; baseline -0.003 -23"><span class='ocrx_word' id='word_1_226' title='bbox 191 4033 386 4114; x_wconf 84' lang='lat' dir='ltr'>sententias,</span> <span class='ocrx_word' id='word_1_227' title='bbox 417 4034 509 4118; x_wconf 91' lang='lat' dir='ltr'>sique</span> <span class='ocrx_word' id='word_1_228' title='bbox 539 4033 580 4097; x_wconf 94' lang='lat' dir='ltr'>ob</span> <span class='ocrx_word' id='word_1_229' title='bbox 608 4031 670 4097; x_wconf 94' lang='lat' dir='ltr'>hoc</span> <span class='ocrx_word' id='word_1_230' title='bbox 698 4033 733 4097; x_wconf 91' lang='lat' dir='ltr'>in</span> <span class='ocrx_word' id='word_1_231' title='bbox 765 4033 1008 4098; x_wconf 89' lang='lat' dir='ltr'>ecclesiasticas</span> <span class='ocrx_word' id='word_1_232' title='bbox 1038 4039 1072 4097; x_wconf 92' lang='lat' dir='ltr'>et</span> <span class='ocrx_word' id='word_1_233' title='bbox 1098 4032 1180 4096; x_wconf 88' lang='lat' dir='ltr'>alias</span> <span class='ocrx_word' id='word_1_234' title='bbox 1210 4032 1304 4117; x_wconf 88' lang='lat' dir='ltr'>regni</span> <span class='ocrx_word' id='word_1_235' title='bbox 1333 4031 1473 4119; x_wconf 89' lang='lat' dir='ltr'>predicti</span> <span class='ocrx_word' id='word_1_236' title='bbox 1502 4049 1662 4116; x_wconf 83' lang='lat' dir='ltr'>personas</span> <span class='ocrx_word' id='word_1_237' title='bbox 1687 4049 1746 4093; x_wconf 89' lang='lat' dir='ltr'>seu</span> <span class='ocrx_word' id='word_1_238' title='bbox 1769 4028 1844 4092; x_wconf 86' lang='lat' dir='ltr'>loca</span> 
     </span>
     <span class='ocr_line' id='line_1_30' title="bbox 189 4131 1843 4223; baseline -0.003 -24"><span class='ocrx_word' id='word_1_239' title='bbox 189 4156 250 4222; x_wconf 91' lang='lat' dir='ltr'>per</span> <span class='ocrx_word' id='word_1_240' title='bbox 272 4157 494 4222; x_wconf 90' lang='lat' dir='ltr'>quoscumque</span> <span class='ocrx_word' id='word_1_241' title='bbox 521 4138 588 4202; x_wconf 88' lang='lat' dir='ltr'>late</span> <span class='ocrx_word' id='word_1_242' title='bbox 617 4137 754 4215; x_wconf 82' lang='lat' dir='ltr'>fuerint,</span> <span class='ocrx_word' id='word_1_243' title='bbox 782 4137 978 4202; x_wconf 89' lang='lat' dir='ltr'>auctoritate</span> <span class='ocrx_word' id='word_1_244' title='bbox 1008 4137 1190 4223; x_wconf 85' lang='lat' dir='ltr'>apostolica</span> <span class='ocrx_word' id='word_1_245' title='bbox 1219 4137 1312 4201; x_wconf 82' lang='lat' dir='ltr'>iuxta</span> <span class='ocrx_word' id='word_1_246' title='bbox 1334 4136 1472 4200; x_wconf 85' lang='lat' dir='ltr'>formam</span> <span class='ocrx_word' id='word_1_247' title='bbox 1495 4134 1637 4201; x_wconf 90' lang='lat' dir='ltr'>ecclesie</span> <span class='ocrx_word' id='word_1_248' title='bbox 1662 4133 1733 4197; x_wconf 91' lang='lat' dir='ltr'>sinc</span> <span class='ocrx_word' id='word_1_249' title='bbox 1757 4131 1843 4196; x_wconf 86' lang='lat' dir='ltr'>difli-</span> 
     </span>
     <span class='ocr_line' id='line_1_31' title="bbox 190 4240 1156 4326; baseline 0.003 -22"><span class='ocrx_word' id='word_1_250' title='bbox 190 4241 311 4306; x_wconf 91' lang='lat' dir='ltr'>cultate</span> <span class='ocrx_word' id='word_1_251' title='bbox 335 4242 481 4326; x_wconf 88' lang='lat' dir='ltr'>qualibet</span> <span class='ocrx_word' id='word_1_252' title='bbox 502 4242 670 4307; x_wconf 84' lang='lat' dir='ltr'>relaxetis.</span> <span class='ocrx_word' id='word_1_253' title='bbox 716 4240 863 4316; x_wconf 85' lang='lat' dir='ltr'>Quodsi</span> <span class='ocrx_word' id='word_1_254' title='bbox 886 4263 952 4306; x_wconf 92' lang='lat' dir='ltr'>uon</span> <span class='ocrx_word' id='word_1_255' title='bbox 974 4243 1071 4306; x_wconf 90' lang='lat' dir='ltr'>ambo</span> <span class='ocrx_word' id='word_1_256' title='bbox 1096 4248 1156 4307; x_wconf 92' lang='lat' dir='ltr'>etc.</span> 
     </span>
    </p>
   </div>
   <div class='ocr_carea' id='block_1_10' title="bbox 112 4363 1108 4446">
    <p class='ocr_par' dir='ltr' id='par_1_16' title="bbox 112 4363 1108 4446">
     <span class='ocr_line' id='line_1_32' title="bbox 112 4363 1108 4446; baseline -0.001 -16"><span class='ocrx_word' id='word_1_257' title='bbox 112 4393 138 4430; x_wconf 85' lang='lat' dir='ltr'>eo</span> <span class='ocrx_word' id='word_1_258' title='bbox 297 4363 372 4428; x_wconf 89' lang='lat' dir='ltr'>Dat.</span> <span class='ocrx_word' id='word_1_259' title='bbox 397 4363 548 4446; x_wconf 80' lang='lat' dir='ltr'>viterbii,</span> <span class='ocrx_word' id='word_1_260' title='bbox 571 4363 637 4428; x_wconf 86' lang='lat' dir='ltr'>VII</span> <span class='ocrx_word' id='word_1_261' title='bbox 660 4363 734 4429; x_wconf 89' lang='lat' dir='ltr'>Kal.</span> <span class='ocrx_word' id='word_1_262' title='bbox 758 4363 879 4446; x_wconf 85' lang='lat' dir='ltr'>Martii,</span> <span class='ocrx_word' id='word_1_263' title='bbox 903 4386 988 4430; x_wconf 89' lang='lat' dir='ltr'>anno</span> <span class='ocrx_word' id='word_1_264' title='bbox 1012 4385 1108 4429; x_wconf 90' lang='lat' dir='ltr'>nouo.</span> 
     </span>
    </p>
   </div>
   <div class='ocr_carea' id='block_1_11' title="bbox 808 4641 1218 4650">
    <p class='ocr_par' dir='ltr' id='par_1_17' title="bbox 808 4641 1218 4650">
     <span class='ocr_line' id='line_1_33' title="bbox 808 4641 1218 4650; baseline -0.002 -1"><span class='ocrx_word' id='word_1_265' title='bbox 808 4641 1218 4650; x_wconf 56' lang='lat' dir='ltr'>..w</span> 
     </span>
    </p>
   </div>
   <div class='ocr_carea' id='block_1_12' title="bbox 187 4919 1842 5348">
    <p class='ocr_par' dir='ltr' id='par_1_18' title="bbox 187 4919 1842 5348">
     <span class='ocr_line' id='line_1_34' title="bbox 972 4919 1060 4993; baseline 0.023 -2"><span class='ocrx_word' id='word_1_266' title='bbox 972 4919 1060 4993; x_wconf 83' lang='lat'>676.</span> 
     </span>
     <span class='ocr_line' id='line_1_35' title="bbox 296 5031 1842 5142; baseline -0.004 -16"><span class='ocrx_word' id='word_1_267' title='bbox 296 5031 488 5142; x_wconf 66' lang='lat' dir='ltr'>Gomorrae</span> <span class='ocrx_word' id='word_1_268' title='bbox 515 5059 571 5126; x_wconf 89' lang='lat' dir='ltr'>IX</span> <span class='ocrx_word' id='word_1_269' title='bbox 595 5081 684 5142; x_wconf 79' lang='lat' dir='ltr'>popo</span> <span class='ocrx_word' id='word_1_270' title='bbox 711 5060 876 5126; x_wconf 81' lang='lat' dir='ltr'>Fridcrico</span> <span class='ocrx_word' id='word_1_271' title='bbox 898 5059 1113 5124; x_wconf 80' lang='lat' dir='ltr'>Rorrronornrn</span> <span class='ocrx_word' id='word_1_272' title='bbox 1141 5058 1323 5140; x_wconf 82' lang='lat' dir='ltr'>imperatori</span> <span class='ocrx_word' id='word_1_273' title='bbox 1351 5056 1566 5138; x_wconf 76' lang='lat' dir='ltr'>eortqncritnr,</span> <span class='ocrx_word' id='word_1_274' title='bbox 1595 5055 1678 5136; x_wconf 80' lang='lat' dir='ltr'>qnod</span> <span class='ocrx_word' id='word_1_275' title='bbox 1699 5055 1842 5120; x_wconf 82' lang='lat' dir='ltr'>cccleer&#39;oc</span> 
     </span>
     <span class='ocr_line' id='line_1_36' title="bbox 187 5161 1842 5248; baseline -0.004 -20"><span class='ocrx_word' id='word_1_276' title='bbox 187 5166 278 5246; x_wconf 75' lang='lat' dir='ltr'>repni</span> <span class='ocrx_word' id='word_1_277' title='bbox 293 5164 424 5229; x_wconf 80' lang='lat' dir='ltr'>Siciliae</span> <span class='ocrx_word' id='word_1_278' title='bbox 439 5165 621 5248; x_wconf 78' lang='lat' dir='ltr'>prioiiepiis</span> <span class='ocrx_word' id='word_1_279' title='bbox 642 5169 671 5230; x_wconf 87' lang='lat' dir='ltr'>et</span> <span class='ocrx_word' id='word_1_280' title='bbox 693 5166 782 5230; x_wconf 85' lang='lat' dir='ltr'>bonis</span> <span class='ocrx_word' id='word_1_281' title='bbox 803 5164 976 5246; x_wconf 79' lang='lat' dir='ltr'>spolientur</span> <span class='ocrx_word' id='word_1_282' title='bbox 995 5184 1163 5246; x_wconf 78' lang='lat' dir='ltr'>carnesque</span> <span class='ocrx_word' id='word_1_283' title='bbox 1178 5167 1324 5244; x_wconf 81' lang='lat' dir='ltr'>pastores</span> <span class='ocrx_word' id='word_1_284' title='bbox 1345 5161 1474 5226; x_wconf 75' lang='lat' dir='ltr'>eantare</span> <span class='ocrx_word' id='word_1_285' title='bbox 1493 5162 1652 5241; x_wconf 75' lang='lat' dir='ltr'>copantnr,</span> <span class='ocrx_word' id='word_1_286' title='bbox 1674 5177 1705 5222; x_wconf 85' lang='lat' dir='ltr'>sc</span> <span class='ocrx_word' id='word_1_287' title='bbox 1722 5162 1842 5240; x_wconf 78' lang='lat' dir='ltr'>pnrpat</span> 
     </span>
     <span class='ocr_line' id='line_1_37' title="bbox 187 5261 1842 5348; baseline -0.004 -17"><span class='ocrx_word' id='word_1_288' title='bbox 187 5267 225 5332; x_wconf 83' lang='lat' dir='ltr'>rie</span> <span class='ocrx_word' id='word_1_289' title='bbox 247 5271 447 5334; x_wconf 81' lang='lat' dir='ltr'>renovatione</span> <span class='ocrx_word' id='word_1_290' title='bbox 469 5270 624 5334; x_wconf 86' lang='lat' dir='ltr'>societatis</span> <span class='ocrx_word' id='word_1_291' title='bbox 645 5269 855 5334; x_wconf 82' lang='lat' dir='ltr'>Lombnrdiac</span> <span class='ocrx_word' id='word_1_292' title='bbox 881 5273 912 5333; x_wconf 90' lang='lat' dir='ltr'>ct</span> <span class='ocrx_word' id='word_1_293' title='bbox 938 5268 976 5332; x_wconf 85' lang='lat' dir='ltr'>de</span> <span class='ocrx_word' id='word_1_294' title='bbox 996 5287 1102 5348; x_wconf 82' lang='lat' dir='ltr'>poeno</span> <span class='ocrx_word' id='word_1_295' title='bbox 1128 5268 1164 5330; x_wconf 87' lang='lat' dir='ltr'>in</span> <span class='ocrx_word' id='word_1_296' title='bbox 1193 5267 1382 5331; x_wconf 85' lang='lat' dir='ltr'>Veronenses</span> <span class='ocrx_word' id='word_1_297' title='bbox 1406 5265 1496 5345; x_wconf 82' lang='lat' dir='ltr'>pacis</span> <span class='ocrx_word' id='word_1_298' title='bbox 1517 5261 1682 5326; x_wconf 69' lang='lat' dir='ltr'>nontam</span> <span class='ocrx_word' id='word_1_299' title='bbox 1699 5261 1842 5342; x_wconf 66' lang='lat' dir='ltr'>mannl-</span> 
     </span>
    </p>
   </div>
   <div class='ocr_carea' id='block_1_13' title="bbox 85 5363 1839 5456">
    <p class='ocr_par' dir='ltr' id='par_1_19' title="bbox 85 5363 1839 5456">
     <span class='ocr_line' id='line_1_38' title="bbox 85 5363 1839 5456; baseline -0.004 -20"><span class='ocrx_word' id='word_1_300' title='bbox 85 5381 89 5388; x_wconf 91' lang='lat'>&#39;</span> <span class='ocrx_word' id='word_1_301' title='bbox 186 5375 272 5454; x_wconf 75' lang='lat' dir='ltr'>pota,</span> <span class='ocrx_word' id='word_1_302' title='bbox 294 5393 423 5454; x_wconf 65' lang='lat' dir='ltr'>etiamne</span> <span class='ocrx_word' id='word_1_303' title='bbox 444 5372 598 5452; x_wconf 76' lang='lat' dir='ltr'>liortotnr,</span> <span class='ocrx_word' id='word_1_304' title='bbox 621 5377 657 5436; x_wconf 86' lang='lat' dir='ltr'>nt</span> <span class='ocrx_word' id='word_1_305' title='bbox 679 5391 821 5450; x_wconf 66' lang='lat' dir='ltr'>accesere</span> <span class='ocrx_word' id='word_1_306' title='bbox 842 5373 958 5454; x_wconf 80' lang='lat' dir='ltr'>corripi</span> <span class='ocrx_word' id='word_1_307' title='bbox 975 5370 1088 5456; x_wconf 82' lang='lat' dir='ltr'>faciet,</span> <span class='ocrx_word' id='word_1_308' title='bbox 1110 5390 1178 5435; x_wconf 74' lang='lat' dir='ltr'>neni</span> <span class='ocrx_word' id='word_1_309' title='bbox 1200 5389 1253 5434; x_wconf 86' lang='lat' dir='ltr'>eas</span> <span class='ocrx_word' id='word_1_310' title='bbox 1275 5369 1409 5433; x_wconf 74' lang='lat' dir='ltr'>ritterirrs</span> <span class='ocrx_word' id='word_1_311' title='bbox 1423 5366 1625 5430; x_wconf 75' lang='lat' dir='ltr'>dissimulare</span> <span class='ocrx_word' id='word_1_312' title='bbox 1647 5383 1712 5427; x_wconf 87' lang='lat' dir='ltr'>non</span> <span class='ocrx_word' id='word_1_313' title='bbox 1730 5363 1839 5444; x_wconf 80' lang='lat' dir='ltr'>possit.</span> 
     </span>
    </p>
   </div>
   <div class='ocr_carea' id='block_1_14' title="bbox 111 5467 1754 5632">
    <p class='ocr_par' dir='ltr' id='par_1_20' title="bbox 111 5467 1754 5632">
     <span class='ocr_line' id='line_1_39' title="bbox 111 5467 1754 5548; baseline -0.002 -8"><span class='ocrx_word' id='word_1_314' title='bbox 111 5501 135 5540; x_wconf 79' lang='lat' dir='ltr'>en</span> <span class='ocrx_word' id='word_1_315' title='bbox 408 5531 409 5534; x_wconf 63' lang='grc'>,</span> <span class='ocrx_word' id='word_1_316' title='bbox 1467 5473 1562 5548; x_wconf 76' lang='lat'><strong><em>1236,</em></strong></span> <span class='ocrx_word' id='word_1_317' title='bbox 1583 5467 1678 5534; x_wconf 82' lang='lat' dir='ltr'>Febr.</span> <span class='ocrx_word' id='word_1_318' title='bbox 1700 5469 1754 5535; x_wconf 84' lang='lat'>29.</span> 
     </span>
     <span class='ocr_line' id='line_1_40' title="bbox 294 5559 1082 5632; baseline -0.005 -15"><span class='ocrx_word' id='word_1_319' title='bbox 294 5563 378 5632; x_wconf 63' lang='grc' dir='ltr'><em>ὅπερ.</em></span> <span class='ocrx_word' id='word_1_320' title='bbox 397 5563 447 5616; x_wconf 84' lang='lat' dir='ltr'>IX</span> <span class='ocrx_word' id='word_1_321' title='bbox 463 5562 533 5632; x_wconf 68' lang='grc' dir='ltr'>Περ.</span> <span class='ocrx_word' id='word_1_322' title='bbox 555 5560 614 5616; x_wconf 87' lang='lat' dir='ltr'>Vol.</span> <span class='ocrx_word' id='word_1_323' title='bbox 636 5559 668 5626; x_wconf 89' lang='lat' dir='ltr'>V,</span> <span class='ocrx_word' id='word_1_324' title='bbox 687 5565 839 5616; x_wconf 73' lang='lat'><em>113-114:</em></span> <span class='ocrx_word' id='word_1_325' title='bbox 858 5559 921 5614; x_wconf 84' lang='lat' dir='ltr'>Lib.</span> <span class='ocrx_word' id='word_1_326' title='bbox 941 5560 998 5626; x_wconf 85' lang='lat' dir='ltr'>IX,</span> <span class='ocrx_word' id='word_1_327' title='bbox 1017 5561 1082 5613; x_wconf 80' lang='lat'>398.</span> 
     </span>
    </p>
   </div>
   <div class='ocr_carea' id='block_1_15' title="bbox 293 5648 634 5718">
    <p class='ocr_par' dir='ltr' id='par_1_21' title="bbox 293 5648 634 5718">
     <span class='ocr_line' id='line_1_41' title="bbox 293 5648 634 5718; baseline 0.003 -14"><span class='ocrx_word' id='word_1_328' title='bbox 293 5648 435 5712; x_wconf 67' lang='lat' dir='ltr'>Pendeat,</span> <span class='ocrx_word' id='word_1_329' title='bbox 453 5648 519 5718; x_wconf 68' lang='lat' dir='ltr'>aa.</span> <span class='ocrx_word' id='word_1_330' title='bbox 538 5652 634 5705; x_wconf 85' lang='lat'>10109.</span> 
     </span>
    </p>
   </div>
   <div class='ocr_carea' id='block_1_16' title="bbox 0 0 2300 6360">
    <p class='ocr_par' dir='ltr' id='par_1_22' title="bbox 0 0 2300 6360">
     <span class='ocr_line' id='line_1_42' title="bbox 0 0 2300 6360; baseline 0 0"><span class='ocrx_word' id='word_1_331' title='bbox 0 0 2300 6360; x_wconf 95' lang='lat' dir='ltr'> </span> 
     </span>
    </p>
   </div>
  </div>
 </body>
</html>
