4590 6366
454 421 517 482 514
1030 413 1078 468 EX
1097 415 1272 470 GREGORII
1290 415 1329 468 IX
1347 414 1528 470 auulsuao

455 588 510 653 dui
532 610 598 654 non
621 596 672 654 est
695 588 891 674 dedignatus
914 588 1070 670 humana,
1101 593 1198 673 prout
1220 609 1394 673 possumus
1417 589 1558 672 vestigia
1580 588 1701 651 imitari
1723 593 1891 667 tenemur,
1924 592 1959 649 et
1985 590 2024 647 ut
2048 583 2118 648 eius

454 713 490 756 re
514 693 598 756 sicut
620 693 750 757 nomine
768 692 883 755 vicarii
905 712 1109 768 censeamur,
1132 690 1300 755 discordes
1317 690 1358 754 ad
1383 691 1590 755 concordiam
1607 712 1732 754 summo
1751 689 1916 755 desiderio
1941 688 2117 766 trahimus,

455 793 674 860 dissentiones
698 803 732 860 et
762 796 916 859 scismata
939 794 980 857 ab
1004 793 1146 858 ecclesia
1168 792 1248 873 Dei,
1280 800 1434 877 quantum
1465 794 1560 857 nobis
1591 794 1728 879 abipso
1757 794 1977 879 permittitur,
2011 789 2116 856 extir-

454 920 585 984 pamus,
617 900 693 982 quia
720 897 800 962 illud
824 918 960 982 granum
984 917 1114 960 orreum
1137 898 1260 960 celeste
1284 917 1349 961 non
1372 898 1503 982 recipit,
1536 897 1621 981 quod
1646 919 1688 962 ex
1711 919 1746 961 se
1770 896 1838 960 odii
1860 897 2026 959 zizaniam
2049 915 2115 957 non

454 1001 620 1088 purgavit,
650 1008 701 1078 et,
736 1001 820 1064 sicut
849 1001 919 1064 sine
942 1001 996 1063 via
1028 1020 1093 1062 non
1121 1007 1230 1084 potest
1261 1001 1301 1063 iri
1332 1021 1395 1084 quo
1426 999 1587 1080 tenditur,
1619 1001 1665 1064 sic
1693 1021 1850 1064 ascensus
1878 998 1922 1063 ad
1951 999 2116 1063 celestem

444 1087 609 1189 patriam,
640 1105 705 1167 nisi
734 1125 830 1189 quem
862 1104 980 1167 caritas
1011 1103 1139 1182 tribuit,
1169 1124 1234 1166 non
1265 1103 1416 1166 habetur.
1461 1101 1609 1166 Audistis
1642 1103 1780 1181 etenim,
1810 1101 1896 1187 quod
1928 1100 2031 1180 Cain,
2060 1101 2118 1185 qui

455 1207 588 1272 fratrem
612 1229 705 1272 suum
728 1207 801 1271 odio
835 1208 967 1287 habuit,
996 1207 1037 1270 ad
1061 1207 1132 1271 eius
1156 1227 1292 1271 munera
1314 1206 1475 1270 Dominus
1498 1227 1563 1269 non
1587 1206 1744 1291 respexit.
1789 1204 1842 1268 Ex
1865 1226 1929 1289 quo
1954 1205 2116 1288 colligite,

457 1309 543 1394 quod
565 1309 673 1373 Deum
700 1311 866 1396 placatum
895 1311 1018 1376 habere
1051 1333 1116 1376 non
1148 1318 1294 1397 poterat,
1324 1332 1420 1395 quem
1451 1310 1585 1374 fraterni
1616 1309 1682 1373 odii
1706 1310 1835 1372 flamma
1856 1309 1999 1372 interius
2025 1328 2115 1371 com-

456 1411 603 1477 burebat.
650 1412 737 1478 Sane
772 1413 812 1477 ad
846 1421 991 1478 nostram
1026 1415 1183 1479 noveritis
1217 1413 1417 1478 audientiam
1448 1413 1657 1499 pervenisse,
1693 1412 1778 1497 quod
1813 1433 1885 1475 oum
1921 1412 2011 1474 inter
2045 1432 2116 1489 vos,

456 1513 677 1599 Ravennates,
701 1517 956 1596 Forolivienses,
979 1517 1208 1581 Ariminenses
1226 1524 1259 1580 et
1274 1517 1574 1602 Foropopulienses
1591 1538 1635 1579 ex
1654 1523 1747 1601 parte
1763 1537 1828 1579 una
1849 1522 1882 1579 et
1898 1513 2114 1593 Faventinos,

458 1618 654 1701 Cesenates,
686 1619 864 1684 Urbinates
888 1627 921 1685 et
944 1619 1140 1684 Corvienses
1165 1643 1206 1684 ex
1230 1620 1333 1684 altera
1357 1621 1399 1683 sit
1421 1621 1559 1684 materia
1582 1619 1745 1684 discordie
1769 1620 1941 1699 suscitata,
1977 1639 2117 1702 guerras

458 1721 642 1786 adinvicem
666 1725 805 1788 movetis
829 1731 862 1788 et
883 1724 1006 1809 prelia,
1037 1744 1101 1787 non
1125 1722 1332 1787 attendentes
1356 1723 1441 1806 quod
1466 1724 1528 1787 etsi
1551 1725 1623 1787 iura
1644 1724 1785 1788 civitatis
1809 1729 1918 1787 vestre
1942 1719 2117 1785 intenditis

457 1825 627 1909 prosequi,
656 1824 884 1910 persequendo
915 1832 1025 1889 tamen
1054 1826 1238 1911 proximum
1267 1825 1375 1890 Deum
1403 1826 1568 1890 offenditis
1600 1834 1633 1890 et
1662 1827 1841 1890 animarum
1865 1830 2050 1889 vestrarum
2075 1823 2116 1886 de

458 1927 547 1991 facili
570 1929 749 2012 periculum
773 1930 962 2004 incurretis,
987 1929 1063 2014 quia
1086 1950 1222 1992 necesse
1247 1936 1315 2009 est,
1338 1936 1373 1992 ut
1396 1929 1437 1992 ab
1461 1929 1526 2008 eis,
1549 1929 1635 1993 inter
1657 1952 1738 2014 quos
1763 1929 1967 1993 contentiose
1992 1926 2118 2012 aliquid

459 2031 582 2114 agitur,
613 2030 757 2096 fraterna
781 2031 1019 2117 quodammodo
1043 2033 1162 2096 caritas
1187 2032 1405 2116 extinguatur.
1450 2030 1575 2096 Verum
1606 2055 1680 2097 oum
1707 2055 1828 2120 nuper,
1859 2053 1900 2096 ne
1932 2031 2118 2095 subsidium

458 2134 561 2199 Terre
579 2132 698 2200 Sancte
722 2136 882 2201 retardari
905 2137 958 2200 vel
981 2136 1135 2222 impediri
1153 2137 1369 2220 contingeret,
1394 2135 1434 2200 de
1457 2137 1593 2201 fratrum
1617 2145 1803 2201 nostrorum
1819 2135 1957 2199 oonsilio
1982 2134 2119 2199 duxeri-

459 2258 530 2300 mus
565 2238 809 2319 statuendum¹,
837 2247 874 2303 ut
904 2240 1069 2324 principes
1100 2245 1133 2303 et
1161 2239 1274 2324 populi
1304 2237 1481 2303 Christiani
1510 2241 1626 2305 saltem
1657 2262 1716 2328 per
1743 2239 1993 2325 quadriennium
2024 2236 2119 2301 adin-

459 2341 566 2405 vicem
600 2361 717 2427 pacem
751 2343 942 2422 observent,
977 2349 1010 2406 et
1039 2349 1075 2406 ut
1107 2341 1333 2405 discordantes
1370 2342 1411 2405 ad
1439 2364 1556 2428 pacem
1590 2344 1643 2408 vel
1676 2358 1847 2428 treuguam
1879 2340 2122 2406 inviolabiliter

460 2443 697 2506 observandam
728 2444 768 2508 ab
801 2446 1015 2510 ecclesiarum
1043 2445 1179 2529 prolatis
1211 2466 1271 2530 per
1302 2446 1648 2510 excommunicationis
1679 2453 1713 2510 et
1745 2444 1910 2510 interdicti
1933 2443 2120 2509 sententias

460 2547 707 2631 compellantur,
730 2569 855 2633 nosque
879 2569 995 2635 paoem
1018 2549 1051 2611 in
1076 2554 1145 2611 toto
1169 2547 1249 2612 orbe
1266 2554 1424 2611 terrarum
1440 2570 1628 2633 procurare,
1652 2551 1680 2613 si
1703 2544 1814 2613 datum
1838 2548 1936 2612 fuerit
1959 2547 2118 2632 desuper,

460 2654 645 2713 teneamur:
676 2672 754 2715 ecce
777 2651 1000 2716 venerabilem
1023 2650 1156 2714 fratrem
1181 2658 1328 2714 nostrum
1352 2653 1628 2737 ..patriarcham
1651 2652 1908 2730 Antiochenam,
1936 2651 2121 2714 maximum

461 2753 602 2817 ecclesie
625 2752 690 2816 Dei
713 2754 911 2837 membrum,
941 2755 1045 2818 virum
1075 2774 1193 2837 magna
1222 2753 1385 2838 preditum
1413 2755 1601 2833 honestate,
1632 2757 1726 2822 nobis
1749 2763 1782 2820 et
1809 2755 1963 2819 fratribus
1994 2753 2121 2818 nostris

461 2854 579 2918 merito
609 2875 667 2919 sue
695 2856 866 2941 probitatis
896 2864 929 2922 et
958 2858 1141 2922 devotionis
1170 2865 1360 2942 acceptum,
1388 2858 1430 2922 ad
1460 2881 1517 2923 vos
1546 2859 1699 2924 duximus
1723 2859 2027 2934 transmittendum,
2059 2878 2122 2944 per

461 2956 643 3041 apostolica
665 2957 760 3022 vobis
784 2960 905 3045 scripta
926 2960 1129 3040 mandantes,
1153 2961 1305 3045 quatinus
1323 2982 1423 3047 super
1438 2962 1646 3026 reformanda
1661 2983 1743 3048 pace
1766 2964 1819 3026 vel
1841 2961 1988 3046 treuguis
2013 2967 2121 3024 statu-

462 3065 555 3130 endis
579 3066 745 3129 intervos
778 3068 811 3127 et
839 3064 920 3127 alios
943 3063 1108 3149 predictos
1136 3064 1328 3144 hincinde,
1358 3086 1416 3128 seu
1444 3064 1486 3129 de
1514 3065 1658 3150 parendo
1688 3066 1750 3129 iuri
1774 3086 1874 3152 super
1894 3065 1975 3142 hoc,
2008 3064 2117 3149 ipsius

464 3169 626 3234 mandatis
651 3175 684 3234 et
707 3168 837 3232 monitis
859 3189 974 3254 parere
998 3168 1110 3232 taliter
1133 3167 1306 3246 studeatis,
1337 3167 1423 3252 quod
1446 3189 1488 3232 ex
1516 3168 1578 3232 hoc
1601 3176 1635 3232 et
1657 3167 1766 3233 Deum
1795 3168 1916 3238 habere
1939 3167 2123 3253 propitium

464 3279 497 3337 et
527 3273 707 3336 animarum
738 3278 918 3335 vestrarum
949 3271 1083 3355 possitis
1118 3271 1263 3357 affugere
1296 3270 1537 3335 detrimentum.
1588 3272 1745 3357 Alioquin
1775 3273 1985 3347 sententiam,
2022 3291 2123 3355 quam

463 3375 551 3441 idem
579 3376 621 3440 ob
650 3376 714 3439 hoo
744 3375 807 3438 rite
836 3374 948 3438 tulerit
977 3373 1010 3436 in
1040 3373 1199 3454 rebelles,
1229 3380 1332 3437 ratam
1356 3373 1550 3438 habebimus
1573 3381 1607 3438 et
1636 3375 1794 3439 faciemus
1817 3380 1951 3439 auctore
1973 3373 2123 3438 Domino

462 3479 599 3543 firmiter
621 3477 796 3543 observari.

571 3596 646 3663 Dat.
670 3597 809 3677 Perusii,
832 3596 881 3659 VI
903 3595 986 3660 Non.
1009 3596 1131 3676 Martii,
1155 3616 1239 3659 anno
1263 3603 1389 3660 octavo.
2176 3617 2202 3655 ao

570 3717 610 3782 In
636 3717 777 3782 eundem
805 3717 937 3781 modum
968 3717 1182 3803 ..potestati
1213 3725 1246 3781 et
1274 3718 1396 3804 populo
1425 3717 1596 3782 Cerviensi
1625 3725 1658 3782 et
1688 3765 1721 3780 ..
1752 3718 1906 3804 potestati
1935 3723 1969 3782 et
1995 3719 2123 3804 populo

464 3821 750 3908 Foropopuliensi.

1088 3995 1499 4004 ——-——-—.-—-—

1248 4285 1334 4359 629.

574 4396 765 4507 &reportas
790 4424 846 4488 IX
868 4446 956 4504 papa
983 4429 1164 4505 potestatem
1193 4429 1223 4488 et
1248 4427 1398 4506 populum
1425 4426 1646 4490 Viterbiensom
1667 4449 1687 4490 a
1711 4427 1876 4509 fidelitatis
1896 4430 1925 4490 ct
1946 4427 2128 4510 vassaluqii

466 4529 667 4605 iuramentis,
698 4549 778 4609 quac
800 4529 873 4592 olim
895 4527 1050 4592 Romanis
1069 4529 1301 4608 praestiterint,
1335 4530 1407 4592 licet
1427 4531 1513 4593 sedes
1533 4531 1702 4610 apostolica
1723 4531 1778 4595 boc
1799 4551 1838 4593 ea
1860 4529 1996 4611 quadam
2018 4549 2127 4594 moes·

467 4633 559 4696 situle
575 4631 765 4710 pcmtaerit,
785 4631 913 4710 penitus
935 4630 1075 4695 obsolvit.
1124 4630 1172 4714 Cf.
1196 4651 1228 4696 o.
1253 4635 1325 4694 618.
1760 4635 1853 4710 1235,
1876 4632 1978 4696 mart.
2002 4633 2032 4697 5.
2182 4649 2208 4690 ει

573 4748 656 4819 arey.
675 4749 724 4800 ΙΧ
742 4748 809 4818 neq.
835 4748 891 4801 vu.
910 4749 963 4812 ιν,
981 4747 1132 4815 2575112'12.
1157 4748 1241 4815 vrrr,
1259 4753 1324 4803 453.

572 4835 709 4902 Potina,
727 4833 797 4903 aeq.
817 4836 898 4886 eam.

866 5086 875 5103 .
906 5085 914 5101 .
942 5028 1158 5120 potestati
1186 5034 1228 5102 et
1256 5030 1424 5126 populo
1452 5029 1731 5104 Viterbiensi.

579 5178 660 5240 Cum
689 5178 766 5240 olim
795 5179 910 5242 civitas
934 5176 1173 5260 viterbiensis,
1203 5201 1266 5264 que
1295 5181 1375 5244 iuris
1401 5180 1492 5245 beati
1515 5180 1607 5244 Petri
1634 5180 1761 5260 existit,
1791 5181 1953 5244 continuis
1982 5189 2077 5247 esset
2106 5205 2129 5247 a

471 5281 628 5345 Romanis
653 5282 764 5344 attrita
787 5303 978 5365 guerramm
1001 5283 1194 5370 impulsibus
1219 5293 1252 5349 et
1274 5284 1424 5371 dampnis
1448 5284 1603 5369 gra-vibus
1627 5285 1795 5365 lacessita,
1819 5305 1879 5348 nec
1902 5283 2128 5369 alias'posset
2182 5313 2210 5352 ro

473 5383 581 5448 eidem
610 5391 721 5469 optate
752 5384 843 5469 pacis
875 5384 1019 5448 remedio
1052 5386 1235 5467 subveniri,
1267 5408 1463 5473 quamquam
1485 5386 1527 5450 ad
1556 5386 1619 5449 hoo
1642 5387 1781 5450 multum
1804 5386 1904 5450 luerit
1925 5385 2125 5470 laboratum,

785 5561 950 5568 Ἢ

574 5681 601 5748 ll
621 5677 665 5746 Cf.
682 5694 708 5732 n.
729 5681 793 5732 605.
