<?xml version="1.0" encoding="UTF-8"?>
<!DOCTYPE html PUBLIC "-//W3C//DTD XHTML 1.0 Transitional//EN"
    "http://www.w3.org/TR/xhtml1/DTD/xhtml1-transitional.dtd">
<html xmlns="http://www.w3.org/1999/xhtml" xml:lang="en" lang="en">
 <head>
  <title>
</title>
<meta http-equiv="Content-Type" content="text/html;charset=utf-8" />
  <meta name='ocr-system' content='tesseract 3.04.00' />
  <meta name='ocr-capabilities' content='ocr_page ocr_carea ocr_par ocr_line ocrx_word'/>
</head>
<body>
  <div class='ocr_page' id='page_1' title='image "./monumentagerman00peipgoog/monumentagerman00peipgoog_0217.png"; bbox 0 0 4448 6420; ppageno 0'>
   <div class='ocr_carea' id='block_1_1' title="bbox 446 393 1513 466">
    <p class='ocr_par' dir='ltr' id='par_1_1' title="bbox 446 393 1513 466">
     <span class='ocr_line' id='line_1_1' title="bbox 446 393 1513 466; baseline -0.018 0"><span class='ocrx_word' id='word_1_1' title='bbox 446 405 507 466; x_wconf 84' lang='grc'>194</span> <span class='ocrx_word' id='word_1_2' title='bbox 1031 397 1079 452; x_wconf 83' lang='lat' dir='ltr'>EX</span> <span class='ocrx_word' id='word_1_3' title='bbox 1098 397 1254 453; x_wconf 86' lang='lat' dir='ltr'>HONORII</span> <span class='ocrx_word' id='word_1_4' title='bbox 1274 395 1315 449; x_wconf 85' lang='lat'>111</span> <span class='ocrx_word' id='word_1_5' title='bbox 1333 393 1513 450; x_wconf 81' lang='lat' dir='ltr'><strong>REGISTRO</strong></span> 
     </span>
    </p>
   </div>
   <div class='ocr_carea' id='block_1_2' title="bbox 443 563 2101 978">
    <p class='ocr_par' dir='ltr' id='par_1_2' title="bbox 443 563 2101 864">
     <span class='ocr_line' id='line_1_2' title="bbox 443 563 2101 659; baseline -0.007 -20"><span class='ocrx_word' id='word_1_6' title='bbox 443 573 615 655; x_wconf 78' lang='lat' dir='ltr'>habueris,</span> <span class='ocrx_word' id='word_1_7' title='bbox 638 594 703 637; x_wconf 94' lang='lat' dir='ltr'>non</span> <span class='ocrx_word' id='word_1_8' title='bbox 726 573 865 659; x_wconf 89' lang='lat' dir='ltr'>pulsatis</span> <span class='ocrx_word' id='word_1_9' title='bbox 887 572 1055 658; x_wconf 89' lang='lat' dir='ltr'>campanis</span> <span class='ocrx_word' id='word_1_10' title='bbox 1079 578 1113 636; x_wconf 88' lang='lat' dir='ltr'>et</span> <span class='ocrx_word' id='word_1_11' title='bbox 1136 568 1425 635; x_wconf 81' lang='lat' dir='ltr'>excommunicatis</span> <span class='ocrx_word' id='word_1_12' title='bbox 1449 587 1487 630; x_wconf 89' lang='lat' dir='ltr'>ae</span> <span class='ocrx_word' id='word_1_13' title='bbox 1515 565 1697 630; x_wconf 83' lang='lat' dir='ltr'>interdictis</span> <span class='ocrx_word' id='word_1_14' title='bbox 1722 565 1866 630; x_wconf 87' lang='lat' dir='ltr'>exclusis</span> <span class='ocrx_word' id='word_1_15' title='bbox 1888 563 1998 650; x_wconf 89' lang='lat' dir='ltr'>possis</span> <span class='ocrx_word' id='word_1_16' title='bbox 2021 583 2101 627; x_wconf 85' lang='lat' dir='ltr'>voce</span> 
     </span>
     <span class='ocr_line' id='line_1_3' title="bbox 449 665 2101 758; baseline -0.009 -15"><span class='ocrx_word' id='word_1_17' title='bbox 449 677 613 743; x_wconf 92' lang='lat' dir='ltr'>submissa</span> <span class='ocrx_word' id='word_1_18' title='bbox 641 676 751 741; x_wconf 89' lang='lat' dir='ltr'>divina</span> <span class='ocrx_word' id='word_1_19' title='bbox 781 675 949 742; x_wconf 88' lang='lat' dir='ltr'>celebrare</span> <span class='ocrx_word' id='word_1_20' title='bbox 974 675 1082 740; x_wconf 85' lang='lat' dir='ltr'>officia</span> <span class='ocrx_word' id='word_1_21' title='bbox 1112 675 1165 739; x_wconf 91' lang='lat' dir='ltr'>vel</span> <span class='ocrx_word' id='word_1_22' title='bbox 1194 672 1307 738; x_wconf 87' lang='lat' dir='ltr'>audire</span> <span class='ocrx_word' id='word_1_23' title='bbox 1331 693 1350 736; x_wconf 92' lang='lat' dir='ltr'>a</span> <span class='ocrx_word' id='word_1_24' title='bbox 1372 671 1503 758; x_wconf 88' lang='lat' dir='ltr'>proprio</span> <span class='ocrx_word' id='word_1_25' title='bbox 1534 670 1713 755; x_wconf 87' lang='lat' dir='ltr'>capellano.</span> <span class='ocrx_word' id='word_1_26' title='bbox 1757 668 1848 733; x_wconf 87' lang='lat' dir='ltr'>Nulli</span> <span class='ocrx_word' id='word_1_27' title='bbox 1876 665 1957 754; x_wconf 84' lang='lat' dir='ltr'>ergo</span> <span class='ocrx_word' id='word_1_28' title='bbox 1988 672 2101 729; x_wconf 90' lang='lat' dir='ltr'>nostre</span> 
     </span>
     <span class='ocr_line' id='line_1_4' title="bbox 447 779 998 864; baseline -0.007 -18"><span class='ocrx_word' id='word_1_29' title='bbox 447 780 669 846; x_wconf 80' lang='lat' dir='ltr'>concessionis</span> <span class='ocrx_word' id='word_1_30' title='bbox 692 815 745 845; x_wconf 88' lang='lat'>—.</span> <span class='ocrx_word' id='word_1_31' title='bbox 792 779 828 843; x_wconf 80' lang='lat' dir='ltr'>Si</span> <span class='ocrx_word' id='word_1_32' title='bbox 851 779 923 864; x_wconf 90' lang='lat' dir='ltr'>quis</span> <span class='ocrx_word' id='word_1_33' title='bbox 946 814 998 842; x_wconf 93' lang='lat'>-.</span> 
     </span>
    </p>

    <p class='ocr_par' dir='ltr' id='par_1_3' title="bbox 556 895 1311 978">
     <span class='ocr_line' id='line_1_5' title="bbox 556 895 1311 978; baseline -0.012 -11"><span class='ocrx_word' id='word_1_34' title='bbox 556 901 633 967; x_wconf 89' lang='lat' dir='ltr'>Dat.</span> <span class='ocrx_word' id='word_1_35' title='bbox 656 901 810 966; x_wconf 87' lang='lat' dir='ltr'>Lateran.</span> <span class='ocrx_word' id='word_1_36' title='bbox 833 898 867 963; x_wconf 90' lang='grc' dir='ltr'>Π</span> <span class='ocrx_word' id='word_1_37' title='bbox 888 898 973 962; x_wconf 90' lang='lat' dir='ltr'>Non.</span> <span class='ocrx_word' id='word_1_38' title='bbox 997 896 1119 978; x_wconf 87' lang='lat' dir='ltr'>Martii,</span> <span class='ocrx_word' id='word_1_39' title='bbox 1143 917 1228 960; x_wconf 92' lang='lat' dir='ltr'>anno</span> <span class='ocrx_word' id='word_1_40' title='bbox 1251 895 1311 959; x_wconf 90' lang='lat' dir='ltr'>IX.</span> 
     </span>
    </p>
   </div>
   <div class='ocr_carea' id='block_1_3' title="bbox 1067 1175 1477 1186">
    <p class='ocr_par' dir='ltr' id='par_1_4' title="bbox 1067 1175 1477 1186">
     <span class='ocr_line' id='line_1_6' title="bbox 1067 1175 1477 1186; baseline -0.01 -2"><span class='ocrx_word' id='word_1_41' title='bbox 1067 1175 1477 1186; x_wconf 72' lang='lat'><em>...-..-....—-—---———</em></span> 
     </span>
    </p>
   </div>
   <div class='ocr_carea' id='block_1_4' title="bbox 1229 1436 1315 1508">
    <p class='ocr_par' dir='ltr' id='par_1_5' title="bbox 1229 1436 1315 1508">
     <span class='ocr_line' id='line_1_7' title="bbox 1229 1436 1315 1508; baseline 0 0"><span class='ocrx_word' id='word_1_42' title='bbox 1229 1436 1315 1508; x_wconf 66' lang='lat'><strong>270.</strong></span> 
     </span>
    </p>
   </div>
   <div class='ocr_carea' id='block_1_5' title="bbox 448 1555 2165 1764">
    <p class='ocr_par' dir='ltr' id='par_1_6' title="bbox 448 1555 2165 1764">
     <span class='ocr_line' id='line_1_8' title="bbox 558 1555 2165 1660; baseline -0.007 -13"><span class='ocrx_word' id='word_1_43' title='bbox 558 1555 746 1646; x_wconf 72' lang='lat' dir='ltr'>Honorias</span> <span class='ocrx_word' id='word_1_44' title='bbox 776 1579 843 1645; x_wconf 89' lang='grc' dir='ltr'>ΙΙΙ</span> <span class='ocrx_word' id='word_1_45' title='bbox 868 1601 955 1660; x_wconf 77' lang='lat' dir='ltr'>papo</span> <span class='ocrx_word' id='word_1_46' title='bbox 987 1579 1151 1659; x_wconf 65' lang='lat' dir='ltr'>conplmnot</span> <span class='ocrx_word' id='word_1_47' title='bbox 1176 1575 1371 1640; x_wconf 69' lang='lat' dir='ltr'>macedam</span> <span class='ocrx_word' id='word_1_48' title='bbox 1403 1575 1487 1638; x_wconf 77' lang='lat' dir='ltr'>iuter</span> <span class='ocrx_word' id='word_1_49' title='bbox 1513 1574 1732 1658; x_wconf 82' lang='lat' dir='ltr'>[Conradam]</span> <span class='ocrx_word' id='word_1_50' title='bbox 1760 1573 1901 1638; x_wconf 82' lang='lat' dir='ltr'>abbatem</span> <span class='ocrx_word' id='word_1_51' title='bbox 1931 1572 2104 1637; x_wconf 79' lang='lat' dir='ltr'>Pracmoa-</span> <span class='ocrx_word' id='word_1_52' title='bbox 2154 1591 2165 1626; x_wconf 79' lang='lat' dir='ltr'>s</span> 
     </span>
     <span class='ocr_line' id='line_1_9' title="bbox 448 1675 2106 1764; baseline -0.005 -17"><span class='ocrx_word' id='word_1_53' title='bbox 448 1687 632 1748; x_wconf 86' lang='lat' dir='ltr'>strateascm</span> <span class='ocrx_word' id='word_1_54' title='bbox 662 1687 691 1748; x_wconf 81' lang='lat' dir='ltr'>et</span> <span class='ocrx_word' id='word_1_55' title='bbox 717 1682 840 1764; x_wconf 79' lang='lat' dir='ltr'>aliquos</span> <span class='ocrx_word' id='word_1_56' title='bbox 862 1683 1058 1763; x_wconf 76' lang='lat' dir='ltr'>ptaepositos</span> <span class='ocrx_word' id='word_1_57' title='bbox 1086 1681 1201 1744; x_wconf 80' lang='lat' dir='ltr'>initam</span> <span class='ocrx_word' id='word_1_58' title='bbox 1228 1697 1322 1759; x_wconf 80' lang='lat' dir='ltr'>saper</span> <span class='ocrx_word' id='word_1_59' title='bbox 1350 1697 1400 1756; x_wconf 89' lang='lat' dir='ltr'>ca,</span> <span class='ocrx_word' id='word_1_60' title='bbox 1433 1677 1515 1758; x_wconf 83' lang='lat' dir='ltr'>qaod</span> <span class='ocrx_word' id='word_1_61' title='bbox 1541 1678 1638 1741; x_wconf 87' lang='lat' dir='ltr'>abbas</span> <span class='ocrx_word' id='word_1_62' title='bbox 1665 1681 1786 1740; x_wconf 83' lang='lat' dir='ltr'>asserat</span> <span class='ocrx_word' id='word_1_63' title='bbox 1807 1677 2006 1756; x_wconf 81' lang='lat' dir='ltr'>praepositos</span> <span class='ocrx_word' id='word_1_64' title='bbox 2033 1675 2106 1739; x_wconf 80' lang='lat' dir='ltr'>illos</span> 
     </span>
    </p>
   </div>
   <div class='ocr_carea' id='block_1_6' title="bbox 449 1779 1761 1868">
    <p class='ocr_par' dir='ltr' id='par_1_7' title="bbox 449 1779 1761 1868">
     <span class='ocr_line' id='line_1_10' title="bbox 449 1779 1761 1868; baseline -0.005 -18"><span class='ocrx_word' id='word_1_65' title='bbox 449 1785 555 1850; x_wconf 85' lang='lat' dir='ltr'>debera</span> <span class='ocrx_word' id='word_1_66' title='bbox 577 1785 712 1868; x_wconf 72' lang='lat' dir='ltr'>stapulas</span> <span class='ocrx_word' id='word_1_67' title='bbox 734 1785 832 1850; x_wconf 79' lang='lat' dir='ltr'>anais</span> <span class='ocrx_word' id='word_1_68' title='bbox 854 1784 1146 1850; x_wconf 79' lang='lat' dir='ltr'>Pracmoastratam</span> <span class='ocrx_word' id='word_1_69' title='bbox 1167 1781 1211 1846; x_wconf 86' lang='lat' dir='ltr'>ad</span> <span class='ocrx_word' id='word_1_70' title='bbox 1231 1781 1404 1862; x_wconf 77' lang='lat' dir='ltr'>capitulam</span> <span class='ocrx_word' id='word_1_71' title='bbox 1423 1779 1567 1865; x_wconf 74' lang='lat' dir='ltr'>yeaerola</span> <span class='ocrx_word' id='word_1_72' title='bbox 1591 1781 1761 1844; x_wconf 81' lang='lat' dir='ltr'>maacaire.</span> 
     </span>
    </p>
   </div>
   <div class='ocr_carea' id='block_1_7' title="bbox 553 1882 2017 2042">
    <p class='ocr_par' dir='ltr' id='par_1_8' title="bbox 553 1882 2017 2042">
     <span class='ocr_line' id='line_1_11' title="bbox 1063 1882 2017 1964; baseline -0.01 -12"><span class='ocrx_word' id='word_1_73' title='bbox 1063 1917 1064 1921; x_wconf 46' lang='lat'>¹</span> <span class='ocrx_word' id='word_1_74' title='bbox 1718 1884 1811 1962; x_wconf 80' lang='lat'>1225,</span> <span class='ocrx_word' id='word_1_75' title='bbox 1832 1882 1941 1964; x_wconf 76' lang='lat' dir='ltr'>April.</span> <span class='ocrx_word' id='word_1_76' title='bbox 1965 1882 2017 1943; x_wconf 88' lang='lat'>19.</span> 
     </span>
     <span class='ocr_line' id='line_1_12' title="bbox 553 1967 1252 2042; baseline -0.006 -16"><span class='ocrx_word' id='word_1_77' title='bbox 553 1973 627 2027; x_wconf 76' lang='lat' dir='ltr'>Han.</span> <span class='ocrx_word' id='word_1_78' title='bbox 646 1973 704 2026; x_wconf 87' lang='lat'>111</span> <span class='ocrx_word' id='word_1_79' title='bbox 719 1972 787 2042; x_wconf 68' lang='lat' dir='ltr'>Ray.</span> <span class='ocrx_word' id='word_1_80' title='bbox 808 1972 866 2027; x_wconf 83' lang='lat' dir='ltr'>Vol.</span> <span class='ocrx_word' id='word_1_81' title='bbox 891 1971 920 2038; x_wconf 85' lang='lat' dir='ltr'>V,</span> <span class='ocrx_word' id='word_1_82' title='bbox 938 1975 990 2038; x_wconf 74' lang='lat'>485</span> <span class='ocrx_word' id='word_1_83' title='bbox 1007 1967 1070 2024; x_wconf 76' lang='lat' dir='ltr'>Lab.</span> <span class='ocrx_word' id='word_1_84' title='bbox 1089 1971 1146 2038; x_wconf 78' lang='lat' dir='ltr'>IX,</span> <span class='ocrx_word' id='word_1_85' title='bbox 1163 1973 1229 2024; x_wconf 78' lang='lat'><strong><em>268.</em></strong></span> <span class='ocrx_word' id='word_1_86' title='bbox 1251 2019 1252 2022; x_wconf 74' lang='grc'><strong><em>,</em></strong></span> 
     </span>
    </p>
   </div>
   <div class='ocr_carea' id='block_1_8' title="bbox 552 2059 878 2129">
    <p class='ocr_par' dir='ltr' id='par_1_9' title="bbox 552 2059 878 2129">
     <span class='ocr_line' id='line_1_13' title="bbox 552 2059 878 2129; baseline 0.003 -16"><span class='ocrx_word' id='word_1_87' title='bbox 552 2059 688 2124; x_wconf 83' lang='lat' dir='ltr'>Pottbaat,</span> <span class='ocrx_word' id='word_1_88' title='bbox 706 2060 775 2129; x_wconf 70' lang='lat' dir='ltr'>Rea.</span> <span class='ocrx_word' id='word_1_89' title='bbox 796 2063 878 2114; x_wconf 85' lang='lat'><strong><em>7399.</em></strong></span> 
     </span>
    </p>
   </div>
   <div class='ocr_carea' id='block_1_9' title="bbox 937 2234 1618 2312">
    <p class='ocr_par' dir='ltr' id='par_1_10' title="bbox 937 2234 1618 2312">
     <span class='ocr_line' id='line_1_14' title="bbox 937 2234 1618 2312; baseline 0 0"><span class='ocrx_word' id='word_1_90' title='bbox 937 2295 946 2312; x_wconf 91' lang='lat'><strong>.</strong></span> <span class='ocrx_word' id='word_1_91' title='bbox 977 2293 985 2310; x_wconf 93' lang='lat'><strong>.</strong></span> <span class='ocrx_word' id='word_1_92' title='bbox 1014 2236 1166 2310; x_wconf 85' lang='lat' dir='ltr'>abbati</span> <span class='ocrx_word' id='word_1_93' title='bbox 1192 2234 1618 2312; x_wconf 84' lang='lat' dir='ltr'>Premonstratensi.</span> 
     </span>
    </p>
   </div>
   <div class='ocr_carea' id='block_1_10' title="bbox 449 2382 2180 4224">
    <p class='ocr_par' dir='ltr' id='par_1_11' title="bbox 449 2382 2180 4224">
     <span class='ocr_line' id='line_1_15' title="bbox 557 2382 2106 2472; baseline -0.003 -24"><span class='ocrx_word' id='word_1_94' title='bbox 557 2384 607 2449; x_wconf 86' lang='lat' dir='ltr'>Ea</span> <span class='ocrx_word' id='word_1_95' title='bbox 637 2406 700 2470; x_wconf 89' lang='lat' dir='ltr'>quc</span> <span class='ocrx_word' id='word_1_96' title='bbox 731 2406 791 2472; x_wconf 93' lang='lat' dir='ltr'>pro</span> <span class='ocrx_word' id='word_1_97' title='bbox 821 2386 1034 2450; x_wconf 89' lang='lat' dir='ltr'>ecclesiarum</span> <span class='ocrx_word' id='word_1_98' title='bbox 1063 2383 1205 2448; x_wconf 86' lang='lat' dir='ltr'>utilitate</span> <span class='ocrx_word' id='word_1_99' title='bbox 1234 2403 1272 2446; x_wconf 89' lang='lat' dir='ltr'>ae</span> <span class='ocrx_word' id='word_1_100' title='bbox 1303 2404 1384 2469; x_wconf 87' lang='lat' dir='ltr'>pace</span> <span class='ocrx_word' id='word_1_101' title='bbox 1412 2382 1548 2469; x_wconf 90' lang='lat' dir='ltr'>provide</span> <span class='ocrx_word' id='word_1_102' title='bbox 1581 2382 1789 2464; x_wconf 90' lang='lat' dir='ltr'>ordinantur,</span> <span class='ocrx_word' id='word_1_103' title='bbox 1817 2382 2000 2469; x_wconf 84' lang='lat' dir='ltr'>apostolico</span> <span class='ocrx_word' id='word_1_104' title='bbox 2030 2385 2106 2446; x_wconf 90' lang='lat' dir='ltr'>sunt</span> 
     </span>
     <span class='ocr_line' id='line_1_16' title="bbox 450 2483 2104 2573; baseline -0.003 -22"><span class='ocrx_word' id='word_1_105' title='bbox 450 2487 629 2552; x_wconf 85' lang='lat' dir='ltr'>munimine</span> <span class='ocrx_word' id='word_1_106' title='bbox 647 2488 840 2569; x_wconf 88' lang='lat' dir='ltr'>roboranda,</span> <span class='ocrx_word' id='word_1_107' title='bbox 864 2495 901 2552; x_wconf 89' lang='lat' dir='ltr'>ut</span> <span class='ocrx_word' id='word_1_108' title='bbox 923 2486 1114 2573; x_wconf 87' lang='lat' dir='ltr'>impensiori</span> <span class='ocrx_word' id='word_1_109' title='bbox 1129 2486 1301 2570; x_wconf 85' lang='lat' dir='ltr'>diligentia</span> <span class='ocrx_word' id='word_1_110' title='bbox 1317 2486 1542 2550; x_wconf 84' lang='lat' dir='ltr'>observentur.</span> <span class='ocrx_word' id='word_1_111' title='bbox 1587 2486 1640 2550; x_wconf 85' lang='lat' dir='ltr'>Ex</span> <span class='ocrx_word' id='word_1_112' title='bbox 1662 2492 1755 2572; x_wconf 88' lang='lat' dir='ltr'>parte</span> <span class='ocrx_word' id='word_1_113' title='bbox 1778 2484 1940 2570; x_wconf 90' lang='lat' dir='ltr'>siquidem</span> <span class='ocrx_word' id='word_1_114' title='bbox 1962 2492 2020 2548; x_wconf 90' lang='lat' dir='ltr'>tua</span> <span class='ocrx_word' id='word_1_115' title='bbox 2042 2483 2104 2547; x_wconf 86' lang='lat' dir='ltr'>fuit</span> 
     </span>
     <span class='ocr_line' id='line_1_17' title="bbox 450 2588 2103 2678; baseline -0.001 -24"><span class='ocrx_word' id='word_1_116' title='bbox 450 2591 656 2677; x_wconf 88' lang='lat' dir='ltr'>propositum</span> <span class='ocrx_word' id='word_1_117' title='bbox 680 2612 790 2656; x_wconf 88' lang='lat' dir='ltr'>coram</span> <span class='ocrx_word' id='word_1_118' title='bbox 814 2593 920 2673; x_wconf 83' lang='lat' dir='ltr'>nobis,</span> <span class='ocrx_word' id='word_1_119' title='bbox 945 2592 1031 2678; x_wconf 93' lang='lat' dir='ltr'>quod</span> <span class='ocrx_word' id='word_1_120' title='bbox 1054 2613 1127 2655; x_wconf 91' lang='lat' dir='ltr'>cum</span> <span class='ocrx_word' id='word_1_121' title='bbox 1152 2592 1237 2655; x_wconf 88' lang='lat' dir='ltr'>inter</span> <span class='ocrx_word' id='word_1_122' title='bbox 1260 2599 1292 2656; x_wconf 90' lang='lat' dir='ltr'>te</span> <span class='ocrx_word' id='word_1_123' title='bbox 1318 2597 1475 2676; x_wconf 82' lang='lat' dir='ltr'>exparte</span> <span class='ocrx_word' id='word_1_124' title='bbox 1499 2613 1564 2655; x_wconf 91' lang='lat' dir='ltr'>una</span> <span class='ocrx_word' id='word_1_125' title='bbox 1587 2598 1621 2656; x_wconf 87' lang='lat' dir='ltr'>et</span> <span class='ocrx_word' id='word_1_126' title='bbox 1645 2641 1652 2655; x_wconf 93' lang='lat'>.</span> <span class='ocrx_word' id='word_1_127' title='bbox 1672 2643 1678 2657; x_wconf 94' lang='lat'><strong>.</strong></span> <span class='ocrx_word' id='word_1_128' title='bbox 1697 2590 1816 2655; x_wconf 82' lang='lat' dir='ltr'>Sancte</span> <span class='ocrx_word' id='word_1_129' title='bbox 1838 2591 1943 2654; x_wconf 86' lang='lat' dir='ltr'>Maria</span> <span class='ocrx_word' id='word_1_130' title='bbox 1966 2588 2103 2673; x_wconf 85' lang='lat' dir='ltr'>Magda-</span> 
     </span>
     <span class='ocr_line' id='line_1_18' title="bbox 449 2692 2175 2779; baseline -0.001 -21"><span class='ocrx_word' id='word_1_131' title='bbox 449 2694 638 2778; x_wconf 85' lang='lat' dir='ltr'>burgensis,</span> <span class='ocrx_word' id='word_1_132' title='bbox 670 2695 773 2760; x_wconf 91' lang='lat' dir='ltr'>..ds</span> <span class='ocrx_word' id='word_1_133' title='bbox 797 2694 912 2760; x_wconf 80' lang='lat' dir='ltr'>Gratia</span> <span class='ocrx_word' id='word_1_134' title='bbox 934 2695 1015 2775; x_wconf 87' lang='lat' dir='ltr'>Dei,</span> <span class='ocrx_word' id='word_1_135' title='bbox 1045 2742 1052 2757; x_wconf 87' lang='lat'><strong>.</strong></span> <span class='ocrx_word' id='word_1_136' title='bbox 1078 2744 1084 2758; x_wconf 93' lang='lat'><strong>.</strong></span> <span class='ocrx_word' id='word_1_137' title='bbox 1114 2694 1154 2758; x_wconf 87' lang='lat' dir='ltr'>de</span> <span class='ocrx_word' id='word_1_138' title='bbox 1179 2694 1340 2773; x_wconf 84' lang='lat' dir='ltr'>Liezeka,</span> <span class='ocrx_word' id='word_1_139' title='bbox 1371 2742 1411 2756; x_wconf 89' lang='lat'>..</span> <span class='ocrx_word' id='word_1_140' title='bbox 1446 2693 1487 2758; x_wconf 90' lang='lat' dir='ltr'>ds</span> <span class='ocrx_word' id='word_1_141' title='bbox 1511 2692 1744 2779; x_wconf 86' lang='lat' dir='ltr'>Brandeburg,</span> <span class='ocrx_word' id='word_1_142' title='bbox 1774 2744 1781 2758; x_wconf 94' lang='lat'><strong>.</strong></span> <span class='ocrx_word' id='word_1_143' title='bbox 1807 2742 1813 2756; x_wconf 93' lang='lat'><strong>.</strong></span> <span class='ocrx_word' id='word_1_144' title='bbox 1837 2693 1878 2758; x_wconf 92' lang='lat' dir='ltr'>de</span> <span class='ocrx_word' id='word_1_145' title='bbox 1901 2693 2104 2777; x_wconf 88' lang='lat' dir='ltr'>Havelberg,</span> <span class='ocrx_word' id='word_1_146' title='bbox 2154 2711 2175 2747; x_wconf 71' lang='lat'>1⁵</span> 
     </span>
     <span class='ocr_line' id='line_1_19' title="bbox 452 2795 2105 2882; baseline -0.001 -20"><span class='ocrx_word' id='word_1_147' title='bbox 452 2846 460 2862; x_wconf 91' lang='lat'><strong>.</strong></span> <span class='ocrx_word' id='word_1_148' title='bbox 484 2844 491 2858; x_wconf 91' lang='lat'><strong>.</strong></span> <span class='ocrx_word' id='word_1_149' title='bbox 515 2796 556 2861; x_wconf 90' lang='lat' dir='ltr'>de</span> <span class='ocrx_word' id='word_1_150' title='bbox 578 2795 780 2882; x_wconf 83' lang='lat' dir='ltr'>Rasceburg,</span> <span class='ocrx_word' id='word_1_151' title='bbox 805 2847 812 2862; x_wconf 90' lang='lat'>.</span> <span class='ocrx_word' id='word_1_152' title='bbox 837 2848 844 2862; x_wconf 92' lang='lat'><strong>.</strong></span> <span class='ocrx_word' id='word_1_153' title='bbox 869 2797 909 2862; x_wconf 90' lang='lat' dir='ltr'>de</span> <span class='ocrx_word' id='word_1_154' title='bbox 932 2797 1106 2879; x_wconf 88' lang='lat' dir='ltr'>Ihericho,</span> <span class='ocrx_word' id='word_1_155' title='bbox 1132 2847 1139 2860; x_wconf 92' lang='lat'>.</span> <span class='ocrx_word' id='word_1_156' title='bbox 1163 2845 1170 2860; x_wconf 92' lang='lat'><strong>.</strong></span> <span class='ocrx_word' id='word_1_157' title='bbox 1194 2796 1234 2862; x_wconf 91' lang='lat' dir='ltr'>de</span> <span class='ocrx_word' id='word_1_158' title='bbox 1259 2795 1458 2876; x_wconf 86' lang='lat' dir='ltr'>Oolebethe,</span> <span class='ocrx_word' id='word_1_159' title='bbox 1484 2848 1491 2863; x_wconf 94' lang='lat'>.</span> <span class='ocrx_word' id='word_1_160' title='bbox 1515 2846 1522 2861; x_wconf 94' lang='lat'><em>.</em></span> <span class='ocrx_word' id='word_1_161' title='bbox 1546 2798 1587 2862; x_wconf 90' lang='lat' dir='ltr'>de</span> <span class='ocrx_word' id='word_1_162' title='bbox 1610 2796 1735 2872; x_wconf 84' lang='lat' dir='ltr'>Rothe,</span> <span class='ocrx_word' id='word_1_163' title='bbox 1762 2846 1769 2860; x_wconf 91' lang='lat'>.</span> <span class='ocrx_word' id='word_1_164' title='bbox 1796 2845 1803 2860; x_wconf 92' lang='lat'><strong>.</strong></span> <span class='ocrx_word' id='word_1_165' title='bbox 1825 2796 1866 2860; x_wconf 91' lang='lat' dir='ltr'>de</span> <span class='ocrx_word' id='word_1_166' title='bbox 1890 2796 2105 2880; x_wconf 86' lang='lat' dir='ltr'>Quetelingc-</span> 
     </span>
     <span class='ocr_line' id='line_1_20' title="bbox 450 2898 2107 2986; baseline -0.001 -22"><span class='ocrx_word' id='word_1_167' title='bbox 450 2899 544 2983; x_wconf 85' lang='lat' dir='ltr'>burg,</span> <span class='ocrx_word' id='word_1_168' title='bbox 569 2946 576 2961; x_wconf 92' lang='lat'><strong>.</strong></span> <span class='ocrx_word' id='word_1_169' title='bbox 599 2947 607 2962; x_wconf 89' lang='lat'><strong>.</strong></span> <span class='ocrx_word' id='word_1_170' title='bbox 631 2898 672 2965; x_wconf 92' lang='lat' dir='ltr'>de</span> <span class='ocrx_word' id='word_1_171' title='bbox 688 2899 821 2982; x_wconf 88' lang='lat' dir='ltr'>Widda,</span> <span class='ocrx_word' id='word_1_172' title='bbox 845 2951 851 2965; x_wconf 94' lang='lat'><strong>.</strong></span> <span class='ocrx_word' id='word_1_173' title='bbox 877 2949 884 2964; x_wconf 92' lang='lat'>.</span> <span class='ocrx_word' id='word_1_174' title='bbox 908 2901 949 2966; x_wconf 90' lang='lat' dir='ltr'>ds</span> <span class='ocrx_word' id='word_1_175' title='bbox 967 2901 1118 2982; x_wconf 88' lang='lat' dir='ltr'>Polethe,</span> <span class='ocrx_word' id='word_1_176' title='bbox 1144 2951 1151 2966; x_wconf 92' lang='lat'>.</span> <span class='ocrx_word' id='word_1_177' title='bbox 1179 2948 1186 2963; x_wconf 94' lang='lat'><em>.</em></span> <span class='ocrx_word' id='word_1_178' title='bbox 1212 2899 1254 2964; x_wconf 90' lang='lat' dir='ltr'>dc</span> <span class='ocrx_word' id='word_1_179' title='bbox 1277 2899 1510 2964; x_wconf 85' lang='lat' dir='ltr'>Gramonorwe</span> <span class='ocrx_word' id='word_1_180' title='bbox 1535 2908 1568 2964; x_wconf 89' lang='lat' dir='ltr'>et</span> <span class='ocrx_word' id='word_1_181' title='bbox 1592 2949 1598 2962; x_wconf 95' lang='lat'>.</span> <span class='ocrx_word' id='word_1_182' title='bbox 1626 2948 1632 2962; x_wconf 93' lang='lat'><strong>.</strong></span> <span class='ocrx_word' id='word_1_183' title='bbox 1658 2899 1698 2964; x_wconf 91' lang='lat' dir='ltr'>de</span> <span class='ocrx_word' id='word_1_184' title='bbox 1722 2899 1878 2964; x_wconf 84' lang='lat' dir='ltr'>Temenis</span> <span class='ocrx_word' id='word_1_185' title='bbox 1901 2900 2107 2986; x_wconf 72' lang='lat' dir='ltr'>prepositosl</span> 
     </span>
     <span class='ocr_line' id='line_1_21' title="bbox 450 3002 2106 3090; baseline 0 -25"><span class='ocrx_word' id='word_1_186' title='bbox 450 3022 494 3066; x_wconf 89' lang='lat' dir='ltr'>ex</span> <span class='ocrx_word' id='word_1_187' title='bbox 516 3003 621 3068; x_wconf 87' lang='lat' dir='ltr'>altera</span> <span class='ocrx_word' id='word_1_188' title='bbox 642 3005 771 3089; x_wconf 90' lang='lat' dir='ltr'>questio</span> <span class='ocrx_word' id='word_1_189' title='bbox 788 3010 972 3088; x_wconf 88' lang='lat' dir='ltr'>verteretur</span> <span class='ocrx_word' id='word_1_190' title='bbox 997 3025 1095 3090; x_wconf 89' lang='lat' dir='ltr'>super</span> <span class='ocrx_word' id='word_1_191' title='bbox 1120 3024 1170 3081; x_wconf 93' lang='lat' dir='ltr'>eo,</span> <span class='ocrx_word' id='word_1_192' title='bbox 1199 3002 1285 3087; x_wconf 93' lang='lat' dir='ltr'>quod</span> <span class='ocrx_word' id='word_1_193' title='bbox 1301 3002 1474 3067; x_wconf 81' lang='lat' dir='ltr'>asserebas</span> <span class='ocrx_word' id='word_1_194' title='bbox 1497 3002 1644 3088; x_wconf 87' lang='lat' dir='ltr'>prefatos</span> <span class='ocrx_word' id='word_1_195' title='bbox 1659 3004 1844 3089; x_wconf 89' lang='lat' dir='ltr'>prepositos</span> <span class='ocrx_word' id='word_1_196' title='bbox 1867 3002 1988 3076; x_wconf 88' lang='lat' dir='ltr'>debere</span> <span class='ocrx_word' id='word_1_197' title='bbox 2013 3002 2106 3066; x_wconf 91' lang='lat' dir='ltr'>annis</span> 
     </span>
     <span class='ocr_line' id='line_1_22' title="bbox 451 3105 2107 3192; baseline -0.001 -23"><span class='ocrx_word' id='word_1_198' title='bbox 451 3105 588 3190; x_wconf 88' lang='lat' dir='ltr'>singulis</span> <span class='ocrx_word' id='word_1_199' title='bbox 603 3107 884 3171; x_wconf 88' lang='lat' dir='ltr'>Premonstratum</span> <span class='ocrx_word' id='word_1_200' title='bbox 910 3108 1087 3172; x_wconf 89' lang='lat' dir='ltr'>convenire</span> <span class='ocrx_word' id='word_1_201' title='bbox 1111 3106 1152 3170; x_wconf 94' lang='lat' dir='ltr'>ad</span> <span class='ocrx_word' id='word_1_202' title='bbox 1170 3106 1325 3192; x_wconf 85' lang='lat' dir='ltr'>gencrale</span> <span class='ocrx_word' id='word_1_203' title='bbox 1343 3107 1520 3192; x_wconf 88' lang='lat' dir='ltr'>capitulum</span> <span class='ocrx_word' id='word_1_204' title='bbox 1545 3114 1578 3170; x_wconf 90' lang='lat' dir='ltr'>ct</span> <span class='ocrx_word' id='word_1_205' title='bbox 1602 3106 1826 3171; x_wconf 89' lang='lat' dir='ltr'>communibus</span> <span class='ocrx_word' id='word_1_206' title='bbox 1846 3105 2107 3171; x_wconf 87' lang='lat' dir='ltr'>institutionibus</span> 
     </span>
     <span class='ocr_line' id='line_1_23' title="bbox 452 3207 2177 3296; baseline -0.003 -25"><span class='ocrx_word' id='word_1_207' title='bbox 452 3207 574 3273; x_wconf 88' lang='lat' dir='ltr'>ordinis</span> <span class='ocrx_word' id='word_1_208' title='bbox 598 3208 749 3290; x_wconf 88' lang='lat' dir='ltr'>obedire,</span> <span class='ocrx_word' id='word_1_209' title='bbox 782 3210 960 3296; x_wconf 90' lang='lat' dir='ltr'>pluresque</span> <span class='ocrx_word' id='word_1_210' title='bbox 992 3232 1089 3296; x_wconf 89' lang='lat' dir='ltr'>super</span> <span class='ocrx_word' id='word_1_211' title='bbox 1121 3211 1183 3274; x_wconf 87' lang='lat' dir='ltr'>hoe</span> <span class='ocrx_word' id='word_1_212' title='bbox 1214 3210 1323 3274; x_wconf 88' lang='lat' dir='ltr'>littore</span> <span class='ocrx_word' id='word_1_213' title='bbox 1352 3231 1372 3272; x_wconf 90' lang='lat' dir='ltr'>a</span> <span class='ocrx_word' id='word_1_214' title='bbox 1400 3209 1478 3274; x_wconf 89' lang='lat' dir='ltr'>sede</span> <span class='ocrx_word' id='word_1_215' title='bbox 1508 3210 1690 3295; x_wconf 89' lang='lat' dir='ltr'>apostolica</span> <span class='ocrx_word' id='word_1_216' title='bbox 1721 3218 1943 3289; x_wconf 85' lang='lat' dir='ltr'>emanassent,</span> <span class='ocrx_word' id='word_1_217' title='bbox 1973 3209 2106 3273; x_wconf 87' lang='lat' dir='ltr'>tandem</span> <span class='ocrx_word' id='word_1_218' title='bbox 2154 3229 2177 3266; x_wconf 81' lang='lat' dir='ltr'>a</span> 
     </span>
     <span class='ocr_line' id='line_1_24' title="bbox 452 3311 2107 3399; baseline 0 -24"><span class='ocrx_word' id='word_1_219' title='bbox 452 3311 672 3377; x_wconf 86' lang='lat' dir='ltr'>mediantibus</span> <span class='ocrx_word' id='word_1_220' title='bbox 697 3361 704 3376; x_wconf 94' lang='lat'><strong><em>.</em></strong></span> <span class='ocrx_word' id='word_1_221' title='bbox 730 3361 737 3375; x_wconf 95' lang='lat'>.</span> <span class='ocrx_word' id='word_1_222' title='bbox 761 3319 897 3378; x_wconf 85' lang='lat' dir='ltr'>cantore</span> <span class='ocrx_word' id='word_1_223' title='bbox 921 3313 1064 3378; x_wconf 87' lang='lat' dir='ltr'>Metensi</span> <span class='ocrx_word' id='word_1_224' title='bbox 1093 3313 1226 3397; x_wconf 89' lang='lat' dir='ltr'>suisque</span> <span class='ocrx_word' id='word_1_225' title='bbox 1251 3313 1387 3396; x_wconf 84' lang='lat' dir='ltr'>collegis</span> <span class='ocrx_word' id='word_1_226' title='bbox 1412 3334 1509 3399; x_wconf 88' lang='lat' dir='ltr'>super</span> <span class='ocrx_word' id='word_1_227' title='bbox 1532 3312 1593 3376; x_wconf 92' lang='lat' dir='ltr'>hoc</span> <span class='ocrx_word' id='word_1_228' title='bbox 1617 3312 1748 3396; x_wconf 87' lang='lat' dir='ltr'>negotio</span> <span class='ocrx_word' id='word_1_229' title='bbox 1773 3311 1935 3397; x_wconf 87' lang='lat' dir='ltr'>delegatis</span> <span class='ocrx_word' id='word_1_230' title='bbox 1958 3334 1979 3376; x_wconf 89' lang='lat' dir='ltr'>a</span> <span class='ocrx_word' id='word_1_231' title='bbox 2000 3313 2107 3392; x_wconf 85' lang='lat' dir='ltr'>nobis,</span> 
     </span>
     <span class='ocr_line' id='line_1_25' title="bbox 450 3414 2107 3503; baseline 0.001 -25"><span class='ocrx_word' id='word_1_232' title='bbox 450 3421 502 3495; x_wconf 86' lang='lat' dir='ltr'>tu,</span> <span class='ocrx_word' id='word_1_233' title='bbox 533 3414 579 3478; x_wconf 87' lang='lat' dir='ltr'>fili</span> <span class='ocrx_word' id='word_1_234' title='bbox 607 3415 725 3496; x_wconf 88' lang='lat' dir='ltr'>abbas,</span> <span class='ocrx_word' id='word_1_235' title='bbox 760 3423 794 3480; x_wconf 88' lang='lat' dir='ltr'>et</span> <span class='ocrx_word' id='word_1_236' title='bbox 822 3439 898 3503; x_wconf 90' lang='lat' dir='ltr'>pars</span> <span class='ocrx_word' id='word_1_237' title='bbox 926 3416 1064 3481; x_wconf 86' lang='lat' dir='ltr'>adversa</span> <span class='ocrx_word' id='word_1_238' title='bbox 1088 3418 1121 3480; x_wconf 95' lang='lat' dir='ltr'>in</span> <span class='ocrx_word' id='word_1_239' title='bbox 1152 3422 1275 3481; x_wconf 85' lang='lat' dir='ltr'>certam</span> <span class='ocrx_word' id='word_1_240' title='bbox 1299 3417 1472 3482; x_wconf 90' lang='lat' dir='ltr'>concordie</span> <span class='ocrx_word' id='word_1_241' title='bbox 1496 3419 1631 3481; x_wconf 89' lang='lat' dir='ltr'>formam</span> <span class='ocrx_word' id='word_1_242' title='bbox 1656 3437 1764 3481; x_wconf 90' lang='lat' dir='ltr'>coram</span> <span class='ocrx_word' id='word_1_243' title='bbox 1793 3415 1975 3480; x_wconf 84' lang='lat' dir='ltr'>venerabili</span> <span class='ocrx_word' id='word_1_244' title='bbox 2006 3416 2107 3480; x_wconf 86' lang='lat' dir='ltr'>fratre</span> 
     </span>
     <span class='ocr_line' id='line_1_26' title="bbox 452 3515 2112 3606; baseline 0.001 -26"><span class='ocrx_word' id='word_1_245' title='bbox 452 3523 563 3582; x_wconf 88' lang='lat' dir='ltr'>nostro</span> <span class='ocrx_word' id='word_1_246' title='bbox 588 3515 764 3606; x_wconf 75' lang='lat' dir='ltr'>Olonrado]</span> <span class='ocrx_word' id='word_1_247' title='bbox 788 3519 964 3586; x_wconf 86' lang='lat' dir='ltr'>Portuensi</span> <span class='ocrx_word' id='word_1_248' title='bbox 992 3521 1162 3605; x_wconf 89' lang='lat' dir='ltr'>episcopo,</span> <span class='ocrx_word' id='word_1_249' title='bbox 1194 3520 1373 3604; x_wconf 88' lang='lat' dir='ltr'>apostolice</span> <span class='ocrx_word' id='word_1_250' title='bbox 1401 3519 1489 3586; x_wconf 87' lang='lat' dir='ltr'>sedis</span> <span class='ocrx_word' id='word_1_251' title='bbox 1516 3521 1643 3604; x_wconf 83' lang='lat' dir='ltr'>legato,</span> <span class='ocrx_word' id='word_1_252' title='bbox 1678 3526 1794 3605; x_wconf 88' lang='lat' dir='ltr'>sponte</span> <span class='ocrx_word' id='word_1_253' title='bbox 1823 3540 1861 3582; x_wconf 89' lang='lat' dir='ltr'>ac</span> <span class='ocrx_word' id='word_1_254' title='bbox 1892 3519 2112 3583; x_wconf 89' lang='lat' dir='ltr'>amicabiliter</span> 
     </span>
     <span class='ocr_line' id='line_1_27' title="bbox 455 3622 2109 3710; baseline -0.001 -24"><span class='ocrx_word' id='word_1_255' title='bbox 455 3624 686 3702; x_wconf 84' lang='lat' dir='ltr'>convenistis¹‚</span> <span class='ocrx_word' id='word_1_256' title='bbox 715 3645 812 3708; x_wconf 90' lang='lat' dir='ltr'>quam</span> <span class='ocrx_word' id='word_1_257' title='bbox 841 3624 1020 3710; x_wconf 88' lang='lat' dir='ltr'>apostolico</span> <span class='ocrx_word' id='word_1_258' title='bbox 1044 3625 1219 3708; x_wconf 87' lang='lat' dir='ltr'>postulasti</span> <span class='ocrx_word' id='word_1_259' title='bbox 1241 3624 1419 3689; x_wconf 89' lang='lat' dir='ltr'>munimine</span> <span class='ocrx_word' id='word_1_260' title='bbox 1443 3625 1599 3689; x_wconf 89' lang='lat' dir='ltr'>roborari.</span> <span class='ocrx_word' id='word_1_261' title='bbox 1650 3623 1720 3687; x_wconf 89' lang='lat' dir='ltr'>Nos</span> <span class='ocrx_word' id='word_1_262' title='bbox 1744 3623 1843 3706; x_wconf 87' lang='lat' dir='ltr'>igitur</span> <span class='ocrx_word' id='word_1_263' title='bbox 1866 3622 2020 3708; x_wconf 87' lang='lat' dir='ltr'>precibus</span> <span class='ocrx_word' id='word_1_264' title='bbox 2044 3623 2109 3685; x_wconf 86' lang='lat' dir='ltr'>tuis</span> 
     </span>
     <span class='ocr_line' id='line_1_28' title="bbox 452 3724 2180 3814; baseline 0 -25"><span class='ocrx_word' id='word_1_265' title='bbox 452 3724 631 3810; x_wconf 84' lang='lat' dir='ltr'>benignum</span> <span class='ocrx_word' id='word_1_266' title='bbox 666 3727 892 3814; x_wconf 85' lang='lat' dir='ltr'>impertientes</span> <span class='ocrx_word' id='word_1_267' title='bbox 926 3748 1118 3806; x_wconf 84' lang='lat' dir='ltr'>assensum,</span> <span class='ocrx_word' id='word_1_268' title='bbox 1153 3726 1359 3790; x_wconf 84' lang='lat' dir='ltr'>concordiam</span> <span class='ocrx_word' id='word_1_269' title='bbox 1395 3729 1515 3814; x_wconf 87' lang='lat' dir='ltr'>ipsam,</span> <span class='ocrx_word' id='word_1_270' title='bbox 1552 3729 1636 3791; x_wconf 91' lang='lat' dir='ltr'>sicut</span> <span class='ocrx_word' id='word_1_271' title='bbox 1671 3727 1742 3790; x_wconf 90' lang='lat' dir='ltr'>sinc</span> <span class='ocrx_word' id='word_1_272' title='bbox 1775 3726 1937 3813; x_wconf 87' lang='lat' dir='ltr'>pravitate</span> <span class='ocrx_word' id='word_1_273' title='bbox 1972 3724 2108 3811; x_wconf 91' lang='lat' dir='ltr'>provide</span> <span class='ocrx_word' id='word_1_274' title='bbox 2157 3743 2180 3780; x_wconf 71' lang='lat' dir='ltr'>a</span> 
     </span>
     <span class='ocr_line' id='line_1_29' title="bbox 453 3821 2109 3916; baseline 0.001 -25"><span class='ocrx_word' id='word_1_275' title='bbox 453 3828 540 3892; x_wconf 88' lang='lat' dir='ltr'>facta</span> <span class='ocrx_word' id='word_1_276' title='bbox 563 3831 623 3910; x_wconf 84' lang='lat' dir='ltr'>est,</span> <span class='ocrx_word' id='word_1_277' title='bbox 647 3837 679 3894; x_wconf 91' lang='lat' dir='ltr'>et</span> <span class='ocrx_word' id='word_1_278' title='bbox 702 3851 722 3894; x_wconf 92' lang='lat' dir='ltr'>a</span> <span class='ocrx_word' id='word_1_279' title='bbox 744 3830 892 3916; x_wconf 88' lang='lat' dir='ltr'>partibus</span> <span class='ocrx_word' id='word_1_280' title='bbox 912 3836 1027 3916; x_wconf 86' lang='lat' dir='ltr'>sponte</span> <span class='ocrx_word' id='word_1_281' title='bbox 1050 3821 1196 3914; x_wconf 87' lang='lat' dir='ltr'>recepta,</span> <span class='ocrx_word' id='word_1_282' title='bbox 1220 3835 1254 3894; x_wconf 93' lang='lat' dir='ltr'>et</span> <span class='ocrx_word' id='word_1_283' title='bbox 1275 3830 1435 3894; x_wconf 87' lang='lat' dir='ltr'>hactenus</span> <span class='ocrx_word' id='word_1_284' title='bbox 1461 3832 1599 3916; x_wconf 87' lang='lat' dir='ltr'>pacifice</span> <span class='ocrx_word' id='word_1_285' title='bbox 1616 3831 1801 3908; x_wconf 88' lang='lat' dir='ltr'>observata,</span> <span class='ocrx_word' id='word_1_286' title='bbox 1825 3835 1924 3914; x_wconf 89' lang='lat' dir='ltr'>atque</span> <span class='ocrx_word' id='word_1_287' title='bbox 1948 3830 1982 3892; x_wconf 91' lang='lat' dir='ltr'>in</span> <span class='ocrx_word' id='word_1_288' title='bbox 2005 3828 2109 3914; x_wconf 90' lang='lat' dir='ltr'>ipsius</span> 
     </span>
     <span class='ocr_line' id='line_1_30' title="bbox 454 3932 2110 4020; baseline 0 -24"><span class='ocrx_word' id='word_1_289' title='bbox 454 3933 601 4019; x_wconf 86' lang='lat' dir='ltr'>episcopi</span> <span class='ocrx_word' id='word_1_290' title='bbox 632 3939 665 3996; x_wconf 91' lang='lat' dir='ltr'>et</span> <span class='ocrx_word' id='word_1_291' title='bbox 693 3932 853 3997; x_wconf 88' lang='lat' dir='ltr'>dictorum</span> <span class='ocrx_word' id='word_1_292' title='bbox 888 3932 1030 3998; x_wconf 90' lang='lat' dir='ltr'>iudicum</span> <span class='ocrx_word' id='word_1_293' title='bbox 1059 3933 1178 3996; x_wconf 87' lang='lat' dir='ltr'>litteris</span> <span class='ocrx_word' id='word_1_294' title='bbox 1215 3933 1290 3997; x_wconf 92' lang='lat' dir='ltr'>inde</span> <span class='ocrx_word' id='word_1_295' title='bbox 1322 3934 1479 3998; x_wconf 86' lang='lat' dir='ltr'>confectis</span> <span class='ocrx_word' id='word_1_296' title='bbox 1514 3935 1644 4020; x_wconf 90' lang='lat' dir='ltr'>plenius</span> <span class='ocrx_word' id='word_1_297' title='bbox 1680 3933 1880 4012; x_wconf 86' lang='lat' dir='ltr'>continetur,</span> <span class='ocrx_word' id='word_1_298' title='bbox 1914 3933 2110 3996; x_wconf 85' lang='lat' dir='ltr'>auctoritate</span> 
     </span>
     <span class='ocr_line' id='line_1_31' title="bbox 455 4035 2111 4122; baseline -0.001 -24"><span class='ocrx_word' id='word_1_299' title='bbox 455 4035 636 4122; x_wconf 90' lang='lat' dir='ltr'>apostolica</span> <span class='ocrx_word' id='word_1_300' title='bbox 652 4037 882 4100; x_wconf 89' lang='lat' dir='ltr'>confirmamus</span> <span class='ocrx_word' id='word_1_301' title='bbox 906 4043 939 4100; x_wconf 85' lang='lat' dir='ltr'>et</span> <span class='ocrx_word' id='word_1_302' title='bbox 961 4036 1124 4121; x_wconf 89' lang='lat' dir='ltr'>presentis</span> <span class='ocrx_word' id='word_1_303' title='bbox 1149 4036 1264 4121; x_wconf 90' lang='lat' dir='ltr'>scripti</span> <span class='ocrx_word' id='word_1_304' title='bbox 1286 4036 1469 4122; x_wconf 88' lang='lat' dir='ltr'>patrocinio</span> <span class='ocrx_word' id='word_1_305' title='bbox 1488 4037 1736 4101; x_wconf 87' lang='lat' dir='ltr'>communimus.</span> <span class='ocrx_word' id='word_1_306' title='bbox 1782 4035 1872 4099; x_wconf 90' lang='lat' dir='ltr'>Nulli</span> <span class='ocrx_word' id='word_1_307' title='bbox 1897 4055 1975 4120; x_wconf 87' lang='lat' dir='ltr'>ergo</span> <span class='ocrx_word' id='word_1_308' title='bbox 1999 4041 2111 4098; x_wconf 90' lang='lat' dir='ltr'>nostre</span> 
     </span>
     <span class='ocr_line' id='line_1_32' title="bbox 456 4137 1193 4224; baseline 0.003 -22"><span class='ocrx_word' id='word_1_309' title='bbox 456 4138 709 4202; x_wconf 86' lang='lat' dir='ltr'>confirmationis</span> <span class='ocrx_word' id='word_1_310' title='bbox 733 4145 794 4202; x_wconf 89' lang='lat' dir='ltr'>ete.</span> <span class='ocrx_word' id='word_1_311' title='bbox 842 4137 878 4203; x_wconf 84' lang='lat' dir='ltr'>Si</span> <span class='ocrx_word' id='word_1_312' title='bbox 901 4140 973 4224; x_wconf 93' lang='lat' dir='ltr'>quis</span> <span class='ocrx_word' id='word_1_313' title='bbox 996 4145 1107 4203; x_wconf 89' lang='lat' dir='ltr'>autem</span> <span class='ocrx_word' id='word_1_314' title='bbox 1131 4147 1193 4204; x_wconf 90' lang='lat' dir='ltr'>etc.</span> 
     </span>
    </p>
   </div>
   <div class='ocr_carea' id='block_1_11' title="bbox 540 4255 2182 4337">
    <p class='ocr_par' dir='ltr' id='par_1_12' title="bbox 540 4255 2182 4337">
     <span class='ocr_line' id='line_1_33' title="bbox 540 4255 2182 4337; baseline 0 -17"><span class='ocrx_word' id='word_1_315' title='bbox 540 4255 617 4322; x_wconf 90' lang='lat' dir='ltr'>Dat.</span> <span class='ocrx_word' id='word_1_316' title='bbox 639 4258 792 4324; x_wconf 88' lang='lat' dir='ltr'>Lateran.</span> <span class='ocrx_word' id='word_1_317' title='bbox 815 4258 901 4323; x_wconf 85' lang='lat' dir='ltr'><strong>XIII</strong></span> <span class='ocrx_word' id='word_1_318' title='bbox 922 4258 997 4323; x_wconf 90' lang='lat' dir='ltr'>Kal.</span> <span class='ocrx_word' id='word_1_319' title='bbox 1022 4258 1111 4337; x_wconf 85' lang='lat' dir='ltr'>Maii,</span> <span class='ocrx_word' id='word_1_320' title='bbox 1135 4279 1219 4322; x_wconf 90' lang='lat' dir='ltr'>anno</span> <span class='ocrx_word' id='word_1_321' title='bbox 1243 4279 1339 4326; x_wconf 88' lang='lat' dir='ltr'>nono.</span> <span class='ocrx_word' id='word_1_322' title='bbox 2158 4281 2182 4320; x_wconf 86' lang='lat' dir='ltr'>a</span> 
     </span>
    </p>
   </div>
   <div class='ocr_carea' id='block_1_12' title="bbox 1240 4798 1326 4870">
    <p class='ocr_par' dir='ltr' id='par_1_13' title="bbox 1240 4798 1326 4870">
     <span class='ocr_line' id='line_1_34' title="bbox 1240 4798 1326 4870; baseline -0.012 0"><span class='ocrx_word' id='word_1_323' title='bbox 1240 4798 1326 4870; x_wconf 72' lang='lat' dir='ltr'>all.</span> 
     </span>
    </p>
   </div>
   <div class='ocr_carea' id='block_1_13' title="bbox 456 4903 2113 5342">
    <p class='ocr_par' dir='ltr' id='par_1_14' title="bbox 456 4903 2113 5218">
     <span class='ocr_line' id='line_1_35' title="bbox 566 4903 2113 5018; baseline 0.003 -24"><span class='ocrx_word' id='word_1_324' title='bbox 566 4903 756 4999; x_wconf 68' lang='lat' dir='ltr'>Hamas</span> <span class='ocrx_word' id='word_1_325' title='bbox 777 4934 844 4999; x_wconf 83' lang='lat'>111</span> <span class='ocrx_word' id='word_1_326' title='bbox 858 4956 945 5015; x_wconf 70' lang='lat' dir='ltr'>papa</span> <span class='ocrx_word' id='word_1_327' title='bbox 965 4935 1005 5001; x_wconf 79' lang='lat' dir='ltr'>a.</span> <span class='ocrx_word' id='word_1_328' title='bbox 1028 4937 1135 5000; x_wconf 76' lang='lat' dir='ltr'>aaran</span> <span class='ocrx_word' id='word_1_329' title='bbox 1156 4936 1192 4999; x_wconf 82' lang='lat' dir='ltr'>a</span> <span class='ocrx_word' id='word_1_330' title='bbox 1207 4935 1406 5018; x_wconf 56' lang='lat' dir='ltr'>narratam</span> <span class='ocrx_word' id='word_1_331' title='bbox 1423 4934 1637 5016; x_wconf 67' lang='lat' dir='ltr'>praedicarat</span> <span class='ocrx_word' id='word_1_332' title='bbox 1658 4935 1759 4998; x_wconf 69' lang='lat' dir='ltr'>anca</span> <span class='ocrx_word' id='word_1_333' title='bbox 1781 4935 1889 4998; x_wconf 67' lang='lat' dir='ltr'>scara</span> <span class='ocrx_word' id='word_1_334' title='bbox 1909 4934 1948 4998; x_wconf 78' lang='lat' dir='ltr'>a</span> <span class='ocrx_word' id='word_1_335' title='bbox 1965 4936 2113 5015; x_wconf 62' lang='lat' dir='ltr'>aare,</span> 
     </span>
     <span class='ocr_line' id='line_1_36' title="bbox 456 5037 2113 5123; baseline -0.001 -19"><span class='ocrx_word' id='word_1_336' title='bbox 456 5061 536 5121; x_wconf 84' lang='lat' dir='ltr'>quae</span> <span class='ocrx_word' id='word_1_337' title='bbox 559 5040 708 5120; x_wconf 77' lang='lat' dir='ltr'>deputata</span> <span class='ocrx_word' id='word_1_338' title='bbox 736 5038 875 5102; x_wconf 78' lang='lat' dir='ltr'>subsidio</span> <span class='ocrx_word' id='word_1_339' title='bbox 899 5038 1014 5102; x_wconf 83' lang='lat' dir='ltr'>Terrae</span> <span class='ocrx_word' id='word_1_340' title='bbox 1037 5039 1173 5103; x_wconf 81' lang='lat' dir='ltr'>Sanctae</span> <span class='ocrx_word' id='word_1_341' title='bbox 1194 5061 1215 5103; x_wconf 90' lang='lat' dir='ltr'>a</span> <span class='ocrx_word' id='word_1_342' title='bbox 1237 5038 1448 5123; x_wconf 80' lang='lat' dir='ltr'>[Gadesra&#39;do]</span> <span class='ocrx_word' id='word_1_343' title='bbox 1477 5039 1615 5118; x_wconf 76' lang='lat' dir='ltr'>episcopo</span> <span class='ocrx_word' id='word_1_344' title='bbox 1641 5037 1858 5102; x_wconf 82' lang='lat' dir='ltr'>Carneraoensi</span> <span class='ocrx_word' id='word_1_345' title='bbox 1885 5042 1914 5100; x_wconf 90' lang='lat' dir='ltr'>et</span> <span class='ocrx_word' id='word_1_346' title='bbox 1936 5037 2113 5123; x_wconf 73' lang='lat' dir='ltr'>[Horra-iao]</span> 
     </span>
     <span class='ocr_line' id='line_1_37' title="bbox 456 5139 2025 5218; baseline -0.002 -10"><span class='ocrx_word' id='word_1_347' title='bbox 456 5144 532 5208; x_wconf 81' lang='lat' dir='ltr'>duce</span> <span class='ocrx_word' id='word_1_348' title='bbox 552 5143 755 5208; x_wconf 84' lang='lat' dir='ltr'>Brabaata&#39;aa</span> <span class='ocrx_word' id='word_1_349' title='bbox 777 5142 901 5204; x_wconf 72' lang='lat' dir='ltr'>iniuria</span> <span class='ocrx_word' id='word_1_350' title='bbox 923 5142 1048 5206; x_wconf 84' lang='lat' dir='ltr'>collecta</span> <span class='ocrx_word' id='word_1_351' title='bbox 1069 5143 1119 5207; x_wconf 77' lang='lat' dir='ltr'>su.</span> <span class='ocrx_word' id='word_1_352' title='bbox 1747 5141 1840 5218; x_wconf 83' lang='lat'>1225,</span> <span class='ocrx_word' id='word_1_353' title='bbox 1863 5139 1949 5204; x_wconf 79' lang='lat' dir='ltr'>Mai.</span> <span class='ocrx_word' id='word_1_354' title='bbox 1973 5145 2025 5205; x_wconf 84' lang='lat'>12.</span> 
     </span>
    </p>

    <p class='ocr_par' dir='ltr' id='par_1_15' title="bbox 561 5260 1238 5342">
     <span class='ocr_line' id='line_1_38' title="bbox 561 5260 1238 5342; baseline -0.003 -26"><span class='ocrx_word' id='word_1_355' title='bbox 561 5262 636 5317; x_wconf 82' lang='lat' dir='ltr'>Han.</span> <span class='ocrx_word' id='word_1_356' title='bbox 655 5264 711 5315; x_wconf 87' lang='grc' dir='ltr'>ΙΙΙ</span> <span class='ocrx_word' id='word_1_357' title='bbox 724 5261 794 5330; x_wconf 72' lang='lat' dir='ltr'>Ray.</span> <span class='ocrx_word' id='word_1_358' title='bbox 819 5260 873 5314; x_wconf 83' lang='lat' dir='ltr'>Vol.</span> <span class='ocrx_word' id='word_1_359' title='bbox 900 5260 929 5324; x_wconf 86' lang='lat' dir='ltr'>V,</span> <span class='ocrx_word' id='word_1_360' title='bbox 950 5264 1000 5328; x_wconf 76' lang='lat'>595</span> <span class='ocrx_word' id='word_1_361' title='bbox 1017 5261 1080 5314; x_wconf 76' lang='lat' dir='ltr'>Lib.</span> <span class='ocrx_word' id='word_1_362' title='bbox 1098 5261 1154 5342; x_wconf 67' lang='lat' dir='ltr'>Dl’</span> <span class='ocrx_word' id='word_1_363' title='bbox 1175 5265 1238 5316; x_wconf 78' lang='lat'><strong><em>323.</em></strong></span> 
     </span>
    </p>
   </div>
   <div class='ocr_carea' id='block_1_14' title="bbox 559 5540 1724 5746">
    <p class='ocr_par' dir='ltr' id='par_1_16' title="bbox 559 5540 1724 5746">
     <span class='ocr_line' id='line_1_39' title="bbox 563 5540 795 5610; baseline -0.013 -18"><span class='ocrx_word' id='word_1_364' title='bbox 563 5541 584 5606; x_wconf 83' lang='lat'>¹)</span> <span class='ocrx_word' id='word_1_365' title='bbox 602 5541 746 5610; x_wconf 86' lang='lat' dir='ltr'>prepositus</span> <span class='ocrx_word' id='word_1_366' title='bbox 764 5540 795 5590; x_wconf 82' lang='lat' dir='ltr'>R.</span> 
     </span>
     <span class='ocr_line' id='line_1_40' title="bbox 559 5673 1724 5746; baseline 0.001 -18"><span class='ocrx_word' id='word_1_367' title='bbox 559 5675 587 5743; x_wconf 87' lang='lat'>1)</span> <span class='ocrx_word' id='word_1_368' title='bbox 606 5675 698 5740; x_wconf 77' lang='lat' dir='ltr'>Metto,</span> <span class='ocrx_word' id='word_1_369' title='bbox 716 5679 794 5743; x_wconf 73' lang='lat'>1224,</span> <span class='ocrx_word' id='word_1_370' title='bbox 813 5675 877 5728; x_wconf 86' lang='lat' dir='ltr'>Dee.</span> <span class='ocrx_word' id='word_1_371' title='bbox 897 5679 928 5740; x_wconf 87' lang='grc'>1,·</span> <span class='ocrx_word' id='word_1_372' title='bbox 947 5673 1068 5744; x_wconf 63' lang='lat' dir='ltr'>[Ham.</span> <span class='ocrx_word' id='word_1_373' title='bbox 1086 5675 1159 5728; x_wconf 77' lang='lat' dir='ltr'>Ana.</span> <span class='ocrx_word' id='word_1_374' title='bbox 1177 5674 1365 5729; x_wconf 80' lang='lat' dir='ltr'>Praeraoaetr.</span> <span class='ocrx_word' id='word_1_375' title='bbox 1383 5681 1401 5728; x_wconf 86' lang='lat' dir='ltr'>t.</span> <span class='ocrx_word' id='word_1_376' title='bbox 1420 5678 1444 5739; x_wconf 90' lang='grc' dir='ltr'>Ι,</span> <span class='ocrx_word' id='word_1_377' title='bbox 1458 5674 1542 5746; x_wconf 78' lang='lat' dir='ltr'>prob.</span> <span class='ocrx_word' id='word_1_378' title='bbox 1556 5692 1588 5744; x_wconf 82' lang='lat' dir='ltr'>p.</span> <span class='ocrx_word' id='word_1_379' title='bbox 1606 5677 1724 5729; x_wconf 79' lang='lat'><em>23-25.</em></span> 
     </span>
    </p>
   </div>
   <div class='ocr_carea' id='block_1_15' title="bbox 0 0 2247 6420">
    <p class='ocr_par' dir='ltr' id='par_1_17' title="bbox 0 0 2247 6420">
     <span class='ocr_line' id='line_1_41' title="bbox 0 0 2247 6420; baseline 0 0"><span class='ocrx_word' id='word_1_380' title='bbox 0 0 2247 6420; x_wconf 95' lang='lat' dir='ltr'> </span> 
     </span>
    </p>
   </div>
  </div>
 </body>
</html>
