4590 6366
767 359 967 418 EPISTOLAE
985 361 1174 420 SELECTAE.
1210 364 1285 420 1235.
1790 371 1852 436 565

199 544 405 626 apponantur
428 535 527 603 etiam
555 536 588 603 in
623 538 856 625 capitularibus
885 538 952 602 suis
975 538 1224 604 constitutiones
1248 545 1362 604 contra
1383 539 1547 606 hereticos
1569 542 1705 607 anobis
1729 541 1817 609 edite
1830 544 1852 624 ¹,

200 665 263 728 que
292 665 352 729 per
380 650 412 708 te
443 642 565 706 fuerint
593 649 794 728 presentato.
840 643 1001 707 Volumus
1031 635 1262 708 nichilominus
1286 652 1319 709 et
1344 644 1554 726 mandamus,
1582 645 1668 731 quod
1696 646 1757 710 tibi
1780 647 1852 712 vice

199 752 310 810 nostra
338 745 554 809 sufficientem
588 753 754 830 exponant
783 753 816 810 et
845 745 997 809 idoneam
1029 747 1232 828 cautionem,
1260 747 1346 832 qued
1372 755 1509 833 pareant
1539 749 1700 814 mandatis
1730 750 1851 814 nostris

200 848 349 912 omnibus
379 847 581 934 superbiis,
616 868 675 933 pro
703 847 821 931 quibus
851 855 964 911 nostra
989 849 1041 912 vel
1071 849 1189 934 prefati
1218 849 1392 913 cardinalis
1421 852 1616 916 auctoritate
1647 853 1853 939 reperientur

135 972 147 1008 s
200 950 548 1015 excommunicationis
583 952 636 1015 vel
673 950 838 1015 interdicti
873 951 1003 1016 vinculo
1042 951 1198 1019 innodati.
1260 953 1422 1027 Quocirca
1453 954 1664 1037 mandamus,
1700 958 1851 1041 quatinus

196 1054 416 1139 personaliter
439 1053 481 1117 ad
503 1055 613 1118 locum
635 1053 808 1133 accedens,
833 1055 860 1118 si
883 1055 1019 1140 impleta
1042 1055 1164 1120 fuerint
1188 1057 1297 1120 omnia
1319 1057 1515 1143 supradicta,
1538 1058 1643 1124 dictas
1667 1061 1849 1126 sententias

197 1166 231 1223 et
254 1158 505 1223 constitutiones
528 1158 569 1221 ab
594 1157 710 1222 eodem
740 1157 896 1222 cardinali
925 1165 1038 1223 contra
1068 1159 1141 1223 illos
1165 1160 1338 1224 occasione
1361 1159 1548 1225 huiusmodi
1571 1164 1793 1248 promulgatas
1818 1170 1851 1228 et

197 1262 415 1347 obligationes
439 1261 543 1324 saetas
565 1260 673 1325 eidem
690 1262 820 1326 omnino
837 1263 1001 1342 relaxans,
1025 1269 1159 1349 recepto
1176 1264 1358 1328 iuramento
1380 1264 1422 1328 ab
1446 1264 1494 1329 eis
1512 1265 1689 1330 secundum
1712 1266 1850 1331 formam

197 1367 353 1446 ecclesie,
383 1386 465 1450 quos
493 1365 684 1429 nominatim
715 1367 1012 1431 excommunicavit
1044 1366 1218 1431 cardinalis
1246 1367 1428 1454 predictus,
1462 1389 1538 1450 eos,
1570 1368 1781 1434 fideiussores
1811 1390 1850 1432 ae

197 1470 342 1534 lautores
366 1475 399 1533 et
423 1468 630 1534 coadiutores
656 1489 768 1534 eorum
792 1491 812 1532 a
835 1469 991 1555 predictis
1016 1471 1203 1550 sententiis,
1228 1471 1516 1536 constitutionibus
1540 1463 1573 1535 et
1595 1471 1849 1558 obligationibus

196 1573 371 1638 denunties
394 1571 573 1653 absolutos,
597 1593 662 1635 nen
680 1572 888 1637 obstantibus
904 1572 1067 1657 aliquibus
1091 1573 1211 1637 litteris
1228 1594 1328 1659 super
1343 1574 1499 1660 predictis
1522 1595 1542 1638 a
1565 1573 1644 1639 sede
1667 1574 1850 1660 apostolica

196 1676 389 1761 impetratis.

303 1796 379 1859 Dat.
404 1796 557 1874 Viterbii,
581 1795 630 1858 IV
653 1795 727 1860 Kal.
751 1796 959 1877 Decembris,
983 1817 1067 1860 anno
1090 1795 1150 1860 IX.

816 2077 1226 2084 -—-—.-.-.———..-——.--——

978 2336 1064 2408 669.

299 2453 490 2562 Grcporius
504 2479 560 2545 IX
575 2501 664 2561 popu
686 2478 913 2543 institutione-m
933 2479 1108 2558 praepositi
1129 2482 1158 2542 ct
1180 2477 1312 2558 ceputulc'
1334 2479 1370 2542 ia
1391 2479 1518 2544 ecclesio
1539 2477 1784 2563 Nortlr[asensr]
1804 2478 1849 2542 od

128 2643 132 2652 ,
191 2584 352 2662 exemptor
375 2583 513 2647 Honorii
534 2583 601 2648 III
614 2605 720 2664 popae
742 2584 915 2663 coufirmat.
964 2580 1015 2666 clf.
1038 2601 1071 2644 a.
1095 2585 1166 2645 174.
1511 2583 1606 2660 1235,
1628 2581 1703 2646 Dec.
1728 2586 1758 2648 1.

296 2701 376 2772 (ἕπερ.
394 2704 443 2756 IX
461 2703 529 2772 Κεφ.
554 2704 610 2756 Vol.
632 2703 663 2766 V,
684 2707 810 2768 87-885
828 2704 891 2757 Lib.
911 2703 966 2767 IX,
984 2706 1047 2756 299.

518 2956 565 2974 ..
593 2899 825 2993 prepossto
853 2899 1121 2991 etoapiusso
1148 2891 1518 2996 Northlusenssst

300 3048 382 3114 Cum
417 3050 493 3114 olim
524 3056 591 3113 tarn
622 3070 642 3114 a
671 3050 840 3114 carissime
868 3049 900 3112 in
930 3047 1062 3112 Christo
1092 3048 1159 3113 filio
1188 3055 1300 3111 nostro
1329 3046 1498 3112 Friderico
1529 3047 1751 3112 Romanorum
1782 3053 1843 3113 etc.

191 3174 287 3237 quarn
310 3175 330 3218 a
352 3153 546 3238 quibusdam
569 3153 826 3240 archiepiscopis
851 3160 883 3217 et
907 3153 1071 3239 episeopis
1096 3151 1202 3217 ieliois
1225 3150 1462 3216 recordationis
1486 3149 1636 3215 Honorio
1659 3172 1744 3237 pape
1766 3172 1843 3236 pre·

191 3255 357 3321 decessori
373 3264 484 3322 nostro
500 3257 599 3322 fuerit
615 3257 809 3335 intimatum,
834 3256 919 3342 quod
937 3257 1077 3321 ecclesia
1093 3262 1203 3321 vestra
1225 3257 1258 3319 in
1281 3256 1433 3319 manibus
1450 3254 1652 3338 quarundam
1669 3255 1843 3319 mulierum

189 3366 265 3423 tunc
289 3361 537 3425 consistentium
561 3361 594 3423 in
617 3360 742 3430 eadem.
766 3382 829 3445 que
853 3361 953 3450 vitam
969 3359 1134 3425 ducebant
1157 3360 1387 3424 canonicorum
1411 3357 1608 3422 secularium
1631 3364 1664 3421 et
1688 3358 1842 3422 canonice

189 3463 405 3542 vocabantur,
438 3471 508 3528 erat
534 3465 580 3528 ita
603 3464 766 3550 collapsa,
795 3471 831 3528 ut
864 3464 929 3528 illis
952 3464 998 3528 ibi
1023 3464 1245 3528 existentibus
1268 3485 1334 3526 non
1356 3459 1545 3527 videreturb
1567 3482 1666 3546 posse
1690 3461 1730 3526 de
1754 3461 1844 3525 sacili
1912 3521 1913 3526 ,

188 3566 344 3631 relevari:
375 3567 462 3632 idem
491 3566 707 3654 predecessor
728 3574 840 3632 noster
863 3567 905 3630 ad
928 3567 1119 3631 instantiam
1143 3567 1246 3652 ipsius
1269 3565 1475 3652 imperatoris
1499 3571 1532 3629 et
1559 3565 1698 3628 aliorum
1721 3563 1841 3627 multo·

188 3691 259 3733 rum
292 3671 377 3735 bone
415 3673 570 3737 memorie
608 3670 666 3754 [⁰.
692 3720 700 3736 .
729 3673 976 3758 archiepiscopo
1012 3679 1045 3736 et
1079 3670 1209 3735 dilectis
1241 3668 1393 3733 filiae.
1425 3667 1550 3732 decano
1579 3674 1612 3733 et
1642 3667 1684 3731 V.
1719 3665 1839 3730 Sancte

111 3799 137 3834 ‘a
190 3771 293 3838 Maris
323 3775 491 3860 preposito
514 3775 792 3860 Magdeburgensi
821 3774 913 3840 dedit
940 3775 974 3838 in
1004 3774 1184 3853 mandatis,
1215 3779 1252 3836 ut
1279 3772 1436 3857 requisito
1460 3792 1559 3858 super
1580 3772 1642 3835 hoc
1664 3769 1750 3834 bone
1772 3791 1842 3833 me-

188 3874 303 3962 morie]
337 3879 642 3966 ..archiepiscopo
673 3880 865 3965 blaguntino
900 3878 1076 3943 diocesano
1110 3877 1196 3972 loci,
1222 3876 1276 3961 qui
1311 3897 1405 3939 suurn
1444 3896 1542 3961 super
1575 3874 1637 3937 hoc
1670 3871 1842 3937 dicebatur

188 3982 372 4065 prestitisse
402 4004 614 4063 consensum,
649 3983 852 4069 prepositum
881 4003 954 4046 cum
986 3981 1180 4046 secularium
1210 3979 1439 4044 canonicorum
1468 3977 1607 4062 collegio
1642 3976 1705 4042 leci
1738 3974 1840 4039 lacul-

188 4084 311 4150 tatibus
347 4095 547 4170 congruente
578 4087 799 4173 appellatione
830 4093 957 4152 remota
988 4087 1199 4150 instituerent
1227 4085 1261 4147 in
1292 4084 1432 4148 ecclesia
1461 4087 1659 4159 memorata,
1695 4077 1841 4144 eiusdem

187 4187 250 4251 loci
277 4188 442 4254 sororibus
468 4191 559 4276 prius
594 4191 628 4254 in
657 4192 730 4255 aliis
762 4193 842 4256 locis
878 4212 1020 4275 congrue
1051 4189 1229 4254 collocatis.
1280 4187 1343 4261 Qui
1369 4184 1578 4274 postmodum
1606 4182 1693 4248 dicto
1722 4180 1841 4268 prede·

188 4291 313 4355 cessari
342 4300 455 4357 nostro
485 4316 545 4380 per
582 4316 657 4359 suas
692 4296 820 4359 litteras
851 4296 1058 4372 intimarunt,
1095 4292 1183 4378 quod
1212 4293 1291 4378 ipsi,
1324 4292 1459 4377 prelatis
1498 4288 1664 4354 sororibus
1695 4287 1729 4350 in
1759 4283 1840 4348 locis

187 4396 354 4480 oportunis
391 4403 424 4461 et
457 4399 635 4484 acceptatis
670 4399 711 4461 ab
746 4399 826 4484 ipsis
863 4420 1007 4483 congrue
1048 4398 1236 4476 collocatis,
1276 4416 1342 4461 una
1382 4394 1553 4459 dumtaxat
1594 4395 1735 4476 excepta
1776 4408 1839 4472 que

186 4498 394 4584 impudenter
433 4500 619 4566 huiusmodi
658 4501 855 4566 ordinationi
893 4501 1048 4566 reluctari
1083 4507 1200 4564 conata
1236 4499 1319 4563 dixit
1361 4520 1395 4564 se
1437 4498 1478 4562 ad
1514 4495 1712 4562 locationem
1747 4511 1840 4554 suam

157 4641 158 4646 κ
186 4602 365 4686 apostolica
388 4605 494 4688 gratie
515 4626 582 4669 non
605 4626 715 4689 egere,
739 4603 815 4668 rosd
839 4605 932 4668 iuxta
953 4605 1141 4668 mandatum
1166 4603 1382 4689 apostolieum
1409 4601 1620 4664 instituerunt
1642 4597 1676 4660 in
1699 4593 1841 4659 ecclesia

185 4704 343 4789 predicta.
388 4706 457 4772 Nos
489 4707 589 4792 igitur
617 4709 656 4773 ad
691 4709 861 4794 exemplar
888 4707 1007 4794 prefati
1035 4706 1280 4793 predecessoris
1309 4705 1413 4769 nostri
1441 4702 1619 4770 eorundem
1649 4717 1840 4786 processum

109 4837 133 4874 aa
187 4807 278 4870 iuxta
313 4809 458 4874 mandati
493 4812 667 4898 apostolici
707 4819 856 4877 tenorem
891 4813 952 4876 rite
988 4831 1026 4874 ae
1064 4809 1200 4896 provide
1240 4807 1387 4872 habitum
1426 4807 1620 4872 auctoritate
1657 4799 1840 4888 apostolica

185 4910 411 4976 confirmamus
442 4919 475 4978 et
508 4916 672 4999 presentis
707 4917 819 5002 scripti
849 4916 970 5002 pagina
999 4915 1245 4980 communimus.
1291 4911 1380 4976 Nulli
1413 4931 1492 4996 ergo
1517 4945 1555 4956 —-
1579 4913 1691 4972 nostre
1722 4901 1838 4968 confir-

184 5012 336 5078 mationis
360 5022 422 5081 ete.
469 5016 579 5102 Siquis
602 5025 711 5084 autem
734 5026 797 5086 ete.

290 5135 367 5202 Dat.
392 5136 548 5214 Viterbii,
571 5137 731 5204 Kalendis
753 5139 914 5204 Decemb.
938 5159 1023 5203 anno
1046 5137 1106 5204 IX.

288 5430 310 5496 ¹)
330 5434 410 5485 North
428 5431 462 5486 R.
545 5433 569 5502 ²¹)
588 5437 735 5488 riderentur
753 5435 786 5487 12.
862 5433 885 5500 e)
904 5436 980 5486 uerbo
998 5434 1189 5486 nordebertum
1206 5449 1295 5482 errore
1312 5438 1357 5480 out
1375 5427 1506 5494 scriptoria
1524 5424 1586 5489 1209.
1604 5429 1650 5472 orat
1668 5419 1779 5482 librarii,
1796 5419 1839 5484 qui

106 5536 133 5574 to
184 5519 365 5585 apoqraplum
382 5530 498 5572 nestrum
517 5524 633 5586 rorefecit,
651 5524 812 5584 crementum
829 5523 1001 5588 supprimimus
1019 5538 1049 5572 eo
1068 5538 1099 5572 ex
1117 5537 1143 5570 n.
1163 5523 1217 5568 ls'l.
1298 5515 1321 5582 ⁶)
1341 5532 1386 5566 ros
1404 5515 1472 5566 ‹leest
1489 5513 1517 5564 ia
1536 5511 1567 5562 11.

286 5655 651 5728 wmpmma
