4576 6390
429 439 493 503 ’464
1010 435 1058 490 EX
1076 435 1251 492 ennoean
1269 434 1308 487 IX
1326 429 1507 489 REGISI'RO

431 616 507 695 post
530 608 663 694 dignam
685 610 902 696 penitentiam
933 618 1099 696 peractam
1128 608 1168 674 de
1199 609 1404 692 benignitate
1429 617 1462 673 et
1485 630 1648 673 consensu
1673 608 1774 673 totius
1798 609 1934 694 capituli
1958 609 2091 673 miseri·

430 712 572 778 corditer
594 713 693 778 fuerit
716 715 896 778 restitutus.
942 713 1122 777 Statuimus
1146 714 1279 797 insuper
1302 718 1335 776 et
1364 711 1424 775 sub
1447 733 1533 797 pena
1557 713 1906 776 excommunicationis
1930 711 2090 798 prohibe-

430 837 516 894 mus,
550 822 587 880 ut
617 819 726 881 nullus
761 817 938 882 advocatus
969 818 1087 882 fratres
1123 818 1226 902 ipsius
1259 816 1399 880 ecclesie
1430 814 1470 879 ad
1501 816 1656 880 iudicium
1689 817 1836 880 seculare
1866 817 2001 880 trahere
2031 823 2091 879 aut

431 919 563 984 colonos
587 920 743 984 infestare
767 928 898 984 autres
922 941 1035 984 eorum
1058 921 1186 985 auferre
1210 920 1278 982 sive
1300 921 1490 983 exactiones
1515 921 1548 982 in
1572 920 1660 1005 ipsos
1686 941 1888 1005 quacumque
1911 921 2089 984 occasione

430 1022 541 1086 faeere
565 1032 742 1109 presumat.
789 1023 847 1088 Set
875 1025 908 1087 in
932 1023 1151 1108 quarumlibet
1184 1023 1380 1086 executione
1405 1044 1576 1086 causarum
1600 1030 1778 1087 memorate
1803 1024 1944 1087 ecclesie
1969 1021 2089 1086 delen·

431 1125 515 1187 sioni
539 1147 597 1211 spe
622 1128 893 1192 remunerationis
919 1136 1032 1191 eterne
1056 1125 1198 1190 fideliter
1215 1123 1389 1189 deserviat.
1435 1125 1652 1190 Decernimus
1675 1147 1764 1210 ergo,
1788 1133 1823 1189 ut
1847 1126 1927 1189 nulli
1953 1125 2090 1189 omnino

432 1226 599 1292 hominurn
622 1230 722 1294 liceat
744 1231 904 1317 prefatam
936 1231 1111 1295 ecelesiam
1142 1236 1266 1293 temere
1295 1229 1489 1314 perturbare
1519 1236 1575 1293 aut
1608 1230 1678 1294 eius
1703 1230 1931 1314 possessiones
1956 1230 2091 1293 auterre

431 1330 484 1394 vel
506 1332 634 1395 ablatas
655 1333 798 1397 retinere
822 1334 874 1397 vel
897 1333 930 1396 in
953 1333 1033 1419 ipsis
1059 1333 1246 1395 violentiam
1270 1352 1444 1410 exercere,
1474 1332 1622 1396 minuere
1646 1353 1705 1395 seu
1729 1331 1933 1417 quibuslibet
1957 1333 2091 1396 vexati·

432 1435 550 1498 onibus
572 1435 728 1520 fatigare,
758 1445 810 1500 set
833 1437 942 1500 omnia
965 1437 1093 1520 integra
1117 1443 1369 1512 conserventur,
1402 1456 1514 1498 eorum
1543 1457 1601 1522 pro
1625 1456 1760 1519 quorum
1785 1435 2025 1518 gubernationc
2051 1454 2092 1496 ae

432 1538 669 1603 sustentatione
694 1561 852 1603 concessa
874 1548 951 1603 sunt
973 1539 1086 1604 usibus
1110 1537 1304 1602 omnimodis
1327 1538 1506 1623 profutura.
1551 1538 1597 1600 Ut
1620 1545 1729 1602 autem
1753 1539 1813 1601 hec
1837 1538 1945 1600 omnia
1969 1538 2088 1600 incon-

432 1641 526 1704 vulsa
554 1643 723 1727 perpetuis
755 1651 968 1729 permaneant
1002 1642 1223 1727 temporibus,
1261 1642 1455 1705 auctoritate
1486 1640 1550 1706 Dei
1580 1641 1812 1726 omnipotentis
1848 1649 1880 1703 et
1916 1641 2092 1704 beatorum

433 1744 654 1828 apostolorum
670 1746 761 1810 Petri
782 1752 816 1809 et
832 1746 937 1824 Pauli,
962 1745 1083 1810 domini
1108 1766 1236 1830 quoque
1260 1766 1344 1830 pape
1368 1744 1508 1808 Honorii
1532 1765 1569 1808 ae
1593 1753 1704 1808 nostra
1727 1765 1823 1828 quam
1846 1766 1865 1807 a
1887 1743 1961 1809 Deo
1985 1744 2091 1807 habe·

433 1866 519 1918 mus,
555 1854 671 1912 cuncta
701 1870 763 1934 que
793 1850 868 1913 huic
897 1850 1015 1934 pagine
1046 1849 1203 1933 inserIpta
1236 1855 1328 1922 sunt,
1364 1848 1424 1910 sub
1455 1847 1664 1911 anathemate
1696 1848 1943 1926 confirmamus,
1983 1848 2092 1931 ipsam

433 1949 585 2034 paginam
608 1952 707 2036 sigilli
730 1953 834 2016 nostri
857 1952 1035 2016 munimine
1058 1952 1267 2028 roborantes,
1291 1949 1447 2013 adhibitis
1470 1949 1596 2013 idoneis
1620 1951 1770 2024 testibus,
1795 1972 1930 2040 quorum
1956 1951 2093 2012 nomina

434 2060 509 2115 sunt
538 2054 614 2118 hee:
653 2056 837 2141 Sigebodus
865 2054 1146 2138 Havelbergensis
1181 2055 1372 2139 episcopus,
1403 2053 1560 2116 Albertus
1595 2053 1740 2134 marchio
1768 2052 2091 2137 Brandeburgensis,

434 2155 650 2223 Guncellinus
674 2159 838 2244 quondam
854 2159 1051 2243 prepositus,
1075 2157 1252 2221 Heinrious
1276 2157 1375 2242 prior,
1399 2154 1557 2219 Rodolfus
1575 2157 1776 2234 cellerarius,
1800 2157 1942 2221 Thomas
1967 2163 2092 2230 custos,

434 2256 643 2326 Baldewinus
667 2264 881 2341 camerarius,
911 2261 1154 2341 Godesealeus‚
1185 2259 1365 2334 (ternotus,
1388 2260 1519 2324 Walter
1541 2263 1698 2345 magister
1720 2261 1909 2348 hospitalis,
1940 2261 2094 2326 canonici

433 2361 536 2446 ipsius
561 2366 721 2440 eoelesie;
744 2366 909 2431 Iohannes
926 2366 966 2430 de
986 2364 1128 2443 Grabov‚
1152 2363 1326 2448 Gerongbs
1344 2363 1384 2426 de
1399 2363 1519 2444 Bacch,
1545 2363 1700 2427 Nicolaus
1717 2364 1758 2428 de
1774 2364 1898 2444 lesere,
1922 2363 2093 2427 Rubertus

434 2462 475 2527 de
499 2464 668 2545 Gorceke‚
691 2469 832 2534 Alardus
856 2469 896 2534 de
921 2468 1029 2547 Oidin,
1054 2468 1252 2533 Eustachius
1276 2467 1316 2532 de
1342 2466 1499 2543 Glineke,
1534 2468 1719 2531 Amelrieus
1743 2467 1783 2530 de
1806 2467 1917 2531 Plawe
1940 2468 2093 2552 plebani;

433 2567 628 2634 Fredericus
652 2571 692 2636 de
715 2572 835 2653 Haste,
862 2572 1014 2636 Ilrwinus
1039 2569 1248 2650 delessent,
1278 2568 1447 2634 Conradus
1471 2568 1511 2634 de
1537 2570 1789 2655 Stoltenhagen‚
1820 2569 1980 2633 Rodulfus
2011 2570 2094 2633 Pin·
2148 2589 2174 2628 n

435 2692 542 2752 cerna,
565 2673 774 2739 Borohardus
797 2678 837 2741 de
862 2675 1059 2754 Cohestede‚
1081 2676 1265 2740 Wernerus
1289 2674 1329 2739 de
1354 2673 1590 2738 Alstermundc
1613 2675 1699 2740 laici.

542 2774 618 2841 Dat.
640 2776 787 2856 lesere²‚
811 2800 895 2844 anno
919 2780 959 2843 ab
982 2779 1207 2844 incarnatione
1232 2777 1364 2842 Domini
1388 2775 1642 2856 M⁰OC⁰XVII⁰,
1665 2776 1696 2840 V
1713 2775 1787 2840 Kal.
1811 2774 1957 2839 Ianuar.²
1981 2777 2096 2861 ponti-

434 2878 550 2944 ficatus
578 2881 682 2945 nostri
714 2902 799 2945 anno
831 2884 951 2968 primo;
988 2888 1146 2966 regnante
1182 2881 1313 2945 domino
1344 2878 1520 2944 Frederico
1551 2901 1629 2964 rege
1663 2886 1696 2943 et
1724 2879 1943 2942 Romanorum
1974 2878 2096 2956 electo,

434 2980 714 3068 Magdeburgensi
736 3006 815 3048 vero
839 2986 978 3049 ecclesie
1003 2985 1134 3049 domino
1159 2984 1297 3048 Alberto
1321 2983 1570 3068 archiepiscopo
1594 2982 1737 3046 feliciter
1759 2979 1959 3067 presidente.

542 3085 633 3150 Nulli
656 3109 734 3172 ergo
758 3094 868 3151 nostre
893 3087 1147 3151 confirmationis
1170 3094 1231 3151 etc.
1279 3087 1314 3150 Si
1340 3087 1412 3170 quis
1436 3093 1545 3148 autem
1569 3093 1630 3149 etc.

543 3206 620 3271 Dat.
643 3208 796 3273 Lateran.
819 3207 955 3272 XVIIII
979 3207 1055 3274 Kal.
1077 3207 1206 3271 Ianuar.
1230 3227 1315 3271 anno
1340 3206 1479 3293 septimo
1494 3205 1515 3269 ³.

1221 3676 1307 3748 568.

544 3787 734 3899 (drepanius
758 3816 814 3882 IX
836 3837 926 3897 popo
947 3816 1171 3902 [Berelstoldo]
1192 3819 1331 3897 episeopo
1351 3817 1579 3896 Arpentinensi
1601 3815 1747 3892 mandat,
1769 3817 1805 3877 nt
1827 3816 1867 3878 A.
1889 3814 2046 3877 decennos
2068 3818 2098 3878 et

438 3919 519 3982 alios
538 3920 701 3983 canonicos
717 3918 956 4000 Herbipolenses
979 3924 1007 3983 et
1021 3918 1065 3985 H.
1081 3923 1109 3982 et
1131 3920 1212 3982 alios
1233 3919 1270 3982 de
1290 3919 1437 4000 propenie
1451 3919 1588 3998 illoram,
1612 3919 1668 4000 qni
1680 3917 1900 4002 [Conradnnr]
1915 3917 2095 3997 episcopam

438 4019 694 4101 Herbspotensena
717 4022 891 4100 occiderint,
914 4045 935 4086 a
952 4025 1206 4102 praesumptione
1228 4041 1287 4086 sna
1309 4023 1455 4087 desistere
1474 4023 1584 4103 faeiat.
1737 4023 1831 4098 2233,
1853 4018 1927 4084 Dee.
1953 4023 2003 4082 18.

543 4140 622 4209 orep.
640 4141 690 4194 rx
706 4141 775 4208 nep.
799 4140 855 4194 ror.
874 4141 927 4206 rr,
945 4147 1095 4209 zze-ns,-
1113 4144 1176 4198 nn.
1198 4142 1266 4208 Vn,
1285 4148 1349 4197 roo.

946 4393 954 4410 .
985 4393 993 4411 .
1023 4338 1229 4429 episcopo
1257 4336 1587 4429 Argentincnsi.

548 4483 602 4546 Ex
629 4489 722 4569 parte
750 4484 948 4575 venerabilis
977 4485 1085 4548 fratris
1117 4486 1220 4548 nostri
1251 4533 1290 4552 ..
1318 4485 1465 4571 episcopi
1495 4482 1768 4569 Herbipolensis⁴
1798 4483 1858 4546 suit
1887 4485 2095 4570 propositum

440 4607 550 4650 coram
573 4585 687 4662 nobis,
712 4586 798 4671 quod
824 4588 864 4672 ᾼ.
891 4586 1033 4652 decanus
1057 4588 1244 4672 etquidem
1268 4590 1323 4653 alii
1347 4589 1494 4652 canonici
1518 4586 1769 4672 Herbipolensis
1793 4586 1933 4651 ecclesie
1957 4587 2093 4651 temeri-

443 4696 510 4753 tate
534 4689 666 4775 propria
688 4689 875 4764 moliuntur,
898 4697 934 4754 ut
949 4692 992 4756 Η.
1010 4699 1043 4754 et
1065 4691 1122 4754 alii
1144 4691 1184 4754 de
1208 4693 1364 4778 progenie
1389 4693 1528 4771 illorum,
1552 4692 1607 4777 qui
1631 4691 1716 4754 bone
1738 4691 1895 4754 memorie
1919 4689 2093 4754 ..Herbi-

440 4793 611 4879 polensem
635 4791 826 4878 episcopum
849 4792 1118 4878 predecessorem
1142 4815 1246 4872 suum,
1271 4804 1348 4860 tunc
1372 4795 1550 4882 imperialis
1574 4795 1648 4858 aule
1672 4793 1914 4870 cancellarium,
1938 4794 2093 4876 nequiter
2148 4817 2172 4855 ss

442 4895 662 4975 occiderunt⁵‚
692 4895 725 4957 in
753 4895 825 4981 ipsa
848 4897 989 4961 eeclesia
1019 4896 1179 4962 beneficia
1202 4899 1427 4962 ecelesiastica
1450 4903 1700 4982 consequantur.
1746 4896 1903 4960 Preterea
1927 4895 1963 4960 O.
1986 4895 2094 4960 dietus

443 4999 586 5083 Suegrer
616 5005 648 5062 et
676 4998 807 5083 quidam
835 5000 893 5063 alii
920 5001 995 5064 laici
1024 5001 1165 5064 civitatis
1197 5008 1230 5064 et
1260 5000 1400 5066 diocesis
1423 5000 1678 5086 Herbipolensis
1709 4997 1901 5083 quibusdam
1930 4998 2023 5062 laicis
2052 4998 2094 5063 de

442 5101 529 5166 dicta
562 5102 720 5186 progenie
751 5103 784 5165 in
810 5102 958 5189 predicta
988 5104 1120 5167 civitate
1147 5105 1198 5167 vcl
1228 5103 1351 5168 diocesi
1381 5105 1566 5190 volentibus
1595 5103 1788 5166 commorari
1822 5123 1916 5165 suum
1945 5107 2097 5187 prestant

545 5361 572 5426 1)
592 5359 685 5414 Hodie
703 5360 813 5423 Zteaar‚
832 5359 866 5413 ab
885 5360 952 5412 arbe
971 5360 1201 5430 Mapdeburpensi
1218 5360 1257 5414 ad
1274 5361 1484 5429 septentrionem
1502 5363 1526 5413 et
1545 5361 1674 5413 orientem
1692 5361 1782 5414 sitnm.
1882 5360 1908 5426 2)
1933 5357 1968 5412 Ut
1985 5357 2096 5412 videtur

442 5445 511 5500 Dee.
529 5449 574 5508 28,
603 5449 725 5510 α.1216,
751 5447 819 5514 qnia
844 5446 874 5500 in
896 5447 941 5501 his
958 5447 1119 5516 regionibns
1140 5450 1207 5500 anni
1225 5465 1243 5499 a
1261 5447 1305 5499 die
1323 5448 1477 5500 nativitatis
1498 5446 1602 5501 Olsristi
1619 5447 1701 5514 [Dee.
1719 5449 1769 5514 25]
1788 5444 1942 5514 computari
1959 5443 2093 5496 solebant.
2148 5451 2174 5489 4⁰

441 5532 593 5596 Nescimus,
612 5538 703 5585 utrum
722 5532 772 5586 snb
785 5533 869 5600 finem
888 5550 913 5586 o.
927 5537 996 5586 1216
1014 5550 1050 5586 an
1071 5533 1151 5586 initio
1170 5532 1450 5600 o.1217Sipesridas
1469 5534 1616 5602 episeopus
1632 5531 1842 5601 praedecessori
1858 5546 1910 5584 sno
1926 5530 2098 5584 successerit.

442 5618 470 5685 3)
493 5636 519 5671 o.
547 5622 630 5678 1234.
660 5618 741 5672 Febr.
769 5623 806 5671 27
829 5636 908 5688 papa
935 5619 1019 5672 eidem
1047 5621 1175 5674 eeclesiae
1202 5620 1300 5674 iterum
1328 5619 1399 5672 bona
1426 5625 1451 5672 et
1478 5620 1543 5674 inre
1569 5619 1723 5690 confirmem
1752 5618 1894 5685 Pendeat,
1921 5615 1991 5688 Rep.
2020 5619 2099 5673 9114.

441 5703 469 5769 4)
489 5701 651 5759 Hermonni.
719 5704 977 5772 menealne.
998 5709 1023 5758 3.
1486 5727 1488 5732 ’
