4576 6390
1017 400 1065 454 EX
1084 398 1316 454 sanaballar
1335 396 1516 452 REGISTRO

1225 699 1311 769 571.

548 810 738 920 Grcporins
753 839 809 902 IX
827 859 911 919 papa
927 839 1132 922 [Willrclnro]
1153 839 1380 920 archiepiscopo
1395 836 1630 900 Mediolanensi
1652 835 1789 912 mandat,
1812 841 1847 898 nt
1869 838 1983 900 sallone
2008 837 2102 900 sennl

439 943 474 1003 in
497 961 599 1005 nrensc
615 963 676 1022 por
698 961 729 1004 sc
751 943 798 1004 acl
816 963 875 1022 por
896 943 997 1005 abiron
1019 944 1052 1003 in
1075 941 1225 1020 bospitali
1246 943 1282 1006 dc
1298 943 1411 1004 Brolio
1433 940 1559 1003 verbnm
1574 938 1638 1002 Dei
1655 944 1814 1017 proponat
1835 945 1863 1002 ct
1885 941 2004 1003 ibidem
2028 960 2100 1004 eon·

439 1047 594 1110 venientes
616 1045 659 1108 od
681 1067 774 1125 opera
795 1046 922 1124 pietatis
944 1045 1083 1107 inducat.
1743 1045 1834 1117 1234,
1859 1044 1955 1110 Febr.
1979 1049 2012 1107 4.

544 1165 625 1232 Grcp.
644 1165 694 1217 IX
710 1164 779 1234 Rep.
805 1164 860 1216 Vol.
879 1165 899 1216 1
902 1163 933 1226 V,
952 1167 1015 1229 14⁴5
1033 1161 1095 1214 Lib.
1117 1161 1185 1229 VII,
1207 1167 1267 1214 522.

880 1415 888 1430 .
919 1414 927 1429 .
956 1358 1290 1449 archiepiscopo
1318 1357 1652 1429 Mediolanensi.

549 1511 699 1574 Dilectus
730 1509 816 1572 filius
845 1508 904 1570 Ph.
934 1508 1082 1570 minister
1110 1507 1282 1591 hospitalis
1316 1507 1356 1570 dc
1386 1507 1498 1570 Brolio
1526 1505 1784 1570 Mediolanensis
1813 1509 1846 1571 in
1876 1516 1993 1572 nostra
2024 1530 2100 1593 pro-

442 1614 551 1699 posuit
574 1613 740 1699 presentia
764 1612 971 1690 constitutus,
994 1611 1081 1694 quod
1105 1633 1176 1674 cum
1200 1610 1320 1674 dudum
1345 1609 1519 1673 multitudo
1544 1617 1610 1672 tarn
1635 1611 1777 1673 virorum
1801 1632 1897 1694 quam
1922 1612 2101 1675 mulierum

443 1716 482 1779 de
516 1717 646 1780 civitate
676 1716 914 1780 Mediolanensi
950 1736 1008 1798 pro
1040 1715 1218 1777 animarum
1250 1735 1380 1776 suarum
1414 1713 1559 1776 remedio
1596 1713 1682 1775 facta
1712 1714 1849 1796 quadarn
1879 1715 2101 1795 fraternitate,

443 1841 540 1903 quam
565 1819 686 1882 scolam
709 1819 880 1896 vocabant,
904 1817 1038 1903 provide
1064 1817 1266 1896 statuissent,
1294 1825 1331 1880 ut
1355 1817 1457 1880 semel
1482 1818 1514 1879 in
1537 1837 1650 1878 mense
1675 1816 1714 1878 ad
1739 1817 1936 1880 audiendum
1959 1819 2101 1882 verbum

442 1921 506 1986 Dei
530 1924 741 1986 convenirent
771 1921 812 1984 ad
839 1921 1002 2004 hospitale
1032 1920 1235 2004 predictum,
1267 1919 1307 1982 de
1338 1919 1433 1982 bonis
1457 1919 1519 1982 sibi
1543 1941 1561 1982 a
1585 1919 1657 1982 Deo
1682 1921 1808 1983 collatis
1831 1929 1926 2003 grata
1949 1921 2101 1985 subsidia

444 2033 477 2090 et
500 2027 571 2111 pias
597 2025 702 2088 eidem
726 2025 880 2109 hospitali
904 2023 1100 2086 elemosinas
1125 2022 1165 2086 ad
1189 2023 1364 2086 utilitatem
1387 2043 1567 2106 pauperum
1591 2015 1713 2086 ibidem
1737 2024 1913 2087 iacentium
1938 2026 2102 2104 collaturi,

442 2150 542 2207 nuno,
575 2129 658 2192 sieut
681 2129 884 2213 accepimus,
916 2128 1051 2190 caritate
1081 2128 1248 2191 hominum
1272 2127 1470 2209 frigescente
1495 2125 1681 2189 huiusmodi
1710 2126 1896 2190 fraternitas
1921 2129 1954 2190 in
1979 2128 2101 2192 desue-

443 2231 588 2295 tudinem
612 2231 709 2310 abiit,
733 2232 830 2294 nullis
855 2231 896 2293 ad
919 2232 1082 2316 hospitale
1108 2231 1380 2295 convenientibus
1404 2237 1636 2304 memoratum,
1668 2237 1800 2315 propter
1824 2231 1910 2313 quod
1932 2232 2101 2316 hospitale

442 2336 560 2420 ipsum,
585 2335 618 2398 in
641 2355 704 2418 quo
728 2356 890 2419 pauperes
913 2334 1141 2418 undecumque
1159 2335 1331 2398 venientes
1357 2334 1479 2418 passim
1504 2333 1706 2417 recipiuntur
1729 2339 1762 2396 et
1786 2333 1833 2396 eis
1858 2355 1931 2396 eum
1955 2335 2101 2396 ilaritate

444 2438 509 2501 vite
544 2439 732 2500 necessaria
765 2438 1005 2515 ministrantur,
1043 2440 1136 2521 quasi
1171 2439 1211 2502 ad
1245 2439 1402 2501 nichilum
1439 2439 1568 2519 cogitur
1602 2436 1765 2500 devenire.
1823 2437 1908 2508 Quia
1943 2458 2024 2500 nero
2060 2459 2100 2500 eo
2163 2452 2173 2486 1³

443 2542 575 2626 pietatis
606 2561 750 2604 amorem
780 2542 936 2605 libentius
968 2542 1157 2622 suademus,
1187 2564 1250 2626 quo
1282 2565 1341 2627 per
1369 2564 1440 2604 eam
1470 2541 1580 2604 divina
1610 2541 1796 2626 propitiatio
1824 2546 1934 2624 potest
1964 2540 2101 2603 uberius

444 2643 594 2722 obtineri,
619 2665 681 2727 que
706 2644 818 2706 valens
843 2644 883 2706 ad
908 2645 1017 2708 omnia
1039 2645 1102 2729 piis
1127 2646 1265 2728 gratiam
1287 2647 1319 2708 in
1343 2646 1489 2730 presenti
1514 2652 1547 2708 et
1571 2645 1708 2728 gloriam
1733 2650 1898 2728 comparat
1921 2645 1954 2706 in
1979 2644 2103 2714 futuro,

444 2747 653 2823 mandamus,
678 2747 829 2831 quatinus
854 2748 970 2810 saltem
995 2749 1096 2812 semel
1121 2750 1153 2812 in
1177 2771 1289 2812 mense
1314 2771 1373 2834 por
1396 2757 1428 2811 te
1452 2747 1505 2809 vel
1528 2769 1587 2832 per
1610 2747 1707 2810 alium
1733 2747 1773 2809 ad
1796 2747 1857 2808 hoc
1880 2745 2037 2810 idoneum
2061 2747 2102 2809 ad

444 2849 607 2934 hospitale
633 2849 854 2934 supradictum
878 2851 1055 2931 accedens,
1088 2873 1250 2936 proponas
1275 2852 1320 2914 ibi
1345 2873 1403 2913 seu
1425 2851 1565 2935 proponi
1586 2850 1689 2912 facias
1713 2849 1849 2913 verbum
1872 2848 1951 2927 Dei,
1979 2849 2104 2913 Christi

446 2952 560 3016 fideles
585 2953 818 3015 convenientes
843 2952 964 3016 ibidem
988 2954 1028 3016 ad
1059 2977 1159 3039 opera
1185 2956 1316 3039 pietatis
1347 2963 1379 3018 et
1410 2954 1558 3017 subsidia
1587 2953 1786 3038 pauperibus
1814 2953 1907 3015 iuxta
1931 2954 2102 3036 antiquam
2153 2975 2163 3010 r

447 3055 718 3118 eonsuetudinem
741 3054 960 3139 impendenda
977 3058 1152 3120 salubriter
1169 3056 1363 3134 inducendo,
1388 3062 1423 3118 ut
1445 3077 1505 3140 per
1527 3056 1588 3119 hec
1613 3063 1646 3118 et
1669 3056 1734 3118 alia
1757 3055 1852 3133 bona,
1877 3076 1940 3139 que
1957 3055 2104 3119 Domino

447 3156 588 3220 fecerint
618 3157 815 3242 inspirante,
846 3157 887 3220 ad
920 3165 1031 3222 eterne
1063 3161 1190 3244 possint
1213 3161 1380 3223 felicitatis
1411 3159 1530 3243 gaudia
1552 3159 1734 3242 pervenire.
1780 3158 1825 3221 Ut
1852 3167 1962 3222 autem
1987 3159 2105 3223 fideles

447 3259 572 3322 adhoc
596 3256 760 3323 efficacius
783 3261 994 3339 inducantur,
1017 3283 1076 3326 nos
1101 3263 1140 3326 de
1166 3265 1398 3349 omnipotentis
1422 3263 1487 3326 Dei
1511 3261 1736 3326 misericordia
1760 3269 1793 3324 et
1815 3262 1989 3325 beatorum
2012 3262 2106 3324 Petri

448 3370 481 3426 et
504 3362 598 3426 Pauli
621 3363 842 3446 apostolorum
866 3365 936 3427 eius
966 3367 1160 3429 auctoritate
1185 3369 1314 3447 confisi,
1344 3366 1495 3430 erunibus
1518 3387 1595 3428 vere
1619 3365 1845 3448 penitentibus
1871 3373 1904 3428 et
1929 3366 2106 3440 confessis

447 3465 678 3530 accedentibus
710 3467 786 3529 illue
822 3474 855 3530 et
891 3469 1014 3531 eisdem
1046 3471 1244 3554 pauperibus
1273 3494 1403 3534 manum
1434 3468 1658 3532 misericordie
1688 3467 1951 3552 porrigentibus,
1986 3469 2106 3532 decem
2156 3497 2174 3534 r.

447 3568 518 3632 dies
553 3569 591 3632 de
626 3569 770 3633 iniuncta
806 3571 869 3633 sibi
901 3572 1084 3656 penitentia
1118 3573 1150 3635 in
1187 3575 1334 3658 qualibet
1369 3573 1592 3659 predicatione
1625 3569 1811 3634 huiusmodi
1844 3571 2108 3636 misericorditer

446 3673 643 3735 relaxamus.

555 3790 631 3855 Dat.
655 3791 809 3855 Lateran.
831 3791 865 3853 II
887 3793 971 3857 Non.
995 3794 1092 3862 Febr.
1116 3815 1201 3860 anuo
1225 3798 1376 3883 septime.

1230 4262 1316 4334 57⁶2.

558 4369 748 4478 Gregorius
770 4397 826 4462 IX
842 4421 929 4481 papa
952 4402 994 4466 H.
1018 4403 1194 4484 lantpraoio
1219 4402 1413 4484 Ibrninpine
1435 4402 1575 4481 nuntiat,
1598 4424 1629 4467 se
1650 4425 1719 4467 canc
1739 4424 1798 4483 pro
1819 4424 1866 4480 eo,
1889 4404 1973 4483 qrcod
1995 4410 2109 4469 contra

339 4545 340 4548 ,
448 4501 616 4565 haereticos
637 4502 761 4583 signnm
783 4504 883 4567 crncis
904 4508 1062 4586 acceperit,
1086 4527 1154 4570 corn
1176 4507 1318 4569 circuibas
1341 4507 1428 4571 bonis
1450 4508 1507 4570 snb
1526 4509 1712 4586 protectione
1734 4527 1792 4570 sna
1814 4508 1978 4586 suscipere.

1726 4612 1820 4687 1234,
1844 4610 1938 4676 Febr.
1962 4615 2016 4676 11.

554 4687 634 4756 Grep.
654 4687 703 4740 IX
719 4688 787 4759 neq.
812 4690 867 4744 Vol.
885 4691 937 4755 IV,
957 4696 1010 4745 145
1015 4712 1024 4758 ,·
1043 4691 1106 4744 Lib.
1131 4693 1196 4757 VII,
1216 4697 1278 4746 534.

553 4774 686 4844 Pottbost,
707 4774 776 4845 Rep.
796 4780 876 4831 9399.

671 4969 817 5045 Nobili
844 4973 939 5045 viro
968 4973 1027 5045 H.¹
1056 4975 1286 5066 langravio
1314 4975 1523 5068 Toringie
1551 4979 1874 5068 crucesignato

2160 4549 2185 4587 39

557 5120 638 5184 Tam
663 5122 858 5186 sinceritatis
882 5123 1051 5203 affectum,
1083 5145 1178 5208 quern
1201 5125 1324 5188 habere
1353 5132 1385 5187 te
1410 5126 1573 5190 eredimus
1597 5125 1637 5189 ad
1662 5133 1806 5190 sanctam
1830 5135 1968 5192 matrem
1993 5130 2106 5193 eccle·
2159 5151 2184 5188 ss

450 5223 530 5286 siam
556 5231 589 5286 et
611 5226 839 5310 progenitores
864 5227 911 5289 tui
934 5227 1119 5290 habuerunt
1143 5228 1184 5290 ad
1208 5229 1306 5304 illam,
1332 5249 1429 5312 quam
1452 5229 1528 5294 fidei
1552 5239 1607 5294 tue
1631 5231 1746 5310 zelum,
1771 5252 1834 5314 quo
1859 5253 2038 5296 succensus
2062 5231 2107 5294 ad

450 5326 707 5412 predicationem
731 5329 928 5392 venerabilis
952 5330 1060 5394 fratris
1084 5331 1187 5394 nostri
1205 5383 1211 5396 .
1227 5380 1234 5394 .
1251 5331 1487 5396 Ildesemensis
1512 5332 1681 5419 episcopi²
1706 5334 1834 5417 signum
1857 5335 1963 5397 erneis
1989 5343 2108 5400 eontra

551 5584 575 5644 1)
596 5585 717 5637 chrico
730 5584 837 5654 Respo,
853 5587 885 5637 nt
902 5585 1019 5652 oidelae,
1037 5601 1096 5639 carn
1113 5587 1205 5641 rrir'nns
1217 5587 1364 5641 ocrisirnilc
1382 5588 1418 5641 sit
1432 5588 1621 5642 Herennianum
1637 5591 1675 5643 II
1690 5590 1881 5666 lantproor'nm,
1900 5589 1960 5644 eins
1973 5595 2107 5666 nepotem,

446 5668 566 5724 nonduin
584 5676 615 5725 11
633 5687 720 5726 annos
738 5675 834 5726 natam
851 5673 1069 5742 ornccsipnatnm
1087 5673 1183 5742 fnisse.
1254 5675 1281 5740 2)
1302 5673 1427 5728 Cornudi
1445 5675 1488 5736 ΙΙ.
