4590 6366
464 401 527 464 576
1043 399 1090 452 EX
1110 398 1285 456 annuenti
1304 398 1341 451 tx
1360 393 1541 451 REGISTRO

468 578 648 652 sumantur,
671 573 773 636 facias
789 571 960 651 interdiei‚'
976 571 1061 655 quod
1078 571 1219 636 ecclesie
1243 591 1280 634 ae
1297 570 1447 635 homines
1471 569 1565 654 regni
1580 568 1730 654 predicti,
1755 567 1887 632 medela
1911 573 1995 654 post
2012 566 2133 629 vulnus

463 674 587 754 habita,
610 683 686 762 post
709 677 822 740 fletum
838 675 1063 740 consolatione
1080 682 1243 760 suscepta,
1267 695 1304 738 se
1326 673 1368 737 ab
1391 672 1579 737 huiusmodi
1602 671 1745 736 miseriis
1760 671 1932 756 gaudeant
1950 669 2132 756 respirare.

464 777 500 842 si
531 779 618 844 enim
645 780 788 844 volueris
821 778 958 842 rationis
988 777 1164 862 diligenter
1196 778 1385 842 examinare
1413 776 1571 841 indicium
1602 776 1689 862 apud
1724 777 1869 841 tribunal
1904 781 1965 839 tue
1997 774 2131 848 mentis,

463 889 576 968 aperte
599 882 749 947 invenies
772 881 961 960 diffinitum,
992 880 1078 965 quod
1112 901 1188 962 nos,
1217 882 1272 965 qui
1295 880 1355 945 tibi
1379 879 1634 965 haetenus'plus
1657 880 1743 944 iusto
1767 880 1910 945 forsitan
1934 878 2132 943 deferentes

464 986 614 1051 ecelesiis
638 993 671 1050 et
700 985 850 1071 personis
874 985 1110 1050 ecclesiasticis
1133 985 1291 1048 iustitiam
1314 984 1472 1049 exhibere
1497 985 1698 1064 distulimus,
1728 983 1760 1047 id
1784 983 1856 1047 sine
1880 982 2000 1046 divine
2026 981 2130 1045 maie·
2192 1008 2202 1044 s

464 1089 559 1153 statis
582 1089 719 1167 offensa,
742 1089 868 1154 lesione
890 1087 977 1152 fame
1001 1093 1036 1152 et
1058 1088 1260 1153 conscientie
1284 1095 1395 1152 nostre
1419 1087 1627 1152 dissimulare
1650 1087 1789 1152 ulterius
1812 1107 1879 1150 non
1905 1085 2076 1150 valemus.

556 1209 649 1274 Dat.
672 1209 827 1289 Viterbii,
850 1207 886 1272 ΙΙ
908 1208 984 1273 Kal.
1006 1209 1127 1291 Martii,
1151 1209 1360 1295 pontificatus
1384 1209 1488 1273 nostri
1511 1230 1596 1273 enno
1621 1229 1718 1273 nono.

1083 1489 1495 1496 -—-————-.—-—-.—-—--

1246 1749 1333 1823 677.

570 1880 761 1991 (ireporius
782 1908 838 1972 IX
857 1928 948 1988 propa
977 1908 1156 1972 consulibus
1185 1912 1214 1972 et
1239 1910 1399 1973 'contremui
1430 1910 1577 1976 Ciuitatis
1602 1909 1801 1976 Custettance
1829 1909 1987 1987 coneedit,
2021 1914 2059 1972 at
2090 1909 2136 1973 cd

459 2017 584 2094 pectem
610 2013 646 2076 ip
679 2013 743 2076 toeo
773 2011 865 2094 Trepi
889 2010 1106 2091 reparandum
1137 2015 1167 2074 et
1194 2013 1311 2094 equites
1341 2013 1385 2076 ad
1410 2013 1573 2078 seruitium
1602 2013 1745 2077 eeclesiae
1776 2011 1961 2077 retinendos
1989 2013 2134 2096 pertepic

462 2117 582 2200 ccipere
599 2117 735 2197 possint.
1755 2118 1849 2194 1236,
1871 2114 1982 2182 Mart.
2009 2120 2042 2180 7.
2183 2145 2204 2183 a

567 2235 651 2307 Grep.
670 2236 720 2289 IX
737 2235 806 2306 Rep.
828 2235 887 2290 Vct.
912 2236 942 2302 V,
959 2241 1024 2296 115;
1042 2235 1104 2290 Lib.
1124 2235 1180 2302 IX,
1199 2239 1260 2289 ret.

566 2322 703 2389 Pottttost,
720 2321 792 2393 Rep.
811 2326 906 2376 10113.

728 2536 1000 2610 Consulibus
1027 2543 1071 2610 et
1097 2521 1319 2611 communi
1347 2537 1549 2612 Civitatis
1579 2538 1848 2612 Castellane.

570 2687 602 2750 A
624 2687 719 2751 nobis
743 2693 856 2751 restra
878 2685 1009 2751 devotio
1032 2687 1220 2771 requisivit,
1249 2693 1286 2751 ut
1315 2709 1387 2751 cum
1411 2673 1522 2752 velitis
1552 2710 1706 2774 reparare
1730 2695 1861 2774 pontem
1886 2691 1921 2754 in
1945 2691 2041 2766 loeo,
2073 2693 2132 2776 qui

462 2791 586 2876 Tregi¹
615 2790 797 2874 vulgariter
832 2791 1032 2875 appellatur,
1068 2797 1100 2855 et
1130 2791 1227 2855 etiam
1261 2791 1428 2871 ordinare,
1465 2799 1501 2855 ut
1529 2793 1562 2854 in
1591 2792 1723 2857 civitate
1753 2800 1862 2857 vestra
1893 2795 1959 2858 sint
1993 2795 2130 2879 equites
2183 2829 2232 2876 a.

467 2915 599 2979 semper
621 2893 662 2958 ad
686 2893 858 2958 servitium
882 2892 1022 2957 ecclesie
1045 2894 1241 2979 preparatit,
1264 2901 1301 2957 ut
1322 2893 1365 2957 ad
1386 2895 1628 2979 reparationem
1651 2895 1760 2981 pontis
1785 2895 1935 2960 eiusdem
1960 2906 1998 2961 et
2023 2919 2133 2982 equos

464 2997 668 3063 commodius
698 2996 888 3062 retinendos
925 3018 944 3060 a
971 2998 1218 3062 transeuntibus
1251 3020 1310 3083 pro
1343 2998 1491 3081 quolibet
1522 2998 1654 3062 homine
1687 3020 1802 3080 unum,
1833 3020 1892 3084 pro
1921 3021 2013 3084 equo
2045 2999 2133 3065 dnos

463 3101 632 3180 denarios,
662 3101 747 3165 sicut
778 3101 856 3165 olim
883 3106 983 3186 ponte
1006 3102 1135 3185 integro
1164 3101 1234 3165 fieri
1258 3101 1442 3178 consuevit,
1477 3101 1626 3186 recipere
1651 3103 1801 3179 valeatis,
1830 3103 2007 3167 licentiam
2032 3105 2133 3169 vobis

464 3203 644 3271 concedere
683 3204 902 3290 dignaremur.
962 3204 1091 3268 Vestris
1128 3205 1229 3289 igitur
1266 3204 1563 3290 supplicationibus
1602 3206 1750 3270 inclinati
1788 3208 1990 3272 auctoritate
2031 3209 2132 3273 vobis

466 3308 669 3396 presentium
706 3307 915 3371 concedimus
953 3308 1129 3393 postulata.
1194 3308 1355 3373 Volumus
1393 3315 1530 3389 tamem·
1560 3317 1596 3373 ut
1633 3331 1652 3372 a
1689 3310 1890 3396 prestatione
1930 3313 2128 3377 exactionis
2179 3343 2203 3380 m

466 3410 652 3498 huiusmodi
686 3431 800 3475 omnes
829 3411 870 3475 de
900 3411 991 3475 ouria
1019 3417 1132 3474 nostra
1161 3432 1288 3475 necnon
1322 3412 1431 3477 clerici
1465 3419 1499 3476 et
1533 3413 1688 3498 religiose
1715 3434 1856 3499 persone
1887 3415 2029 3500 penitus
2062 3417 2134 3480 sint

462 3516 644 3593 immunes,
680 3534 753 3578 cum
787 3513 921 3598 dignum
958 3513 1001 3576 sit
1030 3534 1088 3577 ecs
1122 3514 1154 3576 in
1190 3515 1385 3600 patrimonio
1416 3517 1558 3580 ecclesie
1588 3517 1797 3602 prerogativa
1824 3515 1989 3601 gaudere,
2027 3540 2132 3604 quam

463 3619 510 3684 eis
539 3619 711 3703 indulgent
734 3618 832 3682 etiam
863 3618 1030 3705 principes
1054 3618 1231 3682 seculares.
1285 3618 1376 3683 Nulli
1400 3638 1478 3702 ergo
1510 3655 1551 3664 -
1582 3626 1693 3683 nostre
1724 3620 1949 3684 concessionis
1975 3629 2043 3690 etc.
2094 3623 2132 3688 Si

466 3722 538 3806 quis
561 3727 673 3788 autem
696 3727 759 3788 etc.
1330 3721 1333 3728 ’

569 3842 647 3909 Dat.
670 3843 825 3926 viterbii,
848 3843 933 3909 Non.
957 3844 1078 3926 Martii,
1102 3864 1187 3909 anno
1212 3865 1309 3909 nono.

1081 4125 1493 4132 ————-———-—

1242 4386 1330 4459 678.

568 4513 759 4621 Greportas
781 4541 837 4606 IX
859 4563 950 4624 pope
971 4544 1135 4609 Friderieo
1157 4545 1374 4610 Rauracorum
1405 4545 1586 4624 temeratori
1616 4545 1726 4609 scribit
1748 4545 1846 4626 poeto
1866 4551 1943 4626 post
1964 4569 2127 4614 recessum

461 4644 679 4728 [Hermotimi]
703 4645 848 4726 mopistri
872 4645 1107 4712 Teutonieoram
1134 4648 1362 4713 ‹emtassatores
1383 4649 1631 4713 Locrbcrdoram
1658 4649 1702 4712 ud
1729 4667 1761 4712 se
1787 4651 1968 4726 accessisse,
1987 4657 2031 4715 ‘ct
2052 4673 2128 4717 cum

462 4747 505 4811 cd
526 4747 830 4827 compromittentium
849 4750 960 4829 parati
975 4749 1112 4834 fuerint,
1135 4772 1167 4815 se
1189 4754 1440 4833 compromissarii
1461 4755 1628 4833 recepisse·
1650 4753 1734 4818 aede
1756 4757 1852 4836 repat,
1874 4757 1911 4816 et
1928 4755 2125 4840 praefatam

462 4852 648 4934 magistrum
669 4870 737 4915 eam
764 4852 857 4932 ptepo
879 4854 1030 4919 mcrrdato
1056 4855 1093 4917 de
1115 4857 1385 4934 corapromitteado
1406 4858 1443 4920 io
1465 4857 1611 4922 ommibus
1639 4859 1781 4923 ecelesiae
1807 4857 1851 4922 ad
1871 4858 1974 4924 sedern
1998 4867 2127 4942 aposto

461 4954 554 5019 ticam
574 4954 714 5019 remittat
734 4975 809 5020 cece
830 4956 957 5021 interim
979 4962 1088 5023 contra
1109 4957 1303 5025 Lomberdos
1318 4961 1477 5040 procedat.
1729 4965 1823 5038 1236,
1845 4959 1951 5027 Mart.
1974 4965 2032 5028 21.
2180 5011 2206 5048 ,υ

460 5070 614 5226 1236er
627 5075 681 5128 ·ΙΧ
698 5074 768 5146 Rep.
789 5076 848 5131 Vol.
870 5076 902 5145 V,
926 5081 979 5132 135
985 5096 995 5144 ‚·
1017 5077 1081 5131 tit.
1100 5079 1142 5147 X,
1167 5086 1190 5134 1.
1250 5080 1356 5134 Perteit'
1379 5083 1519 5170 exemplar
1541 5083 1728 5154 supplevimus
1751 5084 1894 5162 eejltcpn.
1913 5085 1989 5140 Ana.
2014 5091 2078 5145 ecel.
2099 5110 2127 5146 a.

533 5200 542 5227 ,
612 5201 618 5214 .

564 5245 701 5312 Pettium,
720 5247 789 5318 Rep.
808 5255 903 5305 rotet.

565 5524 588 5592 ¹)
606 5528 719 5594 aequiter
736 5530 764 5580 in
782 5529 828 5583 Ra·
844 5531 918 5584 vobis
935 5533 1075 5586 concedere
1093 5534 1265 5602 dignaremur.

563 5665 589 5732 1)
608 5663 702 5720 Hodie
720 5665 837 5736 riculae,
854 5666 892 5722 cd
910 5684 987 5740 quern
1008 5667 1097 5728 mora
1118 5667 1276 5730 Oastettcac
1293 5672 1349 5728 sita
1367 5673 1417 5740 est,
1440 5670 1522 5732 Treta
1539 5677 1661 5730 vocetur.
