4576 6390
144 1119 155 1156 b

132 2161 156 2200 lo

106 2857 154 2905 'rs

132 5617 157 5654 :lb

776 403 976 462 EPISTOLAE
994 405 1183 462 subuculis.
1221 407 1296 461 1233.

557 636 793 727 Prepesito
821 637 974 710 Sancti
1001 637 1142 712 Blasii
1169 639 1213 712 in
1242 639 1514 713 Brunswich.

318 784 399 848 Cum
423 786 456 848 in
479 785 762 871 archiepiscopum
779 783 1099 870 Magdebnrgensem
1122 807 1142 849 a
1165 785 1295 850 dilectis
1311 787 1386 851 liliis
1410 787 1552 871 capitulo
1569 787 1864 873 Magdeburgeusis

209 887 349 951 ecclesie
373 889 528 952 cononice
545 910 582 952 ac
599 888 803 952 concorditer
819 887 939 952 dicaris
956 890 1080 953 electus
1094 891 1114 969 ¹,
1137 891 1339 976 presentium
1355 891 1415 955 tibi
1431 890 1624 955 auctoritate
1640 889 1864 976 dispensative

209 989 434 1072 concedimus,
464 992 630 1076 quatinus,
663 993 691 1056 si
715 999 766 1056 est
788 993 847 1072 ita,
876 993 974 1056 liceat
997 992 1056 1056 tibi
1080 994 1172 1057 iuxta
1194 995 1359 1079 generalis
1383 999 1506 1057 statuta
1528 993 1658 1057 concilii
1679 994 1714 1057 iu
1736 1001 1863 1080 tempo·

209 1093 331 1157 ralibus
355 1101 388 1158 et
411 1096 634 1181 spiritualibus
650 1096 846 1176 ministrare,
870 1095 974 1160 donec
996 1097 1114 1161 electio
1139 1097 1178 1163 de
1203 1105 1236 1162 te
1259 1098 1356 1178 faeta,
1381 1098 1407 1160 si
1432 1095 1652 1161 confirmanda
1674 1095 1781 1176 fuerit,
1804 1118 1864 1183 per

209 1195 322 1260 sedem
345 1199 561 1283 apostolicam
585 1199 804 1263 confirmetur.

316 1317 392 1381 Dat.
418 1318 578 1406 Anagnia,
602 1319 634 1383 X
657 1317 732 1386 Kal.
756 1320 829 1385 Oct.
852 1343 937 1386 enno
961 1323 1116 1409 septimo.

833 1563 1244 1571 m

995 1789 1081 1862 555.

315 1902 506 2012 Greperius
525 1928 581 1993 IX
602 1949 692 2009 papa
721 1929 852 2008 decano,
887 1931 1010 1994 cantari
1037 1934 1066 1994 et
1095 1929 1293 1994 thesaurario
1324 1929 1460 1994 Sarntne
1494 1929 1605 1996 Crucis
1631 1930 1863 1996 Canureeensis

208 2033 347 2113 nrandat,
377 2036 413 2096 ut
434 2033 575 2098 scabinos
597 2031 735 2097 cranaus
756 2031 974 2097 Atrebatensis
996 2055 1017 2098 a
1036 2053 1142 2114 praua
1164 2034 1339 2110 exactione,
1370 2053 1451 2114 quae
1472 2033 1636 2097 matatotta
1657 2036 1862 2114 nuncupetur,

207 2138 352 2202 desistere
369 2136 504 2222 faciam.
1516 2139 1610 2214 1233,
1636 2135 1699 2202 on.
1723 2140 1775 2200 11.

311 2256 393 2327 (ἶνις.
411 2256 462 2310 IX
477 2255 547 2326 Rea.
569 2255 627 2310 Vei.
645 2253 699 2319 IV,
719 2257 769 2321 865
787 2252 851 2308 Lib.
873 2254 942 2314 VII.
962 2257 1028 2309 303.

352 2526 360 2544 .
390 2527 399 2544 .
427 2471 614 2560 decane,
642 2527 652 2545 .
681 2526 691 2544 .
720 2468 892 2543 cantori
920 2475 963 2542 et
990 2524 999 2541 .
1029 2523 1037 2541 .
1065 2467 1349 2542 thesaurario
1379 2467 1538 2542 Sancte
1565 2457 1719 2543 Crucis

858 2589 1206 2664 Cameracensis.

315 2740 370 2804 Ad
403 2741 603 2806 audientiam
637 2749 781 2806 nostram
821 2739 1079 2826 significantibus
1116 2739 1296 2803 venerabili
1330 2739 1430 2803 fratre
1465 2745 1576 2803 nostro
1611 2738 1792 2825 episcopo²
1827 2745 1861 2803 et

207 2844 336 2908 dilectis
360 2845 436 2908 filiis
460 2894 467 2908 .
486 2896 494 2912 .
516 2846 694 2931 preposito,
717 2894 751 2909 ..
775 2843 898 2908 decano
922 2851 955 2908 et
978 2842 1346 2929 capituloAtrebatensi
1368 2843 1525 2907 noveritis
1548 2843 1749 2928 pervenisse,
1772 2841 1859 2927 quod

207 2969 279 3011 curn
303 2948 381 3011 olim
411 2947 536 3012 scabini
560 2949 701 3012 civitatis
724 2948 957 3012 Atrebatensis
986 2946 1148 3032 quandam
1178 2967 1312 3032 pravam
1341 2946 1568 3025 exactionem,
1601 2967 1663 3030 que
1693 2945 1861 3010 malatolta

205 3050 387 3136 vulgariter
409 3059 625 3138 nuncupatur,
649 3052 682 3115 in
705 3051 820 3116 eadem
844 3051 977 3114 civitate
1002 3051 1035 3114 in
1052 3050 1266 3114 eeclesiarum
1283 3055 1317 3114 et
1331 3071 1545 3135 personarum
1562 3049 1859 3114 ecclesiasticarum

187 3165 191 3174 “
207 3152 415 3239 dispendium
437 3177 475 3220 ac
499 3156 680 3220 animamm
697 3175 827 3218 suarum
844 3155 1026 3240 periculum
1042 3152 1083 3217 de
1100 3174 1184 3217 novo
1201 3153 1369 3239 imponere
1386 3153 1577 3234 niterentur,
1600 3153 1685 3218 bone
1702 3153 1859 3218 memorie

205 3258 243 3322 P.
257 3258 486 3324 Atrebatensis
510 3261 694 3346 episcopus,
718 3259 832 3323 volens
856 3257 1088 3343 indempnitati
1111 3256 1337 3321 ecclesiastice
1361 3255 1534 3341 providere
1558 3262 1592 3320 et
1614 3256 1748 3320 obviare
1771 3256 1860 3341 peri-

129 3383 135 3400 *
208 3361 290 3424 culis
313 3362 504 3448 animarum,
528 3364 594 3426 lota
616 3369 751 3449 propter
772 3362 834 3425 hoc
858 3361 891 3425 in
915 3382 972 3425 eos
995 3359 1341 3425 excommunicationis
1365 3360 1546 3438 sententia,
1569 3366 1602 3423 et
1625 3358 1756 3423 demum
1779 3359 1860 3445 ipsis

205 3463 247 3527 ad
270 3464 457 3529 mandatum
482 3467 622 3530 ecclesie
653 3465 881 3546 redeuntibus,
916 3486 957 3528 ne
985 3465 1048 3528 hoe
1076 3465 1213 3529 ulterius
1243 3467 1488 3548 attemptarent,
1522 3461 1582 3525 sub
1609 3481 1695 3548 pena
1719 3461 1861 3526 inhibuit

206 3567 334 3652 prestiti
362 3569 547 3634 iuramenti.
603 3568 669 3633 Sed
699 3570 778 3633 lieet
807 3569 856 3632 illi
885 3568 926 3632 ad
956 3567 1145 3632 mandatum
1168 3567 1246 3632 dicti
1269 3567 1416 3653 episcopi
1442 3565 1595 3630 duxerint
1625 3564 1860 3640 desistendum,

206 3671 331 3735 scabini
354 3678 480 3750 tamen,
510 3673 563 3759 qui
587 3693 672 3736 nunc
696 3672 820 3736 civitati
840 3679 977 3758 presunt
1000 3671 1120 3750 eidem,
1151 3673 1184 3734 in
1205 3672 1278 3757 ipsa
1302 3669 1508 3734 exactionem
1529 3667 1667 3733 eandem
1690 3669 1858 3754 imponere

206 3793 272 3836 non
294 3782 448 3839 verentur
470 3776 503 3839 in
526 3798 638 3841 eorum
661 3775 876 3862 preiudicium
907 3782 941 3839 et
972 3775 1216 3840 enervationem
1248 3774 1473 3839 ecclesiastice
1496 3773 1668 3837 libertatis.
1714 3772 1859 3858 Ideoque

129 3906 155 3942 «a
208 3878 413 3959 mandamus,
448 3880 618 3968 quatinus,
655 3880 682 3943 si
718 3887 769 3944 est
803 3881 864 3960 ita,
899 3879 1004 3944 dictos
1039 3880 1206 3958 scabinos,
1240 3885 1276 3942 ut
1316 3878 1357 3942 ab
1392 3876 1580 3942 huiusmodi
1613 3876 1859 3963 presumptione

207 3982 385 4063 desistant,
417 3984 595 4048 monitione
627 3983 740 4068 previa
772 4003 831 4068 per
864 4004 1034 4047 censuram
1072 3981 1329 4047 ecclesiasticam
1362 3981 1583 4066 appellatione
1617 3985 1743 4044 remota
1776 3979 1861 4042 sicut

207 4089 328 4151 iustum
350 4088 449 4150 fuerit
472 4086 689 4173 compellatis;
718 4087 851 4171 proviso
880 4108 922 4152 ne
951 4089 984 4151 in
1017 4087 1251 4151 unversitatem
1274 4091 1336 4150 ete.
1382 4084 1501 4149 Testes
1523 4089 1633 4147 antem
1657 4090 1718 4147 etc.
1764 4079 1860 4156 Quod

208 4190 323 4254 sinon
346 4210 459 4254 omnes
483 4197 546 4255 etc.

314 4311 391 4378 Dat.
415 4311 576 4399 Anagnis,
599 4310 631 4375 V
653 4309 732 4374 Idus
757 4310 873 4375 Octob.
897 4333 982 4375 anno
1008 4311 1158 4397 septimo.

828 4553 1240 4562 ———————-..-.-—-—-

992 4776 1078 4848 556.

130 4981 134 4992 .
316 4895 507 5004 Graortns
540 4919 596 4985 IX
619 4940 708 4999 papa
738 4917 975 5002 [Vicedomino]
1007 4916 1145 4998 epuccpo
1177 4915 1362 4979 Placentino
1395 4914 1541 4986 mandat,
1576 4919 1612 4978 ut
1643 4911 1860 4998 [Larentinam

207 5024 431 5110 Maynerium]
443 5027 622 5106 potestatem
636 5026 665 5086 et
678 5022 759 5086 alios
773 5020 983 5097 Placentinos
1002 5020 1058 5100 quii
1073 5017 1303 5103 It[oltundnrn]
1313 5017 1450 5102 fratrem
1465 5016 1588 5079 ordinis
1604 5016 1861 5080 Praedicatornrn

207 5131 442 5194 vulneraverint
462 5133 491 5194 et
520 5127 555 5192 ob
578 5126 632 5190 boe
653 5129 762 5206 postea
783 5146 804 5188 a
827 5123 945 5188 avibus
967 5123 1034 5186 suis
1064 5124 1147 5202 eapti
1176 5122 1257 5200 sint,
1285 5126 1348 5185 tarn
1376 5121 1431 5184 diu
1454 5118 1603 5183 cristatiri
1620 5119 1738 5202 faeiat,
1768 5117 1862 5180 donee

206 5233 292 5299 cuias
313 5233 483 5313 apostoliea
504 5231 533 5295 ci
554 5229 705 5294 rescribat
726 5226 804 5308 qnid
824 5225 886 5290 sibi
907 5224 1076 5306 superbae
1096 5225 1227 5305 placeat.
1519 5224 1613 5298 1233,
1637 5221 1700 5286 Oct.
1724 5221 1773 5283 15.

311 5331 1023 5419 Qmmmmmmmm

316 5595 341 5660 1)
366 5591 401 5646 Ut
425 5591 534 5646 videtur
557 5589 607 5644 sub
627 5589 711 5658 finem
736 5589 804 5642 anni
827 5591 914 5652 1232‚·
940 5587 978 5655 cs.
1002 5603 1028 5640 e.
1052 5585 1247 5652 Mulverstedt,
1272 5587 1334 5639 Zur
1358 5583 1484 5639 chronol.
1511 5583 1537 5636 d.
1561 5580 1691 5650 Mandri.
1716 5581 1860 5636 Brittan.

210 5679 340 5738 Atbreebt
358 5679 397 5732 11
412 5678 470 5732 and
487 5675 637 5732 Burcbard
654 5677 680 5744 I,
697 5677 727 5730 in
746 5675 875 5746 Mapdeb.
896 5676 991 5732 Geren.
1010 5674 1054 5730 Bt.
1073 5673 1118 5740 II,
1133 5690 1164 5744 p.
1185 5676 1221 5726 72
1240 5678 1267 5726 et
1286 5688 1361 5744 sequ.
1433 5671 1460 5737 2)
1480 5674 1593 5725 Aesone.

312 5797 375 5850 Rue.
392 5795 474 5844 Porr.
492 5793 513 5847 1.
1604 5781 1637 5835 δῖ
