4494 6426
1029 397 1076 452 EX
1095 397 1250 452 HONORII
1270 397 1309 450 ΙΙΙ
1328 393 1507 450 aneisrao

840 633 880 707 C.
909 633 1249 725 archiepiscopo
1278 632 1442 705 Montis
1469 627 1682 721 Regalis.

545 781 626 846 Cum
650 804 670 846 a
692 783 786 847 nobis
802 784 926 869 petitur
949 789 1011 848 etc.
1027 804 1144 868 usque:
1168 782 1365 868 perducatur
1381 782 1544 845 effectum.
1591 777 1676 842 Sane
1693 776 1885 840 karissimus
1909 775 1942 839 in
1960 773 2092 837 Christo

437 885 521 949 filius
545 892 657 950 noster
679 885 878 966 Fridericus,
901 887 1037 951 illustris
1053 887 1274 951 Romanorum
1297 887 1477 972 imperator
1500 904 1630 968 semper
1653 887 1811 965 augustus
1835 885 1868 942 ct
1892 900 1952 943 rex
1968 877 2092 954 Sicilie,

373 1059 374 1062 Ἴ
437 988 505 1052 suis
528 989 623 1053 nobis
646 989 764 1054 litteris
788 990 959 1066 intimavit,
983 991 1165 1075 quodcum
1189 991 1416 1077 possessiones
1440 996 1472 1052 et
1496 986 1657 1055 redditus,
1682 984 1799 1068 quibus
1822 983 1908 1046 clare
1933 981 2093 1045 memorie

436 1089 639 1156 Willielmus
673 1114 733 1158 rex
768 1093 897 1173 Sicilie,
938 1096 1077 1159 ecclesie
1112 1102 1168 1159 tue
1203 1093 1371 1172 fundator,
1409 1094 1514 1179 ipsam
1551 1089 1676 1155 dotavit
1710 1087 1903 1160 ecclesiam,
1942 1091 2093 1170 tempore
2145 1105 2155 1142 s

436 1194 631 1259 turbationis
655 1198 750 1282 regni
772 1204 884 1262 essent
913 1198 1108 1280 adiversis,
1139 1206 1205 1262 tam
1230 1196 1425 1262 Christianis
1449 1217 1544 1282 quam
1569 1192 1774 1266 Sarracenis,
1807 1196 1840 1253 et
1868 1197 1935 1253 tam
1965 1189 2095 1252 clericis

436 1317 534 1382 quam
557 1299 667 1380 laicis,
698 1302 865 1388 occupati,
895 1302 967 1387 ipse
995 1303 1109 1366 rolens
1140 1309 1176 1365 ut
1206 1302 1270 1365 iam
1307 1300 1395 1364 dicta
1424 1299 1564 1364 ecclesia
1598 1317 1656 1360 sno
1688 1294 1776 1358 felici
1806 1301 1954 1378 tempore
1983 1291 2096 1356 debita

436 1402 654 1487 prosperitate
678 1402 851 1487 gauderet,
882 1406 913 1469 ei
936 1405 1079 1469 restituit
1109 1411 1231 1482 castra,
1263 1404 1509 1489 possessiones,
1538 1400 1730 1484 dignitates,
1759 1398 1931 1461 libertates
1961 1402 1995 1460 et
2023 1396 2096 1459 iura

437 1506 638 1589 generaliter
658 1507 830 1586 universa,
862 1530 925 1593 que
954 1509 1060 1573 dietus
1085 1530 1143 1572 rex
1167 1507 1274 1572 eidem
1299 1507 1437 1571 ecclesie
1462 1505 1608 1569 noscitur
1636 1499 1847 1566 contulisse².
1902 1499 1971 1562 Nos
1996 1498 2096 1582 igitur

437 1608 585 1672 eiusdem
620 1611 825 1694 imperatoris
872 1619 904 1675 et
935 1612 1109 1676 karissime
1143 1612 1177 1674 in
1213 1609 1343 1674 Christo
1378 1610 1444 1673 filie
1483 1615 1594 1672 nostre
1629 1604 1665 1669 C.
1699 1604 1834 1668 illustris
1869 1601 2092 1665 Romanorum
2145 1625 2165 1663 u

437 1710 654 1796 imperatricis
677 1733 716 1777 ac
732 1714 845 1797 regine
863 1713 986 1795 Sicilie,
1009 1715 1121 1779 uxoris
1139 1713 1220 1792 cius,
1245 1735 1283 1776 ac
1307 1713 1370 1776 tuis
1389 1709 1654 1796 iustisprecibus
1671 1707 1827 1784 inclinati,
1850 1705 2095 1769 restitutionem

437 1811 558 1897 ipsam,
589 1814 673 1878 sicut
699 1816 752 1900 pie
784 1838 822 1880 ac
853 1818 987 1902 provide
1016 1818 1102 1881 faeta
1139 1824 1189 1881 est
1220 1823 1252 1881 et
1282 1817 1315 1880 in
1346 1814 1492 1880 eiusdem
1523 1811 1728 1899 imperatoris
1759 1808 1930 1895 privilegio
1963 1807 2094 1894 plenius

438 1916 633 1993 continetur,
657 1920 850 1985 auctoritate
874 1922 1056 2006 apostolica
1080 1921 1306 1985 confirmamus
1332 1926 1364 1983 et
1387 1918 1551 2004 presentis
1577 1915 1689 2000 scripti
1713 1913 1893 1999 patrocinio
1912 1910 2094 1976 eorumuni-

437 2039 520 2081 mus.
565 2018 656 2083 Nulli
678 2043 755 2106 ergo
779 2029 841 2086 etc.
865 2033 976 2090 nostre
1000 2025 1255 2089 confirmationis
1275 2022 1462 2106 infringere.
1510 2020 1545 2084 Si
1569 2020 1641 2104 quis
1664 2024 1773 2082 autem
1797 2023 1858 2081 etc.

544 2137 620 2204 Dat.
644 2139 798 2207 Lateran.
821 2143 856 2208 II
878 2145 961 2211 Non.
985 2145 1160 2211 Novembr.
1184 2143 1393 2231 pontificatus
1417 2142 1520 2206 nostri
1542 2162 1627 2205 anno
1653 2146 1756 2202 sexto.

1057 2389 1468 2398 ——————-

1224 2614 1307 2686 183.

548 2722 737 2815 Honmins
752 2750 819 2815 ΙΙΙ
825 2761 913 2832 papo
927 2751 1128 2836 F[ridcr·ieo]
1143 2751 1358 2818 Rornanorum
1372 2751 1556 2832 imperatori
1573 2749 1726 2834 infelicem
1747 2747 1900 2812 exercitus
1919 2743 2097 2809 Claristiuni

438 2872 546 2918 cusum
560 2853 736 2934 caprensi,
759 2873 848 2935 prtem
870 2854 932 2917 sibi
952 2856 1046 2919 etiarn
1069 2857 1160 2919 rrrvnlti
1176 2856 1336 2936 irnputent,
1359 2877 1427 2920 curn
1449 2856 1537 2918 toties
1552 2854 1733 2917 ditationem
1747 2867 1908 2931 processus
1917 2846 2099 2928 postulanti

442 2976 556 3020 mmem
584 2957 733 3038 posserit;
762 2957 906 3021 hortetur
935 2958 979 3021 cd
1004 2959 1058 3023 hoc
1083 2961 1272 3039 citime-rium
1293 2957 1361 3023 Deo
1388 2962 1417 3022 et
1447 2957 1623 3022 hominibus
1653 2953 1876 3035 satisfaciendo
1904 2949 2098 3026 diluerulurn,

439 3076 567 3122 urenens
588 3058 670 3138 qreod
690 3059 720 3122 si
740 3060 836 3123 nimis
858 3061 983 3125 remisse
1005 3062 1114 3142 operit,
1142 3063 1206 3142 ipsi
1236 3064 1368 3126 ulterius
1385 3081 1516 3141 parcere
1543 3079 1607 3123 non
1623 3059 1739 3140 possit,
1775 3057 1928 3135 mittitque
1957 3053 2001 3117 cul
2030 3071 2099 3116 surra

439 3160 611 3226 Nicolaum
635 3161 847 3227 Tusculanum
868 3163 1051 3245 episcopum,
1073 3166 1257 3246 apostoticae
1280 3165 1362 3229 sedis
1384 3165 1526 3246 linctum.
1735 3163 1828 3238 1221,
1851 3157 1930 3222 Noc.
1956 3157 2008 3222 19.

545 3279 618 3334 Hon.
636 3280 693 3334 ΙΙΙ
706 3280 774 3350 Rea.
797 3281 854 3336 Vol.
870 3281 931 3347 ΙΙΙ,
951 3285 1018 3345 166,·
1037 3283 1097 3337 Lib.
1124 3284 1169 3348 VI,
1190 3289 1230 3339 61.
1268 3285 1372 3338 Pertrii
1390 3283 1529 3352 exemplar
1546 3282 1732 3352 supplevimus
1749 3297 1784 3334 es
1796 3279 1887 3350 napa.
1900 3279 1973 3330 Anu.
1991 3274 2054 3328 cccl.
2071 3291 2098 3329 a.

440 3370 518 3431 1221,
537 3369 554 3432 §
572 3370 685 3420 18-21.

545 3452 682 3516 Pottlrast,
701 3453 769 3521 Rep.
790 3456 872 3508 6723.

638 3629 680 3702 F.
707 3629 874 3704 illustri
901 3632 1199 3706 Romanorum
1229 3634 1485 3723 imperatori
1515 3653 1690 3724 semper
1716 3635 1906 3723 augusto

1096 3759 1136 3827 et
1163 3755 1254 3845 regi
1283 3753 1441 3826 Sicilie.

547 3903 676 3968 Merore
700 3903 814 3989 plenas
838 3902 898 3966 tibi
915 3904 1061 3987 cogimur
1084 3905 1209 3967 litteras
1225 3903 1401 3983 destinare,
1425 3903 1502 3987 quia
1518 3909 1663 3965 nostram
1682 3900 1823 3965 animam
1839 3899 1951 3963 acerbi
1975 3898 2096 3963 doloris

440 4005 567 4092 gladius
591 4007 816 4091 pertransirit;
847 4006 952 4070 adhuc
984 4008 1187 4072 incessanter
1216 4006 1416 4071 concidimur
1437 4008 1573 4070 vulnere
1602 4026 1700 4089 super
1731 4004 1856 4067 vulnus
1903 4003 1985 4067 Cum
2011 4003 2096 4066 enim

440 4109 558 4174 flebilis
582 4130 677 4173 casus
701 4110 867 4173 exereitus
892 4109 1070 4174 Christiani
1099 4131 1159 4174 nos
1187 4110 1299 4174 dolore
1329 4109 1530 4174 intolerabili
1555 4108 1768 4184 sauciaverit,
1799 4107 2010 4192 deplorantes
2033 4126 2096 4170 non

440 4219 506 4276 tam
529 4211 659 4276 labores
683 4218 716 4275 et
739 4218 897 4297 sumptus,
922 4233 1003 4296 quos
1026 4214 1090 4276 iam
1114 4235 1172 4298 per
1195 4213 1338 4296 quinque
1362 4234 1465 4276 annos
1482 4210 1707 4275 indesinenter
1729 4211 1923 4296 pertulimus
1949 4231 2094 4296 quosque

441 4314 645 4379 Christianus
661 4314 800 4399 populus
823 4315 856 4378 in
872 4315 970 4380 rebus
987 4323 1020 4380 et
1041 4316 1190 4400 personis
1208 4315 1316 4382 subiit.
1341 4336 1415 4379 esse
1432 4336 1565 4400 prorsus
1582 4315 1730 4394 amissos,
1754 4334 1851 4398 quam
1868 4313 2094 4379 confusionem

441 4417 619 4482 Christiani
645 4417 785 4480 nominis
821 4424 854 4481 et
881 4417 984 4504 ipsius
1021 4419 1171 4481 iniuriam
1202 4418 1279 4481 Iesu
1308 4416 1444 4497 Christi,
1479 4417 1534 4501 qui
1563 4418 1708 4502 peccatis
1736 4419 1857 4480 nostris
1886 4418 2096 4503 exigentibus

438 4519 695 4605 blasphematur.
740 4518 829 4584 Ecce
861 4521 936 4584 novi
965 4520 1085 4584 doloris
1110 4521 1245 4584 vulnere
1278 4520 1477 4598 sauciamur,
1513 4520 1674 4583 clamante
1711 4527 1825 4583 contra
1851 4543 1911 4584 nos
1943 4522 2095 4585 universo

439 4623 559 4708 populo
577 4621 762 4685 Christiano
787 4629 819 4686 et
841 4623 935 4687 nobis
952 4623 1079 4687 ruinam
1101 4623 1220 4709 prefati
1237 4623 1402 4687 exercitus
1420 4623 1610 4707 imputante,
1634 4643 1671 4686 ac
1695 4623 1834 4708 publicis
1851 4625 2094 4711 improperante

440 4725 649 4806 clamoribus,
677 4724 763 4811 quod
786 4731 890 4790 totum
913 4728 1025 4791 orbem
1049 4727 1253 4792 contudimus
1278 4725 1536 4802 Christianumi,
1566 4748 1605 4790 eo
1634 4726 1721 4811 quod
1749 4734 1799 4808 te,
1837 4728 1921 4791 sicut
1945 4749 2095 4809 noveras,

439 4829 579 4893 transire
611 4850 674 4893 uon
707 4830 922 4915 compulimus
953 4830 985 4893 in
1015 4829 1193 4894 subsidium
1222 4830 1322 4894 Terre
1356 4829 1490 4910 Sancte,
1524 4830 1654 4914 culpam
1689 4837 1778 4893 tuam
1809 4833 1841 4894 in
1876 4852 1935 4894 nos
1965 4833 2095 4917 penitus
2148 4863 2172 4900 aa

439 4931 657 5008 refundendo,
688 4940 721 4997 et
749 4934 861 5018 utique
885 4955 949 4997 non
973 4955 1106 5019 prorsus
1130 4934 1308 5010 immerito,
1339 4933 1415 5017 quia
1438 4952 1567 5010 revera,
1597 4931 1673 4995 dum
1696 4933 1756 4995 tibi
1789 4934 1886 4997 nimis
1909 4934 2096 5010 detulimus,

440 5035 630 5120 reliquimus
660 5036 880 5101 Christianum
914 5039 1094 5102 exercitum
1125 5039 1185 5102 sub
1216 5037 1361 5124 periculo
1392 5058 1505 5116 casus,
1537 5057 1633 5120 quem
1661 5035 1758 5100 hodie
1789 5035 2007 5121 deploramus.
2054 5037 2119 5116 Ut,

440 5140 527 5203 enim
552 5161 782 5205 recenseamus
810 5139 851 5203 ab
880 5140 1015 5204 exordio
1045 5141 1174 5226 culpam
1201 5148 1359 5218 nostram,
1396 5140 1460 5204 scis
1497 5138 1582 5223 quod
1618 5145 1651 5203 tc
1684 5139 1750 5202 iam
1779 5160 1798 5202 a
1826 5140 1976 5225 pluribus
2004 5141 2096 5204 annis

440 5243 684 5327 crucesignatos
714 5242 774 5307 sub
804 5265 862 5328 spe
893 5265 931 5307 ae
962 5245 1072 5330 specie
1108 5245 1155 5308 tui
1185 5245 1341 5307 transitus
1373 5242 1559 5320 detinente,
1595 5263 1654 5304 nos
1693 5249 1748 5306 tuo
1783 5265 1906 5307 morem
1936 5245 2097 5328 gessimus

542 5498 569 5566 1)
588 5497 730 5551 Moureule
744 5513 833 5567 prope
852 5499 986 5553 Pnlrrmo.
1051 5500 1079 5566 2)
1101 5500 1142 5567 Cf.
1164 5497 1467 5566 Helium-Brittones,
1492 5497 1568 5551 Hist.
1587 5497 1653 5566 dipl.
1672 5499 1751 5553 ritu
1771 5499 1814 5562 ΙΙ,
1842 5502 1862 5553 t.
1881 5499 1924 5564 ΙΙ,
1950 5503 2096 5554 tls-152.
2150 5527 2174 5561 4.)

438 5587 465 5651 3)
486 5585 641 5638 Sententiae
667 5584 834 5653 scriptorum
857 5585 941 5640 huius
966 5587 1066 5642 uelatis
1088 5588 1213 5642 collectae
1236 5592 1301 5641 sunt
1322 5603 1340 5641 n
1358 5585 1576 5648 Schirrmuchrr,
1599 5581 1837 5642 Kuiscr‘Friedr.
1856 5586 1905 5640 cler
1924 5587 2035 5652 Zrcrile,
2055 5587 2096 5650 11,

378 5731 382 5740 p
438 5677 457 5727 t.
475 5671 520 5739 H,
539 5674 601 5739 362¹,
619 5675 675 5724 not.
693 5673 737 5726 29.

2146 3185 2167 3222 20
