4448 6420
752 317 951 372 amsuchan
969 318 1158 373 SELECTAE.
1195 319 1270 373 1225.
1781 327 1842 387 207

185 489 371 555 huiusmodi
402 513 421 556 a
452 491 531 555 sede
561 493 743 577 apostolica
772 492 933 556 indultum
957 475 1059 554 luisse
1083 502 1262 576 proponat,
1293 514 1335 557 ne
1368 493 1407 557 ad
1432 497 1632 580 presentiam
1656 502 1743 560 tuam
1767 519 1842 582 per-

187 596 345 659 sonaliter
367 596 524 660 accedere
555 603 731 660 teneretur.
777 596 845 659 Nos
869 617 945 658 vera
971 594 1073 679 ipsius
1097 595 1390 679 supplicationibus
1414 606 1613 674 annuentes,
1645 622 1717 664 cum
1746 621 1841 664 neruo

187 698 306 761 debeat
330 699 393 762 sibi
417 700 578 783 suspectis
610 700 806 762 etinimicis
830 699 968 784 exponi,
999 703 1033 761 et
1061 699 1210 781 geminus
1242 705 1308 762 tam
1338 699 1407 765 dire
1432 704 1688 789 presumptionis
1712 706 1841 768 illorum

187 807 322 864 conatus
345 809 469 865 terrere
493 803 597 887 possit
613 802 753 866 cundem
770 803 972 887 episcopum,
994 807 1031 862 ut
1053 801 1169 862 merito
1195 801 1255 863 sibi
1277 800 1406 880 debeat,
1431 805 1571 887 qualiter
1588 815 1696 870 cesset
1712 808 1842 871 funesta

188 905 352 989 pernicies
377 911 408 967 ct
431 906 513 967 tanti
536 904 653 968 luroris
677 905 886 968 subtrabatur
901 902 1048 976 materia,
1073 902 1256 987 providere,
1280 904 1478 970 fraternitati
1501 916 1556 972 tue
1580 929 1639 994 per
1661 910 1842 994 apostolica

186 1008 306 1092 scripta
329 1007 537 1083 mandamus,
561 1010 712 1094 quatinus
737 1017 850 1072 contra
873 1014 1021 1070 tenorem
1045 1006 1148 1089 ipsius
1173 1005 1376 1090 indulgentie
1401 1010 1563 1094 prelatum
1588 1013 1777 1099 episcopum
1801 1011 1841 1075 ad

186 1112 385 1195 presentiam
409 1118 500 1174 tuam
522 1112 679 1176 accedere
704 1134 768 1176 non
792 1112 982 1197 compellas,
1007 1116 1178 1172 contentus
1204 1110 1290 1194 quod
1314 1133 1349 1175 se
1374 1113 1437 1176 tibi
1461 1120 1647 1198 presentet,
1672 1137 1743 1179 eum
1767 1138 1841 1180 cum

187 1221 261 1276 ate
286 1215 396 1277 vocari
420 1216 605 1299 contigerit,
629 1216 847 1302 peridoneus
871 1215 1003 1278 nuutios
1026 1219 1059 1275 et
1083 1213 1290 1297 sollempnes.

293 1333 368 1398 Dat.
392 1334 509 1413 Reate,
533 1337 563 1396 V
587 1336 665 1401 Idus
689 1337 823 1401 Octubr.
847 1358 931 1400 anuo
956 1336 1094 1400 decimo.

293 1505 365 1558 aas.
385 1506 439 1556 nr
453 1505 521 1574 neq.
543 1505 602 1560 Va.
628 1507 655 1568 V,
675 1510 729 1572 as,-
749 1507 811 1560 nu.
830 1509 867 1570 x,
887 1511 928 1559 aa.
1499 1509 1590 1585 1225,
1616 1507 1687 1572 Oct·
1704 1511 1754 1574 15.

297 1673 304 1687 .
328 1673 335 1687 .
360 1625 515 1710 episcopo
538 1625 772 1712 Herbipolensi
797 1627 834 1690 dc
855 1627 960 1691 eadem
983 1626 1187 1707 iuclulpeotia.

294 1743 369 1808 Dat.
393 1744 509 1817 Reate,
533 1745 646 1811 Idibus
670 1748 835 1827 Octobris,
859 1770 943 1812 anno
967 1747 1106 1811 decimo.

808 2013 815 2017 .
825 2012 879 2017 ——
889 2011 1168 2018 —.-—-...—---.—.-.....
1190 2013 1214 2016 ,.

974 2255 1060 2326 286.

296 2363 484 2457 Hortarius
506 2394 573 2457 ΙΙΙ
588 2415 674 2474 papo
697 2395 876 2478 [Aeacida]
903 2395 1010 2457 abbati
1033 2397 1144 2458 Sancti
1168 2395 1257 2457 Patri
1281 2394 1462 2459 Gaadcasis
1484 2397 1632 2473 coaccedit,
1663 2401 1698 2459 ut
1719 2397 1757 2472 ii,
1788 2396 1843 2476 qui

189 2498 410 2560 ‚musterium
432 2497 468 2560 dc
491 2502 588 2561 cctcra
617 2499 749 2575 intrent,
780 2498 876 2575 bona,
905 2519 984 2579 quare
1012 2500 1054 2560 iis
1080 2499 1143 2562 sica
1172 2520 1210 2560 ca
1239 2500 1417 2560 testamento
1443 2500 1506 2562 siae
1533 2499 1573 2561 ab
1603 2500 1747 2562 intestata
1766 2519 1841 2578 pro-

191 2601 339 2676 acacriat,
362 2600 456 2664 libere
477 2602 642 2664 reticeant.
1485 2602 1578 2679 1225,
1600 2601 1679 2667 Nou.
1705 2607 1755 2665 13.

291 2719 364 2772 Hau.
383 2719 441 2771 ΙΙΙ
456 2719 521 2786 ch.
548 2719 600 2772 Vol.
628 2719 655 2778 V,
675 2723 725 2781 96,·
745 2719 807 2773 Lib.
828 2719 863 2784 X,
884 2725 944 2774 107.

291 2807 514 2876 roccamaura.
537 2811 616 2860 7498.

429 3077 437 3091 .
467 3077 475 3092 .
504 3020 655 3093 abbati
683 3026 724 3093 et
751 3022 993 3106 couventui
1021 3021 1171 3093 Sancti
1199 3019 1319 3093 Petri
1346 2973 1608 3094 Gandeusis.

296 3169 349 3232 Ex
371 3175 463 3254 parte
489 3175 599 3233 vestra
621 3170 683 3232 suit
713 3169 807 3233 nobis
838 3169 1004 3233 humiliter
1027 3170 1261 3255 supplicatum,
1292 3176 1329 3232 ut
1352 3190 1425 3232 cum
1448 3191 1467 3230 a
1490 3170 1654 3233 nonnullis
1677 3170 1842 3233 nobilibus

193 3279 224 3334 et
253 3273 326 3336 aliis
362 3273 449 3336 illius
480 3273 646 3359 provincie
678 3295 777 3357 super
812 3274 1001 3359 receptione
1029 3273 1169 3336 filiorum
1199 3293 1329 3338 suorum
1359 3273 1593 3336 monasterium
1625 3278 1768 3336 vestrum
1801 3273 1843 3335 sit

190 3377 322 3439 nimium
346 3383 573 3460 aggravatum,
603 3383 636 3439 et
664 3375 706 3439 ad
735 3376 768 3439 id
795 3398 854 3461 per
884 3378 1080 3440 multoruma
1104 3399 1238 3462 precum
1267 3377 1455 3440 instantiam
1481 3379 1592 3463 sepius
1617 3376 1842 3461 compellatur,

189 3479 222 3542 in
244 3479 340 3552 bonis
363 3487 534 3565 parentum
557 3481 697 3556 illorum,
720 3500 801 3566 quos
825 3479 945 3543 dictum
962 3481 1194 3543 monasterium
1219 3479 1258 3542 de
1283 3486 1392 3542 cetero
1416 3480 1537 3543 intrare
1562 3479 1747 3562 contigerit,
1772 3478 1841 3541 sive

190 3604 231 3646 ex
254 3589 450 3646 testamento
474 3583 543 3646 sive
572 3584 613 3646 ab
637 3585 794 3648 intestato
818 3584 898 3669 ipsis
922 3585 1149 3669 provenerint,
1179 3584 1278 3646 liccat
1305 3582 1416 3656 vobis,
1446 3587 1608 3665 quatenus
1632 3603 1651 3644 a
1674 3582 1743 3644 iure
1768 3602 1842 3665 per-

188 3685 336 3760 mittitur,
358 3686 552 3749 auctoritatc
576 3694 688 3749 nostra
711 3685 887 3750 succedere
911 3707 948 3749 ac
973 3707 1012 3750 ca
1035 3686 1138 3750 libere
1156 3686 1308 3750 retinere.
1353 3684 1421 3747 Nos
1446 3705 1524 3767 ergo
1540 3684 1699 3762 volentes,
1723 3690 1760 3746 ut
1782 3704 1841 3767 per

191 3807 270 3869 quos
286 3787 408 3851 dictum
429 3789 662 3852 monasterium
680 3795 842 3860 oneratur,
865 3789 975 3873 aliqua
994 3789 1025 3852 ci
1041 3789 1252 3853 humanitatis
1270 3788 1391 3851 solacia
1407 3786 1625 3865 conferantur,
1649 3785 1841 3848 auctoritate

190 3891 283 3954 uobis
308 3892 507 3976 presentium
532 3893 739 3956 concedimus
762 3891 955 3982 postulatal,
986 3895 1083 3957 salvis
1112 3895 1241 3957 illorum
1265 3892 1407 3956 servitiis
1430 3890 1470 3954 ad
1499 3909 1579 3972 quos
1604 3909 1643 3952 ea
1665 3894 1843 3951 noscuntur

188 3993 260 4059 iure
283 3994 418 4058 dominii
440 3995 616 4080 pertinere.
661 3995 750 4059 Nulli
774 4017 851 4079 ergo
876 3998 1098 4061 concessionis
1122 4033 1172 4060 —-.
1219 3995 1350 4079 Siquis
1374 4031 1425 4058 -.

299 4113 375 4179 Dat.
398 4114 515 4194 Reate,
538 4114 586 4179 Id.
610 4113 786 4180 Novembr.
812 4137 896 4178 anno
920 4114 1056 4181 decimo.

814 4375 1224 4382 ...am—mm..-

305 4729 492 4824 Honorius
522 4760 588 4824 III
610 4780 700 4840 papio
730 4761 977 4824 constitutionem
1003 4760 1177 4840 pcaeralcm.
1212 4757 1330 4831 sanat,
1363 4776 1427 4835 arca
1455 4755 1624 4835 paraecipit,
1656 4759 1692 4818 ut
1720 4755 1749 4816 si
1774 4754 1845 4834 qrcis

73 4861 107 4904 '³⁰
187 4866 387 4928 cardinalem
404 4863 508 4946 facerit
527 4865 680 4928 hostiliter
702 4865 859 4927 insecutus
881 4864 928 4926 act
947 4863 1152 4942 percusserit,
1181 4862 1260 4923 sicat
1286 4878 1358 4923 rcus
1381 4859 1522 4923 criminis
1550 4858 1652 4922 laesae
1673 4859 1846 4920 maiestatis

181 4973 337 5048 turpatus
359 4968 402 5028 sit
425 4966 570 5049 infrimis
591 4967 802 5046 patrriteatius
828 4969 1002 5038 enulacrat,
1034 4985 1114 5046 arcae
1135 4964 1190 5040 iis,
1219 4983 1285 5026 cum
1308 4962 1511 5041 resipuerint,
1540 4959 1750 5040 iaiaapcadae
1771 4960 1844 5032 siat,

186 5074 223 5130 el
251 5069 454 5150 potestatibus
482 5070 695 5133 saecularibus
724 5069 865 5145 umradat,
896 5073 931 5131 ut
962 5072 1072 5132 costra
1104 5067 1182 5129 tales
1205 5067 1457 5145 praesumptores
1489 5061 1570 5127 lraac
1599 5062 1845 5126 emastitatioacm

188 5173 351 5238 observari
370 5173 503 5254 faciant.
1487 5167 1580 5242 1225,
1608 5165 1682 5228 Noa.
1705 5167 1758 5228 20.

298 5293 372 5346 lloa.
391 5292 449 5344 111
464 5292 534 5363 Rep.
554 5293 613 5346 Lib.
633 5292 669 5354 X,
688 5297 749 5345 2215.
786 5291 904 5344 Edimus
921 5307 956 5344 rc
974 5289 1067 5359 Rapa.
1086 5288 1159 5342 Ana.
1178 5287 1240 5338 recl.
1259 5302 1284 5338 a.
1304 5289 1382 5344 1225.
1400 5287 1416 5348 §
1436 5287 1553 5338 clo-54,

94 5367 123 5408 ³⁵
297 5379 434 5438 raama.
453 5379 522 5447 neq.
542 5381 620 5430 raas.

782 5518 1043 5526 ...am——

300 5625 322 5682 ‘l
342 5625 378 5672 ita
400 5621 430 5673 R.
512 5621 535 5684 1’)
553 5620 586 5671 m'
605 5629 687 5688 postu.
707 5621 738 5672 n.
