4590 6366
766 382 965 439 EPISTOLAE
983 383 1172 440 SELEC'I'AE.
1209 386 1285 441 1235.
1793 395 1854 458 513

153 637 154 642 ¹
202 553 259 617 illa
280 554 338 617 fiat
360 554 527 640 inquisitio
550 577 611 642 per
625 555 776 636 eundem,
801 556 886 620 sieut
908 557 1069 622 hactenus
1093 557 1134 622 ad
1150 559 1307 624 honorem
1327 561 1469 626 ecclesie
1492 583 1551 647 pro
1575 569 1688 628 nostro
1711 572 1743 630 et
1766 566 1857 630 beati

200 657 290 721 Petri
314 659 500 723 reverentia
522 659 655 723 studeas
679 681 883 724 conservare.
930 660 1094 740 Ceterum,
1118 661 1147 724 si
1170 662 1254 726 lorte
1279 664 1477 728 contrarium
1501 665 1534 728 in
1558 665 1667 732 enimc
1692 689 1750 732 suo
1774 669 1854 733 irre-

201 760 396 825 vocabiliter
419 761 581 847 disposuit
603 764 695 848 regia
718 763 888 841 celsitudo,
913 764 959 827 ite
982 765 1067 849 quod
1090 765 1174 829 nolis
1198 787 1271 831 eam
1294 769 1434 854 amplius
1458 771 1612 847 retinere,
1636 773 1795 850 volumus,
1819 781 1855 838 ut

179 869 184 878 '
203 883 275 927 eam
298 864 429 930 nomine
447 873 558 929 nostro
574 866 721 951 predicto
737 867 894 950 magistro
912 867 1071 952 resignes,
1096 869 1166 932 iure
1181 869 1357 934 cuiuslibet
1379 871 1413 934 in
1436 873 1590 938 omnibus
1607 897 1737 960 semper
1753 877 1854 940 salvo.

309 983 385 1053 Dat.
408 991 444 1049 ut
468 1008 576 1075 supra.

984 1337 1070 1410 627.

309 1444 500 1557 Greperins
514 1475 572 1538 IX
584 1496 675 1556 popa
698 1475 804 1540 abbati
825 1481 855 1540 et
875 1477 1039 1541 concentui
1060 1478 1244 1542 monasterii
1268 1477 1306 1542 de
1320 1478 1458 1544 Bodelee
1478 1479 1613 1544 deciam
1633 1501 1655 1543 e
1675 1481 1855 1565 [Walterc]

200 1578 338 1658 episcopo
363 1577 554 1642 Yorneoensi
575 1597 733 1642 concessas
754 1580 926 1659 confirmet.
1371 1659 1376 1668 ι
1483 1582 1578 1660 1235,
1599 1581 1692 1647 Febr.
1714 1585 1767 1649 20.

304 1699 385 1765 Grep.
404 1697 454 1750 IX
470 1697 538 1768 Rep.
563 1697 620 1751 Vel.
638 1696 692 1762 IV,
710 1702 780 1766 259;
797 1698 860 1752 Lib.
881 1698 968 1767 VIII,
986 1703 1049 1753 466.

304 1783 439 1852 Pcttbest,
460 1783 528 1854 Rep.
549 1787 630 1838 9847.

287 2035 295 2051 .
326 2035 334 2051 .
363 1979 513 2052 abbati
541 1985 583 2052 et
609 1980 849 2053 conventui
876 1980 1134 2054 monasterii
1163 1980 1215 2052 de
1243 1980 1427 2054 Bodelo¹
1457 1981 1769 2057 Cisterciensis

660 2101 831 2174 ordinis
857 2101 1159 2174 Tornecensis
1186 2101 1392 2174 diocesis

308 2238 400 2305 Solet
428 2261 571 2305 annuere
601 2245 664 2303 ete.
695 2261 814 2325 usque:
847 2241 1018 2327 impertiri.
1076 2238 1296 2324 Significastis
1330 2241 1492 2326 siquidem
1521 2243 1636 2323 nobis,
1665 2242 1751 2329 quod
1779 2265 1851 2307 oum

198 2345 433 2410 monasterium
457 2351 601 2409 vestrum
625 2344 668 2406 sit
691 2342 732 2408 de
759 2364 842 2407 novo
871 2350 1109 2425 constructum,
1139 2343 1337 2408 venerabilis
1361 2344 1462 2409 frater
1484 2352 1598 2410 noster
1621 2399 1627 2412 .
1647 2398 1654 2413 .
1678 2348 1852 2434 episcopus

199 2448 433 2528 Tornscensis,
460 2449 524 2512 leci
547 2446 759 2523 diocesanos,
789 2448 919 2512 novelle
942 2448 1152 2534 plantationis
1172 2447 1364 2512 desider-ens
1386 2449 1624 2514 incrementum
1650 2457 1683 2514 et
1706 2451 1853 2515 eiusdem

200 2553 402 2638 compatiens
427 2551 623 2639 paupertati,
647 2550 792 2616 decimas
816 2552 983 2616 novalium
998 2559 1064 2615 tem
1088 2552 1290 2637 presentium
1306 2572 1400 2637 quam
1425 2552 1608 2617 futurorum
1631 2553 1664 2616 in
1687 2555 1852 2618 territorio

199 2656 285 2741 quod
309 2655 447 2721 Wesia²
468 2657 646 2743 vulgariter
669 2663 885 2742 nuncupetur,
909 2655 951 2720 ed
974 2655 1212 2720 ordinationem
1235 2656 1317 2735 eius,
1341 2677 1415 2721 cum
1438 2677 1504 2720 non
1529 2666 1643 2722 essent
1665 2658 1748 2722 infre
1769 2659 1852 2722 fines

200 2760 338 2825 alicuius
360 2761 544 2847 parrochie,
567 2761 666 2846 pleno
689 2761 759 2824 iure
784 2766 983 2845 spectantes,
1007 2766 1148 2845 excepta
1170 2759 1267 2823 tertia
1283 2760 1396 2844 garba,
1420 2782 1516 2846 quam
1540 2763 1721 2826 reservavit
1743 2783 1852 2827 sacer-

199 2861 330 2927 dotibus
353 2864 410 2948 qui
431 2884 589 2949 processu
618 2864 776 2950 temporis
799 2865 923 2930 ibidem
946 2864 1163 2950 parrochialis
1184 2864 1433 2946 ministrabunt,
1467 2871 1500 2929 et
1522 2866 1556 2929 in
1578 2867 1759 2951 parrochiis
1784 2868 1852 2931 suis

199 2965 240 3030 de
263 2965 531 3042 Wasemonstre‚
559 2967 599 3032 de
623 2967 777 3031 Lokerna
804 2975 837 3032 et
866 2968 908 3032 de
931 2967 1082 3033 Belsela⁸
1110 2988 1240 3032 necnon
1270 2974 1304 3032 et
1334 2968 1528 3052 quibusdam
1556 2968 1631 3032 eliis
1659 2970 1740 3034 loeis
1769 2970 1850 3034 duas
1882 2977 1887 2987 '

199 3068 317 3153 gerbas
341 3069 539 3135 deeimarum
562 3070 603 3134 ad
626 3093 662 3135 se
685 3072 899 3156 pertinentes,
923 3072 956 3135 in
979 3071 1075 3136 terris
1099 3071 1132 3134 in
1157 3070 1275 3156 quibus
1298 3071 1397 3136 nichil
1419 3081 1616 3158 perceperat
1638 3074 1728 3160 prius
1752 3074 1850 3138 tertia

198 3173 456 3259 parrochialibus
479 3174 681 3261 presbyteris
700 3183 877 3254 reservata,
902 3175 1010 3240 eidem
1032 3175 1232 3239 monasterio
1249 3181 1359 3239 vestro
1382 3174 1513 3239 libereli
1528 3176 1652 3262 pietate
1676 3178 1848 3259 concessit,

197 3282 294 3360 prout
316 3277 348 3339 in
372 3277 443 3342 eius
466 3278 585 3342 litteris
608 3278 683 3342 inde
701 3278 858 3343 conlectis
881 3279 1010 3365 plenius
1035 3279 1229 3343 continetur.
1273 3279 1342 3342 Nos
1366 3279 1466 3362 igitur
1488 3279 1606 3343 vestris
1622 3281 1775 3364 precibus
1799 3281 1848 3344 in-

197 3379 310 3443 clinati
326 3382 572 3445 concessionem
588 3381 783 3462 huiusmodi,
809 3383 893 3447 sicut
915 3383 970 3468 pie
987 3403 1025 3446 ac
1040 3381 1176 3468 previde
1193 3381 1280 3445 facts
1303 3388 1353 3446 est
1376 3388 1410 3444 et
1432 3382 1466 3444 in
1481 3381 1619 3445 alicuius
1635 3380 1850 3467 preiudicium

197 3502 263 3546 non
285 3482 454 3564 redundat,
477 3485 670 3549 auctoritate
694 3486 876 3572 apostolice
891 3485 1120 3549 confirmamus
1136 3491 1198 3549 ete.
1214 3506 1338 3570 usque:
1363 3484 1610 3550 communimus.
1655 3483 1744 3548 Nulli
1769 3505 1849 3569 ergo

121 3607 147 3648 rs
200 3593 311 3652 nostre
335 3589 589 3653 confirmationis
613 3595 675 3654 etc.
721 3588 756 3652 si
780 3590 852 3674 quis
876 3597 986 3654 autem
1010 3595 1073 3654 etc.

307 3707 383 3774 Dat.
406 3708 547 3790 Perusii,
569 3709 602 3773 X
625 3706 699 3773 Kel.
723 3708 844 3791 Martii,
867 3730 951 3774 anno
975 3715 1099 3773 octavo.

818 3953 1230 3962 ...———.—..——-—--—

984 4175 1070 4248 628.

303 4287 494 4398 Geryones
516 4315 572 4380 IX
585 4337 676 4396 pepe
696 4315 841 4395 peresam
861 4320 891 4379 et
906 4316 1025 4396 populo
1046 4314 1083 4379 de
1105 4311 1294 4378 Bretenerie
1315 4311 1455 4388 nuntiet,
1477 4330 1509 4373 se
1528 4309 1729 4395 [Albertnm]
1744 4313 1849 4392 petri-

199 4418 326 4482 orcbem
339 4417 569 4482 Antiochenam
590 4419 634 4481 ed
653 4437 703 4481 eos
724 4419 851 4496 mittere,
874 4423 910 4481 nt
930 4420 1013 4482 inter
1036 4419 1126 4498 ipsae,
1150 4415 1360 4492 Ravennates,
1376 4413 1614 4490 Ferolioienses,
1630 4413 1850 4480 Ariminenses

198 4525 228 4584 et
242 4520 522 4600 Ferepepnlienses
540 4541 580 4584 en
591 4525 683 4600 perte
698 4541 765 4584 nno
786 4525 815 4583 ct
828 4521 1033 4597 Faventines,
1059 4520 1230 4594 messam,
1258 4515 1426 4582 Urbinetes
1441 4519 1470 4578 et
1488 4515 1666 4580 Cercienses
1686 4537 1726 4581 ex
1746 4519 1850 4582 altera

122 4651 148 4691 sc
192 4643 304 4704 pacem
325 4622 492 4708 reformem·
512 4623 652 4701 mandet,
675 4628 712 4687 nt
731 4623 799 4688 eins
821 4624 948 4686 monitis
963 4627 1113 4705 mrearrt.
1490 4620 1584 4697 1235,
1606 4618 1709 4685 Meri.
1731 4625 1762 4686 2.

304 4739 385 4812 Grep.
403 4743 452 4797 IX
468 4743 536 4814 Rep.
561 4744 616 4798 Vol.
636 4747 688 4811 IV,
706 4747 776 4810 257,Ι
794 4742 855 4798 Lib.
881 4745 960 4806 VIII,
979 4746 1041 4797 454.

543 4996 552 5012 .
582 4996 591 5013 .
619 4938 834 5030 potestati
863 4942 903 5010 et
927 4937 1097 5028 populo
1124 4936 1173 5008 de
1201 4931 1506 5008 Bretenorio⁸⁴.

307 5079 498 5144 Mediatoris
521 5079 586 5145 Dei
610 5087 643 5144 et
665 5079 844 5159 hominum,
865 5079 945 5142 Iesu
961 5078 1094 5158 Christi,
1119 5079 1174 5162 qui
1197 5084 1233 5141 ut
1255 5083 1367 5140 nostro
1391 5096 1450 5138 nos
1474 5074 1613 5138 creatori
1636 5074 1850 5159 coniungeret

200 5189 234 5248 et
256 5203 370 5268 pecem
393 5183 479 5246 inter
492 5181 601 5248 Deum
624 5191 658 5248 et
679 5183 845 5247 hominem
869 5182 1071 5263 reformaret,
1095 5182 1181 5246 intra
1204 5181 1359 5245 inviolate
1381 5178 1491 5265 puelle
1520 5178 1649 5241 viscere
1671 5176 1776 5241 forma
1798 5179 1847 5241 in-

123 5447 148 5490 st
305 5442 328 5508 ¹)
347 5444 474 5495 Bretenof
489 5441 522 5493 R.

304 5562 329 5627 1)
349 5560 441 5631 Prope
460 5559 633 5614 Gentianam.
727 5561 755 5628 2)
773 5559 852 5612 Inter
871 5557 1035 5612 Gandeonn
1053 5560 1079 5610 et
1096 5555 1292 5624 antwerpium.
1388 5555 1416 5624 3)
1435 5554 1472 5608 In
1489 5552 1629 5608 territorio
1651 5552 1764 5607 Wosiee
1779 5553 1849 5607 sitis.

199 5647 228 5724 b)
248 5647 340 5702 Hodie
358 5647 508 5701 Bertincro
525 5648 555 5701 in
573 5647 740 5708 Romarm
758 5663 772 5706 r
788 5645 901 5704 meridie
918 5645 1068 5703 Ravennae
1081 5657 1172 5715 prope
1192 5641 1328 5698 Cesennm.

302 5763 365 5820 Rea.
383 5763 464 5814 Posr.
482 5764 502 5816 1.
1609 5754 1644 5808 65
