4282 6420
946 369 993 426 EX
1012 369 1168 427 HONORII
1187 371 1226 427 111
1244 369 1424 428 REGISTRO

1139 673 1224 747 246.

465 782 667 876 Falerios
692 809 906 876 Romanorum
940 813 1109 894 imperator
1137 813 1302 898 [Albcrto]
1335 813 1563 896 archiepiscopo
1589 813 1871 896 Mopdclrurpcasi,
1905 815 2002 878 mmdi

354 914 561 980 Roneaaioloo
582 919 612 978 et
632 915 726 979 totius
747 913 955 980 Lombordioo
977 915 1089 998 topato,
1116 917 1259 994 marom,
1282 921 1317 980 at
1339 919 1587 983 constitutionem
1608 937 1699 982 suam
1716 917 1878 998 publicari
1898 917 2003 997 sociat,

354 1039 418 1100 qao
439 1017 607 1082 lucret-icoc
628 1019 700 1100 ipnc
722 1019 959 1084 concremandos
981 1021 1042 1098 ccl,
1070 1021 1099 1084 st
1121 1022 1203 1084 oitoo
1225 1025 1437 1098 reserventur,
1468 1022 1595 1104 linpuoc
1611 1021 1731 1101 plectro
1750 1019 1925 1100 privandos
1946 1039 2006 1084 csse

354 1121 469 1186 iubeat.

1701 1210 1796 1286 1224,
1818 1206 1922 1272 Mart

407 1297 411 1300 “
460 1289 542 1360 Grcp.
561 1291 610 1344 IX
626 1290 697 1361 Rep.
715 1290 778 1346 Lib.
797 1291 850 1356 IV,
869 1296 932 1346 103.

457 1376 514 1432 aa
536 1377 626 1441 rear,
649 1377 710 1430 nn.
733 1380 752 1431 c.
774 1375 819 1442 Π,
837 1395 868 1448 p.
890 1382 955 1432 aaa.

466 2079 653 2173 Honorius
668 2107 736 2172 ΙΙΙ
748 2127 834 2189 popo
851 2108 997 2172 universo
1012 2111 1092 2174 clero
1110 2110 1301 2175 lbertonioc
1314 2109 1452 2186 nuntiat,
1474 2129 1543 2173 cum
1557 2107 1778 2192 Ffridcricus]
1793 2105 2015 2170 Romanorum

356 2210 524 2292 imperator
545 2211 582 2274 iu
603 2211 744 2274 mirabili
763 2229 970 2291 personarum
992 2216 1021 2275 ct
1047 2233 1153 2278 reram
1173 2217 1334 2294 apparata
1356 2212 1564 2292 transfretare
1586 2210 1748 2291 disponat,
1778 2227 1810 2272 sc
1831 2209 1869 2271 ia
1892 2229 2012 2273 aarum

354 2317 470 2378 terram
491 2313 726 2395 praedicatores
756 2315 856 2378 crucis
883 2313 1046 2394 deputasse
1073 2316 1235 2396 speccialoS,
1269 2318 1305 2379 in
1336 2315 1540 2378 thulouiom
1566 2317 1670 2378 auam
1698 2310 1921 2397 [Cortrodam]
1947 2314 2012 2394 cpi-
2132 2336 2137 2371 l

354 2435 478 2496 scopum
500 2415 717 2496 Portueascm;
749 2421 850 2482 ononct
876 2437 939 2497 coc,
961 2423 996 2482 ut
1017 2441 1085 2483 cum
1112 2421 1214 2484 devoto
1240 2423 1374 2484 tractent
1395 2422 1423 2483 el
1445 2418 1538 2482 acrba
1560 2418 1628 2481 eius
1649 2415 1818 2496 efficaciter
1839 2416 2015 2496 adimplere

354 2519 508 2586 studeant.
1528 2557 1622 2631 1224,
1643 2552 1923 2634 Mart-April.

458 2689 534 2745 Hom.
553 2693 608 2744 ΙΙΙ
622 2689 688 2760 ltcp.
707 2690 763 2746 Vol.
783 2693 804 2744 I
808 2693 835 2756 V,
853 2695 923 2754 183‚·
942 2693 1003 2746 Lib.
1029 2693 1109 2758 VIII,
1127 2697 1188 2747 404.
1225 2693 1330 2748 Pertrii
1347 2691 1486 2761 exemplar
1503 2689 1688 2760 supplevimus
1706 2707 1741 2744 ca
1751 2665 1844 2760 lloyn.
1858 2693 1931 2742 Ana.
1949 2689 2012 2743 cccl.

354 2794 381 2832 a.
398 2781 477 2842 1224,
494 2781 511 2842 §
528 2781 554 2831 2.
1444 2793 1446 2798 ·

411 3006 645 3080 Universis
672 3008 1032 3101 archiepiscopis
1066 3014 1109 3083 et
1135 3007 1375 3100 episcopie,
1412 3006 1671 3092 abbatibuS,
1707 3003 1954 3096 prioribus,
2119 3031 2136 3067 c

500 3129 848 3219 archidiaconia,
878 3131 1059 3204 decanis
1086 3135 1130 3203 et
1155 3129 1261 3204 aliis
1289 3127 1581 3202 ecclesiarum
1607 3127 1793 3218 prelatis
1822 3131 1864 3199 et

733 3249 907 3323 clericis
934 3270 1010 3341 per
1037 3249 1328 3323 Theotoniam
1356 3249 1630 3322 constitutis.

464 3398 608 3480 Scimus,
639 3399 726 3485 quod
748 3400 923 3464 multorum
947 3398 1044 3463 corda
1066 3398 1224 3479 fidelium,
1253 3397 1372 3463 nedum
1395 3397 1594 3462 infirmorum
1618 3403 1669 3462 set
1691 3397 1839 3476 fortium,
1867 3395 2014 3480 graviter

355 3508 430 3566 sunt
452 3523 620 3583 concussa,
644 3523 687 3566 ex
710 3524 749 3567 eo
774 3502 860 3588 quod
883 3502 1060 3584 Dominus,
1083 3503 1138 3588 qui
1162 3503 1321 3566 exercitui
1346 3501 1532 3566 Christiano
1555 3503 1589 3565 in
1611 3501 1837 3565 transmarinis
1861 3498 2007 3584 partibus

354 3606 578 3692 multiplieiter
597 3612 826 3693 prosperatus,
853 3613 928 3692 post
958 3606 1087 3670 labores
1121 3607 1308 3670 innumeros
1339 3611 1372 3669 et
1400 3627 1523 3691 agones
1553 3605 1763 3690 gravissimos
1793 3604 1827 3667 in
1857 3602 2007 3666 manibus
2108 3605 2126 3642 2⁰

353 3708 498 3773 fidelium
521 3708 699 3774 tradiderat
713 3709 909 3788 Damiatam,
932 3709 1050 3774 deinde
1073 3711 1194 3797 populo
1218 3731 1277 3774 suo
1300 3711 1406 3796 ipsum
1428 3711 1462 3774 in
1484 3706 1802 3773 abhominationibus
1826 3708 1895 3772 suis
1919 3705 2009 3769 dam·

353 3813 528 3898 pnabiliter
551 3813 745 3877 concitanti*
763 3813 978 3877 vehementer
994 3814 1107 3893 iratus,
1131 3813 1313 3877 humiliarit
1336 3833 1410 3878 eum
1432 3813 1465 3877 in
1481 3812 1631 3876 manibus
1647 3812 1852 3876 inimicorum
1878 3827 2010 3872 suorum

355 3922 388 3980 et
409 3916 576 3980 civitatem
590 3915 772 4003 predictam
794 3916 835 3980 ab
852 3915 1039 3980 infidelibus
1056 3918 1210 3981 sustinuit
1225 3917 1388 4002 occupari.
1434 3916 1492 3981 Set
1516 3916 1543 3980 si
1567 3921 1657 3980 recte
1673 3914 1812 3978 velimus
1827 3911 2010 3990 attendere,

353 4018 381 4082 is
404 4019 459 4104 qui
482 4020 591 4083 omnia
620 4020 697 4084 iacit
723 4020 758 4082 iu
785 4019 959 4106 sapientia,
988 4017 1075 4084 bona
1101 4041 1230 4105 quoque
1261 4019 1420 4084 damulis
1445 4018 1612 4094 eliciensb,
1643 4019 1677 4082 in
1703 4017 1765 4080 hoc
1795 4017 1896 4080 etiam
1925 4016 2011 4079 ultra

352 4142 448 4206 quam
472 4123 611 4209 exprimi
637 4125 759 4204 valeat,
791 4123 966 4186 multorum
996 4130 1047 4186 est
1077 4125 1215 4188 salutem
1243 4123 1498 4188 misericorditer
1528 4128 1698 4209 operatus,
1729 4141 1769 4185 eo
1800 4119 1905 4203 quod,
1937 4141 2009 4183 cum
2116 4111 2140 4149 ·’

352 4245 478 4289 summa
501 4227 543 4290 sit
566 4226 614 4290 ira
635 4225 700 4290 Dei
722 4226 935 4313 peccantibus
963 4247 1028 4290 non
1058 4227 1175 4306 irasci,
1203 4236 1239 4291 ut
1268 4235 1421 4312 tanquam
1449 4228 1483 4291 in
1510 4228 1577 4290 suis
1609 4223 1836 4309 iniquitatibus
1860 4222 2011 4287 derelicti

351 4336 488 4415 peccata
517 4329 675 4415 impleant
697 4351 757 4393 sua
785 4351 929 4416 semper,
960 4336 994 4394 et
1020 4332 1130 4416 magni
1160 4330 1269 4395 divine
1301 4332 1435 4418 pietatis
1466 4330 1564 4394 officii
1592 4330 1634 4393 sit
1662 4327 1835 4407 indicium,
1862 4328 2010 4413 peccatis

208 4456 273 4498 cmv.
287 4461 341 4506 soa.
355 4431 514 4497 ultionem
537 4432 677 4496 celerem
700 4432 871 4514 adhibere,
900 4433 977 4518 quia
1005 4440 1100 4519 pater
1121 4433 1224 4499 filium
1247 4455 1343 4518 quem
1366 4432 1472 4518 diligit
1501 4433 1650 4518 corripit,
1681 4437 1715 4495 et
1737 4430 1901 4495 Dominus
1929 4450 2010 4514 quos

351 4540 440 4599 amat
461 4535 569 4620 arguit
591 4540 624 4599 et
647 4537 795 4622 castigat,
820 4536 1017 4622 sperandum
1040 4545 1100 4617 est,
1124 4537 1211 4622 quod
1233 4537 1346 4601 maluit
1368 4542 1505 4622 peecata
1527 4537 1580 4600 hic
1596 4535 1822 4620 temporaliter
1845 4535 2010 4618 castigare

351 4659 447 4723 quam
477 4659 608 4702 servare
639 4639 879 4726 imperpetuum
907 4639 1113 4704 vindicanda.
1158 4641 1283 4705 Verum
1311 4642 1390 4704 licet
1412 4641 1621 4705 temerarium
1643 4637 1793 4703 rideatur
1816 4635 2009 4720 investigari

351 4762 486 4828 operum
509 4739 643 4804 Domini
672 4743 848 4822 rationem,
878 4743 1026 4828 eoquod
1055 4749 1216 4808 scrutator
1243 4743 1425 4808 maiestatis
1454 4742 1656 4828 opprimetur
1678 4762 1697 4804 a
1721 4741 1840 4826 gloria,
1870 4740 2010 4804 dicimus

352 4855 462 4910 tamen
485 4843 650 4926 audacter,
674 4845 761 4930 quod
783 4847 849 4910 alto
873 4845 980 4911 divino
1001 4846 1224 4933 dispositionis
1248 4848 1383 4912 consilio
1408 4853 1516 4910 actum
1539 4851 1600 4926 eet,
1623 4851 1720 4930 prout
1740 4844 1853 4907 multis
1877 4843 2010 4907 milibus

353 4950 520 5014 hominum
536 4949 706 5037 expedivit
729 4958 762 5015 et
785 4950 931 5037 expedit,
956 4951 1041 5035 quod
1057 4953 1262 5037 recuperatio
1279 4951 1380 5015 Teme
1398 4949 1517 5014 Sancto
1540 4949 1700 5013 hactenus
1724 4954 1776 5012 est
1798 4947 1910 5028 dilata,
1934 4946 2011 5032 quia

232 5081 270 5124 us.
286 5087 338 5134 aar.
354 5076 428 5120 eum
451 5077 516 5119 non
539 5056 582 5118 sit
597 5054 790 5120 abbreviata
810 5075 925 5117 manus
939 5053 1073 5118 Domini
1096 5074 1157 5118 neo
1174 5055 1274 5118 virtus
1298 5055 1369 5118 eius
1393 5053 1428 5117 in
1451 5053 1560 5137 aliquo
1576 5051 1744 5131 diminuta,
1769 5052 1857 5136 quin,
1881 5049 2010 5136 quando

352 5167 386 5226 et
408 5160 569 5246 quomodo
592 5161 686 5240 velit,
718 5181 792 5224 eam
814 5160 922 5224 valeat
944 5159 1100 5239 liberare,
1130 5157 1171 5221 ad
1194 5157 1603 5238 exercitationemstamen
1626 5153 1772 5219 fidelium
1796 5175 1868 5218 eam
1891 5173 2007 5239 passus

354 5272 405 5330 est
426 5265 467 5328 ab
490 5263 676 5328 infidelibus
699 5262 856 5343 detineri,
884 5269 920 5326 ut
943 5261 1070 5336 videat,
1104 5263 1133 5326 si
1156 5269 1207 5326 est
1229 5261 1416 5345 intelligens
1440 5265 1496 5323 aut
1518 5259 1687 5343 requirens
1710 5258 1835 5343 ipsum,
1859 5257 1915 5341 qui
1938 5256 2007 5320 eius

352 5368 468 5434 ulcisci
490 5368 570 5434 velit
592 5367 746 5447 iniurias,
769 5365 979 5431 retribuendo
1003 5365 1133 5430 Christo
1158 5364 1280 5449 aliquid
1302 5384 1360 5449 pro
1385 5361 1551 5442 omnibus,
1581 5381 1643 5446 que
1666 5359 1818 5426 retribuit
1841 5361 1913 5446 ipse
1937 5359 2005 5423 sibi.

714 5547 728 5550 .-
737 5545 847 5550 m.—
855 5543 976 5549 -...--.—-
990 5541 1044 5548 -o—
1055 5541 1197 5547 ---..---.,.-...--.ψ
1597 5539 1661 5544 .-.-.
1669 5538 1838 5544 ...M—..—

458 5661 481 5730 ¹¹)
499 5663 618 5712 correibtti
638 5659 674 5712 R,
757 5661 777 5726 b)
795 5661 923 5712 elicieiens
942 5659 974 5712 Il.
