4538 6426
765 392 964 448 epistotae
982 393 1171 450 SELECTAE.
1209 395 1283 450 1218.
1743 445 1745 448 .
1811 406 1851 468 33

196 600 263 644 non
293 579 444 646 duximus
468 582 721 660 admittendam,
754 606 794 648 nc
818 585 901 648 lorte
931 607 990 670 pcr
1019 586 1079 650 hcc
1103 594 1215 651 contra
1241 611 1299 653 vos
1328 591 1417 675 ipsos
1442 589 1619 657 Dominum
1647 593 1852 676 contingeret

196 687 383 770 provocari,
418 687 489 770 qui,
523 688 608 750 sicut
631 687 811 768 credimus,
842 689 959 752 merito
992 689 1190 765 devotionis,
1220 713 1315 776 quam
1340 693 1381 756 ad
1409 695 1516 779 ipsam
1539 696 1673 760 Terram
1698 695 1851 759 Sanctam

196 787 321 852 habent
343 790 562 874 crucesignati
586 790 735 876 predicti,
760 792 925 855 victoriam
943 793 1081 856 contulit
1097 793 1303 860 antedictam.
1349 796 1402 859 Ad
1426 798 1487 862 heo
1510 799 1590 884 ipsis
1615 799 1850 882 crucesignatis

194 912 252 977 per
280 891 405 955 litteras
441 900 567 957 nostras
603 895 818 979 iniungimus,
854 905 890 959 ut
923 895 1000 959 dum
1035 918 1092 960 cos
1127 897 1160 959 in
1190 899 1338 983 partibus
1371 902 1492 965 restris
1519 901 1638 965 morari
1666 903 1849 986 contigerit,

195 994 327 1079 plenam
343 1015 475 1059 suorum
492 1005 700 1083 peccatorum
717 1000 846 1063 veniam
863 999 1072 1084 indulgeatis,
1085 1022 1133 1064 ac
1158 1002 1185 1064 si
1201 1003 1286 1065 ultra
1302 1023 1391 1068 mare
1408 1012 1633 1069 morarentura
1661 1004 1694 1067 in
1718 1005 1850 1070 servitio

194 1096 295 1162 Teme
320 1098 449 1164 Sancte.
887 1105 894 1118 “

301 1201 424 1266 Datum
445 1202 600 1269 Lateran.
624 1205 658 1269 II
680 1205 759 1270 ldus
783 1207 936 1288 ianuarii,
959 1209 1167 1294 pontificatus
1190 1210 1295 1274 nostri
1318 1232 1402 1275 anno
1428 1212 1579 1276 secundo.

819 1487 929 1494 .—-.-....--.
948 1487 975 1492 u.
985 1486 1030 1492 .--
1059 1486 1085 1492 --
1098 1486 1124 1490 ·—
1140 1486 1167 1490 --
1180 1485 1230 1490 .-..„

988 1817 1049 1889 43.

304 1925 492 2017 Honorius
518 1952 585 2016 III
600 1971 689 2034 papa
712 1953 807 2018 Petro
830 1958 935 2034 putori
968 1960 997 2018 ct
1023 1957 1143 2021 clerc'cis·
1173 1958 1465 2022 Iatarcnmcasttas
1494 1962 1601 2021 notura
1629 1957 1721 2037 facit,
1754 1979 1786 2022 se
1813 1961 1849 2022 c'rt

193 2053 427 2118 intercucurrat
454 2056 579 2119 ccclesia
610 2057 793 2136 episcopalis
820 2057 985 2138 dignitatis
1006 2064 1187 2124 restaurare
1220 2061 1365 2124 bonorem
1386 2065 1415 2123 ct
1438 2064 1586 2135 statrmrc,
1615 2063 1650 2123 ut
1672 2061 1756 2124 ocelli
1784 2062 1849 2126 nisi

126 2183 139 2210 c
195 2156 338 2220 Romane
357 2159 500 2239 pontifici
520 2161 561 2222 sit
583 2159 747 2224 subiectat
1494 2165 1587 2239 1218,
1610 2163 1684 2226 lan.
1709 2167 1760 2226 13.

298 2276 370 2330 Hca.
390 2276 447 2329 ΙΙΙ
462 2277 527 2346 Rep.
553 2279 607 2332 Vol.
627 2279 652 2342 I,
669 2284 739 2340 20&
759 2279 821 2332 Lib.
839 2280 884 2348 II,
904 2285 963 2334 891.

296 2363 430 2426 Potttast,
449 2363 517 2434 Ray.
538 2367 618 2418 5664.

495 2595 627 2669 Petro
656 2596 791 2687 priori
822 2602 862 2669 et
890 2596 1065 2669 clericis
1092 2593 1548 2686 lterampnensibust

301 2741 493 2808 Venerabili
520 2743 620 2808 fratre
648 2751 758 2808 nostro
785 2743 985 2808 Benedicent·
1018 2743 1173 2829 episcopo
1204 2767 1276 2808 cum
1306 2745 1499 2829 quibusdam
1536 2747 1699 2810 canonicis
1730 2746 1844 2832 Spole-

127 2867 138 2901 s
193 2845 278 2909 tanis
303 2855 336 2909 ct
358 2853 401 2926 tc,
418 2848 464 2911 iili
486 2849 583 2934 prior,
607 2870 680 2912 cum
704 2849 831 2912 clericis
849 2847 968 2911 Sancte
988 2846 1091 2910 Marie
1110 2846 1369 2933 Iterampncnsis
1393 2849 1426 2912 in
1454 2849 1538 2913 bone
1561 2851 1716 2914 memorie
1732 2847 1844 2936 llnno-

190 2945 303 3034 centii]
327 2971 410 3035 pape
427 2950 670 3036 predecessoris
693 2951 797 3014 nostri
819 2950 986 3036 presentia
1009 2951 1206 3024 constitutis,
1230 2972 1288 3036 pro
1305 2950 1420 3014 cadem
1438 2953 1579 3016 ccclesia
1602 2954 1846 3038 supplicabatur

192 3051 368 3124 humiliter,
392 3061 427 3116 ut
449 3074 522 3116 cum
546 3054 742 3119 cathedralis
771 3055 869 3118 fuerit
892 3053 932 3116 ab
961 3054 1111 3136 antiquo,
1141 3054 1186 3115 ita
1214 3054 1312 3116 etiam
1342 3053 1428 3137 quod
1459 3055 1544 3118 inter
1572 3056 1654 3118 alios
1684 3056 1845 3140 gloriosos

191 3157 342 3220 martires
354 3155 565 3222 Valentinum
588 3163 621 3220 et
636 3157 811 3222 Proculum
835 3164 868 3220 et
888 3158 1098 3220 Anastasinnr
1127 3156 1349 3219 confessorem
1378 3159 1497 3221 meruit
1519 3158 1641 3222 habere
1664 3159 1844 3244 pontifices,

191 3279 256 3322 non
280 3258 429 3323 obstante
453 3259 538 3343 quod
569 3261 734 3344 aliquanto
762 3267 908 3344 tempore
936 3266 1071 3345 propter
1101 3259 1243 3344 inopiam
1273 3259 1397 3344 languit
1425 3261 1546 3346 proprii
1578 3262 1719 3346 pastoris
1743 3260 1844 3325 desti-

113 3385 139 3419 «ω
192 3367 263 3424 tuta
286 3363 418 3432 solacio,
442 3370 625 3426 restaurare
649 3363 858 3447 dignaremur
886 3364 919 3425 in
950 3364 1021 3449 ipsa
1051 3363 1247 3447 episcopalis
1275 3362 1442 3446 dignitatis
1471 3362 1643 3444 honorem,
1673 3365 1750 3448 quia
1772 3385 1845 3428 cum

192 3485 251 3549 per
273 3464 336 3529 Dei
359 3467 496 3550 gratiam
520 3474 554 3531 ct
575 3469 715 3554 populus
740 3468 818 3531 satis
844 3466 1012 3530 habundet
1041 3474 1073 3529 et
1102 3465 1184 3529 adeo
1214 3467 1340 3530 ferveat
1363 3466 1433 3529 eins
1462 3465 1608 3547 devotio,
1639 3465 1724 3551 quod
1747 3467 1846 3552 plena

192 3588 289 3631 manu
313 3569 555 3635 conferentibus
580 3571 730 3635 omnibus
760 3571 793 3633 in
818 3570 979 3633 communi
995 3569 1046 3643 ¹de
1072 3570 1268 3653 competenti
1297 3568 1372 3632 dote
1396 3590 1433 3633 ac
1457 3568 1583 3634 idoneis
1608 3569 1745 3634 edificiis
1769 3589 1844 3656 pro-

192 3668 321 3734 videtur
343 3671 465 3745 eidem,
501 3674 692 3760 dampnum,
728 3674 944 3759 quadrarum
974 3672 1122 3736 defectus
1153 3672 1310 3735 hactenus
1339 3673 1457 3750 intulit,
1484 3671 1621 3736 deberet
1644 3672 1844 3756 suffragante

192 3774 257 3837 iam
281 3774 375 3859 copia
397 3777 585 3858 restaurari,
609 3785 645 3841 ut
667 3779 713 3841 sic
739 3784 888 3841 cessante
913 3797 1010 3840 causa
1033 3783 1142 3840 cesset
1165 3776 1312 3839 effectus.
1358 3773 1416 3838 Set
1431 3773 1471 3838 ad
1490 3774 1550 3838 heo
1572 3774 1702 3838 obiecta
1716 3775 1846 3838 fuerant

115 3901 125 3936 ε
192 3877 297 3962 prima
318 3878 538 3964 longinquitas
562 3882 718 3966 temporis
750 3902 813 3965 quo
836 3880 1118 3966 lterampnensem
1144 3879 1322 3964 Spclctana
1347 3876 1495 3964 possedit
1518 3877 1658 3941 ecclesia
1681 3884 1844 3962 tamquam

193 4000 294 4059 suam,
317 3981 408 4044 cuius
432 3981 603 4047 dicebatur
624 3985 781 4048 memoria
804 4006 869 4047 non
892 3991 1016 4048 extare.
1064 3982 1216 4046 Secundo
1247 3982 1476 4046 concessiones
1500 3977 1700 4065 quorundam
1723 3978 1845 4043 Roma-

192 4103 307 4146 norum
329 4086 572 4170 imperatorum,
595 4109 731 4171 quorum
746 4109 831 4152 unus
848 4088 1036 4151 comitatum
1053 4087 1194 4150 civitatis
1212 4085 1469 4170 lterampuensis
1491 4091 1524 4148 et
1547 4084 1629 4147 alius
1646 4084 1845 4147 monasteria

193 4195 226 4249 et
250 4186 405 4271 quasdam
429 4189 588 4253 ecclesias
613 4190 753 4254 civitatis
777 4191 922 4255 ciusdem
940 4190 1118 4276 Spolctane
1142 4188 1313 4252 videbatur
1329 4188 1469 4252 ecclesie
1486 4186 1700 4250 concessisse.
1732 4185 1843 4250 Tertio

192 4290 454 4356 confirmationes
477 4293 678 4375 quorundam
706 4293 925 4358 Romanorum
954 4293 1158 4378 pontificum,
1190 4292 1243 4376 qui
1274 4291 1502 4355 eoncessiones
1533 4289 1679 4375 ipsorum
1702 4289 1843 4375 impera-

193 4399 298 4456 torum
313 4401 347 4459 et
363 4396 551 4479 specialiter
565 4397 695 4482 plebem
713 4396 831 4461 Sancte
847 4396 951 4460 Maria
967 4396 1234 4481 Iterampnensis‚
1258 4401 1294 4459 ut
1310 4395 1563 4480 previlegiorum
1579 4392 1688 4457 verbis
1703 4398 1843 4470 utamur,

192 4495 276 4561 inter
299 4497 364 4560 alia
395 4496 572 4584 Spoletano
602 4500 757 4586 episcopo
783 4500 1017 4564 confirmabant
1049 4546 1377 4563 ...........
1407 4496 1459 4560 Ad
1491 4487 1553 4581 que
1582 4495 1643 4559 luit
1669 4517 1727 4580 pro
1751 4496 1845 4560 vebis

192 4621 397 4686 responsum:
436 4649 766 4666 ...........
802 4601 952 4666 Secundo
989 4601 1074 4686 quod
1108 4602 1288 4686 imperialis
1325 4599 1493 4664 concessio
1529 4598 1629 4662 nichil
1666 4599 1844 4684 spiritualis

192 4703 271 4766 iuris
294 4703 424 4768 auferre
456 4705 563 4791 potuit
595 4706 648 4769 vel
671 4706 798 4785 afferre,
835 4727 907 4769 curn
940 4705 1033 4768 laicis
1064 4711 1360 4788 quantumcumque
1390 4701 1552 4785 religiosis
1581 4699 1775 4787 disponendi
1803 4699 1843 4766 de

191 4805 289 4869 rebus
313 4807 546 4870 ecclesiasticis
560 4809 649 4872 nulla
665 4810 707 4872 sit
723 4809 878 4873 attributa
893 4808 1042 4873 facultas.
1089 4805 1298 4892 Quapropter
1319 4808 1346 4870 is
1371 4807 1426 4890 qui
1444 4807 1516 4869 loca
1532 4805 1686 4888 religiosa
1701 4805 1844 4868 voluisse

133 4931 142 4962 Ὶἰ
193 4909 339 4973 conlcrrc
368 4909 512 4990 videtur,
540 4912 585 4975 nil
609 4913 760 4993 contulit,
789 4933 863 4977 cum
890 4913 1085 4996 regulariter
1108 4912 1182 4996 plus
1206 4911 1285 4974 iuris
1314 4911 1348 4972 in
1371 4908 1470 4972 alium
1499 4928 1595 4991 quarn
1625 4905 1744 4970 habeat
1772 4908 1843 4991 quis

191 5013 366 5076 transferre
388 5033 453 5076 non
475 5015 595 5097 possit,
627 5022 660 5078 ct
687 5016 748 5096 sic,
779 5017 927 5100 quamvis
957 5015 1141 5079 donationis
1172 5013 1274 5078 verba
1300 5013 1487 5099 protulerit,
1517 5009 1669 5072 ellectum
1697 5009 1843 5074 conferre

191 5116 351 5198 nequivit:
374 5137 435 5180 nec
458 5118 492 5179 in
514 5119 661 5199 generali
685 5118 857 5182 comitatus
880 5118 1066 5199 donatione,
1091 5117 1118 5180 si
1141 5118 1239 5180 etiam
1262 5117 1295 5179 in
1319 5113 1552 5201 temporalibus
1576 5112 1747 5186 tenuisset,
1771 5132 1844 5175 curn

192 5239 231 5282 co
255 5226 401 5303 ternpore
425 5220 656 5283 terramillam
679 5242 738 5306 per
760 5220 1007 5305 usurpationem
1025 5224 1138 5283 contra
1161 5218 1336 5283 ecelesiam
1352 5216 1525 5302 imperium
1542 5213 1735 5300 possideret,
1758 5214 1844 5298 quod

300 5377 321 5382 v...
331 5377 488 5384 ...Ἡ
493 5379 741 5386 -—,-.-.....——----
745 5381 849 5387 -ffl—
855 5381 981 5388 ψ..-
986 5379 1103 5386 ——0—

296 5475 319 5542 ⁸)
338 5487 496 5531 morerentur
514 5480 545 5531 B.
636 5479 658 5544 ¹³)
676 5481 713 5531 ita
731 5481 762 5531 a.
781 5482 855 5533 leodic
878 5480 956 5532 Tarni
972 5490 1085 5532 cccmus.
1167 5481 1187 5544 ο)
1206 5479 1364 5530 Bensadactc
1382 5475 1414 5527 R.

295 5612 321 5679 1)
341 5611 438 5666 Huius
463 5615 595 5682 epistolae
617 5622 725 5684 partem
749 5622 854 5670 tantam
882 5617 964 5670 Perta
986 5613 1102 5669 describi
1126 5613 1209 5681 fectu
1239 5611 1313 5680 qaod
1336 5610 1404 5664 caira
1428 5608 1503 5663 deest
1528 5608 1634 5661 audias
1656 5608 1782 5662 srrcnrcati
1807 5607 1846 5663 ad

191 5697 339 5778 generalem
358 5699 467 5766 iapera·
486 5700 631 5755 historiam
649 5708 697 5757 cat.
736 5703 876 5772 Iateytam
895 5721 953 5758 cara
970 5701 1076 5756 invenis
1095 5715 1140 5769 ap.
1163 5698 1279 5770 Hybelli,
1298 5697 1363 5751 Ital.
1382 5711 1472 5759 sacra,
1490 5695 1515 5760 I,
1531 5711 1559 5764 p.
1580 5701 1638 5750 tos.

295 5807 355 5856 ltse.
375 5807 454 5857 Pom.
473 5809 492 5858 1.
1621 5799 1639 5852 ὃ
