4590 6366
767 387 967 443 EPISTOLAE
985 389 1174 445 subucula.
1211 391 1285 444 1235.

985 741 1071 813 663.

309 867 500 978 &reperias
522 896 577 960 IX
592 917 681 977 papa
708 897 950 978 arclricpiscopis
975 901 1006 961 ct
1032 898 1182 978 episcopis
1211 898 1301 979 repat
1327 898 1488 962 Froncioc
1518 898 1662 976 imildae,
1692 902 1727 960 at
1755 919 1856 963 crucc-

202 1001 337 1084 sipnatis
358 999 559 1076 interdicant,
582 1021 621 1064 ne
643 1005 716 1064 arete
731 1003 918 1084 possapiam
937 1001 1083 1083 perscruta
1104 1002 1164 1065 iter
1186 1002 1221 1064 ia
1247 1001 1378 1065 Terram
1401 1002 1553 1066 Sanctam
1575 1001 1747 1080 arripiant.

1492 1105 1586 1181 1235,
1610 1105 1693 1185 Sept.
1716 1107 1768 1171 26.

308 1186 390 1257 (ἕνας.
410 1186 459 1239 IX
477 1187 545 1255 Rep.
571 1186 626 1240 Vol.
648 1185 679 1250 V,
700 1191 746 1254 7r,·
764 1187 828 1242 Lib.
847 1187 904 1253 IX,
922 1193 985 1242 243.
1052 1209 1053 1214 ¹

137 1288 150 1327 a
307 1271 442 1336 Pottltast,
461 1271 532 1342 sep.
551 1277 652 1327 10028.

403 1485 638 1560 Universis
666 1488 1018 1580 archiepiscopis
1046 1496 1088 1563 et
1115 1490 1340 1582 episcopis
1368 1511 1445 1582 per
1472 1512 1652 1583 regnum

785 1609 968 1683 Francis
996 1611 1268 1684 constitutis.

310 1759 392 1824 Cum
429 1758 514 1822 sicut
547 1759 770 1823 intelleximus
804 1759 968 1837 nonnulli,
1004 1760 1059 1843 qui
1088 1761 1194 1823 crucis
1227 1774 1396 1846 assumpto
1429 1762 1597 1846 signaculo
1627 1783 1662 1826 se
1692 1761 1725 1825 in
1752 1760 1853 1825 Terre

203 1863 323 1928 Sancto
354 1862 557 1927 devoverunt
586 1861 768 1926 subsidium
797 1862 976 1947 proficisci,
1006 1884 1071 1926 non
1099 1871 1273 1948 expectato
1302 1865 1450 1948 generali
1480 1865 1634 1949 passagio
1664 1887 1684 1928 a
1706 1864 1854 1928 Romana

127 1997 150 2033 ro
203 1966 344 2030 ecclesia
378 1965 551 2030 statuendo
592 1964 632 2029 ad
673 1964 794 2030 dictam
832 1972 953 2030 terram
988 1988 1023 2030 se
1062 1968 1239 2031 transferre
1276 1975 1483 2054 presumant,
1522 1968 1724 2054 presentium
1761 1966 1853 2032 vobis

201 2071 396 2134 auctoritate
419 2069 567 2133 districte
594 2069 806 2155 precipiendo
837 2069 1045 2151 mandamus,
1077 2071 1229 2155 quatinus
1261 2072 1412 2136 omnibus
1436 2093 1532 2136 cruce
1556 2071 1693 2156 signatis
1716 2070 1854 2154 quilibet

161 2233 166 2242 ,
201 2179 347 2236 vestrum
375 2173 408 2236 in
440 2191 497 2236 sua
528 2172 667 2252 diocesi,
697 2193 738 2237 ne
761 2179 836 2238 ante
859 2173 1024 2258 prefatum
1046 2174 1236 2258 passagium
1259 2175 1323 2239 iter
1345 2174 1443 2239 eundi
1468 2176 1500 2238 in
1530 2173 1711 2261 predictam
1732 2181 1853 2237 terram

201 2277 346 2362 arripere
370 2277 576 2362 aliquatenus
601 2275 757 2356 audeant,
793 2277 988 2340 auctoritate
1012 2282 1124 2339 nostra
1148 2276 1328 2342 districtius
1351 2277 1546 2342 interdicere
1570 2278 1657 2342 omni
1680 2276 1852 2341 occasione

200 2381 384 2465 postposita
415 2379 584 2446 studeatis.
629 2378 697 2443 Eos
721 2400 798 2443 vero
822 2379 876 2463 qui
900 2381 1021 2444 nostris
1045 2380 1208 2444 mandatis
1236 2383 1497 2468 presumpserint
1521 2371 1699 2456 contraire,
1727 2380 1852 2444 denun-

125 2510 148 2548 ιθ
202 2485 292 2547 tietis
327 2483 478 2548 omnibus
513 2483 814 2567 crucesignatorum
853 2481 1066 2567 indulgentiis
1101 2486 1233 2571 penitus
1268 2486 1444 2560 carituros;
1485 2484 1672 2549 mandatum
1706 2490 1852 2547 nostrum

200 2587 311 2650 taliter
333 2587 515 2673 impleturi,
544 2586 630 2672 quod
658 2608 717 2674 per
747 2587 984 2670 negligentiam
1012 2598 1157 2653 vestram
1186 2588 1332 2674 predicte
1361 2597 1448 2654 terre
1476 2610 1542 2653 non
1564 2589 1673 2653 valeat
1702 2587 1852 2674 impediri

201 2711 386 2769 succursus,
410 2697 444 2754 et
466 2711 526 2754 nos
550 2689 668 2754 exinde
692 2688 949 2754 sollicitudinem
972 2699 1115 2756 vestram
1138 2692 1319 2757 debeamus
1343 2694 1460 2757 merito
1483 2691 1722 2757 commendare.

308 2827 383 2891 Dat.
408 2828 521 2909 Asisii,
544 2827 594 2892 IV
617 2827 691 2895 Kal.
716 2829 833 2894 Octob.
858 2850 943 2895 anno
967 2830 1028 2894 IX.

307 2967 346 3031 ln
369 2966 510 3032 eundem
533 2967 664 3031 modum
686 2968 945 3055 archiepiscopis
969 2975 1002 3032 ct
1024 2970 1189 3055 episcopis
1213 2992 1273 3056 per
1296 2970 1491 3036 Teutouiam
1516 2970 1712 3036 constitutis.
1748 3043 1749 3046 Ἴ
1845 3053 1855 3068 .

122 3103 147 3142 ρο
218 3133 219 3136 ,
307 3071 347 3134 ln
370 3070 510 3136 eundem
533 3070 666 3135 modum
688 3072 945 3158 archiepiscopis
970 3078 1003 3136 et
1026 3073 1192 3158 episcopis
1214 3095 1274 3161 por
1297 3096 1433 3159 regnum
1456 3075 1577 3159 Anglie
1600 3073 1796 3138 constitutis.

305 3174 345 3238 In
368 3175 507 3240 cundem
531 3175 663 3240 modum
686 3176 942 3263 archiepiscopis
967 3184 1000 3241 et
1023 3177 1187 3262 episcopis
1210 3197 1270 3262 per
1292 3197 1429 3262 regnum
1451 3177 1596 3262 Ungarie
1620 3176 1816 3241 constitutis.

819 3474 1231 3482 ...ᾔ-μή

983 3752 1070 3824 664.

306 3878 496 3989 Greporius
525 3907 581 3972 IX
600 3929 691 3989 papa
718 3909 884 3994 [Conrado
907 3909 967 3993 ΙΙ]
996 3910 1135 3990 episcopo
1162 3909 1413 3975 Hildcslremoasi
1439 3908 1685 3990 praedicationis
1712 3904 1853 3990 officium

199 4013 236 4075 in
263 4012 426 4092 prouincia
454 4011 648 4093 Mopuotina
672 4033 732 4092 pro
759 4013 881 4094 nepotio
913 4012 1029 4077 Terrae
1059 4013 1195 4077 Sanctae
1225 4013 1357 4094 imponit
1386 4015 1474 4095 eique
1503 4011 1612 4076 nutrita
1638 4009 1853 4091 indrdpcutias

201 4114 357 4198 tarpicndi
371 4117 554 4196 potestatem
575 4114 719 4180 concedit.
1559 4202 1573 4218 .

122 4241 148 4324 ²?
306 4283 388 4355 sap.
408 4285 457 4337 1x
474 4285 542 4353 aa.
564 4284 622 4339 ror.
644 4284 676 4354 r,
697 4285 900 4352 atr-rasni.
919 4284 976 4353 rx,
993 4291 1055 4340 aa.
1489 4203 1583 4278 1230,
1606 4201 1688 4280 Sept.
1712 4201 1765 4263 Μ’

305 4371 441 4440 Pottlrust,
459 4371 528 4441 neq.
548 4375 648 4425 10027.

620 4547 626 4560 '
717 4606 765 4624 ..
794 4529 1004 4643 episcopo
1031 4551 1335 4626 Ildesemensi.

310 4699 474 4774 Quantum
497 4721 557 4763 nos
580 4707 696 4784 urgeat
718 4701 886 4784 negotium
902 4698 1002 4764 Terre
1020 4699 1152 4778 Sancte,
1176 4700 1203 4762 is
1226 4701 1317 4763 novit
1333 4702 1472 4785 plenius,
1496 4702 1552 4786 qui
1572 4721 1668 4765 renes
1690 4705 1923 4770 scrutaturrau.
1937 4731 1994 4774 aro.

124 4834 149 4873 ao
202 4812 236 4868 et
270 4803 382 4885 corda,
416 4825 490 4868 cum
523 4802 564 4867 ad
594 4803 821 4868 liberationem
853 4803 955 4888 ipsius
988 4803 1065 4866 totis
1098 4802 1271 4866 desideriis
1302 4803 1496 4888 aspiremus.
1542 4802 1722 4889 Cupientes
1753 4801 1853 4886 igitur

201 4906 320 4971 multos
355 4907 481 4992 accingi
513 4929 572 4992 per
606 4907 712 4971 crucis
747 4907 884 4992 gloriam
919 4905 961 4970 ad
989 4907 1159 4991 corporale
1191 4907 1386 4991 tyrocinium
1419 4907 1584 4972 exercitus
1613 4905 1689 4970 Iesu
1719 4905 1852 4983 Christi,

201 5009 367 5075 devotioni
397 5017 468 5088 tue,
496 5010 530 5073 in
559 5009 653 5074 cuius
676 5032 732 5075 ore
755 5032 820 5075 non
843 5017 894 5076 est
917 5008 1053 5074 verbum
1076 5008 1210 5072 Domini
1235 5009 1420 5094 alligatum,
1452 5008 1684 5095 predicationis
1708 5007 1852 5072 officium
1866 5025 1950 5070 ana
1965 5030 2008 5076 as.

200 5115 234 5178 iu
249 5114 442 5198 Maguntina
463 5112 632 5199 provincia
653 5134 712 5198 pro
736 5114 841 5176 crucis
862 5113 996 5198 negotio
1011 5110 1166 5176 duximus
1190 5110 1432 5198 imponendum.
1477 5111 1520 5176 Et
1543 5118 1578 5176 ut
1601 5110 1714 5176 fideles
1731 5111 1854 5174 Christi

200 5218 380 5282 ferventius
410 5225 444 5282 et
473 5216 630 5281 libentius
660 5223 791 5280 currant
820 5214 861 5278 ad
889 5214 1087 5279 audiendum
1116 5211 1251 5279 verbum
1276 5213 1411 5280 Domini
1441 5224 1474 5280 et
1501 5214 1672 5295 accedant,
1704 5213 1854 5278 omnibus

124 5359 149 5398 3,
202 5342 279 5386 vere
302 5320 526 5407 penitentibus
550 5328 584 5385 et
607 5319 783 5398 confessis,
807 5319 861 5403 qui
884 5317 925 5382 ad
948 5320 1153 5406 solempnem
1177 5319 1436 5406 predicationem
1459 5328 1548 5384 tuam
1571 5318 1790 5398 accesserint,
1821 5318 1854 5382 in

203 5424 350 5508 qualibet
373 5426 524 5504 civitate,
548 5425 627 5488 villa
649 5423 701 5488 vel
725 5422 845 5508 oppido
875 5424 978 5487 semel
1006 5424 1039 5487 in
1068 5423 1255 5510 septimana
1277 5423 1391 5488 decem
1414 5425 1467 5487 vel
1497 5422 1612 5506 viginti
1639 5442 1698 5486 seu
1721 5420 1856 5504 triginta

202 5526 329 5592 dierum
353 5527 589 5612 indulgentiam
612 5526 777 5611 largiaris,
811 5533 908 5611 prout
930 5525 1052 5590 videris
1075 5526 1243 5613 expedire.
1288 5525 1334 5590 Ut
1356 5534 1465 5591 autem
1489 5524 1590 5590 nichil
1613 5524 1744 5588 omnino
1768 5522 1854 5588 desit

201 5632 242 5696 ad
267 5633 475 5696 commissum
507 5631 566 5695 tibi
595 5629 736 5697 osticium
760 5630 1003 5716 exequendum,
1035 5629 1227 5695 absolvendi
1253 5631 1346 5696 iuxta
1372 5630 1509 5696 formam
1537 5627 1679 5694 ecclesie
1700 5648 1854 5692 manuum

303 5765 365 5820 asc.
382 5763 462 5818 Pom.
479 5763 500 5816 1.
1615 5757 1647 5812 ll
