4524 6412
421 393 483 464 276
1004 389 1051 449 ax
1071 386 1244 450 canconn
1263 385 1301 448 nr
1320 383 1500 450 nncrsrao
1539 477 1545 490 .

420 577 454 637 et
477 571 557 636 locis
580 592 619 637 ac
643 569 751 650 rebus,
772 575 840 634 tam
862 568 927 632 hiis
945 589 1026 653 ques
1050 568 1206 634 moderno
1226 574 1374 654 ternpore
1394 567 1495 633 babet
1510 568 1564 631 vel
1583 561 1730 652 possidet
1751 586 1848 650 quam
1867 587 1931 651 que
1953 563 2072 630 futuris

420 674 621 761 temporibus
644 675 677 738 in
701 674 770 740 iure
792 673 898 760 ipsius
921 673 1111 738 monasterii
1132 673 1242 738 divina
1263 673 1371 759 pietas
1394 671 1535 738 voluerit
1556 670 1735 756 adiungere
1757 690 1801 735 ex
1823 668 1927 750 donis,
1952 667 2073 733 oblati-

420 777 538 843 onibus
562 776 763 863 decimisque
793 776 958 856 fidelium,
988 776 1113 861 absque
1144 776 1244 840 ullius
1273 797 1414 862 persone
1443 773 1700 840 contradictione
1728 772 1883 837 firmitate
1911 777 2073 858 perpetua

419 880 613 967 perfruatur.
658 878 811 945 Obeunte
834 900 912 945 vero
942 886 976 945 te
999 901 1084 944 nunc
1108 879 1255 944 eiusdem
1277 880 1341 945 loci
1365 879 1533 944 abbatissa
1554 877 1609 942 vel
1631 897 1744 942 earum
1766 876 1892 961 aliqua,
1924 896 1987 960 que
2011 875 2073 940 tibi

420 984 633 1065 successerit,
655 983 746 1048 nulla
769 983 815 1047 ibi
838 983 983 1069 qualibet
1006 982 1221 1068 surreptionis
1244 984 1366 1048 astutia
1387 983 1441 1048 vel
1463 981 1619 1047 violentia
1641 985 1858 1068 preponatur,
1886 979 1952 1043 nisi
1974 999 2072 1065 quam
2125 1007 2136 1043 a

419 1109 549 1153 sorores
573 1087 735 1153 communi
759 1107 921 1152 consensu
943 1088 997 1152 rel
1020 1107 1131 1152 earum
1158 1108 1234 1172 pars
1261 1087 1390 1151 consilii
1413 1086 1552 1150 sanioris
1575 1083 1755 1150 secundum
1776 1082 1842 1148 Dei
1863 1083 2015 1148 timorem
2040 1088 2074 1147 et

418 1191 593 1256 canonicas
617 1191 802 1257 sanctiones
826 1189 1028 1276 providerint
1051 1188 1248 1274 eligendam.
1292 1188 1481 1254 Libertatcs
1512 1208 1642 1274 quoque
1669 1192 1704 1252 et
1732 1185 1956 1251 immunitates
1986 1186 2071 1251 anti·

420 1314 500 1380 quas
523 1301 556 1359 et
579 1293 791 1360 rationabiles
814 1292 1069 1358 consuetudines
1092 1277 1291 1358 monasterio
1314 1299 1425 1357 vestro
1442 1313 1616 1358 concessas
1639 1297 1674 1356 et
1696 1289 1855 1355 hacteuus
1879 1289 2073 1354 observatas

417 1401 506 1462 ratas
529 1396 688 1463 habemus
718 1404 752 1463 et
784 1419 840 1462 eas
868 1397 1036 1483 perpetuis
1065 1396 1268 1482 temporibus
1299 1397 1443 1462 illibatas
1470 1416 1664 1483 permanere
1696 1394 1888 1460 sanccimus.
1932 1392 1986 1457 Ad
2009 1392 2072 1458 beo

418 1501 612 1567 auctoritate
635 1501 817 1589 apostolica
839 1499 1069 1586 prohibemus,
1100 1506 1137 1563 ut
1166 1500 1275 1564 nullus
1303 1499 1453 1585 publicus
1475 1499 1576 1564 iudex
1598 1499 1651 1564 vel
1674 1497 1812 1584 quilibet
1834 1517 1877 1562 ex
1899 1496 2072 1561 iudiciaria
2126 1521 2150 1559 m

418 1609 583 1688 potestate
606 1604 640 1668 in
663 1604 736 1668 loca
758 1603 878 1690 prelati
901 1603 1091 1668 monasterii
1114 1602 1155 1667 ad
1179 1624 1295 1667 causas
1317 1603 1496 1668 audiendas
1520 1602 1648 1688 ingredi
1669 1601 1799 1680 audeat,
1821 1601 1875 1664 vel
1897 1598 1990 1664 freda
2012 1621 2073 1665 seu

418 1706 542 1770 tributa
558 1712 591 1771 ct
607 1706 775 1772 coniectus
793 1707 921 1792 aliquos
939 1706 1129 1791 exigendos,
1151 1715 1207 1770 aut
1222 1707 1409 1772 mansiones
1425 1707 1479 1772 vel
1494 1712 1647 1793 paratasl
1666 1703 1844 1784 iaciendas,
1859 1703 2072 1769 fideiussores

363 1799 367 1808 ’
418 1807 596 1890 tollendos,
626 1810 775 1875 homines
798 1810 902 1896 ipsius
926 1810 1067 1875 ecclesie
1091 1810 1377 1894 constringendos,
1409 1811 1598 1876 theloneum
1620 1809 1673 1873 vel
1696 1806 1879 1894 parafridos
1902 1806 1942 1871 ab
1966 1807 2071 1892 ipsius

418 1910 605 1977 hominibus
628 1913 851 2000 requirendos,
875 1913 1008 1979 eosdem
1032 1913 1180 1978 homines
1204 1935 1290 1995 suos,
1314 1913 1390 1978 litos
1414 1914 1467 1979 vel
1490 1913 1624 1994 liberos,
1647 1910 1689 1975 ad
1713 1912 1845 1976 mallum
1869 1908 2071 1975 convocandi

418 2017 471 2080 vel
496 2017 673 2083 exercendi
705 2018 848 2103 aliquam
872 2012 1071 2106 potestatem
1103 2018 1167 2082 nisi
1190 2017 1384 2098 advocatus,
1413 2038 1510 2103 quem
1531 2015 1700 2080 abbatissa
1723 2014 1871 2080 eiusdem
1893 2014 1956 2079 loci
1980 2027 2085 2078 oom—⁴
2125 2045 2148 2081 n

420 2121 509 2184 muni
545 2141 709 2187 consensu
745 2142 891 2187 sororum
926 2143 1057 2186 suarum
1090 2120 1132 2185 ad
1164 2120 1228 2185 hoo
1264 2120 1396 2186 duxerit
1431 2118 1630 2204 eligendum.
1686 2116 1740 2181 Ad
1770 2117 1924 2181 indicium
1959 2123 2071 2182 autern

417 2229 572 2309 percepte
596 2225 693 2290 huius
716 2247 736 2290 a
760 2225 838 2291 sede
856 2226 1038 2311 apostoliea
1054 2224 1215 2289 libertatis
1238 2225 1319 2290 duas
1342 2245 1468 2289 marcas
1492 2230 1525 2289 et
1544 2223 1711 2288 dimidiam
1734 2221 1807 2308 puri
1827 2220 1954 2306 argenti
1974 2220 2071 2284 nobis

416 2328 602 2415 nostrisque
623 2330 871 2395 successoribus
895 2329 988 2394 annis
1012 2329 1150 2414 singulis
1172 2329 1378 2415 persolvetis.
1423 2328 1641 2394 Decernimus
1665 2347 1755 2411 ergo,
1777 2331 1813 2390 ut
1835 2325 1916 2389 nulli
1938 2324 2070 2389 omnino

416 2430 583 2496 hominum
611 2433 709 2498 liceat
735 2433 900 2520 prefatum
926 2432 1161 2497 monasterium
1190 2438 1251 2498 eto.
1280 2454 1401 2520 usque:
1434 2433 1621 2519 profutura;
1654 2432 1745 2496 salva
1773 2428 1861 2495 sedis
1888 2429 2070 2514 apostolice

416 2535 611 2600 auctoritate
634 2542 668 2600 et
689 2534 938 2600 diocesanorum
970 2534 1199 2621 episcoporum
1227 2537 1385 2602 canonica
1411 2536 1538 2601 iustitia
1565 2535 1599 2600 in
1622 2534 1774 2600 eeclesiis
1805 2555 1870 2598 non
1893 2533 2068 2618 exemptis.
2122 2561 2148 2598 ro

416 2635 538 2722 Siqua
560 2638 661 2724 igitur
681 2637 715 2702 in
737 2638 882 2703 futurum
898 2644 960 2703 etc.
976 2659 1093 2724 usque:
1117 2640 1245 2705 ultioni.
1290 2639 1425 2706 Cunctis
1448 2645 1557 2705 autem
1582 2639 1689 2705 eidem
1711 2639 1783 2704 loco
1800 2643 1862 2703 eto.
1878 2658 1997 2722 usque:
2020 2636 2070 2700 in-

414 2739 559 2807 veniant.
603 2740 720 2805 Amen.

523 2859 611 2924 Data
632 2860 783 2946 Anagnis
805 2881 865 2949 per
886 2881 1017 2926 manum
1040 2861 1189 2947 magistri
1205 2862 1383 2930 Senebaldi
1404 2869 1516 2929 sancte
1531 2863 1678 2928 Romane
1701 2862 1841 2928 ecclesie
1864 2861 2069 2927 vicecancel-

415 2963 509 3044 larii,
542 2962 576 3027 H
610 2962 688 3028 Idus
722 2963 823 3046 Iunii,
858 2964 1045 3030 indictionis
1078 2965 1154 3047 XV,
1189 2965 1423 3031 incarnationis
1454 2966 1626 3032 Dominice
1660 2987 1745 3031 anno
1780 2963 2068 3047 M⁰cc⁰xxvll⁰,

416 3067 629 3152 pontificatus
653 3087 732 3131 vero
757 3067 867 3133 domni
890 3067 1043 3155 Gregorii
1066 3089 1150 3155 pape
1173 3067 1274 3134 VHH
1297 3091 1382 3136 anno
1405 3070 1519 3156 primo.
2121 3085 2146 3124 a

1035 3315 1446 3324 ———--—-.—-———

1196 3556 1283 3630 361.

520 3663 710 3776 Graecias
730 3695 788 3760 IX
810 3716 898 3777 papa
922 3695 1067 3762 Conrado
1094 3693 1131 3760 dc
1152 3694 1312 3778 Morburp
1331 3696 1584 3776 procurationem
1614 3718 1635 3762 a
1656 3695 1859 3783 [mdowioo]
1886 3697 2064 3780 lantgravio

415 3796 609 3881 nouaque
630 3797 674 3863 od
693 3799 899 3865 occasionem
922 3800 1070 3881 beneficia
1091 3796 1282 3882 conferenda
1303 3797 1524 3864 &scandatum
1544 3802 1717 3881 coufirmat.

1709 3903 1900 3980 1227,1un.
1925 3907 1976 3972 12.

516 3986 880 4058 Qumma

514 4072 650 4138 Pectat,
668 4072 739 4144 aeq.
759 4077 843 4128 7930.

522 4283 766 4377 Gregorius
794 4291 872 4360 etc.
899 4286 1111 4379 magistro
1140 4286 1346 4361 Conrado
1374 4288 1424 4361 de
1451 4287 1654 4361 Morburc
1682 4288 1953 4379 predicatori

1119 4408 1358 4483 mfflmi

518 4551 612 4618 Solet
642 4573 786 4619 annuere
816 4558 879 4621 eto.
907 4575 1026 4640 usque:
1057 4555 1227 4641 impertiri.
1273 4555 1355 4622 Cum
1384 4557 1511 4644 itaque,
1543 4558 1627 4623 sicut
1649 4558 1835 4624 insinuante
1862 4559 1965 4623 nobili
1994 4559 2062 4624 viro

407 4656 575 4741 langravio
598 4656 756 4742 Turingie
779 4656 967 4739 didicimus,
999 4659 1071 4744 ipse
1102 4659 1289 4740 ordinandi,
1320 4667 1416 4746 prout
1444 4661 1614 4747 spectabat
1641 4661 1682 4726 ad
1711 4683 1803 4742 eum,
1835 4663 2063 4727 ecclesiastica

408 4759 579 4841 beneficia,
603 4760 636 4824 in
660 4761 777 4844 quibus
801 4762 852 4826 ius
877 4761 1003 4826 obtinet
1025 4769 1227 4848 patronatus,
1251 4763 1292 4828 de
1317 4764 1465 4850 coniugis
1487 4786 1525 4829 ao
1547 4766 1688 4830 filiorum
1712 4772 1745 4830 et
1768 4765 1903 4830 fratrum
1927 4787 2059 4830 suorum
2113 4787 2139 4828 a

407 4883 547 4927 assensu
574 4862 616 4928 ad
645 4864 833 4929 evitandum
856 4867 1057 4951 periculum,
1086 4867 1172 4953 quod
1199 4889 1241 4932 ex
1271 4867 1403 4932 delectu
1431 4874 1545 4953 posset
1566 4871 1619 4933 vel
1646 4869 1849 4954 negligentia
1876 4871 2060 4955 provenire,

407 4965 466 5030 tibi
490 4967 665 5032 contulerit
693 4975 907 5054 potestatem,
936 4990 996 5034 nos
1027 4970 1129 5056 ipsius
1152 4971 1272 5035 nobilis
1297 4972 1591 5057 supplicationibus
1614 4979 1815 5053 annuentes,
1845 4973 1932 5057 quod
1962 4995 2062 5060 super

406 5071 467 5135 hoc
490 5072 532 5136 ab
554 5070 671 5138 eodem
693 5073 748 5158 pie
771 5071 893 5138 factum
918 5079 979 5153 cst,
1003 5074 1087 5139 siout
1109 5075 1142 5138 in
1166 5075 1237 5140 eius
1255 5077 1421 5140 autentico
1443 5077 1638 5156 continetur,
1660 5077 1853 5141 auctoritate
1878 5075 2062 5161 apostolica

406 5175 633 5240 confirmamus
662 5181 695 5240 et
725 5177 890 5263 presentis
920 5177 1033 5263 scripti
1060 5179 1240 5264 patrocinio
1270 5180 1484 5246 comunimus.
1528 5180 1619 5245 Nulli
1650 5201 1728 5263 ergo
1752 5187 1814 5246 eto.
1838 5185 1949 5244 nostre
1982 5199 2058 5242 con-

405 5279 596 5344 firmationis
619 5279 808 5365 infringere.
855 5278 891 5344 Si
915 5281 987 5367 quis
1011 5287 1120 5348 autem
1144 5289 1207 5348 eto.
2112 5303 2139 5342 ⁴0

512 5399 599 5466 Data
621 5401 784 5487 Anagnia,
808 5400 842 5465 ΙΙ
866 5401 945 5466 Idus
969 5401 1065 5484 Iunii,
1089 5424 1173 5467 anno
1197 5404 1311 5489 primo.

508 5697 530 5762 ¹)
549 5700 658 5768 parietas
677 5699 709 5751 R.
