4524 6412
411 393 473 455 280
994 387 1041 441 EX
1060 387 1235 442 annnonu
1255 387 1293 440 IX
1311 385 1493 440 REGISTRO

410 564 613 648 presentium
646 565 779 628 fratrem
817 561 1000 627 Gualonem
1034 561 1074 626 de
1106 560 1219 626 ordine
1254 559 1500 625 Prodicatorum
1540 559 1692 624 duximus
1728 555 1975 635 destinandum,
2014 553 2066 618 cui

410 674 565 753 tanquam
588 667 684 731 nobis
707 665 805 731 fidem
829 665 1044 730 indubitatam
1069 686 1168 751 super
1189 665 1245 746 iis,
1273 685 1336 750 que
1365 685 1408 729 ex
1435 670 1527 750 parte
1555 670 1668 728 nostra
1690 661 1821 727 duxerit
1843 658 2067 749 proponenda,

410 770 493 834 velis
515 769 647 838 habere.

528 891 663 980 [Datum
687 893 850 978 Anagnie,
873 891 923 956 XI
945 891 1022 956 Kal.
1046 891 1198 976 Augusti,
1221 889 1428 977 pontificatus
1452 889 1556 953 nostri
1578 910 1663 953 anno
1686 885 1834 974 primolss.

520 1389 710 1498 Greporius
737 1415 793 1478 IX
819 1434 909 1493 papa
940 1411 1121 1496 [Waltero]
1154 1412 1292 1492 episcmro
1327 1412 1517 1476 Tornaeensi
1552 1415 1581 1476 et
1615 1411 1783 1495 [lieberto]
1819 1410 2004 1475 Valceiieusi
2041 1412 2071 1472 ct
2122 1439 2134 1474 s

411 1518 557 1605 [Sipero]
578 1518 819 1585 Carnberouensi
841 1517 1005 1580 abbatibus
1027 1514 1166 1592 inundat,
1190 1519 1225 1578 ut
1242 1515 1452 1600 [chricum]
1474 1516 1580 1580 ducem
1603 1515 1804 1578 Brabantiae
1824 1515 2071 1596 errrmsipnatum

411 1624 571 1700 marcant,
600 1625 636 1684 ut
657 1624 760 1683 votum
783 1638 874 1682 suum
895 1623 952 1683 aut
967 1619 1181 1698 personaliter
1204 1623 1377 1699 eaequatur
1398 1624 1470 1696 aut,
1499 1620 1529 1682 si
1551 1618 1586 1681 id
1607 1639 1671 1682 rton
1690 1617 1803 1698 possit,
1832 1621 1875 1680 40
1896 1618 2013 1680 milites
2034 1617 2071 1679 in

409 1726 554 1806 proximo
569 1724 720 1806 prosapia
742 1722 861 1786 Martii
882 1723 918 1786 in
938 1721 1113 1786 subsidium
1137 1721 1253 1786 Terrae
1275 1721 1412 1786 Sanctae
1434 1724 1538 1786 mittat
1560 1721 1673 1786 ibidem
1693 1742 1750 1802 per
1773 1740 1894 1784 annum
1915 1721 2072 1803 integrum

410 1846 644 1909 permansuros.
1543 1837 1547 1846 ⁴
1725 1825 1819 1902 1227,
1841 1823 1905 1890 Iul.
1928 1827 1981 1890 27.

518 1948 599 2015 Grcp.
617 1946 666 1999 IX
683 1945 751 2012 Rep.
775 1945 832 1999 Vol.
850 1945 876 2009 I,
895 1949 946 2011 255
964 1943 1026 1998 Lib.
1044 1945 1070 2013 Ι,
1089 1948 1152 1998 136.

518 2033 651 2096 Pottbaat
670 2032 740 2102 Rep.
761 2035 842 2086 7976.

415 2254 423 2270 .
462 2254 470 2270 .
508 2195 722 2286 episcopo
754 2193 1045 2279 Tornacensi‚
1080 2199 1121 2265 et
1155 2250 1163 2266 .
1200 2192 1500 2266 ‚Vacellensi
1537 2201 1579 2268 et
1618 2252 1627 2268 .
1662 2251 1671 2269 .
1706 2191 2071 2269 camberonensi²

549 2314 787 2389 abbatibus
815 2313 1128 2388 Cisterciensis
1155 2313 1325 2385 ordinis
1353 2313 1696 2389 Cameracensis
1723 2315 1928 2388 diocesis.

521 2447 643 2512 Dilecti
667 2446 725 2510 filii
748 2446 906 2530 magister
928 2444 1111 2509 Balduinus
1142 2444 1182 2509 de
1205 2445 1426 2510 Barbenzonb
1452 2455 1486 2512 ot
1515 2448 1680 2514 Iohannes
1709 2448 1750 2514 de
1773 2449 1920 2513 Lovania
1947 2447 2070 2529 elerici,

413 2553 519 2616 nuntii
542 2559 576 2618 et
597 2557 826 2637 procuratores
850 2549 969 2614 nobilis
992 2549 1053 2612 viri
1077 2598 1084 2613 .
1109 2596 1116 2611 .
1141 2547 1233 2613 ducis
1258 2549 1437 2615 Brabantie
1461 2553 1689 2636 crucesignati,
1712 2553 1745 2616 in
1768 2557 1880 2616 nostra
1901 2551 2071 2637 presentia
2135 2580 2146 2616 s

414 2656 582 2720 constituti
605 2661 755 2741 exparte
771 2653 875 2738 ipsius
891 2652 1010 2716 nobilis
1026 2652 1122 2717 nobis
1140 2652 1313 2716 humiliter
1329 2653 1540 2739 suplicarunt,
1563 2661 1600 2718 ut
1616 2677 1687 2720 cum
1711 2656 1782 2741 ipse
1799 2654 2072 2741 septuagenarius

415 2781 488 2824 esse
518 2757 682 2836 credatur,
709 2777 770 2820 neo
797 2761 932 2842 propter
955 2754 1168 2819 valitudinem
1191 2761 1225 2821 et
1257 2755 1462 2821 debilitatem
1494 2759 1617 2844 proprii
1647 2759 1792 2844 corporis
1823 2764 1934 2822 uotum
1963 2757 2072 2822 valeat

415 2861 535 2946 exequi
551 2859 637 2946 quod
653 2860 771 2938 emisit,
788 2858 970 2944 predictum
985 2858 1101 2923 ducem
1117 2882 1136 2922 a
1152 2866 1227 2924 voto
1244 2860 1372 2945 prefato
1389 2861 1562 2926 absolvere
1579 2861 1836 2926 misericorditer
1850 2861 2069 2945 dignaremur,

415 2965 484 3028 Nos
511 2985 588 3028 vero
612 2963 652 3027 de
675 2962 784 3040 vobis,
814 2962 932 3046 quibus
956 2963 1077 3047 poterit
1099 2962 1139 3026 de
1163 2964 1334 3048 premissis
1358 2964 1428 3028 fieri
1452 2965 1551 3050 plena
1572 2964 1672 3046 fides,
1696 2970 1849 3050 gerentes
1873 2965 1905 3027 in
1928 2963 2071 3028 Domino

416 3066 567 3131 fiduciam
602 3067 798 3151 specialem,
837 3064 983 3130 districte
1019 3065 1111 3130 vobis
1150 3088 1209 3152 per
1244 3068 1425 3152 apostolica
1468 3069 1590 3154 scripta
1622 3067 1833 3154 precipiendo
1867 3065 2069 3147 mandamus,
2122 3119 2133 3134 .

416 3169 567 3254 quatinus
597 3167 639 3234 ad
671 3167 811 3234 eandem
844 3167 960 3233 ducem
992 3169 1209 3254 personaliter
1242 3169 1439 3234 accedentes
1471 3172 1524 3234 vel
1557 3170 1598 3234 ad
1633 3171 1758 3250 locum,
1791 3170 1833 3235 ad
1867 3191 1964 3255 quem
1999 3170 2070 3235 sine

416 3273 561 3358 periculo
585 3293 725 3359 persone
749 3273 860 3336 venire
884 3274 1008 3352 valeat,
1032 3280 1188 3337 vocantes
1213 3272 1372 3352 eundem,
1402 3274 1430 3337 si
1453 3274 1546 3338 vobis
1571 3275 1754 3338 constiterit
1777 3295 1852 3338 eum
1874 3293 1971 3359 posse
1994 3294 2070 3358 per-

417 3376 572 3441 sonaliter
594 3376 713 3460 exequi
736 3383 848 3440 votum
872 3397 984 3454 suum,
1008 3376 1100 3439 utin
1123 3377 1272 3461 proximo
1298 3378 1450 3462 passagio
1475 3378 1586 3442 Martii
1608 3378 1649 3442 ad
1672 3376 1935 3464 prosequendum
1958 3383 2070 3440 votum

415 3481 598 3568 predictum
631 3501 666 3545 se
698 3481 783 3544 sicut
810 3479 906 3544 decet
936 3478 1101 3563 accingat,
1133 3479 1241 3565 ipsum
1270 3482 1431 3545 moneatis
1464 3483 1623 3546 attentius
1652 3488 1701 3560 et,
1733 3482 1761 3544 si
1790 3499 1928 3545 neeesse
1962 3480 2070 3560 fuerit,

417 3569 642 3651 ecclesiastiea
665 3604 803 3648 censura
825 3584 960 3668 cogatis.
1007 3582 1041 3646 Si
1065 3604 1143 3647 vero
1168 3582 1309 3648 eundem
1326 3584 1443 3649 ducem
1465 3584 1507 3649 ad
1530 3585 1754 3670 peragendum
1769 3583 2067 3671 peregrinationem
2121 3610 2139 3649 a.

417 3711 508 3753 suam
530 3687 661 3773 proprio
685 3707 821 3772 corpore
837 3685 1030 3750 inveneritis
1047 3685 1271 3773 impotentem,
1296 3693 1332 3751 ut
1355 3687 1396 3752 de
1420 3687 1519 3752 rebus
1543 3689 1684 3774 propriis
1702 3687 1916 3774 quadraginta
1932 3685 2068 3751 idoneos

415 3793 536 3856 militas
560 3812 633 3855 cum
661 3789 844 3876 sumptibus
875 3789 1072 3852 necessariis
1104 3795 1138 3852 et
1168 3789 1232 3853 hiis
1263 3790 1502 3855 sufficientibus
1534 3791 1567 3855 in
1600 3792 1750 3878 proximo
1780 3790 1934 3878 passagio
1957 3789 2069 3854 Martii

416 3897 541 3975 mittat,
580 3895 614 3958 in
649 3892 796 3958 subsidio
829 3891 931 3957 Terre
965 3891 1084 3958 Sancte
1120 3899 1268 3979 tompore
1302 3917 1420 3979 guerre
1457 3895 1612 3960 crucifixo
1651 3917 1710 3982 per
1748 3915 1869 3959 annum
1903 3895 2068 3978 integrum

417 3999 613 4075 servituros,
644 3997 740 4062 modo
772 3996 919 4082 predicto
949 4016 1204 4082 percensuram
1233 3999 1493 4063 ecclesiasticam
1524 3999 1745 4085 appellatione
1769 4004 1895 4062 remota
1924 3996 2066 4080 cogatis:

416 4103 548 4190 proviso
579 4108 703 4165 attente
728 4121 769 4164 ne
793 4099 966 4163 interime
994 4099 1141 4185 predicto
1165 4108 1241 4165 uoto
1265 4101 1442 4166 absolvatis
1466 4102 1620 4181 eundern,
1651 4103 1715 4166 nisi
1743 4100 1908 4188 predictos
1935 4099 2067 4178 milites,
2120 4127 2147 4164 so

345 4245 349 4253 ·
417 4209 509 4271 iuxta
542 4204 628 4289 quod
660 4201 843 4290 predictum
879 4207 940 4281 ost,
974 4202 1008 4266 iu
1041 4203 1189 4268 eiusdem
1223 4211 1310 4269 terre
1346 4204 1526 4269 subsidium
1562 4205 1743 4270 destinarit.
1811 4202 1906 4279 Quod
1941 4203 1970 4266 si
2003 4223 2069 4265 non

417 4331 531 4374 omnes
555 4313 629 4386 etc,
652 4305 716 4370 duo
739 4312 885 4370 vestrum
909 4311 971 4370 ete.
1164 4305 1168 4314 '

524 4426 611 4490 Data
633 4426 795 4510 Anagnis,
817 4425 866 4489 VI
888 4424 964 4492 Kal.
987 4426 1140 4512 Augusti,
1163 4428 1372 4514 pontificatus
1397 4429 1499 4492 nostri
1522 4450 1608 4493 anno
1631 4429 1746 4515 primo.

523 4921 714 5032 Greporirrs
735 4949 791 5014 IX
805 4971 897 5030 papa
925 4951 1082 5016 uniuersis
1110 4952 1313 5033 principibus
1334 4953 1550 5018 Alamanniae
1579 4955 1716 5019 scribens
1745 4957 1959 5038 conqueritur,
1988 4956 2071 5038 quod

416 5052 601 5118 Fridcricus
621 5052 836 5117 Rauracorum
865 5053 1034 5134 temerator
1055 5057 1211 5138 nepotium
1233 5056 1487 5120 transmarinum
1508 5056 1692 5135 deseruerit,
1722 5077 1830 5138 eosque
1852 5059 2005 5140 obsecrat,
2035 5066 2070 5124 ut
2122 5087 2148 5126 ss

415 5179 449 5222 eo
465 5157 587 5241 fortius
608 5155 651 5220 ad
671 5155 896 5220 uindicandum
917 5157 954 5220 in
976 5159 1077 5224 erucis
1099 5159 1292 5241 blaspbenms
1314 5160 1505 5224 animentur.
1748 5164 1842 5239 1227,
1864 5160 1928 5227 Oct.
1950 5166 1981 5231 8.

521 5276 601 5344 Grep.
620 5276 669 5329 IX
686 5277 756 5347 Rep.
780 5277 879 5340 Vota,
900 5283 943 5330 55.

521 5485 544 5552 ⁸)
563 5486 658 5537 nuum
675 5487 880 5553 chronologicam
898 5489 1068 5554 supplevimus
1085 5507 1116 5540 ea
1134 5489 1193 5556 Rip.
1274 5487 1297 5555 l)
1317 5451 1466 5542 Barbenzoss
1485 5489 1517 5539 n.

433 5689 455 5744 0
521 5606 546 5670 1)
570 5604 733 5672 Valliscella,
758 5605 877 5660 Valcella
894 5605 933 5659 ad
950 5604 1070 5660 Scaldim
1083 5621 1174 5676 prope
1194 5607 1378 5662 Canreracum.
1448 5608 1476 5674 2)
1491 5624 1583 5677 prope
1602 5605 1733 5675 oppidum
1750 5607 1892 5676 Belpieum
1912 5608 2070 5664 Ouaiacum

416 5691 433 5758 [
453 5691 580 5760 bibaresJ.
2122 5717 2149 5756 ro
