4604 6420
434 381 496 443 384
1012 377 1060 430 EX
1079 377 1254 431 GREGORII
1272 377 1311 430 IX
1329 377 1509 433 REGIS'I'RO

434 551 565 615 casibus
589 557 623 616 et
654 551 815 636 suspectis
845 550 1019 644 psentibus
1048 557 1169 614 terram
1192 549 1364 615 videantur
1392 572 1574 636 exponere,
1606 570 1702 634 quam
1734 547 1832 612 certis
1862 544 2030 610 laboribus
2058 548 2091 608 et

433 653 629 718 necessariis
667 652 851 738 sumptibus
889 652 931 717 ad
970 653 1135 718 Christum
1172 653 1367 719 Christicole
1405 653 1616 718 reduxerunt.
1683 651 1769 715 Sane
1808 648 1952 713 nondum
1986 646 2091 712 defuit

434 757 625 841 Agarenus,
648 764 685 821 ut
708 755 914 821 Christianus
938 763 1145 822 converteret
1168 757 1201 820 in
1225 779 1260 822 se
1285 778 1431 837 manum,
1463 755 1606 821 nondum
1630 755 1677 819 sic
1700 761 1751 819 est
1775 753 1954 818 adversarii
1977 752 2093 815 attrita·

435 861 600 946 potentia,
630 867 666 924 ut
693 861 831 946 pusillus
858 881 940 944 grex
963 859 1097 925 Domini
1119 866 1233 924 mutua
1255 882 1291 925 se
1316 859 1554 946 disceptatione
1578 858 1776 944 disrumpat,
1806 855 1949 921 noudum
1974 856 2021 919 sio
2044 855 2089 920 ibi

318 986 356 1028 aa.
371 991 425 1030 aa.
441 970 517 1028 suut
538 969 652 1028 nostra
667 963 803 1027 dilatata
818 963 969 1043 tentoria,
991 969 1028 1027 ut
1051 964 1083 1026 in
1107 962 1197 1048 pacis
1217 961 1383 1027 fastidium
1402 963 1503 1027 libeat
1526 969 1560 1027 et
1582 963 1681 1027 liceat
1697 961 1757 1026 sub
1773 981 1892 1045 guerra
1906 959 2090 1025 voluntaria
2157 1007 2161 1017 .

434 1067 597 1133 lascivire.
652 1065 754 1131 Porro
783 1067 959 1130 multorum
988 1073 1039 1130 est
1068 1066 1243 1150 aquisitum
1271 1065 1457 1145 laboribus,
1491 1065 1577 1150 quod
1607 1065 1653 1129 hii
1681 1071 1812 1144 tenent,
1847 1065 2091 1128 seminaverunt

436 1169 584 1257 plurimi,
608 1168 694 1254 quod
717 1169 764 1234 hii
785 1176 921 1236 metunt.
967 1169 1062 1234 Unde
1086 1190 1147 1234 nec
1171 1169 1249 1234 licet
1271 1169 1381 1234 offerri
1405 1170 1528 1234 facture
1552 1170 1646 1233 multi
1669 1168 1838 1254 sanguinis
1862 1167 2091 1252 conquisitum,

436 1295 497 1338 nea
528 1272 662 1359 expedit
690 1271 760 1336 dari
788 1272 933 1358 periculo
966 1270 1000 1335 id
1028 1271 1069 1336 ad
1096 1270 1182 1356 quod
1212 1293 1277 1335 non
1304 1272 1429 1356 absque
1460 1273 1615 1358 periculis
1646 1271 1831 1336 Christiane
1863 1269 2091 1335 sollicitudinis

437 1375 581 1442 studium
610 1375 665 1439 vix
693 1376 853 1462 pervenit.
903 1374 1061 1438 Miramur
1093 1381 1222 1452 autem,
1259 1373 1336 1459 quid
1365 1375 1514 1440 homines
1546 1376 1635 1440 illius
1667 1375 1811 1460 regionis
1843 1373 2022 1452 induxerit,
2056 1381 2092 1438 ut

438 1486 552 1546 contra
581 1478 783 1543 carissimum
818 1477 851 1541 in
882 1477 1012 1542 Christo
1041 1478 1143 1541 filium
1176 1485 1324 1541 nostrum
1353 1476 1572 1558 Fridericum,
1606 1479 1827 1543 Romanorum
1857 1479 2087 1565 imperatorem

439 1604 569 1668 semper
592 1587 786 1666 augustum,
815 1581 996 1645 Ierusalem
1020 1587 1053 1644 et
1077 1580 1189 1645 Sicilie
1218 1602 1330 1670 regem
1354 1583 1533 1660 illustrem,
1564 1583 1752 1647 rebellionis
1776 1590 1812 1647 ut
1834 1583 1937 1648 fertur
1958 1589 2091 1668 preten-

438 1688 546 1753 deriut
569 1687 800 1767 coniecturam,
824 1685 878 1778 qui
902 1691 1014 1749 contra
1036 1707 1093 1750 eos
1116 1693 1152 1749 ut
1175 1686 1292 1750 dicitur
1314 1688 1435 1751 nullius
1459 1688 1610 1752 exhibuit
1634 1686 1830 1773 gravaminis
1853 1691 2091 1771 argumentum.

440 1791 507 1857 Sed
540 1789 615 1854 dato
639 1788 725 1875 quod
751 1794 925 1875 appareret
951 1810 1127 1872 gravamen
1159 1789 1192 1852 in
1222 1795 1332 1875 patre,
1359 1791 1462 1872 filius,
1490 1792 1588 1857 heres
1618 1792 1712 1875 regni
1740 1789 1937 1874 legittimus,
1963 1789 1998 1852 in
2029 1810 2093 1873 quo

440 1902 555 1959 tenera
584 1899 655 1957 etas
685 1893 838 1956 affectum
868 1890 1043 1954 iniuriandi
1071 1913 1136 1956 uon
1166 1893 1304 1978 patitur,
1339 1893 1417 1977 quid
1446 1894 1616 1980 peccavit?
1662 1892 1757 1967 Quod
1784 1893 1813 1957 si
1843 1893 1945 1979 patris
1973 1898 2006 1956 et
2035 1891 2094 1956 filii

440 1996 578 2062 dextera
610 1994 728 2060 fuisset
759 1994 915 2060 adversus
952 1996 1026 2060 illos
1059 1997 1157 2082 plena
1184 1998 1362 2075 molestiis,
1398 2005 1528 2084 poterat
1558 2005 1591 2064 et
1621 1996 1764 2063 debebat
1793 1997 1973 2083 apostolice
2003 1994 2092 2061 sedis
2162 2013 2174 2048 τ»

441 2100 599 2164 auxilium
617 2099 771 2180 invocari,
796 2119 858 2184 que
883 2119 942 2184 pro
966 2099 1055 2163 illius
1076 2106 1162 2165 terre
1187 2100 1334 2165 subsidio
1358 2103 1431 2187 plus
1449 2102 1567 2166 ceteris
1590 2101 1761 2167 laboravit.
1808 2099 1890 2164 Cum
1911 2100 2011 2185 igitur
2034 2120 2095 2164 noa

442 2204 513 2269 eius
531 2201 720 2266 scandalum
742 2207 816 2266 urat
839 2203 930 2266 etin
953 2202 1057 2288 ipsius
1080 2204 1324 2269 infirmitatibus
1342 2205 1550 2285 infirmemur,
1575 2205 1723 2269 volentes
1741 2204 1911 2268 vulnerato
1934 2202 2094 2289 principio

399 2345 401 2348 -
441 2305 596 2371 festinato
620 2302 764 2369 remedio
788 2303 966 2380 subveniri,
989 2326 1031 2370 ue
1056 2328 1130 2370 sero
1154 2306 1317 2371 medicina
1338 2291 1481 2394 paretur,
1509 2307 1537 2370 si
1560 2308 1647 2371 mala
1668 2328 1728 2392 per
1750 2307 1866 2390 longas
1889 2305 2096 2390 contingeret

442 2409 644 2473 invalescere
668 2408 807 2487 morasl,
840 2406 1036 2472 fraternitati
1061 2415 1117 2472 tue
1140 2431 1200 2495 per
1222 2411 1402 2496 apostoliea
1426 2410 1548 2496 scripta
1571 2408 1778 2488 mandamus,
1807 2408 1959 2494 quatinus
1982 2408 2096 2473 habito

381 2591 386 2598 ἱ
443 2513 579 2586 consilio
602 2511 831 2596 magistrorum
853 2511 983 2597 Templi
1006 2518 1039 2576 et
1062 2512 1244 2598 Hospitalis
1268 2534 1328 2578 nec
1352 2534 1417 2577 non
1440 2519 1473 2578 et
1495 2513 1647 2591 aliorum,
1671 2517 1768 2604 prout
1791 2510 1911 2576 videris
1936 2510 2094 2597 expedire

442 2616 588 2702 negotio,
620 2614 747 2680 nobiles
771 2613 863 2699 regni
885 2612 1038 2698 predicti,
1067 2615 1155 2679 cives
1178 2614 1391 2680 Accouenses
1415 2622 1449 2680 et
1471 2616 1572 2696 alios,
1602 2622 1638 2679 ut
1661 2614 1703 2678 ad
1724 2613 1916 2679 fidelitatem
1939 2620 1974 2678 et
1996 2612 2096 2679 devo-

442 2719 564 2784 tionem
593 2717 798 2803 imperatoris
826 2716 945 2803 prefati
972 2715 1100 2780 sublato
1129 2717 1305 2782 cuiuslibet
1328 2717 1528 2783 difficultatis
1558 2718 1727 2784 obstaculo
1756 2717 1910 2798 redeant,
1941 2715 2096 2783 iuducere

442 2844 507 2887 nou
536 2826 731 2909 postponas,
766 2819 1026 2884 contradrcentes
1056 2820 1141 2905 siqui
1169 2819 1290 2885 fuerint
1319 2828 1381 2886 eto.
1412 2843 1531 2908 usque:
1564 2819 1814 2907 compescendo.
1866 2819 2098 2904 Intelleximus

444 2923 623 3009 siquidem,
647 2922 733 3008 quod
757 2924 907 2987 voluutas
931 2928 982 2987 est
1005 2923 1211 3009 imperatoris
1235 2924 1395 3005 eiusdem,
1418 2932 1452 2990 ct
1475 2946 1533 2990 nos
1556 2926 1699 2990 libenter
1722 2946 1856 3011 operam
1878 2923 2038 3004 dabimus,
2061 2930 2098 2990 ut

443 3026 632 3093 homiuibus
655 3025 798 3112 regionis
821 3027 949 3111 integre
973 3047 1032 3091 sua
1054 3027 1127 3091 iura
1149 3034 1331 3095 serventur.
1370 3027 1425 3092 Sic
1448 3049 1527 3113 ergo
1550 3027 1729 3114 prudenter
1750 3028 1793 3093 ad
1815 3029 1903 3093 illius
1926 3027 2095 3115 provincie
2150 3039 2176 3078 ’ὃ

322 3148 360 3191 as.
374 3153 429 3201 oa.
443 3151 559 3218 paoem
590 3129 756 3210 intendas,
789 3135 825 3193 ut
857 3130 1017 3194 calamum
1047 3137 1237 3216 quassatum
1265 3132 1427 3196 bellorum
1456 3151 1611 3216 pressura
1638 3152 1702 3195 non
1732 3136 1881 3197 conterat
1911 3135 1945 3196 et
1972 3130 2097 3215 lignum

443 3233 606 3318 fumigans
633 3233 855 3298 turbationum
884 3232 1052 3299 inundatio
1081 3255 1147 3298 non
1177 3234 1368 3320 extinguat,
1405 3235 1483 3320 quin
1514 3235 1614 3300 immo
1646 3235 1751 3321 patria
1779 3235 1812 3300 in
1844 3234 1975 3300 silentio
2005 3234 2096 3320 pacis

446 3337 573 3402 exultet
595 3343 629 3402 et
651 3338 792 3424 populus
815 3337 848 3403 in
872 3337 982 3422 requie
1004 3337 1161 3423 opulenta
1184 3338 1343 3423 quiescat.

552 3455 641 3522 Data
662 3456 778 3538 Reate,
801 3456 869 3522 VII
889 3456 966 3522 Kal.
989 3457 1076 3543 Aug.
1099 3479 1184 3524 anuo
1208 3458 1268 3524 VI.

1066 3717 1475 3726 ————--—-———..-

1227 3981 1315 4055 477.

555 4091 745 4202 Gregorius
767 4121 823 4186 IX
837 4143 927 4202 papa
949 4123 1098 4204 magistro
1119 4126 1148 4186 ef
1165 4121 1329 4207 frutribus
1350 4121 1529 4202 Hospitalis
1551 4121 1696 4198 trauadai,
1729 4125 1764 4184 al
1785 4122 1938 4185 muntani
1962 4119 2015 4196 iis,
2045 4118 2101 4200 qai
2153 4149 2181 4179 ,ι

446 4225 483 4288 iu
504 4243 599 4307 reparo
619 4223 905 4307 Hierosolymitaao
928 4225 1002 4288 iura
1023 4226 1222 4306 irnperotoris
1243 4228 1352 4289 contra
1372 4225 1499 4289 rebelles
1520 4227 1678 4291 tueantur.

1667 4351 1671 4364 ι
1758 4329 1852 4405 1232,
1875 4325 1939 4390 Iul.
1961 4329 2015 4390 26.

553 4412 633 4479 (ἔτερ.
651 4411 701 4464 IX
718 4410 785 4480 Περ.
803 4411 867 4466 lab.
888 4412 939 4480 VI,
957 4416 1004 4468 53.

552 4496 687 4561 Potlbaat,
705 4495 773 4565 Rep.
793 4500 878 4551 8983.

641 4765 650 4783 .
679 4765 689 4783 .
716 4709 928 4802 magistro
957 4716 998 4785 et
1025 4710 1239 4784 fratribus
1267 4709 1521 4802 Hospitalis
1549 4708 1911 4785 lerosolimitani.

558 4858 670 4923 Plenis
694 4864 744 4922 est
767 4857 851 4922 votis
874 4859 1060 4946 appetenda
1083 4859 1271 4940 concordia,
1301 4861 1393 4924 euius
1417 4859 1589 4944 integritas
1613 4861 1712 4925 etiam
1734 4859 1843 4946 parvis
1866 4857 2039 4943 aliquando
2062 4855 2104 4920 ad

450 4961 587 5050 grandia
609 4967 735 5047 prestat
757 4983 942 5043 ascensum,
966 4969 999 5028 et
1022 4965 1099 5028 totis
1122 4969 1174 5028 est
1196 4963 1322 5027 nisibus
1345 4963 1478 5028 vitanda
1500 4962 1674 5042 discordia,
1699 4963 1790 5028 cuius
1814 4963 1957 5028 scissura
1979 4981 2105 5026 summa

451 5065 641 5130 multotiens
673 5064 816 5130 detrahit
842 5065 884 5132 ad
913 5067 1050 5133 ruinam.
1096 5067 1183 5132 Sane
1213 5067 1408 5147 audivimus,
1440 5066 1526 5151 quod
1554 5067 1647 5151 regni
1668 5067 1925 5132 lerosolimitani
1955 5066 2104 5130 turbatus

452 5175 504 5236 est
529 5174 649 5250 status,
678 5168 758 5233 ordo
786 5168 958 5250 confusus,
987 5190 1061 5234 cum
1091 5169 1221 5256 quidam
1252 5168 1293 5234 ad
1322 5169 1482 5234 carissimi
1511 5169 1546 5234 in
1569 5169 1700 5235 Christo
1723 5170 1781 5234 filii
1808 5171 1911 5234 nostri
1934 5168 2103 5250 Frideriei,

450 5272 672 5338 Romanorum
692 5273 898 5359 imperatoris
916 5294 1045 5360 semper
1061 5275 1202 5360 augusti,
1225 5273 1406 5339 Ierusalem
1425 5280 1459 5338 et
1480 5272 1593 5339 Sicilie
1613 5274 1702 5359 regis
1723 5273 1870 5352 illustris,
1894 5273 2102 5359 prosilientes
2155 5295 2184 5334 ro

452 5377 617 5458 iniuriam,
646 5376 711 5440 iam
740 5375 870 5461 publice
904 5377 989 5441 sicut
1017 5377 1121 5442 fertur
1147 5378 1242 5463 signa
1273 5376 1463 5443 rebellionis
1490 5376 1682 5454 ostendunt;
1713 5377 1855 5463 dumque
1887 5376 1934 5441 hii
1962 5397 1982 5440 a
2008 5382 2104 5463 cepta
2178 5461 2184 5476 1

1196 5555 1316 5563 ..n-a-

557 5673 582 5740 1)
600 5669 650 5726 Ec
669 5669 764 5725 Ovidii
781 5669 912 5725 Remedio
930 5670 1032 5726 umoris
1049 5687 1073 5726 u.
1092 5675 1135 5727 91.
1230 5699 1233 5702 ·
