4604 6420
776 407 777 410 ‘
803 431 1003 526 seraranan
1021 433 1210 492 sunnonis.
1247 434 1321 492 rasa.
1828 435 1887 501 371

234 609 389 697 baptismi
412 609 550 698 gratiam
572 609 792 694 reliquerunt,
823 611 890 675 luci
916 610 1070 677 tenebras
1097 609 1312 697 preferendo,
1343 611 1400 676 illa
1427 609 1579 676 fidelibus
1607 609 1759 696 infligunt
1785 610 1892 676 iacula

236 720 488 796 tormentorum,
516 734 579 798 que
603 718 772 798 stuporem
795 714 937 778 afferunt
960 716 1105 800 cogitata
1126 721 1160 780 et
1181 716 1291 802 potius
1314 716 1412 780 fletus
1436 715 1607 779 materiam
1629 713 1772 778 offerunt
1794 734 1890 798 quam

237 818 370 881 relatus.
414 816 458 881 Et
488 816 566 880 lieet
592 815 704 880 dilecti
732 815 806 896 filii,
837 816 955 882 fratres
983 817 1156 905 hospitalis
1187 822 1302 882 sancte
1329 816 1434 882 Maria
1457 803 1737 882 Theutonicoium
1760 816 1890 882 Ieroso-

236 919 389 1002 limitani,
420 942 478 1006 pro
500 919 686 984 reverentia
708 918 786 984 Iesu
810 918 950 998 Christi,
983 921 1075 986 cuius
1102 943 1137 986 se
1161 920 1320 1006 obsequio
1344 920 1564 1000 devorerunt,
1596 920 1835 1007 assumpserint
1856 920 1890 983 in

172 1042 183 1077 s
236 1023 370 1088 Prussie
400 1022 547 1109 partibus
577 1023 744 1107 negotium
774 1022 852 1088 fidei
874 1045 919 1088 ex
948 1025 1056 1089 animo
1086 1024 1366 1111 prosequendum,
1399 1046 1472 1089 eum
1499 1024 1617 1110 quibus
1640 1022 1732 1088 Deus
1761 1023 1889 1088 miseri-

235 1125 378 1191 corditer
400 1131 570 1213 operatur,
601 1125 808 1211 reprimendo
831 1133 891 1213 per
913 1148 971 1192 eos
993 1127 1151 1215 impetum
1173 1128 1313 1194 barbare
1336 1128 1494 1194 feritatis:
1525 1127 1602 1212 quia
1624 1126 1797 1192 tamen'ad
1822 1133 1889 1191 tam

234 1228 372 1294 arduum
404 1229 573 1313 negotium
607 1227 759 1294 sulficere
792 1251 853 1314 per
886 1251 923 1294 se
957 1238 1126 1316 nequeunt
1160 1239 1194 1296 ct
1227 1238 1326 1318 egent
1357 1231 1504 1296 fidelium
1539 1230 1695 1296 subsidiis
1732 1229 1889 1308 adiuvari,

235 1333 484 1396 universitatem
518 1337 660 1396 vestram
694 1352 864 1397 monemus
896 1339 930 1396 et
963 1333 1173 1399 obsecramus
1208 1335 1241 1399 in
1275 1333 1434 1416 Domino,
1469 1335 1503 1399 in
1535 1335 1761 1400 remissionem
1795 1332 1889 1397 vobis

234 1437 459 1522 peccaminum
483 1435 702 1519 iniungentes,
726 1442 886 1520 quatenus
910 1443 1078 1522 assumpto
1103 1445 1215 1503 sancte
1231 1438 1464 1525 predicationis
1489 1438 1596 1503 officio
1619 1445 1755 1526 propter
1770 1438 1888 1521 Deum,

235 1559 417 1624 pauperum
453 1543 487 1602 et
520 1536 679 1602 debilium
715 1539 1017 1623 crucesignatorum
1056 1541 1090 1605 in
1125 1562 1226 1626 regno
1263 1540 1440 1622 Bohemie,
1477 1561 1550 1605 cum
1585 1541 1704 1626 quibus
1736 1541 1889 1606 duximus

235 1639 505 1726 dispensandum,
529 1647 605 1704 vota
627 1641 903 1725 peregrinationis
926 1643 960 1706 in
984 1665 1173 1708 succursum
1196 1643 1418 1730 predictorum
1440 1643 1585 1709 fidelium
1608 1645 1832 1725 commutetis,
1856 1649 1890 1709 et

235 1748 301 1808 tam
332 1764 389 1808 eos
418 1763 514 1826 quam
545 1743 628 1806 alios
659 1741 775 1808 fideles
803 1744 837 1808 in
866 1766 968 1830 regno
1001 1748 1195 1812 constitutos
1228 1747 1344 1812 ecdem
1376 1746 1417 1812 ad
1448 1748 1581 1812 nimiam
1610 1747 1794 1828 caritatem,
1825 1769 1889 1833 qua

236 1845 385 1910 Christus
408 1866 468 1910 nos
492 1845 609 1909 dilexit
632 1851 665 1910 et
687 1844 805 1930 diligit,
829 1854 1016 1934 respectum
1040 1849 1162 1914 habere
1186 1857 1220 1914 et
1243 1851 1274 1914 ci
1296 1849 1479 1915 retribuere
1502 1849 1625 1936 aliquid
1648 1872 1707 1935 pro
1727 1850 1889 1931 omnibus,

235 1969 297 2034 que
322 1949 436 2013 tribuit
458 1949 529 2035 ipse
553 1948 633 2028 illis,
661 1949 792 2013 monitis
816 1957 849 2014 et
872 1951 1157 2017 exhortationibus
1181 1953 1299 2018 restris
1323 1952 1501 2018 secundum
1524 1952 1633 2016 datam
1656 1953 1750 2018 vobis
1773 1974 1793 2017 a
1814 1952 1888 2018 Deo

172 2071 183 2106 a
236 2050 444 2137 prudentiam
478 2051 661 2116 informetis
699 2051 877 2138 diligenter
911 2062 945 2120 et
983 2057 1139 2131 sollicite;
1177 2057 1384 2142 postulantes
1419 2063 1456 2119 ut
1488 2055 1552 2141 ipsi
1585 2055 1746 2143 redempti
1782 2057 1888 2142 pretio

234 2154 395 2240 glorioso,
424 2154 457 2218 in
487 2175 569 2239 quos
599 2161 754 2239 tanquam
787 2156 875 2220 siros
906 2157 1110 2224 Christianos
1143 2165 1176 2224 ct
1209 2159 1387 2223 catholicos
1419 2157 1537 2224 cadere
1566 2158 1741 2245 opprobria
1769 2178 1888 2244 expro-

233 2258 399 2322 brantium
432 2256 562 2321 Christo
596 2256 734 2338 debent,
772 2281 808 2324 se
842 2260 981 2326 viriliter
1014 2269 1048 2328 et
1080 2268 1235 2348 potenter
1267 2263 1458 2347 accingant,
1496 2267 1650 2347 tanquam
1685 2262 1791 2327 selum
1824 2259 1888 2326 Dei

232 2362 411 2442 habentes,
440 2360 482 2425 ad
505 2360 733 2426 vindicandam
763 2363 914 2429 iniuriam
938 2364 1096 2431 Orueifixi
1119 2372 1154 2430 et
1184 2365 1224 2430 ad
1255 2364 1459 2431 liberandum
1482 2365 1650 2450 proximos
1673 2363 1714 2429 de
1738 2363 1888 2428 manibus

233 2486 450 2551 paganorum,
480 2463 657 2550 profecturi
680 2471 713 2529 et
736 2466 840 2530 acturi
871 2467 1050 2550 seeundum
1082 2468 1219 2532 fratrum
1241 2468 1379 2532 consilia
1401 2465 1639 2552 predictorum,
1666 2469 1714 2532 ita
1740 2466 1827 2552 quod
1854 2474 1888 2532 et

157 2585 177 2602 ·’
234 2569 316 2656 ipsis
339 2571 500 2657 premium
523 2568 684 2634 debeatur
706 2576 865 2652 eternum,
889 2578 923 2636 et
945 2572 1096 2638 infideles
1119 2573 1342 2659 nonpossint,
1366 2570 1452 2656 quod
1475 2572 1607 2658 impune
1624 2571 1745 2635 Christi
1762 2591 1887 2648 ‚nomen

233 2673 516 2758 impugnaverunt,
539 2672 683 2756 gloriari,
705 2676 759 2739 etc.
772 2674 791 2738 ¹.
855 2671 861 2680 “

341 2791 415 2858 Dat.
439 2792 555 2873 Reate,
579 2791 611 2855 X
634 2791 709 2858 Kal.
732 2792 829 2856 Febr.
853 2795 1061 2880 pontificatus
1084 2796 1188 2859 nostri
1211 2815 1296 2858 anno
1322 2793 1362 2858 V.

859 3039 1270 3048 —--———--—...--—-—--

1016 3262 1104 3334 461.

338 3371 529 3482 (arama
557 3399 613 3464 m
643 3419 730 3480 papa
757 3399 959 3486 [amase]
990 3402 1129 3483 aaran
1162 3403 1396 3484 aeacus-cna·
1425 3403 1462 3467 a
1493 3403 1646 3484 aalma,
1684 3405 1888 3485 corucem,

232 3503 450 3580 Fiaalcndia,
480 3502 630 3582 Estoaic,
660 3504 846 3587 Scrnipallia
868 3508 898 3570 et
922 3505 1102 3571 Curiandic
1124 3511 1153 3571 ct
1174 3506 1282 3571 ceteris
1303 3506 1526 3588 neophytorum
1547 3512 1577 3572 ct
1591 3529 1792 3591 papacmum
1808 3531 1886 3590 pro-

155 3629 180 3664 s
233 3607 346 3670 vinciis
367 3610 397 3670 ct
418 3605 535 3670 insulis
556 3607 784 3688 circumpositis
805 3609 970 3692 legationis
991 3609 1135 3693 officium
1156 3610 1301 3678 maccdit.
1532 3613 1625 3689 1232,
1648 3610 1722 3678 Ian.
1744 3613 1798 3676 28.

337 3724 419 3796 Grep.
437 3725 487 3778 IX
503 3723 574 3795 Rea.
592 3725 655 3780 Lib.
678 3726 710 3796 V,
728 3731 789 3782 172.
825 3727 945 3784 Edimua
964 3745 999 3783 aa
1017 3728 1111 3799 Rapa
1130 3730 1203 3784 Ana.
1222 3730 1282 3785 eccl.
1300 3746 1326 3784 a.
1346 3732 1426 3798 1232,
1443 3732 1461 3794 §
1478 3733 1553 3785 1-2.

335 3811 471 3879 Potttast,
490 3811 558 3880 Ray.
579 3815 662 3866 8852.

761 3975 979 4068 Episcopo
1007 3977 1352 4069 Semigalliensi.

340 4125 421 4190 Oum
437 4125 470 4188 in
486 4124 604 4191 minori
617 4125 724 4190 adhuc
740 4125 848 4190 officio
865 4127 1062 4192 constitutus
1079 4126 1120 4192 de
1137 4126 1260 4192 credito
1278 4127 1337 4191 tibi
1353 4127 1477 4191 talento
1492 4125 1634 4191 fructum
1650 4126 1887 4214 acceptabilem

233 4234 267 4294 et
296 4227 337 4294 dc
368 4229 481 4294 labore
510 4237 566 4294 tuo
599 4227 840 4293 benedictionis
869 4230 1054 4315 manipulos
1086 4231 1291 4316 reportatas,
1326 4229 1425 4315 digne
1454 4231 1547 4294 velut
1571 4231 1678 4296 fidelis
1708 4252 1822 4296 servus
1853 4235 1888 4294 et

231 4331 373 4419 prudens
404 4353 505 4418 super
533 4330 690 4395 familiam
713 4329 862 4412 Domini,
894 4332 946 4396 cui
976 4333 1085 4397 cibum
1115 4332 1238 4398 debeas
1267 4333 1300 4396 in
1328 4340 1475 4420 tempore
1503 4334 1703 4415 ministrare,
1731 4335 1887 4401 constitui

231 4437 395 4516 meruisti,
428 4436 484 4520 qui
506 4434 619 4520 utique
642 4433 684 4499 de
707 4435 813 4519 gratia
836 4435 869 4498 in
892 4436 1032 4521 gratiam
1055 4434 1152 4500 etde
1175 4436 1296 4501 virtute
1320 4436 1494 4523 proficiens
1517 4438 1552 4500 in
1573 4439 1743 4519 virtutem,
1773 4430 1886 4504 mundi

230 4539 395 4604 desideria
417 4538 584 4618 abnuens,
615 4537 769 4601 studuisti
791 4538 908 4624 spiritu
935 4538 1113 4603 ambulare.
1158 4537 1246 4602 Olim
1270 4537 1432 4623 siquidem
1456 4560 1582 4604 memor
1604 4541 1767 4622 existens,
1799 4541 2058 4627 quadratariis.

231 4643 355 4707 nullum
370 4641 443 4707 Deo
461 4641 655 4706 sacrificium
671 4648 722 4704 est
742 4642 909 4728 acceptius
925 4663 1023 4727 quam
1043 4643 1169 4707 lucrum
1186 4662 1322 4727 querere
1344 4642 1534 4722 animarum,
1558 4642 1686 4710 fervore
1702 4645 1885 4710 devotionis

169 4775 180 4812 s
234 4766 392 4810 accensus
416 4745 459 4808 ad
481 4743 669 4808 mandatum
692 4743 805 4809 dilecti
826 4745 886 4809 filii
908 4747 1011 4810 nostri
1036 4745 1194 4824 Othonis,
1227 4743 1338 4809 Sancti
1362 4744 1490 4809 Nicolai
1513 4746 1546 4809 in
1570 4744 1710 4813 Carcere
1733 4748 1884 4815 Tulliano

230 4847 359 4913 diaconi
382 4846 571 4924 cardinalis,
596 4853 672 4911 tunc
696 4847 877 4933 apostolice
901 4847 989 4914 sedis
1011 4848 1130 4934 legati,
1160 4849 1194 4912 in
1216 4847 1384 4914 laboribus
1407 4853 1441 4912 et
1464 4849 1619 4933 periculis
1643 4851 1768 4932 multis,
1792 4853 1885 4938 quasi

229 4949 404 5015 Iordanem
427 4971 500 5015 cum
522 4948 622 5014 Iacob
644 4949 678 5013 in
700 4948 835 5030 baculo,
866 4972 925 5036 pro
949 4935 1096 5036 gentium
1121 4951 1336 5016 conversione
1359 4951 1463 5015 maria
1483 4951 1664 5032 transiens,
1691 4973 1755 5016 non
1779 4956 1883 5019 solum
1903 4971 1958 5010 Gon.
1972 4975 2040 5018 uso.

231 5074 304 5119 cum
327 5052 455 5118 duabus
478 5053 593 5118 turmis
617 5053 735 5132 ovium,
760 5073 872 5118 rerum
895 5055 994 5119 etiam
1019 5075 1093 5119 cum
1116 5053 1254 5119 diversis
1277 5053 1454 5138 provinciis
1478 5073 1679 5137 paganorum
1703 5056 1736 5118 in
1753 5054 1884 5120 Christo

231 5155 432 5222 credentium
454 5156 621 5237 remeasti,
645 5156 685 5219 ad
709 5178 819 5221 arcam
842 5158 927 5223 sicut
950 5158 1101 5222 columba
1124 5158 1278 5223 deierans
1300 5179 1428 5222 ramum
1442 5157 1579 5222 virentis
1603 5158 1689 5222 olive
1711 5159 1745 5222 in
1767 5181 1882 5225 recon—
1901 5175 1957 5214 0⁰11-
1972 5180 2026 5217 aa.

154 5289 180 5324 a·
231 5261 397 5326 ciliatione
414 5281 479 5324 non
495 5281 600 5347 peuce
615 5258 756 5325 barbare
773 5261 926 5329 nationis.
971 5261 1021 5326 Eo
1038 5261 1139 5348 igitur
1160 5261 1194 5325 in
1216 5262 1324 5347 gratia
1340 5261 1460 5325 collata
1474 5259 1535 5325 tibi
1557 5282 1578 5325 a
1592 5259 1734 5326 Domino
1752 5265 1883 5328 suavius

335 5553 358 5622 ¹)
376 5565 509 5623 reportans
527 5555 611 5623 Rapa.

335 5709 361 5776 1)
379 5708 568 5776 ‘Compluris
584 5724 661 5762 amna
679 5707 709 5761 in
727 5713 782 5761 tam
800 5707 877 5762 iusta
894 5723 983 5762 causa
999 5705 1235 5774 indsdpmlicrum
1251 5707 1376 5776 praemia
1391 5705 1557 5776 pollicetur?
1597 5706 1689 5776 Rapa.

1628 5799 1680 5854 ti*
