4604 6420
772 390 972 452 nrrsronnn
989 391 1179 451 sunnonis.
1216 387 1291 448 rasa.
1799 387 1861 454 397

206 568 504 652 Mediolanensem,
533 570 574 636 ad
602 571 707 658 ipsius
737 570 885 655 regimen
908 568 1040 634 duxerit
1070 565 1325 654 providendum,
1355 562 1487 629 demum
1517 563 1661 628 faciente
1693 561 1861 628 incentore

206 676 366 740 malorum
390 680 424 739 et
446 673 659 739 dissentionis
683 680 805 753 actore,
828 672 978 738 homines
1003 670 1043 736 de
1059 669 1177 735 Rivola
1201 676 1235 734 et
1257 667 1297 732 de
1315 666 1451 731 Suardis
1474 665 1635 751 religione
1651 662 1861 730 iurisiurandi

208 783 395 864 contempta
417 778 451 842 in
475 777 623 842 eiusdem
644 776 818 841 cardinalis
837 776 987 840 iniuriam
1011 781 1045 839 et
1067 779 1300 858 contemptum,
1323 791 1388 835 non
1408 770 1552 834 admisso
1572 766 1720 855 predicto
1741 766 1862 844 nobile,

208 880 249 946 R.
266 880 306 946 de
323 880 478 963 Madello‚
501 880 783 946 Mediolanensem
799 879 915 961 civem,
939 879 972 942 in
996 883 1195 964 potestatem
1218 875 1281 940 sibi
1305 874 1428 959 eligere
1451 877 1696 958 attemptarunt,
1719 877 1753 936 et
1775 870 1860 956 quod

209 989 261 1048 est
285 983 543 1071 dampnabiles,
573 982 731 1068 quosdam
763 982 928 1048 hereticos
959 979 1000 1046 de
1031 1000 1162 1045 carcere
1190 978 1331 1044 civitatis
1363 975 1498 1041 eductos
1528 974 1620 1040 abire
1652 973 1755 1039 libere
1786 995 1861 1060 per-

208 1086 381 1168 misemut,
411 1094 546 1174 propter
574 1085 661 1173 quod
695 1086 841 1173 prefatus
870 1084 1045 1150 cardinalis
1074 1084 1108 1147 in
1138 1083 1227 1168 ipsos
1256 1087 1290 1146 et
1318 1100 1430 1146 eorum
1457 1078 1603 1144 fautores
1634 1099 1673 1144 ac
1703 1095 1861 1163 sequaces

208 1191 555 1255 excommunicationis
578 1191 775 1256 sententiam
799 1189 1037 1276 promulgavit,
1068 1186 1239 1251 matricem
1267 1183 1444 1250 ecclesiam
1467 1189 1501 1248 et
1530 1202 1644 1247 eorum
1673 1180 1861 1267 parrochias

208 1292 383 1359 interdicto
418 1295 643 1360 ecclesiastico
676 1292 901 1380 supponendo.
960 1291 1055 1357 Nunc
1091 1296 1201 1354 autem
1235 1308 1278 1352 ex
1312 1294 1405 1373 parte
1440 1284 1660 1372 predictorum
1694 1283 1861 1348 hominum

208 1395 302 1461 nobis
325 1396 387 1462 fuit
409 1396 578 1462 humiliter
600 1397 831 1483 supplicatum,
854 1403 890 1461 ut
916 1415 990 1460 cum
1012 1393 1132 1459 nostris
1156 1413 1191 1457 se
1215 1392 1354 1457 offerant
1375 1389 1505 1476 preciso
1528 1386 1663 1453 obedire
1687 1384 1859 1465 mandatis,

134 1524 159 1562 ιο
211 1500 317 1585 parati
339 1498 412 1564 Deo
436 1507 470 1566 et
498 1501 650 1566 ecclesiis
678 1499 869 1565 satisfacere
893 1502 1135 1584 competenter,
1164 1495 1307 1561 relaxari
1334 1492 1500 1580 predictas
1528 1490 1709 1558 sententias
1732 1489 1860 1556 miseri-

208 1601 350 1668 corditer
379 1601 619 1668 mandaremus.
671 1601 757 1676 Quia
786 1615 864 1668 vero
895 1599 1110 1668 redeuntibus
1141 1598 1183 1664 ad
1215 1598 1357 1664 ecclesie
1388 1596 1548 1682 gremium
1577 1593 1755 1680 aperienda
1785 1598 1861 1658 sunt

207 1705 335 1770 viscera
356 1705 505 1791 pietatis,
537 1727 598 1771 nos
627 1705 716 1771 illius
739 1705 880 1790 vestigia
906 1704 942 1768 in
968 1703 1029 1768 hac
1058 1709 1151 1790 parte
1183 1701 1305 1767 imitari
1327 1701 1492 1780 volentes,
1523 1697 1579 1783 qui
1607 1717 1685 1764 oves
1714 1695 1860 1783 perditas
1878 1708 2033 1763 unuh-unt.

207 1808 298 1874 venit
320 1829 457 1895 querere
481 1829 519 1873 ac
543 1809 687 1888 salvare,
711 1807 859 1874 districte
882 1808 975 1873 vobis
999 1828 1058 1894 per
1080 1806 1262 1893 apostolica
1284 1803 1406 1890 scripta
1427 1800 1633 1882 mandamns,
1657 1800 1809 1884 quatinus
1833 1799 1860 1864 si

173 1909 175 1912 ’
208 1911 356 1977 homines
378 1913 426 1976 illi
449 1919 628 1978 memorato
652 1911 753 1977 nobili
776 1932 835 1998 pro
858 1911 996 1992 iniuriis,
1023 1911 1118 1974 iustis
1142 1907 1291 1994 dampnis
1314 1927 1353 1971 ac
1376 1904 1553 1972 moderatis
1577 1902 1733 1990 expensis
1756 1902 1860 1988 ipsius

132 2038 156 2075 rs
210 2014 467 2080 satisfactionem
496 2014 683 2081 curaverint
711 2013 886 2095 exhibere,
918 2035 957 2079 ac
982 2013 1199 2078 sufficientem
1223 2010 1407 2076 cautionem
1437 2007 1654 2095 prostiterint,
1685 2005 1772 2091 quod
1801 2026 1860 2091 pro

209 2139 308 2204 posse
340 2139 399 2183 suo
430 2118 696 2198 exterminabunt
727 2117 890 2183 hereticos
921 2124 955 2183 et
986 2116 1228 2181 conservabunt
1258 2113 1399 2179 ecclesie
1429 2111 1632 2190 libertatem,
1664 2109 1860 2173 auctoritate

211 2227 323 2285 nostra
345 2221 438 2288 iuxta
460 2221 598 2287 formam
621 2222 763 2287 ecclesie
787 2223 936 2288 relaxare
960 2222 1082 2286 curetis
1105 2218 1286 2285 sententias
1309 2215 1522 2303 supradictas.

316 2341 394 2454 Dat.
417 2341 580 2426 Anagnis,
602 2341 655 2407 III
677 2342 762 2407 Non.
785 2341 961 2408 Novembr.
984 2363 1069 2407 anno
1093 2347 1200 2406 sexto.

990 2777 1079 2850 493.

317 2873 507 2985 Grauius
528 2901 584 2967 lX
601 2921 688 2982 papa
711 2901 889 2966 consulibus
916 2905 945 2964 et
971 2900 1086 2980 populo
1108 2897 1276 2962 Perusinis
1302 2895 1441 2960 dictricte
1456 2896 1629 2977 praerupit,
1656 2867 1695 2960 nc
1722 2916 1789 2961 mcor
1809 2896 1860 2975 iis,

131 3034 157 3072 ro
208 3006 264 3086 qai
285 3003 322 3067 dc
341 3005 533 3086 patrimonio
554 3025 618 3068 aon
639 3004 787 3081 existant,
809 3004 858 3068 oet
879 3002 1067 3085 quibuslibet
1088 3001 1164 3065 aliis
1184 2999 1310 3080 [codro
1331 2999 1376 3062 ad
1397 2999 1593 3064 innodaras
1613 3005 1716 3064 arras
1735 3001 1862 3080 imperi-i

207 3110 326 3173 irroraret.
1503 3105 1597 3182 1232,
1619 3103 1698 3170 Nou.
1720 3107 1773 3170 20.

312 3225 396 3297 (ἔτερ,
413 3225 464 3280 IX
481 3226 550 3295 Rau.
573 3226 631 3281 Vol.
648 3227 713 3296 III,
732 3230 784 3294 52,-
803 3226 864 3282 Lib.
885 3224 937 3294 VI,
955 3227 1019 3279 168.

312 3312 451 3379 Pctttust,
468 3311 538 3382 1309.
557 3315 638 3367 9044.

312 3507 585 3583 Consulibus
612 3513 653 3583 et
679 3506 845 3601 populo
872 3504 1085 3582 Perusino
1114 3504 1321 3597 spiritum
1347 3502 1526 3610 consilii
1553 3502 1757 3578 sanioris.

131 3685 157 3726 rs
318 3656 401 3723 (lum
433 3676 494 3744 per
522 3655 588 3722 Dei
622 3656 761 3741 gratiam
794 3677 876 3742 paoe
905 3656 993 3722 inter
1023 3655 1198 3721 ecclesiam
1232 3660 1266 3720 et
1294 3652 1498 3719 carissimum
1533 3653 1567 3718 in
1598 3652 1730 3718 Christo
1758 3653 1861 3720 filium

209 3768 357 3826 nostmm
388 3760 607 3842 Friderioum,
641 3759 863 3825 Romanomm
898 3760 1131 3846 imperatorem
1164 3759 1325 3823 illustrem
1359 3778 1490 3844 semper
1523 3764 1715 3843 augustum,
1748 3776 1861 3842 regem

208 3862 389 3929 Ierusalem
412 3857 446 3929 et
469 3862 593 3943 Sicilie,
617 3863 805 3944 reformata,
828 3884 888 3928 nos
911 3883 977 3928 non
1000 3863 1105 3927 solum
1128 3863 1170 3927 ab
1195 3863 1321 3928 offensa
1343 3869 1504 3955 terrarum
1533 3862 1661 3948 imperii
1683 3860 1861 3941 abstinere,

209 3989 323 4032 verum
339 3967 439 4032 etiam
454 3974 559 4032 terras
582 3967 671 4054 ipsas
687 3966 876 4046 defendere,
901 3973 1057 4053 quantum
1078 3967 1241 4052 permittit
1257 3965 1356 4032 officii
1372 3965 1476 4032 nostri
1491 3964 1650 4047 debitum,
1673 3963 1861 4042 debeamus,

209 4091 282 4152 vos,
312 4071 397 4134 sicut
425 4069 631 4155 accepimus,
657 4075 710 4135 set
739 4091 804 4134 non
828 4070 941 4155 utique
964 4075 1173 4156 acceptamus
1203 4070 1302 4134 immo
1331 4090 1431 4155 grave
1456 4069 1601 4154 gerimus
1624 4075 1657 4133 ct
1679 4066 1861 4152 indignum,

212 4193 286 4238 oum
314 4171 528 4258 quibusdam,
563 4173 618 4257 qui
651 4194 717 4238 non
751 4178 826 4237 sunt
859 4171 900 4238 de
930 4172 1135 4259 patrimonio,
1169 4171 1256 4258 quod
1286 4173 1342 4238 vix
1372 4171 1551 4254 credimus,
1586 4171 1790 4237 confederari
1823 4191 1861 4234 ac

210 4276 401 4342 societatem
425 4275 619 4341 contrahere
638 4275 841 4361 attemptatis
864 4275 899 4339 in
921 4274 1098 4340 earundem
1120 4284 1279 4342 terrarum
1303 4282 1338 4341 et
1360 4277 1488 4362 imperii
1504 4276 1744 4357 detrimentum,
1766 4279 1863 4360 prout

210 4381 372 4461 convenit,
396 4379 490 4466 quasi
513 4379 721 4446 obtenebrati
736 4378 877 4463 caligine
900 4378 1033 4444 minime
1049 4377 1270 4459 attendentes,
1293 4378 1380 4465 quod
1403 4401 1445 4445 ex
1468 4380 1530 4444 hoc
1552 4379 1585 4444 iu
1608 4379 1696 4444 illius
1718 4377 1862 4464 possetis
1906 4407 1920 4434 ·

209 4483 381 4548 articulum
403 4482 604 4548 difficultatis
628 4481 785 4560 incidere,
809 4480 851 4546 de
875 4502 939 4567 quo
962 4502 1027 4546 non
1050 4482 1205 4547 valeretis
1228 4482 1325 4547 facile
1347 4482 1492 4549 liberari.
1534 4481 1579 4547 Ut
1601 4481 1703 4567 igitur
1723 4501 1861 4567 presens

212 4586 347 4652 monitio
370 4607 429 4651 vos
457 4586 644 4671 premuniat
673 4591 707 4650 et
733 4607 753 4650 a
781 4606 867 4671 pena
894 4592 1064 4671 preservet
1090 4585 1266 4666 immunes,
1293 4585 1499 4650 universitati
1521 4589 1630 4650 vestre
1660 4583 1721 4649 sub
1749 4583 1860 4648 debito

211 4688 379 4754 fidelitatis
410 4709 469 4774 per
503 4689 686 4775 apostolica
722 4688 844 4773 scripta
876 4687 1025 4753 districte
1060 4686 1272 4774 precipiendo
1306 4686 1514 4769 mandamus,
1552 4688 1704 4773 quatinus
1738 4687 1861 4752 nullam

210 4793 414 4872 societatem,
434 4791 526 4856 nulla
547 4791 661 4858 federa
684 4791 838 4876 nullaque
855 4790 1038 4856 iuramenta
1061 4811 1134 4856 oum
1157 4789 1231 4872 hiis,
1254 4789 1308 4876 qui
1332 4789 1373 4854 dc
1395 4789 1591 4875 patrimonio
1613 4811 1679 4855 non
1703 4791 1861 4869 existunt,

210 4895 263 4960 vel
294 4894 497 4979 quibuslibet
527 4895 617 4959 aliia¹
635 4895 669 4959 in
703 4892 920 4980 preindicium
950 4899 1109 4958 terrarum
1142 4892 1287 4978 ipsarum
1322 4914 1359 4958 ac
1390 4899 1504 4956 contra
1534 4893 1606 4957 iura
1636 4898 1670 4958 et
1702 4892 1860 4958 honorem

209 4997 338 5084 imperii
360 4998 443 5063 inire
466 4997 673 5082 aliquatenus
691 4997 899 5083 presumatis,
922 5016 985 5081 que
1009 4996 1127 5076 omnia,
1152 4997 1221 5061 sive
1243 4996 1402 5061 hactenus
1426 4999 1502 5060 sunt
1518 5001 1709 5080 presumpta
1732 4996 1801 5059 sive
1825 4995 1859 5058 in

208 5109 391 5187 posterum,
422 5099 509 5186 quod
532 5122 597 5166 non
620 5099 797 5180 credimus,
827 5108 1071 5186 presumantur,
1100 5096 1307 5165 decernimus
1330 5097 1461 5186 penitus
1484 5117 1550 5162 non
1571 5097 1699 5178 valere,
1721 5117 1794 5162 oum
1819 5097 1862 5160 sit

132 5233 159 5270 ro
211 5204 306 5270 valde
329 5203 501 5282 indecens,
529 5210 566 5268 ut
594 5225 654 5290 per
676 5210 806 5269 nostros
829 5202 943 5268 fideles
972 5202 1101 5289 imperii
1125 5202 1346 5284 offendantur,
1374 5222 1417 5267 ne
1444 5222 1503 5288 per
1529 5199 1591 5264 hoc
1614 5200 1725 5264 venire
1749 5205 1861 5262 contra

209 5309 301 5395 pacis
324 5306 437 5372 fodere
459 5305 644 5386 videamur,
675 5328 713 5372 ac
738 5305 846 5372 facere
871 5307 977 5386 irrita,
1008 5326 1071 5391 que
1095 5303 1135 5371 de
1157 5305 1278 5370 nostris
1301 5305 1398 5370 labiis
1422 5309 1662 5391 processemnt.
1705 5302 1860 5387 Alioquin

210 5410 393 5476 venerabili
416 5409 508 5474 fratri
530 5417 643 5476 nostro
668 5459 676 5475 .
701 5459 708 5474 .
732 5412 889 5497 episcopo
913 5409 1115 5497 Spoletano¹
1138 5407 1253 5474 damus
1276 5408 1397 5474 nostris
1420 5407 1539 5472 litteris
1562 5405 1596 5470 in
1619 5404 1798 5486 mandatis,
1826 5411 1862 5467 ut

314 5671 339 5738 l)
358 5668 485 5723 Nicolco.
