4494 6426
727 353 927 409 EPIS'I'OLAE
945 354 1134 411 SELECTAE.
1171 356 1247 410 1220.
1769 362 1810 424 93

163 525 357 590 Alamannia
381 525 559 606 electione,
591 532 624 592 et
652 527 739 612 quod
767 548 829 613 ego
857 528 988 592 humilis
1020 529 1158 594 clericus
1182 529 1364 596 sanctitatis
1387 536 1496 597 vestre
1518 537 1666 618 tempore
1689 531 1810 598 indicto

162 629 373 715 apostolicam
395 650 460 694 non
482 630 608 695 accessi
623 631 832 716 presentiam.
879 631 961 696 Oum
985 634 1071 698 enim
1094 632 1181 697 filius
1205 635 1388 700 sanctitatis
1403 641 1512 700 vestre
1526 633 1676 699 dominus
1699 640 1811 700 noster

162 731 198 796 F.
220 732 351 796 inclitus
375 753 435 797 rex
458 732 571 798 Sicilie
594 734 628 797 in
650 734 871 799 Romanorum
896 736 1149 823 imperatorema
1178 738 1320 820 electus,
1351 736 1392 802 ad
1414 745 1584 825 paternam
1606 738 1812 804 vocationem

162 841 301 899 vestram
329 857 458 902 necnon
489 836 531 902 ad
559 859 713 923 magnam
742 839 1004 903 commonitionis
1034 840 1222 905 instantiam
1251 841 1449 907 venerabilis
1477 841 1511 906 in
1540 839 1670 906 Christo
1700 839 1810 906 fratris

162 938 319 1020 Aletrini,
351 938 464 1005 devoti
487 943 649 1028 capellani
666 948 706 1030 et
729 941 920 1007 subdiaconi
943 943 1061 1016 vestri,
1091 943 1132 1008 ad
1160 945 1223 1010 iter
1252 967 1347 1010 suum
1378 951 1446 1010 tam
1474 964 1533 1030 pro
1557 944 1719 1010 solutione
1742 944 1811 1008 voti

161 1041 210 1106 sui
240 1041 281 1106 ad
312 1042 472 1129 obsequia
500 1045 604 1110 crucis
633 1044 806 1111 Dominice
842 1067 938 1131 quam
973 1046 1073 1110 etiam
1105 1045 1149 1110 ad
1183 1046 1424 1134 suscipiendam
1460 1046 1638 1112 secundum
1672 1046 1809 1132 gratiam

160 1145 372 1231 apostolicam
405 1145 670 1212 benedictionem
703 1149 906 1235 imperialem
939 1169 974 1213 sc
1009 1149 1149 1214 viriliter
1180 1150 1397 1231 accinxisset,
1429 1149 1596 1236 principes
1626 1148 1809 1215 Theotonie

159 1245 456 1313 animadvertentes
480 1251 565 1314 mala
587 1251 754 1335 preterita,
779 1252 933 1316 timentes
960 1272 1088 1336 quoque
1111 1273 1169 1330 ne,
1194 1253 1279 1316 sicut
1300 1252 1391 1338 prius
1412 1253 1540 1334 accidit,
1563 1273 1607 1317 ex
1628 1251 1810 1317 mutatione

160 1371 272 1435 regum
294 1357 329 1414 et
350 1350 600 1437 imperatorum,
631 1353 660 1416 si
687 1353 763 1439 quid
796 1355 891 1432 forte,
922 1355 1008 1440 quod
1029 1355 1123 1420 Deus
1151 1362 1294 1436 avertat,
1326 1355 1367 1420 de
1396 1355 1459 1420 istc
1491 1376 1569 1440 rege
1600 1375 1659 1419 suo
1687 1354 1810 1420 sinistri

160 1453 361 1539 proveniret,
397 1455 571 1519 ecclesiam
600 1460 634 1520 ct
663 1457 836 1543 imperium
867 1458 1072 1543 contingeret
1103 1458 1302 1545 perturbari,
1336 1459 1510 1544 presertim
1546 1457 1587 1522 ad
1618 1456 1810 1543 sopiendam

158 1557 384 1640 gravissimam
407 1555 601 1622 discordiam
624 1560 710 1626 inter
724 1562 947 1626 venerabilem
972 1609 1004 1624 ..
1028 1561 1255 1647 Magantinum
1271 1561 1576 1648 archiepiscopum¹
1599 1567 1633 1626 et
1648 1562 1810 1626 illustrem

157 1659 359 1745 langravium
374 1659 531 1746 Turingie
542 1661 564 1742 ²,
587 1683 650 1748 que
673 1663 735 1726 fuit
757 1664 930 1728 imminens
955 1664 1225 1750 impedimentum
1248 1666 1330 1750 regii
1354 1684 1539 1752 processus,
1563 1670 1596 1729 et
1616 1685 1682 1728 non
1704 1662 1808 1728 modi·

158 1785 231 1828 cum
261 1785 323 1830 nec
356 1764 519 1831 immerito
554 1765 729 1830 timebatur
761 1767 802 1830 ad
835 1768 937 1832 totius
972 1767 1101 1852 imperii
1133 1768 1414 1853 pertubationem,
1455 1766 1495 1832 de
1530 1767 1689 1852 sanguine
1718 1766 1809 1852 regio

158 1865 323 1931 dominum
352 1872 386 1932 et
408 1888 520 1952 regem
549 1869 612 1932 sibi
636 1870 776 1955 relinqui
797 1870 959 1934 instanter
988 1876 1020 1934 et
1047 1870 1214 1955 inopinate
1243 1872 1461 1957 postularunt.
1507 1869 1612 1956 Super
1641 1890 1705 1955 quo
1736 1889 1809 1934 cum

161 1970 240 2034 satis
263 1970 382 2035 fuisset
403 1970 638 2053 deliberatum,
662 1993 722 2059 per
744 1993 842 2058 quern
865 1973 1037 2037 consilium
1061 1979 1095 2037 et
1117 1994 1272 2038 assensus
1296 1973 1458 2060 sapientie
1483 1973 1663 2059 apostolice
1687 1972 1809 2056 requiri

158 2073 330 2155 sufficeret,
353 2071 471 2138 deinde
495 2075 669 2160 exiguitati
698 2096 771 2140 mee
801 2076 876 2139 talis
906 2076 1060 2162 imposita
1089 2076 1152 2140 fuit
1179 2077 1357 2162 inquisitio.
1404 2075 1486 2140 Cum
1510 2076 1635 2161 itaque,
1659 2080 1753 2161 peter
1775 2080 1809 2139 et

157 2175 302 2256 domine,
338 2175 380 2241 ad
408 2177 604 2242 veniendum
640 2199 693 2242 mc
727 2179 915 2263 preparavi,
949 2179 1137 2243 acutissime
1169 2180 1308 2245 tertiana
1337 2179 1510 2266 repentina
1545 2199 1597 2244 me
1627 2179 1748 2243 invasit
1776 2182 1809 2243 et

158 2280 278 2345 diutius
302 2278 442 2346 detinuit
465 2281 645 2348 infirmitas.
690 2281 787 2347 Unde
812 2289 960 2369 tempore
983 2269 1105 2348 indicto
1128 2289 1213 2348 teste
1236 2281 1310 2348 Deo
1337 2283 1449 2349 venire
1479 2282 1621 2368 nequivi.
1666 2280 1806 2347 Verum-

157 2391 280 2466 tamen,
311 2391 406 2470 pater
434 2391 468 2450 et
490 2383 637 2466 domine,
666 2384 723 2450 diu
749 2393 825 2452 ante
857 2388 1053 2452 electionem
1081 2387 1191 2466 illam,
1224 2387 1251 2450 si
1278 2407 1404 2450 memor
1425 2407 1499 2452 esse
1523 2385 1676 2470 dignatur
1697 2389 1809 2449 vestra

160 2488 356 2573 benignitas,
380 2488 531 2553 consului
554 2489 881 2576 circumspectionem
903 2492 1117 2576 apostolicam
1142 2512 1242 2578 super
1265 2490 1361 2554 huius
1385 2489 1558 2556 electionis
1574 2487 1807 2554 celebratione.

156 2590 222 2656 Sed
244 2613 318 2655 cum
340 2611 406 2655 non
430 2591 623 2656 meruissem
647 2595 864 2679 apostolicum
886 2594 962 2659 inde
986 2593 1108 2659 habere
1133 2614 1346 2679 responsum,
1377 2614 1437 2679 per
1466 2612 1567 2656 unum
1589 2590 1630 2656 de
1652 2589 1808 2654 iratribus

155 2693 294 2760 dominis
323 2695 406 2759 meis
433 2693 652 2760 cardinalibus
681 2697 956 2782 specialissimum
979 2717 1089 2761 meum
1111 2695 1158 2759 fui
1181 2697 1381 2774 instructus,
1411 2717 1470 2760 vos
1494 2694 1618 2759 dixisse
1641 2692 1742 2757 nichil
1765 2690 1807 2757 ad

155 2819 214 2864 vos
236 2796 277 2862 de
302 2798 465 2864 electione
487 2797 707 2864 Romanorum
731 2801 821 2885 regis
843 2801 1022 2886 pertinere.
1067 2798 1120 2862 Ex
1143 2799 1214 2880 hoc,
1239 2799 1267 2862 si
1291 2799 1399 2884 placet
1422 2798 1593 2864 serenitati
1616 2795 1808 2883 apostolice,

156 2907 222 2964 tam
243 2901 307 2964 ista
330 2921 426 2986 quern
448 2902 515 2966 alia
544 2924 607 2988 que
638 2924 680 2968 ex
702 2905 902 2969 necessitate
934 2902 1137 2988 agendorum
1167 2902 1385 2987 imperialium
1408 2902 1490 2966 mihi
1513 2906 1670 2966 consueto
1694 2919 1808 2985 super-

80 3031 92 3056 ο
158 3009 329 3069 creverunt
352 3004 534 3081 incomoda,
557 3004 599 3070 ed
622 3005 781 3072 desidiam
805 3006 1136 3073 seuincbedientiam
1159 3006 1238 3069 mihi
1260 3027 1326 3070 non
1342 3004 1465 3070 debent
1485 3003 1615 3069 ascribi.
1659 3001 1808 3066 Instante

157 3107 258 3185 enim,
288 3107 493 3173 sanctissime
516 3115 612 3194 pater
641 3117 674 3174 et
704 3110 850 3188 domine,
884 3117 1031 3195 tempore
1066 3109 1157 3194 regie
1181 3108 1400 3195 expeditionis
1424 3129 1561 3193 eamque
1585 3105 1810 3172 controversia

156 3208 319 3275 antedicta
352 3209 459 3276 interb
490 3213 656 3299 principes
690 3213 934 3300 prenominatos
964 3211 1060 3277 valde
1092 3211 1307 3298 impediente,
1340 3232 1392 3276 me
1422 3232 1550 3297 quoque
1582 3209 1737 3297 expedito
1767 3207 1809 3273 ad

154 3312 407 3397 procedendum,
429 3335 471 3378 ne
494 3315 593 3380 timor
613 3314 760 3402 prefatus
784 3315 996 3402 supervenire
1019 3321 1148 3400 posset:
1173 3315 1349 3380 casualiter
1372 3320 1406 3380 et
1427 3314 1624 3400 improviso⁰
1646 3314 1681 3378 in
1703 3312 1806 3377 filium

154 3415 277 3480 domini
299 3417 380 3498 mei,
407 3419 510 3482 vestri
536 3417 739 3484 devotissimi
767 3419 827 3484 filii
856 3420 944 3505 regis
966 3419 1142 3500 Friderici,
1171 3426 1247 3485 vota
1280 3425 1346 3483 tam
1375 3420 1556 3486 electorum
1585 3437 1682 3503 quam
1710 3415 1808 3480 etiem

155 3519 299 3582 omnium
337 3519 521 3606 principum
559 3527 593 3585 et
631 3520 789 3586 nobilium
831 3521 995 3587 Teutonie
1032 3529 1270 3603 convenerunt,
1314 3528 1500 3608 sperantes,
1536 3521 1636 3585 immo
1674 3518 1807 3583 minime

155 3620 359 3704 dubitantes,
392 3622 426 3687 id
459 3623 640 3710 apostolice
668 3623 790 3690 debere
817 3624 1040 3690 benivolentia
1071 3625 1292 3711 complacere,
1326 3646 1389 3710 que
1422 3631 1490 3689 tam
1527 3624 1635 3711 ipsum
1663 3622 1806 3687 electum

154 3745 251 3810 quam
282 3732 411 3812 patrem
438 3729 537 3794 electi
565 3729 607 3793 ab
635 3729 717 3815 ipsis
744 3729 902 3794 uberibus
934 3734 1071 3816 paterno
1100 3729 1250 3794 educavit
1278 3734 1312 3794 et
1343 3729 1532 3793 sublimavit
1554 3724 1705 3792 affectu⁸.
1751 3721 1807 3786 Sic

155 3829 256 3914 igitur
276 3828 427 3895 dominus
458 3851 518 3896 rex
547 3829 588 3895 ad
617 3832 883 3918 subsequendum
914 3832 1089 3919 expeditus
1119 3832 1184 3897 iam
1213 3853 1265 3897 mc
1290 3830 1541 3896 insufficientem
1564 3827 1729 3917 premisit,
1761 3825 1808 3889 ita

156 3931 243 4017 quod
273 3932 356 3998 feria
383 3940 499 4020 quarta
530 3935 636 4021 prima
669 3940 744 4001 ante
779 3935 898 4001 festum
936 3937 1041 4001 sancti
1076 3935 1210 4000 Iaccbi⁴
1236 3934 1402 4000 Veronam
1441 3954 1512 3998 sum
1541 3933 1732 4018 ingressus,
1765 3927 1806 3994 de

157 4036 282 4102 honore
307 4037 448 4103 ecclesie
473 4043 507 4103 et
529 4039 675 4125 imperii,
707 4039 747 4104 dc
771 4039 946 4104 concordia
976 4039 1075 4104 totius
1100 4037 1196 4103 Italic
1227 4037 1406 4102 secundum
1436 4035 1594 4123 temporis
1617 4033 1806 4099 instantiam

156 4159 217 4225 per
238 4147 339 4205 totam
361 4141 492 4206 Italiam
515 4148 722 4207 tractaturus.
768 4141 888 4206 Sciatis
916 4150 1027 4207 autem
1060 4143 1093 4205 iu
1115 4140 1187 4206 Deo
1218 4149 1252 4206 et
1277 4141 1312 4205 in
1334 4140 1435 4205 verbo
1465 4138 1671 4219 obedientie,
1703 4143 1808 4202 totum

154 4241 298 4308 animmn
320 4264 440 4326 meum,
463 4251 629 4330 tamquam
652 4245 721 4311 veri
744 4245 803 4308 filii
827 4244 1026 4326 obedientie,
1050 4243 1091 4308 ad
1114 4243 1295 4331 profectum
1318 4243 1418 4308 totius
1441 4242 1574 4307 honoris
1597 4249 1631 4308 et
1655 4238 1808 4305 utilitatis

155 4345 210 4430 pie
232 4347 345 4412 matris
368 4369 442 4414 mee
465 4357 674 4415 sacrosancte
697 4349 845 4415 Romane
880 4350 1023 4415 ecclesie
1054 4347 1252 4428 consistere,
1284 4346 1369 4412 sicut
1390 4345 1463 4412 Deo
1487 4345 1584 4412 dante
1607 4345 1711 4410 bonus
1734 4343 1808 4408 finis

155 4447 359 4534 approbabit.
405 4450 563 4538 Supplico
586 4453 714 4537 itaque,
743 4459 837 4539 pater
867 4458 900 4518 et
928 4450 1059 4517 domine
1088 4449 1283 4529 reverende,
1311 4472 1352 4516 ne
1382 4455 1505 4515 tantam
1528 4469 1654 4514 moram
1677 4447 1806 4514 desidie

156 4550 251 4616 meed
273 4553 381 4620 velitis
404 4553 573 4641 deputare,
597 4557 708 4621 omnia
729 4556 892 4643 premissa
914 4558 1008 4621 oculo
1031 4555 1085 4642 pie
1109 4554 1344 4640 compassionis
1368 4552 1699 4639 circumspicientes⁰,
1730 4549 1808 4635 quia

153 4660 241 4720 testa
263 4654 336 4720 Deo
358 4656 538 4739 altissimo,
571 4659 599 4724 si
630 4658 740 4724 studia
761 4681 837 4724 mea
859 4665 893 4724 ct
916 4658 1050 4724 solertia
1072 4656 1195 4721 domini
1217 4655 1358 4720 Aletrini
1388 4676 1453 4720 non
1483 4655 1671 4736 affuissent,
1702 4653 1808 4718 adhuc

155 4756 253 4822 credo
276 4755 443 4824 dominum
465 4782 575 4826 meum
592 4782 704 4847 regem
726 4762 784 4826 vix
806 4783 905 4847 posse
928 4782 1001 4827 esse
1019 4758 1218 4846 expeditum.
1264 4756 1392 4839 Adhuc,
1415 4756 1557 4839 domine,
1580 4756 1806 4843 multiplicetis

155 4859 308 4946 precibus
332 4860 494 4948 efflagito,
523 4870 559 4929 ut
582 4865 610 4930 si
633 4863 728 4950 quid,
757 4873 933 4950 antequam
955 4862 1109 4928 accedam
1131 4861 1330 4949 presentiam
1352 4861 1533 4947 apostolice
1555 4859 1808 4938 sublimationis,

154 4983 207 5026 me
231 4961 391 5028 facturum
415 4987 489 5032 esse
513 4967 708 5053 dignamini,
738 4968 772 5033 id
800 4969 881 5033 mihi
902 4966 1113 5033 rescribendo
1140 4964 1311 5052 precipere
1341 4964 1478 5043 curetis,
1509 4964 1587 5049 quia
1614 4971 1681 5027 tam
1710 4982 1809 5048 super

157 5072 247 5129 terra
269 5067 435 5134 comitisse
458 5069 615 5154 Matildis,
637 5071 679 5136 ad
702 5093 797 5158 quam
822 5073 963 5138 ecclesie
980 5071 1168 5159 specialiter
1190 5089 1261 5133 sum
1285 5067 1381 5132 datus
1397 5073 1564 5148 executor,
1587 5086 1684 5151 quam
1707 5085 1806 5151 super

154 5169 307 5234 omnibus
333 5172 407 5236 aliis
433 5175 577 5259 negotiis
606 5176 747 5242 ecclesie
770 5175 844 5241 Deo
871 5175 970 5241 dante
997 5175 1109 5240 taliter
1137 5192 1340 5258 megaram,
1372 5171 1459 5256 quod
1488 5171 1522 5235 in
1539 5170 1672 5265 ⁶ellectu
1698 5167 1807 5254 operis

251 5425 275 5495 ¹)
292 5429 470 5498 imperatorem
487 5429 555 5484 deut
572 5432 600 5482 in
617 5431 650 5484 R.
730 5430 754 5498 ι)
773 5433 827 5486 inte
844 5431 877 5484 a.
962 5430 984 5498 ο)
1002 5432 1157 5500 improvisus
1175 5430 1207 5484 B.
1292 5429 1315 5495 ι1)
1334 5447 1375 5482 ms
1393 5428 1430 5485 R.
1511 5430 1532 5496 ⁸)
1549 5429 1757 5496 circumspiciens
1775 5425 1808 5478 u.

258 5565 285 5632 1)
305 5563 445 5634 sifridum
461 5565 505 5619 ΙΙ.
576 5567 605 5636 2)
623 5565 811 5622 ΙΛιάοωὶουηι.
881 5568 909 5636 3)
929 5567 974 5622 Dc
995 5567 1123 5622 electione
1142 5565 1270 5621 Heiorics'
1292 5566 1354 5620 VII
1374 5566 1411 5634 cs.
1434 5581 1461 5620 n.
1484 5569 1537 5620 123
1562 5571 1588 5620 et
1611 5564 1809 5628 ll'r'nltclmoen,

153 5649 249 5705 mica
268 5649 312 5715 11,
326 5667 357 5720 ρ.
377 5655 526 5706 ras-125.
596 5653 625 5720 4)
644 5652 699 5707 ruz.
716 5657 762 5706 22.
