4590 6366
769 365 968 422 EPISTOLAE
985 366 1176 423 SELEG'I'AE.
1212 369 1288 426 1235.
1795 379 1855 441 551

209 540 366 620 raptores,
392 536 555 623 predones
579 544 612 602 et
634 540 734 620 fures,
757 540 812 623 qui
834 540 1035 626 provinciam
1058 542 1163 626 ipsam
1178 544 1408 628 persequendo
1424 544 1593 626 dilaniant,
1616 568 1698 632 quos
1720 549 1762 614 de
1785 549 1857 614 fini-

206 635 268 701 bus
292 640 412 704 vestris
436 641 567 705 omniuo
591 643 714 728 expelli
737 644 935 730 precipimus
959 651 992 709 et
1015 644 1161 726 excludi,
1193 667 1252 710 vos
1275 654 1427 732 potenter
1449 655 1482 712 et
1507 651 1646 716 viriliter
1668 653 1859 738 accingatis,

207 762 320 806 eorum
344 744 553 808 insolentiam
576 746 686 811 taliter
715 747 922 833 reprimendo
946 748 1031 833 quod
1055 771 1213 815 excessus
1237 750 1380 815 vindicta
1403 752 1575 818 coherceat
1600 759 1635 818 et
1657 754 1857 820 excedentes

206 865 293 930 pena
316 845 470 912 cohibeat
493 869 512 911 a
534 857 681 934 peccato.
725 849 769 914 Et
791 851 867 936 quia
890 850 1077 916 huiusmodi
1101 854 1262 918 maleficia
1284 855 1409 940 absque
1425 857 1634 922 conniventia
1656 863 1766 922 vestra
1786 857 1858 923 lieri

206 957 374 1033 nequeunt
400 952 455 1016 vel
482 973 635 1030 assensu,
664 975 703 1018 ae
731 975 791 1039 per
817 952 879 1020 boe
908 955 994 1040 apud
1018 955 1127 1021 Deum
1158 964 1191 1022 et
1219 957 1368 1023 homines
1395 979 1460 1023 non
1483 961 1624 1045 potestis
1649 959 1856 1026 excusabiles

204 1053 321 1117 merito
345 1057 498 1139 reputari,
521 1057 725 1142 presentium
748 1058 941 1122 auctoritate
962 1061 1145 1141 statuimus,
1167 1068 1205 1125 ut
1228 1063 1261 1125 iu
1283 1082 1487 1147 quocumque
1513 1064 1658 1129 locorum
1680 1064 1721 1128 de
1745 1070 1856 1129 cetero

204 1156 284 1220 talia
307 1158 481 1222 commissa
503 1159 640 1238 fuerint,
670 1167 757 1224 terre
787 1161 1002 1225 communitas
1031 1163 1084 1226 vel
1116 1165 1180 1229 loei
1211 1164 1378 1246 dominus,
1412 1165 1445 1228 in
1468 1166 1559 1230 cuius
1583 1167 1745 1231 territorio
1768 1187 1857 1232 corn·

205 1259 392 1342 mittentur,
416 1283 456 1328 ea
477 1264 518 1328 de
541 1262 635 1327 bonis
660 1263 901 1328 communitatis
926 1285 985 1330 seu
1008 1266 1072 1330 loci
1096 1251 1250 1333 eiusdem¹
1266 1274 1418 1334 teneatur
1439 1267 1546 1333 modis
1570 1268 1721 1333 omnibus
1745 1289 1855 1334 emen-

205 1361 293 1428 dare.
339 1362 403 1437 Qui
425 1371 536 1430 autem
559 1367 682 1432 furtum
705 1368 758 1432 vel
790 1367 923 1452 predam
948 1370 1082 1450 emerit,
1114 1371 1214 1435 etiam
1238 1393 1278 1436 ea
1307 1372 1460 1436 restituat
1482 1371 1632 1436 absolute
1654 1373 1745 1436 nulla
1767 1394 1856 1436 com-

206 1468 487 1553 pensationc.sibi
517 1471 656 1557 prestita
678 1470 731 1534 vel
754 1469 946 1555 prestanda,
976 1479 1027 1535 set
1056 1479 1184 1558 emptor
1210 1473 1369 1538 adversus
1392 1473 1596 1539 venditorem
1620 1495 1712 1538 suam
1736 1475 1856 1540 habeat

204 1571 385 1653 actionem,
413 1577 535 1637 statuto
569 1576 746 1656 contrario,
778 1575 904 1639 firmato
933 1575 1116 1642 iuramento
1148 1599 1207 1642 seu
1234 1579 1386 1643 firmitate
1416 1579 1481 1643 alia
1511 1580 1764 1645 nonobstante.
1810 1579 1856 1644 Ut

204 1681 313 1740 autem
344 1678 506 1761 premissa
536 1678 645 1742 omnia
673 1678 908 1743 inviolabiliter
940 1680 1173 1761 observentur,
1207 1681 1321 1746 damus
1354 1681 1474 1747 dilecto
1505 1683 1572 1747 filio
1600 1680 1748 1747 Rolando
1778 1682 1856 1747 sub·

206 1776 343 1853 diacono
368 1784 401 1844 et
418 1781 589 1866 capellano
607 1789 719 1846 nostro
735 1781 872 1846 firmiter
887 1783 1008 1846 nostris
1024 1783 1143 1848 litteris
1160 1786 1194 1849 in
1210 1785 1383 1866 mandatis,
1407 1792 1443 1850 ut
1458 1806 1515 1851 vos
1531 1787 1573 1850 ad
1590 1785 1855 1852 observationem

204 1881 349 1966 ipsorum
372 1888 438 1946 tam
462 1884 624 1970 spirituali
646 1906 743 1969 quam
767 1886 940 1971 temporali
962 1884 1168 1952 districtione
1191 1889 1413 1974 appellatione
1437 1895 1562 1954 remota
1584 1891 1758 1976 compellat
1769 1891 1789 1956 ¹.

311 2001 387 2066 Dat.
409 2003 549 2086 Perusii,
570 2004 605 2070 II
627 2005 739 2070 Nonas
761 2005 915 2091 Augusti,
938 2026 1022 2070 anuo
1045 1995 1155 2073 nono,

823 2275 1234 2287 ——u--n—-fl—2—

984 2528 1070 2602 653.

309 2639 499 2750 Gregorius
512 2668 568 2732 IX
582 2689 669 2748 papa
680 2668 836 2747 potestati,
859 2669 988 2732 consilio
1009 2672 1039 2732 et
1056 2669 1172 2750 marala
1193 2669 1379 2734 Viterbicasi
1400 2671 1457 2734 sab
1466 2689 1571 2750 poena
1585 2669 1717 2734 damam
1731 2670 1855 2734 millam
1922 2649 1925 2654 ¹

204 2792 384 2835 marearum
398 2771 542 2850 mandat,
563 2775 599 2834 at
620 2772 831 2853 colligationes
845 2774 875 2834 ct
888 2768 1182 2855 confoederationes
1205 2793 1286 2854 qaae
1297 2771 1442 2857 fecerant,
1464 2773 1609 2837 relaxent
1628 2776 1658 2836 et
1678 2773 1855 2837 bominibus

202 2873 326 2939 Montis
347 2875 516 2940 Ftascoais
538 2873 575 2938 dc
597 2873 722 2938 donanis
743 2874 845 2938 illatis
865 2874 1075 2954 satisfaciant.
1512 2875 1607 2954 1235,
1629 2875 1712 2958 Aap.
1735 2877 1765 2938 8.

305 2991 386 3060 Grae.
405 2992 454 3047 IX
471 2993 541 3064 Rep.
562 2993 620 3048 Vol.
643 2992 674 3059 V,
694 2997 743 3060 59;
760 2993 822 3046 Lib.
841 2991 976 3058 1X‚1a7.

305 3079 442 3149 Potttast
461 3079 529 3148 Rea.
549 3083 631 3136 9984.

481 3332 489 3350 .
520 3332 528 3350 .
557 3275 786 3367 potestati,
814 3275 1001 3349 consilio
1030 3281 1071 3349 et
1099 3277 1266 3367 populo
1293 3276 1573 3351 Viterbiensi.

309 3426 438 3501 Quanto
473 3426 587 3490 civitas
614 3425 835 3490 Viterbiensis
869 3427 1008 3490 vicinior
1045 3425 1140 3490 nobis
1176 3447 1250 3491 esse
1285 3424 1465 3490 dinoscitur
1498 3431 1531 3489 et
1564 3425 1745 3510 apostolice
1780 3422 1851 3488 aedi

201 3531 342 3617 amplius
376 3535 428 3594 est
461 3528 628 3610 subiecta,
664 3530 757 3593 cuius
788 3529 973 3594 devotionis
1006 3529 1151 3614 iusignia
1181 3551 1292 3594 sumus
1325 3529 1485 3594 haetenus
1514 3528 1683 3612 signanter
1710 3526 1851 3612 experti,

202 3640 293 3698 tanto
317 3633 465 3698 dolemus
488 3634 622 3714 lortius,
646 3633 675 3696 si
697 3632 826 3718 quando
849 3633 913 3697 illa,
928 3634 1147 3714 committitis,
1169 3654 1231 3719 per
1252 3654 1314 3719 que
1336 3638 1449 3717 preter
1470 3631 1714 3715 ingratitudinis
1736 3629 1850 3694 vitium

203 3737 289 3822 quod
317 3737 499 3817 incurritis,
530 3736 677 3801 Romane
706 3736 845 3801 ecclesie
875 3737 988 3802 matris
1016 3743 1124 3801 vestre
1149 3736 1363 3820 benignitatis
1386 3733 1636 3799 mausuetudine
1664 3732 1851 3813 abutentes,

201 3841 394 3925 patientiam
417 3847 563 3904 nostram
587 3838 627 3904 ad
644 3839 844 3903 iracundiam
861 3840 1058 3926 provocatis.
1105 3838 1203 3903 Scitis
1220 3838 1372 3924 equidem
1395 3845 1429 3904 et
1450 3839 1564 3924 utique
1581 3837 1666 3902 sicut
1688 3835 1850 3900 credimus

202 3949 313 4007 vestra
334 3941 465 4008 devotio
488 3944 713 4027 recognoscit,
742 3943 828 4029 quod
859 3964 932 4007 eum
957 3944 1034 4008 olim
1063 3944 1096 4007 in
1118 3963 1239 4027 magno
1267 3942 1386 4006 essetis
1413 3942 1560 4028 periculo
1588 3939 1773 4019 constituti,
1804 3938 1851 4002 ita

201 4046 287 4131 quod
309 4047 366 4110 vix
388 4047 529 4133 possetis
554 4046 594 4110 de
618 4048 736 4111 vestris
759 4047 919 4131 angustiis
941 4048 1104 4133 respirare
1115 4045 1137 4127 ²,
1166 4045 1315 4110 Romana
1338 4046 1480 4110 ecelesia
1502 4049 1607 4108 mater
1628 4050 1754 4122 vestra,
1786 4062 1849 4127 qua

201 4152 341 4216 filiorum
365 4151 416 4215 sui
446 4152 532 4215 uteri
560 4151 710 4216 oblivisci
736 4172 801 4215 uon
827 4158 938 4237 potest
965 4158 998 4216 et
1025 4172 1087 4237 qua
1116 4151 1149 4214 iu
1176 4149 1354 4215 afflictione
1387 4149 1609 4214 subiectorum
1639 4147 1795 4231 affligitur
1817 4151 1851 4210 et

201 4274 358 4341 pressura
379 4253 537 4339 premitur
559 4254 710 4336 filiorum,
733 4253 774 4319 da
799 4256 903 4320 salute
926 4262 1037 4320 vestra
1060 4255 1147 4340 cepit
1169 4255 1267 4320 anxia
1293 4253 1456 4339 cogitare,
1480 4250 1677 4330 attendam,
1700 4255 1737 4314 ut
1758 4247 1849 4336 paois

201 4358 295 4422 vobis
311 4357 448 4442 gratiam
465 4356 629 4436 redderet,
651 4363 727 4444 post
742 4357 871 4423 labores
891 4358 1102 4445 multiplices,
1125 4363 1200 4443 post
1216 4377 1379 4443 expensae
1397 4356 1515 4420 multas
1539 4361 1573 4420 et
1595 4375 1713 4439 graves
1736 4351 1851 4418 effudit

201 4459 440 4547 quodammodo
476 4462 704 4547 semetipsam;
734 4481 772 4524 ac
802 4462 1009 4547 postmodum
1039 4467 1284 4547 persecutorum
1322 4460 1440 4524 sevitia
1468 4457 1678 4538 imminente,
1711 4455 1850 4541 gratiam

201 4566 306 4651 gratie
330 4563 570 4650 superaddens,
592 4586 651 4650 pro
674 4567 848 4650 tranquillo
872 4571 959 4631 statu
981 4573 1090 4630 vestro
1113 4572 1146 4630 et
1168 4565 1268 4628 totius
1292 4564 1456 4650 provincie
1480 4583 1576 4648 quarn
1598 4558 1851 4646 magnanimiter

202 4667 318 4732 eadem
340 4675 445 4732 mater
466 4674 578 4732 vestra
601 4689 636 4732 se
660 4669 840 4734 accinxerit
862 4677 976 4734 contra
998 4690 1072 4750 eos,
1100 4675 1240 4733 noscunt
1269 4668 1382 4753 plena,
1415 4667 1471 4753 qui
1501 4668 1599 4752 longe
1630 4672 1707 4730 sunt
1738 4672 1771 4729 at
1794 4662 1849 4750 qui

139 4829 144 4844 ,
202 4793 315 4858 prope.
361 4769 420 4836 Set
442 4793 516 4850 vos,
533 4771 619 4855 quod
634 4793 699 4836 nou
715 4772 840 4858 absque
857 4773 1044 4838 turbatione
1059 4773 1179 4868 mentis
1196 4770 1377 4852 referimus,
1401 4792 1492 4856 quos,
1515 4779 1552 4834 ut
1574 4770 1704 4856 publice
1721 4767 1849 4848 dicitur,

201 4881 235 4939 et
257 4873 381 4938 utinam
404 4894 469 4937 non
492 4875 535 4938 sit
551 4879 677 4939 verum!
700 4875 794 4938 radix
817 4875 938 4941 inlecta
953 4897 1080 4940 veneno
1103 4875 1250 4940 heretice
1267 4874 1436 4961 pravitatis
1460 4874 1493 4938 in
1516 4894 1652 4960 germen
1669 4872 1849 4936 toxicatum

201 4978 366 5065 pullulans
393 4977 578 5058 fascinavit,
610 4979 759 5064 impensa
786 4979 881 5044 vobis
917 4979 1077 5045 beneficia
1106 4985 1203 5065 prout
1230 4979 1382 5043 convenit
1411 4979 1598 5041 nullatenus
1629 4973 1848 5050 attendentes,

202 5081 359 5169 quasdam
375 5081 601 5166 colligationes
617 5081 795 5167 impietatis
811 5088 844 5147 et
860 5081 1144 5147 confederationes
1162 5082 1221 5147 sub
1238 5080 1422 5145 velamento
1439 5078 1647 5143 aemunitatis
1662 5078 1849 5142 temeritate

201 5186 333 5273 propria
354 5185 464 5248 lacere
487 5186 750 5271 presumpsistis,
780 5207 839 5251 vos
861 5185 903 5250 ad
930 5187 1192 5252 observationem
1215 5185 1359 5270 ipsarum
1381 5182 1554 5248 iuramenti
1577 5181 1707 5246 viuculo
1729 5181 1849 5244 astrin-

124 5321 151 5360 ω
202 5297 341 5374 gentes,
371 5287 405 5350 in
427 5293 570 5351 vestram
597 5294 631 5352 et
659 5289 801 5354 civitatis
824 5295 933 5354 vestre
956 5289 1135 5375 perniciem
1157 5295 1191 5353 at
1213 5289 1339 5352 ruinam
1370 5309 1408 5352 ae
1438 5293 1640 5351 nostramet
1668 5284 1848 5371 apostolice

202 5392 291 5458 sedis
314 5391 465 5456 iniuriam
487 5398 521 5455 at
544 5401 782 5480 contemptum
806 5401 839 5460 et
861 5393 955 5481 quasi
977 5413 1043 5458 uon
1065 5392 1129 5457 ista
1153 5391 1342 5458 sufficerent
1363 5390 1405 5455 ad
1427 5391 1597 5470 offensam,
1618 5387 1850 5477 prevaricatio·

305 5655 333 5722 ll
352 5650 395 5719 Cf.
412 5665 439 5704 a.
460 5653 522 5704 654.
594 5651 621 5716 2)
641 5649 794 5722 Praecipue
811 5667 885 5707 arrae
899 5652 1137 5722 praeteritarum
1154 5665 1173 5703 c
1190 5647 1327 5706 Romania
1344 5649 1414 5705 bello
1427 5652 1626 5720 premerem.
