4596 6406
261 892 326 938 Dent.
341 900 395 948 tm-

997 445 1045 499 EX
1063 444 1239 500 ennoean
1257 443 1296 498 IX
1314 441 1495 498 REGISTRO

950 799 959 818 .
989 743 1197 817 ‚illustri
1227 743 1319 836 regi
1344 741 1545 816 Francia.

525 876 603 940 Dux
627 875 793 942 exercitus
818 874 952 940 Domini
976 875 1109 962 Moyses
1132 874 1253 940 iudicia
1275 875 1339 940 Dei
1364 896 1473 940 coram
1497 874 1645 938 Israhele
1668 894 1866 960 preponens,
1888 872 1930 937 ad
1954 873 2075 954 locum,

418 1002 515 1067 quern
539 981 641 1066 clegit
662 979 843 1061 Dominus,
872 986 905 1043 ct
929 979 1134 1044 sacerdotem
1156 977 1296 1043 Levitici
1319 979 1450 1064 generis
1473 979 1506 1042 in
1530 977 1638 1042 causis
1662 976 1825 1062 ambiguis
1848 977 1974 1042 recurri
1996 999 2076 1063 pre·

419 1084 515 1172 cepit.
572 1082 771 1148 Huiusmodi
800 1089 909 1148 autem
941 1085 974 1148 in
997 1082 1164 1148 Christum
1193 1083 1352 1147 translato
1384 1081 1583 1162 sacerdotio,
1615 1081 1686 1147 eius
1716 1081 1869 1162 vicarius,
1904 1080 2077 1145 Romanus

417 1187 569 1274 pontifex
599 1187 755 1272 Patrique
791 1209 976 1268 successor,
1009 1187 1109 1251 multo
1143 1186 1299 1251 maiorem
1334 1207 1431 1272 quarn
1465 1186 1548 1270 legis
1582 1186 1704 1250 veteris
1735 1183 1888 1249 sacerdos
1917 1183 2073 1248 obtinens

419 1296 630 1379 potestatem,
654 1290 780 1354 delatas
804 1290 975 1376 adipsum
999 1313 1018 1355 a
1041 1289 1161 1354 finibus
1185 1295 1272 1355 terre
1297 1290 1556 1354 consultationes
1580 1296 1613 1353 et
1637 1289 1743 1374 iurgia
1766 1288 1812 1352 sic
1836 1310 1893 1352 suc
1910 1287 2076 1352 sententie

419 1393 614 1458 diffinitione
645 1393 784 1471 decidit,
820 1391 907 1479 quod
941 1398 975 1458 ct
1005 1392 1214 1479 presentibus
1245 1392 1359 1457 litibus
1394 1394 1467 1456 finis
1498 1392 1691 1479 imponitur,
1726 1398 1760 1456 et
1791 1389 1867 1476 quid
1894 1391 1927 1454 in
1956 1391 2078 1455 futuris

419 1496 540 1562 debeat
564 1497 688 1561 servari
712 1495 864 1582 negotiis,
888 1496 1029 1583 posteris
1053 1497 1248 1561 declaratur.
1294 1496 1397 1561 Porro
1421 1496 1497 1581 quis
1521 1495 1766 1560 succedentium
1791 1495 1967 1559 varietates
1991 1501 2076 1559 tern-

420 1621 536 1688 porum
560 1599 762 1664 diversorum
786 1599 950 1663 novitates
974 1620 1108 1663 casuum
1132 1620 1376 1684 nonnumquam
1399 1599 1545 1685 pariunt,
1581 1620 1644 1683 quc
1673 1597 1715 1662 ad
1745 1596 1919 1662 solvendas
1943 1618 2077 1661 suorum

420 1703 661 1790 perplexitates
676 1724 822 1767 nexuum
837 1705 1013 1767 multorum
1031 1701 1229 1788 prudentum
1245 1703 1381 1767 consilia
1403 1702 1567 1787 exquisita
1586 1703 1763 1787 requirunt,
1787 1723 1846 1788 per
1860 1701 2077 1787 apostolicam
2134 1712 2159 1750 ¹⁰

422 1805 535 1872 sedem
560 1805 735 1870 orthodoxi
758 1813 868 1892 patres
892 1810 1079 1870 statuerunt
1102 1806 1276 1871 convocari
1299 1806 1455 1882 concilia,
1488 1807 1520 1869 in
1552 1805 1670 1890 quibus
1693 1803 1814 1868 salubri
1836 1804 1976 1868 formata
1998 1826 2077 1868 oon-

422 1909 495 1972 silio
520 1909 685 1974 scntentia
707 1909 800 1973 firma
823 1907 1035 1990 dissolveret,
1063 1908 1217 1995 quicquid
1248 1909 1451 1974 difficultatis
1475 1909 1579 1974 nodus
1603 1909 1784 1995 questionis
1807 1909 1974 1994 preposite
1998 1930 2079 1973 eon-

422 2013 556 2077 tineret.
602 2012 653 2076 Ob
677 2012 739 2076 hoc
763 2011 894 2096 quidam
917 2034 1022 2098 nuper
1046 2012 1303 2094 considerantes,
1328 2012 1414 2099 quod
1436 2013 1587 2077 instantis
1611 2012 1736 2076 malitia
1758 2011 1914 2097 temporis
1937 2013 2081 2096 negotiis

422 2115 564 2180 diversis
589 2122 623 2180 et
646 2114 756 2180 arduis
780 2137 845 2181 non
869 2117 974 2180 solum
997 2115 1179 2181 Romanam
1203 2138 1315 2182 verum
1339 2117 1437 2182 ctiam
1461 2117 1681 2180 universalem
1708 2117 1800 2200 angit
1828 2115 2021 2195 ecclesiam,
2046 2121 2081 2179 et

423 2219 593 2305 cupientes
617 2220 649 2284 in
673 2219 736 2283 hiis
760 2219 820 2283 sub
845 2241 885 2284 ea
907 2218 1115 2307 providentia
1143 2225 1177 2283 et
1207 2219 1404 2285 discretione
1437 2219 1634 2305 procedere,
1665 2217 1750 2305 quod
1783 2225 1817 2284 et
1845 2219 1917 2304 ipsa
1944 2218 2080 2302 negotia
2135 2245 2158 2283 s

424 2328 571 2409 optatum
608 2328 742 2388 auctore
776 2322 852 2388 Deo
885 2324 983 2388 finem
1020 2324 1200 2410 suscipiant
1234 2331 1267 2389 et
1302 2323 1421 2388 exinde
1453 2323 1559 2387 honor
1585 2323 1725 2388 ecclesie
1754 2323 1901 2409 generali
1927 2329 1962 2386 et
1991 2322 2082 2386 salus

423 2427 546 2513 populo
576 2425 762 2491 Christiano
801 2433 1018 2512 consurgant,
1054 2415 1266 2492 ‘serenitatem
1301 2429 1446 2512 regalem
1483 2426 1674 2513 apostolicis
1708 2425 1915 2490 exoravimus
1951 2426 2082 2504 litteris,

425 2527 512 2615 quod
535 2551 637 2615 usque
670 2528 711 2593 ad
741 2530 862 2595 festum
890 2530 1075 2616 proximum
1099 2536 1272 2596 venturum
1304 2530 1552 2596 resurrectionis
1575 2529 1766 2610 Dominice,
1795 2529 1837 2594 ad
1864 2529 1949 2615 quod
1982 2550 2085 2615 super

425 2632 489 2698 hoc
512 2633 744 2699 advocavimus
768 2634 941 2698 concilium
964 2635 1175 2720 prelatorum,
1199 2633 1240 2699 ad
1263 2655 1322 2698 nos
1347 2635 1476 2721 regales
1498 2633 1644 2715 nuntios,
1675 2633 1730 2719 qui
1752 2632 1845 2697 nobis
1868 2633 1901 2696 in
1923 2632 1986 2696 hiis
2010 2633 2083 2697 vice

425 2737 518 2822 regia
548 2738 689 2802 salutare
720 2737 892 2802 consilium
924 2737 1084 2818 tribuant,
1114 2737 1317 2819 destinares,
1351 2745 1388 2802 ut
1419 2737 1589 2824 dispositio
1621 2743 1735 2801 nostra
1761 2743 1851 2800 tanto
1879 2737 2005 2800 cunetis
2039 2735 2083 2799 sit
2135 2762 2160 2798 ec

425 2841 558 2925 gratior,
582 2846 703 2925 quanto
728 2841 849 2926 regalis
873 2841 1003 2906 consilii
1031 2863 1069 2906 ac
1101 2842 1301 2928 prelatorum
1332 2848 1365 2907 et
1391 2843 1573 2928 principum
1601 2840 1701 2904 suerit
1727 2839 1863 2928 provida
1896 2845 1930 2904 et
1961 2838 2084 2904 salubri

426 2942 664 3008 deliberatione
689 2951 858 3030 concepta.
912 2944 1052 3025 Verum,
1090 2945 1175 3010 sicut
1197 2967 1255 3032 pro
1286 2951 1375 3010 certo
1404 2945 1646 3024 intelleximus,
1678 2942 1886 3008 adversarius
1917 2948 1951 3007 et
1979 2943 2084 3006 hostis

428 3047 569 3112 ecclesie
592 3046 781 3111 Fridericus
813 3047 918 3111 dictus
949 3048 1141 3134 imperator,
1173 3050 1228 3136 qui
1258 3050 1291 3113 111
1322 3048 1462 3114 diversis
1495 3049 1639 3113 articulis
1668 3047 1765 3112 matri
1794 3045 1934 3111 ecclesie
1964 3045 2085 3131 quibus

426 3155 537 3236 potest
560 3151 731 3215 conatibus
761 3150 968 3232 adversatur,
997 3153 1192 3218 universalis
1225 3154 1367 3218 ecclesie
1397 3151 1569 3216 comodum
1599 3151 1766 3239 proprium
1796 3151 1960 3216 extimans
1983 3149 2084 3213 detri-

428 3260 590 3334 mentum,
619 3259 655 3318 ut
686 3253 913 3320 auctoritatem
941 3257 1121 3343 apostolice
1152 3257 1240 3322 sedis
1273 3255 1452 3321 annichilet
1479 3277 1518 3321 ac
1544 3256 1704 3320 unitatem
1731 3254 1857 3320 scindat
1883 3253 1969 3340 quod
1997 3253 2086 3318 absit
2137 3278 2161 3318 as

432 3358 573 3423 ecclesie
596 3359 781 3443 generalis,
810 3361 975 3446 prelatum
1004 3360 1178 3424 concilium
1202 3361 1315 3424 nititur
1342 3359 1521 3446 impedire,
1550 3357 1752 3422 diversarum
1774 3357 1936 3422 fraudium
1958 3376 2089 3422 venena

370 3521 374 3529 .
430 3461 625 3543 conficiens,
658 3469 695 3526 ut
726 3469 921 3550 conceptum
952 3468 1020 3527 tam
1048 3463 1095 3550 pii
1123 3463 1279 3530 desiderii
1308 3463 1512 3550 propositum
1546 3461 1610 3526 hiis
1642 3461 1776 3548 perfusa
1809 3466 1914 3526 mater
1946 3460 2089 3525 ecelesia

288 3595 343 3637 oen.
359 3599 415 3646 ans.
431 3565 537 3654 pariat
560 3567 759 3645 abortivum,
791 3565 1035 3654 propterquod
1060 3567 1163 3652 ipsius
1186 3567 1241 3653 qui
1265 3567 1420 3632 calcanco
1445 3566 1585 3632 ecclesie
1616 3565 1764 3629 insidiari
1792 3586 1857 3629 non
1880 3563 2001 3628 desinit
2022 3583 2088 3626 non

430 3671 620 3756 ignorantes
643 3670 798 3752 astutias,
827 3692 868 3734 nc
899 3676 990 3734 tanta
1022 3671 1161 3735 ecclesie
1191 3671 1357 3756 generalis
1386 3671 1512 3736 utilitas
1539 3669 1580 3734 de
1611 3669 1700 3734 facili
1732 3669 1802 3734 eius
1829 3667 1904 3733 dolo
1929 3664 2089 3752 impedita

430 3773 604 3859 depereat,
635 3795 734 3858 super
762 3773 912 3837 omnibus
942 3796 1005 3858 quc
1036 3772 1078 3838 ad
1105 3780 1230 3838 tantum
1260 3774 1430 3861 negotium
1460 3772 1689 3859 exequendum
1717 3770 1898 3859 expediunt
1920 3774 2086 3834 annuente
2139 3795 2165 3832 sc

431 3877 575 3942 Domino
599 3876 770 3962 providere
795 3876 990 3952 curabimus,
1014 3885 1110 3964 prout
1133 3879 1218 3942 lator
1240 3879 1443 3965 presentium
1467 3875 1653 3942 eelsitudini
1668 3876 1758 3960 regie
1772 3875 1846 3939 viva
1861 3893 1941 3938 voce
1957 3873 2089 3959 plenius

431 3979 606 4045 intimabit.
662 3979 751 4044 Hinc
775 3984 846 4060 est,
880 3979 965 4065 quod
995 3981 1140 4066 regalem
1164 3983 1396 4048 excellentiam
1426 4001 1579 4065 rogamus
1610 3979 1769 4043 attentius
1799 3984 1832 4042 et
1858 3977 2028 4042 hortamur
2056 3977 2090 4040 in

433 4083 565 4148 domino
588 4082 667 4148 Iesu
692 4082 839 4162 Christo,
863 4082 1016 4167 quatinus
1039 4083 1168 4165 litteris,
1193 4087 1221 4150 si
1244 4107 1324 4171 quas
1348 4085 1514 4172 predictus
1537 4082 1724 4148 Fridcricus
1747 4082 1790 4146 ad
1811 4087 1844 4148 te
1868 4079 2088 4169 1111111111-

433 4185 550 4251 trarias
568 4186 729 4250 vocationi
747 4185 876 4250 concilii
899 4183 1029 4270 dirigat,
1052 4188 1197 4252 animum
1217 4189 1251 4253 in
1267 4190 1376 4274 aliquo
1399 4186 1529 4276 penitus
1545 4207 1611 4250 non
1626 4186 1798 4267 inclinans,
1821 4183 1862 4250 ad
1878 4206 1939 4250 nos
1955 4183 2090 4248 nuntios

432 4295 506 4353 tuos
537 4309 641 4373 usque
669 4286 711 4351 ad
740 4286 963 4372 supradictum
990 4289 1111 4356 festum
1140 4292 1305 4358 destinare
1335 4313 1508 4380 procures,
1538 4291 1586 4355 ita
1617 4290 1703 4376 qued
1737 4313 1780 4355 ex
1807 4290 1869 4354 hec
1892 4288 2001 4353 Deum
2028 4288 2090 4352 tibi
2141 4309 2166 4348 11

433 4393 617 4457 debitorem
641 4396 674 4454 et
698 4391 873 4456 ecclesiam
897 4392 963 4456 tuis
985 4395 1184 4461 utilitatibus
1208 4397 1385 4482 obligatam
1414 4395 1613 4476 constituas,
1645 4415 1684 4459 ac
1712 4393 1812 4458 zelari
1834 4393 1993 4457 honorem
2014 4392 2090 4455 uni·

433 4495 571 4562 versatis
606 4494 764 4571 ecclesie,
799 4495 939 4559 salutem
973 4498 1138 4583 propriam
1167 4505 1200 4563 et
1231 4499 1344 4585 pepuli
1379 4498 1557 4562 Christiani
1588 4504 1625 4563 ut
1652 4497 1805 4584 princeps
1836 4495 2017 4560 catholicus
2048 4494 2091 4559 ad

435 4600 540 4663 instar
563 4597 834 4684 predecessorum
858 4605 987 4664 tuorum
1011 4604 1158 4689 apertius
1182 4603 1413 4689 comproberis.

543 4707 619 4774 Dat.
641 4717 678 4775 ut
701 4731 807 4797 supra.

874 4851 1024 4929 Nobili
1052 4855 1149 4929 viro
1178 4911 1186 4928 .
1217 4912 1225 4930 .
1254 4857 1404 4931 comiti
1429 4857 1649 4930 Flandrie.
2142 4864 2168 4902 ⁴⁰

544 4986 659 5074 Nuper
681 4986 939 5070 considerantes,
963 4989 1048 5075 quod
1077 4990 1229 5054 instantis
1253 4989 1378 5054 malitia
1400 4989 1559 5076 temporis
1582 4995 1646 5054 etc.
1669 4992 1706 5052 ut
1734 5006 1834 5072 supra
1856 5005 1977 5068 usquc:
2013 5005 2093 5050 con·

438 5097 583 5177 surgant,
606 5089 810 5177 prudentiam
835 5096 924 5155 tuam
940 5093 1130 5178 apostolicis
1153 5093 1402 5159 sollicitavimus
1424 5092 1554 5174 littaris,
1575 5097 1612 5155 ut
1634 5111 1738 5176 usquc
1761 5087 1802 5152 ad
1825 5088 1946 5154 testum
1968 5109 2093 5174 usque:

438 5201 604 5262 annuente
628 5192 770 5257 Domino
795 5194 979 5259 curabimus
1003 5195 1187 5282 providere.
1231 5197 1318 5262 Hinc
1344 5204 1410 5278 est,
1433 5194 1520 5284 quod
1542 5195 1748 5260 nobilitatem
1774 5199 1863 5256 tuam
1887 5197 1948 5257 cte.
1971 5213 2092 5278 usque:

438 5300 569 5388 penitus
593 5315 659 5362 non
681 5295 859 5379 inclinans,
889 5297 930 5362 ad
959 5319 1018 5362 nos
1050 5321 1149 5385 super
1178 5301 1347 5386 premissis
1377 5300 1526 5365 omnibus
1557 5299 1693 5363 iddncos
1722 5303 1756 5361 et
1784 5292 1938 5381 providos
1960 5296 2094 5360 nuntios

437 5423 542 5489 usque
572 5399 615 5465 ad
645 5399 867 5487 supradictum
896 5401 1017 5467 fastum
1045 5401 1211 5470 destinare
1240 5426 1396 5491 procures
1425 5411 1487 5470 etc.
1516 5423 1638 5488 usque:
1665 5399 1780 5487 populi
1803 5396 1981 5463 Christiani
2009 5406 2093 5463 11111-
2146 5438 2175 5478 4,

438 5528 535 5594 quam
556 5505 608 5571 vir
630 5505 809 5571 catholicus
833 5506 978 5594 apertius
1001 5508 1235 5596 comproberis.

545 5618 621 5682 Dat.
645 5624 682 5682 ut
705 5638 813 5703 supra.

546 5734 587 5800 In
611 5729 751 5798 eundem
773 5729 905 5795 modum
928 5781 961 5799 ..
986 5733 1096 5800 comiti
1118 5731 1302 5798 Brittannis
1325 5735 1389 5800 cte.
1440 5791 1441 5794 ,
