4596 6406
769 405 969 461 EPISTOLAE
986 406 1175 462 subactas.
1208 407 1284 460 1239.
1792 413 1856 473 649

201 577 388 644 huiusmodi
412 581 507 665 lapsu
531 579 649 644 modici
673 581 829 666 temporis
851 581 1070 666 approbante,
1101 579 1210 643 audito
1241 578 1480 665 quodquidam
1505 602 1604 666 pravo
1629 581 1754 646 seducti
1778 603 1855 646 con-

203 681 277 744 silio
301 683 443 747 ecclesie
467 690 585 748 terram
609 684 729 748 intrare
753 685 917 760 volebant,
941 685 973 747 in
991 684 1147 762 Siciliam,
1164 685 1257 768 quasi
1280 685 1358 768 fuga
1381 692 1476 771 capta
1499 705 1540 749 ne
1564 692 1660 770 rupta
1681 686 1855 771 promissio

202 805 277 848 eum
293 785 447 850 falsitatis
463 796 625 870 argueret,
649 789 797 873 protinus
815 788 896 852 abiit
907 789 928 865 ¹,
952 811 990 851 ac
1007 795 1119 852 contra
1136 788 1209 851 illos
1225 787 1394 851 verbovel
1411 809 1510 873 opere
1528 789 1560 851 ia
1576 789 1684 873 aliquo
1701 810 1766 852 non
1781 811 1856 875 pro·

203 889 313 969 cessit,
337 890 431 954 nobis
455 892 680 978 improperans
704 892 790 976 quod
814 898 1018 956 revertentes
1042 891 1083 956 ad
1100 890 1224 956 Urbem
1240 890 1407 955 Romanos
1430 892 1513 955 filios
1538 892 1698 976 speciales
1715 893 1855 957 ecclesie

202 994 243 1058 ad
267 995 380 1058 matris
401 994 606 1059 devotionem
630 1001 769 1080 paterna
792 996 976 1060 curarimus
999 995 1168 1080 diligentia
1190 1017 1355 1060 revocare.
1401 995 1495 1059 Idem
1517 995 1663 1080 insuper,
1688 995 1855 1060 intellecto

202 1099 288 1184 quod
304 1099 379 1162 illos
395 1100 437 1164 ab
459 1100 599 1163 ecclesie
625 1099 759 1163 caritate
782 1101 956 1184 seiungere
973 1081 1105 1184 quidam
1120 1099 1300 1184 iniquitatis
1317 1099 1376 1162 lilii
1397 1099 1595 1179 nitebantur,
1619 1104 1652 1162 et
1668 1099 1855 1183 excogitato

121 1245 122 1250 κ
201 1202 288 1288 quod
310 1202 440 1267 facilius
462 1203 547 1267 hanc
571 1210 603 1267 et
633 1204 743 1288 ipsos*
770 1203 986 1290 opprimeret,
1017 1204 1044 1266 si
1068 1203 1228 1290 prefatam
1252 1203 1422 1267 caritatem
1445 1202 1595 1267 acerbius
1621 1200 1734 1266 fraude
1759 1202 1855 1266 solita

202 1307 404 1378 vulneraret,
435 1307 530 1370 nobis
558 1312 634 1371 tunc
657 1306 763 1371 Reate
786 1307 995 1392 presentibus
1025 1307 1066 1370 ad
1095 1306 1209 1371 sedem
1232 1307 1375 1371 cucurrit
1397 1305 1638 1392 apostolicam²
1667 1306 1767 1369 etiam
1790 1327 1855 1370 non

202 1417 348 1494 rogatus,
371 1410 428 1473 abi
452 1409 512 1473 sub
535 1409 640 1472 multa
662 1409 847 1473 humilitate
872 1411 1065 1494 promittens
1088 1410 1174 1495 quod
1191 1416 1312 1474 terram
1329 1409 1470 1474 ecclesia
1487 1407 1648 1495 perditam
1665 1409 1699 1472 ia
1714 1399 1854 1494 primum

204 1518 325 1576 statum
349 1511 520 1577 reduceret
544 1519 576 1577 et
599 1513 705 1597 ipsam
728 1534 788 1596 pro
811 1513 937 1576 viribus
960 1512 1158 1590 defensaret,
1183 1513 1215 1576 in
1233 1512 1363 1592 Tuscia,
1387 1511 1428 1575 ad
1451 1533 1547 1596 quam
1564 1512 1650 1576 vires
1675 1534 1751 1576 suas
1777 1534 1854 1576 con-

202 1615 290 1694 tulit,
319 1617 600 1701 recuperationem
631 1617 799 1681 cuiusdam
833 1618 962 1695 castri³,
994 1617 1080 1702 quod
1110 1615 1151 1680 ad
1182 1618 1233 1680 ius
1265 1616 1406 1681 ecclesie
1437 1614 1566 1679 modico
1597 1615 1709 1680 reduci
1742 1616 1854 1681 labora

202 1727 349 1805 poterat,
373 1720 553 1806 impedivit.
599 1721 642 1785 Et
665 1744 736 1786 cum
762 1721 867 1785 adhuc
889 1743 1006 1786 manus
1030 1719 1189 1785 tradentis
1212 1721 1383 1784 nobiscum
1416 1725 1529 1784 esseut
1556 1719 1588 1782 in
1621 1741 1750 1800 mensa,
1781 1743 1853 1785 cum
1872 1746 2008 1798 cuasam.

202 1822 352 1887 hostibus
377 1824 536 1904 ecclesie,
570 1825 654 1889 sieut
684 1847 727 1889 ex
759 1825 997 1909 consequentia
1026 1825 1103 1888 facti
1133 1831 1167 1888 et
1194 1825 1313 1888 litteris
1342 1823 1429 1902 suis,
1460 1843 1522 1907 que
1546 1843 1566 1886 a
1586 1822 1682 1886 nobis
1706 1824 1739 1887 in
1762 1831 1855 1890 tanto

202 1925 396 2010 proditionis
421 1928 644 1992 testimonium
668 1934 892 2007 reservantur,
917 1935 1030 2014 aperte
1055 1928 1267 2004 convincitur,
1291 1928 1354 1991 hoc
1378 1927 1472 2011 signo
1497 1925 1572 1990 dato
1589 1924 1691 1991 ludeb
1713 1927 1854 1992 vicarius

203 2027 356 2114 pepigit0,
394 2037 430 2094 at
461 2031 532 2116 ipso
563 2039 653 2096 certo
685 2032 737 2096 die
765 2030 884 2096 exinde
914 2032 1089 2097 recedente
1100 2033 1124 2112 ⁴,
1156 2032 1204 2095 illi
1240 2030 1280 2094 ad
1313 2052 1403 2095 arma
1436 2035 1671 2113 consurgerent
1703 2037 1737 2094 et
1765 2031 1855 2095 beati

202 2131 294 2196 Petri
316 2135 547 2220 patrimonium
572 2143 781 2222 occuparent.
825 2136 945 2201 Videte
969 2136 1078 2220 igitur,
1102 2157 1164 2222 que
1189 2135 1283 2199 nobis
1308 2135 1369 2199 sub
1392 2134 1485 2220 pardi
1505 2133 1664 2197 varietate
1681 2133 1743 2198 iste
1763 2155 1854 2199 mons
1873 2147 2026 2198 loram-uas-

202 2236 339 2320 pestifer
364 2237 548 2303 devotionis
576 2240 735 2324 obsequia
762 2240 914 2326 prestitit.
966 2237 1156 2318 Attendite,
1186 2239 1300 2324 quales
1329 2237 1471 2302 ecclesie
1500 2236 1676 2300 famulatus
1708 2239 1854 2302 occultus

201 2339 306 2404 hostis
335 2341 511 2428 impendit,
540 2345 596 2428 qui
624 2344 658 2407 in
688 2344 950 2408 ecclesiasticum
979 2343 1204 2408 transformari
1232 2364 1297 2407 non
1326 2341 1457 2407 erubuit
1485 2341 1661 2419 famulum,
1693 2347 1730 2405 ut
1759 2341 1855 2406 nobis

204 2443 369 2509 efficacior
392 2445 489 2510 fieret
509 2446 549 2510 ad
572 2446 766 2511 nocendum.

312 2548 376 2612 Pro
399 2550 492 2614 firmo
516 2557 625 2616 tamen
649 2558 837 2615 tencteros
860 2550 1020 2636 cupimus,
1044 2549 1131 2635 quod
1147 2571 1216 2630 nos,
1238 2550 1301 2613 hiis
1323 2549 1384 2614 sub
1401 2547 1662 2612 dissimulatione
1680 2545 1854 2635 preteritis,

202 2651 289 2714 circa
312 2652 418 2736 ipsum
442 2652 549 2718 adhuc
572 2677 637 2720 noa
660 2657 891 2742 permittentes
914 2655 1078 2719 immutari
1094 2654 1249 2719 affectum
1264 2654 1446 2738 apostolice
1462 2652 1624 2739 puritatis,
1649 2674 1709 2738 pcr
1731 2651 1853 2714 dietum

201 2753 518 2842 archiepiscopum⁵,
543 2760 720 2824 commisso
745 2761 808 2824 sibi
831 2759 1007 2845 legationis
1030 2758 1149 2834 officio,
1173 2758 1243 2822 iura
1266 2757 1297 2821 ei
1320 2763 1354 2821 ct
1369 2757 1495 2843 prefato
1513 2754 1657 2820 Corrado
1682 2755 1714 2818 in
1738 2753 1855 2818 codem

204 2879 305 2942 regno
320 2859 583 2925 lerosolimitano
600 2862 826 2927 mandavimus
843 2863 1010 2927 subtracta
1026 2861 1164 2926 restitui.
1200 2860 1263 2935 Qui
1279 2860 1357 2924 licet
1372 2859 1407 2923 id
1422 2859 1551 2932 fecerit,
1569 2860 1645 2944 quia
1660 2865 1770 2922 tamen
1785 2855 1853 2920 for-

203 2983 289 3025 mam
303 2963 366 3026 sibi
380 2962 498 3044 datam,
511 2971 645 3050 propter
657 2965 743 3051 quod
755 2966 797 3030 ab
810 2987 849 3030 eo
861 2965 903 3029 ad
916 2986 975 3029 nos
993 2965 1104 3029 extitit
1120 2964 1331 3050 appellatum,
1347 2962 1523 3038 excedens,
1537 2961 1672 3024 Terram
1690 2960 1853 3040 Sanctam,

203 3063 288 3148 quod
316 3087 380 3130 non
410 3073 462 3131 est
492 3067 639 3131 auditum
667 3090 687 3132 a
715 3069 842 3148 seculo,
859 3075 948 3155 ¹post
977 3066 1232 3154 appellationem
1261 3066 1449 3130 huiusmodi
1483 3066 1647 3130 sententie
1682 3065 1855 3151 supposuit

201 3167 377 3250 interdicti,
401 3192 470 3249 nos,
496 3170 704 3237 attendentes
728 3171 814 3258 quod
838 3173 879 3237 ob
903 3171 936 3235 id
960 3172 993 3235 in
1016 3170 1194 3234 maximum
1218 3167 1367 3233 eiusdem
1387 3175 1473 3234 terre
1489 3169 1671 3256 periculum
1687 3168 1854 3254 peregrini

201 3293 244 3335 ex
272 3271 345 3356 ipsa
372 3274 566 3340 recederent
590 3283 622 3340 et
646 3277 701 3340 alii
725 3277 874 3363 inceptos
898 3276 938 3340 ad
962 3275 1052 3339 illam
1076 3275 1234 3338 transitus
1258 3273 1477 3351 retardarent,
1501 3273 1622 3338 dictam
1646 3272 1852 3349 sententiam,

201 3397 265 3460 que
287 3382 401 3462 utpote
426 3379 492 3442 lata
515 3386 590 3465 post
613 3381 868 3466 appellationem
891 3380 1071 3464 legitimam
1095 3378 1167 3464 ipso
1191 3377 1261 3441 iure
1285 3377 1375 3441 nulla
1397 3377 1519 3454 fuerat,
1551 3377 1585 3439 in
1607 3375 1758 3440 omnibus
1781 3376 1852 3439 aliis

201 3479 319 3564 prefati
343 3479 582 3568 archiepiscopi
606 3484 728 3546 intacto
753 3490 944 3548 remanente
967 3503 1141 3569 processu,
1166 3481 1343 3545 sufficienti
1366 3502 1385 3542 a
1407 3479 1602 3559 baronibus,
1629 3479 1796 3544 nobilibus
1820 3485 1853 3542 et

203 3583 492 3647 communitatibus
516 3587 608 3670 regni
631 3585 768 3671 predicti
793 3585 944 3650 cautione
967 3592 1112 3671 recepta,
1136 3585 1168 3649 in
1191 3584 1277 3648 omni
1303 3580 1489 3646 sinceritate
1506 3582 1547 3647 de
1568 3581 1703 3646 fratrum
1724 3589 1852 3646 nostro-

202 3705 273 3749 rum
297 3687 434 3751 consilio
458 3687 611 3752 duximus
635 3688 846 3752 relaxandam
856 3690 879 3754 ⁰.
932 3688 1028 3762 Quod
1051 3709 1130 3772 argo
1159 3689 1230 3773 ipse
1261 3686 1302 3750 de
1329 3685 1424 3750 nobis
1448 3684 1490 3750 ob
1514 3685 1576 3750 hoc
1599 3685 1695 3749 labiis
1719 3685 1853 3771 pollutis

203 3786 399 3874 obloquitur,
422 3797 532 3855 vester
555 3791 681 3854 animus
704 3812 770 3855 non
793 3790 957 3872 turbetur,
981 3791 1058 3876 quia
1081 3813 1154 3855 cum
1178 3792 1300 3855 situas
1324 3790 1486 3874 repletum
1510 3788 1662 3852 ritiomm
1686 3787 1852 3873 spurcitia,

202 3912 243 3954 ea
265 3913 327 3976 que
349 3893 452 3979 ipsius
475 3894 660 3958 infecerunt
682 3895 824 3958 animum
858 3895 1009 3982 putatia
1032 3895 1107 3959 aliis
1130 3894 1300 3959 criminum
1327 3892 1477 3958 desevire
1508 3898 1683 3964 tormenta;
1715 3913 1758 3956 ex
1787 3912 1851 3975 quo

203 4016 277 4059 cum
299 3997 457 4061 malorum
481 3997 659 4084 obprobria
684 3997 829 4078 laudem,
860 3999 977 4064 laudes
1010 4020 1139 4085 quoque
1168 3996 1378 4082 obprobrium
1401 4001 1573 4074 resonent,
1602 3994 1727 4074 ariro,
1759 3993 1853 4058 cuius

203 4098 273 4163 fere
297 4099 401 4164 omnis
425 4099 538 4186 lingua
561 4103 679 4166 clamat
700 4102 878 4183 infamiam,
901 4102 987 4168 fame
1011 4101 1299 4188 suggillationibus
1322 4099 1436 4186 impeti
1452 4099 1603 4184 eligimus
1618 4098 1720 4162 multo
1736 4097 1852 4162 fortias
1939 4095 1941 4100 ’

203 4221 300 4285 quam
323 4201 458 4268 laudari.
504 4202 564 4269 Set
585 4203 696 4269 forsan
718 4206 880 4270 maculam
903 4207 1067 4292 opinionis
1092 4226 1149 4270 sue
1172 4205 1237 4268 hiis
1260 4203 1365 4268 credit
1388 4202 1522 4267 abolere
1546 4201 1706 4280 convitiis,
1729 4221 1792 4286 qua
1815 4221 1851 4264 se

202 4302 278 4367 dum
302 4302 444 4369 Viterbii
467 4315 649 4372 moraretur
671 4309 838 4390 inficiens,
861 4331 880 4374 a
903 4308 987 4375 facie
1010 4309 1153 4374 hostium
1177 4308 1316 4373 ecclesie
1339 4327 1406 4370 non
1427 4305 1633 4371 verecundus
1656 4303 1793 4388 aufugit,
1818 4311 1851 4367 et

201 4405 243 4471 ad
266 4405 492 4473 defensionem
515 4432 647 4475 suorum
670 4411 833 4492 fidelium,
864 4434 946 4498 quos
975 4413 1078 4499 ipsius
1112 4413 1226 4476 hostes
1254 4411 1288 4474 in
1318 4411 1421 4475 oculis
1445 4408 1539 4474 eiust
1571 4407 1784 4487 obsederant,
1818 4413 1851 4471 ct

203 4509 410 4575 obsessorum
435 4519 555 4577 terram
579 4515 668 4579 nullo
691 4515 884 4601 prohibente
907 4523 1090 4597 vastarent,
1114 4515 1279 4580 affirmans
1305 4535 1399 4579 suum
1422 4535 1483 4599 per
1504 4534 1564 4577 nos
1587 4511 1628 4576 ad
1650 4511 1725 4575 illos
1749 4512 1849 4576 inter-

207 4613 271 4678 dici
295 4636 520 4700 progressum,
550 4619 728 4706 imperialis
751 4621 885 4685 honoris
908 4620 1081 4706 prodigus,
1112 4628 1162 4685 set
1190 4620 1308 4684 timore
1332 4617 1515 4706 prohibitus
1538 4635 1603 4678 non
1625 4614 1784 4686 accessit;
1808 4634 1851 4678 ex

203 4738 242 4782 ea
265 4717 486 4784 innocentiam
510 4727 656 4786 nostram
683 4744 859 4804 accusans,
892 4722 978 4808 qood
1004 4722 1045 4787 ad
1075 4721 1228 4788 evitanda
1254 4718 1440 4785 huiusmodi
1462 4738 1652 4806 guerrarum
1680 4715 1853 4802 dispendia

202 4821 351 4884 nuntium
374 4843 393 4886 a
415 4823 519 4889 latere
543 4832 655 4889 nostro
678 4846 743 4889 non
757 4827 904 4892 misimus
916 4827 938 4890 l.
974 4825 1108 4891 Setaea
1125 4827 1252 4906 miram,
1276 4844 1350 4888 cum
1368 4845 1407 4888 ao
1423 4831 1571 4909 tempore
1588 4827 1693 4884 status
1711 4819 1851 4884 ecclesie

203 4922 374 5008 multiplici
408 4925 525 4991 fuisset
555 4935 801 5012 persecutorum
834 4929 1011 4994 afflictione
1048 4929 1207 4994 turbatus.
1261 4926 1422 4992 Venimus
1458 4931 1568 4989 autem
1603 4923 1645 4988 ad
1678 4922 1851 4986 Civitatem

205 5026 427 5092 Castellanam
435 5029 458 5108 ⁸,
482 5029 575 5094 cuius
600 5030 688 5094 cives
713 5053 748 5096 se
766 5032 812 5096 illi
828 5033 949 5096 violato
967 5039 1171 5098 sacramento
1188 5029 1275 5110 fidei,
1298 5028 1440 5093 ccclesia
1455 5028 1637 5112 ignorante,
1663 5023 1851 5110 prodentes,

309 5153 335 5158 ¹-
626 5153 719 5160 “·“-“··
959 5159 1004 5162 -η-
1029 5157 1238 5164 ——.—......-.
1276 5155 1329 5160 --
1345 5155 1453 5160 --—-
1473 5153 1511 5158 .-
1537 5153 1561 5156 -
1583 5151 1668 5156 ..----
1681 5151 1748 5156 --...

125 5256 150 5296 ⁴5
311 5221 333 5285 ⁸)
352 5221 378 5272 ia
397 5239 494 5272 rasura
520 5220 608 5273 eodem
635 5237 715 5274 manu
739 5225 868 5290 ammaon.
967 5221 991 5290 b)
1010 5226 1047 5276 ita
1069 5226 1160 5290 optim
1184 5225 1288 5276 cmriceit
1311 5223 1347 5272 W.
1371 5219 1460 5286 aleyer
1482 5219 1511 5269 iu
1534 5216 1641 5269 Forwh·
1665 5235 1686 5266 2·
1711 5215 1736 5266 d*
1763 5214 1850 5265 &wll-

202 5316 219 5356 t.
238 5305 316 5370 XIX,
329 5327 359 5372 p.
380 5313 425 5367 76,·
442 5307 543 5360 indoli.
563 5316 586 5359 et
603 5307 695 5359 arama
710 5309 773 5361 Par.
856 5307 877 5376 ⁸)
896 5312 973 5378 pepig
985 5312 1033 5372 R.,·
1049 5315 1067 5378 g
1084 5312 1112 5362 in
1129 5328 1228 5361 rantra
1245 5311 1335 5362 cadem
1351 5323 1432 5358 mono
1449 5305 1570 5372 scriptum
1587 5311 1631 5355 est.
1712 5299 1735 5366 ⁴)
1754 5303 1852 5352 littam

202 5393 226 5442 ei
244 5393 272 5442 in
289 5410 385 5443 rantra
407 5393 495 5444 cedem
512 5411 592 5444 arana
610 5396 720 5461 scriptae
737 5404 803 5448 aaut.

307 5510 334 5576 1)
355 5509 397 5576 Cf.
416 5525 442 5563 a.
462 5513 524 5563 510.
635 5510 663 5576 ⁶2)
682 5527 707 5565 a.
726 5515 811 5577 1234,
830 5513 895 5566 Iun.
1000 5513 1027 5578 3)
1046 5511 1245 5581 Respampaaa'
1261 5529 1296 5566 ea
1314 5511 1448 5566 occidente
1471 5507 1596 5564 Viterbii.
1681 5508 1709 5574 4)
1727 5523 1754 5561 a.
1772 5511 1852 5575 rael,

202 5593 276 5662 Sept.
373 5595 401 5664 ὃ)
420 5597 617 5660 humectam,
642 5595 836 5652 Theodericum
858 5598 979 5661 aomina·
1004 5597 1041 5664 cs.
1064 5614 1091 5650 a
1112 5601 1173 5650 59⁴.
1272 5598 1301 5666 6)
1326 5597 1367 5664 Os.
1389 5612 1415 5650 a.
1441 5599 1504 5650 656.
1603 5594 1631 5662 l)
1655 5591 1698 5660 Of.
1720 5591 1852 5646 Balmar-

126 5703 151 5744 ω
203 5679 312 5744 Blctcr,
329 5681 347 5735 l.
364 5698 388 5736 c.
405 5685 510 5734 20⁴8a.
598 5682 624 5749 8)
644 5682 718 5740 eiua
734 5682 765 5741 di
784 5685 914 5751 Casuum
930 5685 967 5756 cs.
982 5701 1012 5758 p.
1032 5687 1096 5750 598,
1113 5689 1168 5740 not
1189 5688 1207 5738 3
1225 5687 1250 5740 et
1263 5703 1293 5755 p.
1314 5687 1378 5740 602.

308 5781 371 5836 Blo-
388 5781 466 5834 Pars.
485 5781 505 5834 1.
1593 5777 1628 5831 82
