4538 6426
428 401 447 471 6
1019 395 1068 456 EX
1085 395 1242 457 Honoan
1259 397 1300 456 111
1317 395 1498 456 REGIS'IRO

428 585 632 658 Szirinsia
657 588 698 657 et
729 580 1084 674 Raoesburgensi
1113 581 1331 676 episcopis
1358 586 1401 655 et
1428 579 1658 672 preposito
1686 575 2082 674 aacesourgensu.

534 733 742 799 Venerabilis
764 731 865 796 frater
891 739 1004 797 noster
1027 779 1035 796 .
1060 781 1067 794 .
1093 731 1288 796 Lubieensis
1310 730 1507 817 episcopus²
1535 731 1705 817 proposuit
1724 752 1831 794 coram
1854 732 1965 813 nobis,
1996 733 2084 818 quod

428 858 501 904 cum
534 836 572 900 L.
606 835 768 921 quondam
801 836 987 920 prepositus
1016 835 1156 898 ecclesie
1187 834 1445 919 Segebergensis
1472 833 1667 897 Lubieensis
1702 832 1843 898 diocesis
1876 836 2082 920 prepositure

427 940 653 1004 renunciasset
677 938 799 1018 officio,
824 959 918 1001 suum
940 937 1119 1023 prudenter
1142 938 1352 1003 considerans
1377 937 1619 1023 imperfectum,
1643 936 1730 1000 idem
1751 936 1931 1003 Iohannem
1950 938 2081 1018 Album,

428 1043 620 1107 canonicum
643 1040 791 1106 eiusdem
809 1042 960 1120 ecclesie,
984 1043 1039 1127 qui
1054 1049 1187 1128 propter
1203 1063 1361 1107 excessus
1377 1062 1453 1105 suos
1470 1040 1643 1124 multiplici
1659 1047 1729 1103 erat
1744 1042 2082 1106 excommunicatione
2125 1055 2136 1092 ⁶

426 1147 558 1230 ligatus,
583 1145 780 1229 contemptis
796 1142 992 1228 quibusdam
1015 1145 1118 1228 ipsius
1135 1146 1274 1209 ecclesie
1293 1143 1458 1222 fratribus,
1484 1143 1538 1226 qui
1558 1141 1675 1206 adesse
1694 1149 1846 1227 poterant
1863 1151 1896 1208 et
1908 1143 2083 1224 debebant,

427 1254 551 1313 temere
574 1249 608 1312 iu
635 1246 773 1312 eandem
800 1248 1040 1332 preposituram
1063 1247 1213 1322 intrusit;
1249 1249 1304 1332 qui
1335 1268 1407 1312 eum
1431 1246 1472 1309 ab
1497 1247 1638 1310 ccclesia
1666 1267 1700 1310 se
1724 1247 1934 1312 absentasset
1956 1248 2083 1328 eadem,

428 1354 537 1438 sigillo
561 1359 594 1417 et
615 1352 796 1437 privilegiis
819 1351 922 1436 ipsius
946 1353 1085 1416 ecclesie
1109 1355 1300 1436 asportatis,
1329 1352 1416 1416 idem
1439 1351 1623 1436 episcopus,
1647 1351 1869 1435 appellatione
1893 1373 1988 1436 quam
2011 1353 2083 1437 qui-

429 1455 504 1519 dam
537 1455 682 1520 fautores
721 1455 799 1518 dicti
835 1453 991 1517 Iohannis
1028 1454 1232 1519 frustratorie
1263 1455 1494 1518 interiecerant
1528 1453 1645 1517 frivola
1676 1459 1840 1538 reputata,
1878 1454 1911 1516 in
1944 1454 2085 1519 eundem

328 1623 330 1628 ,
427 1557 609 1622 Iohannem
639 1556 989 1621 excommunicationis
1015 1558 1211 1620 sententiam
1234 1557 1463 1642 promulgavit.
1509 1555 1575 1620 Sed
1598 1555 1684 1618 idem
1711 1556 1903 1620 investitura
1922 1557 1961 1621 de
1984 1578 2082 1622 manu
2112 1587 2136 1622 m

429 1661 536 1724 laicali
559 1665 703 1745 recepta,
727 1658 1021 1732 amministrationi,
1046 1659 1290 1724 confirmatione
1314 1659 1355 1723 ab
1373 1660 1445 1744 ipso
1462 1659 1615 1743 episcopo
1632 1679 1697 1722 non
1713 1658 1855 1737 obtenta,
1879 1682 1914 1724 se
1930 1662 2083 1745 ingerens

427 1763 645 1849 impudenter,
669 1762 779 1826 divina
805 1763 1105 1825 excommunicatus
1125 1764 1325 1848 presumpsit
1343 1762 1452 1826 officia
1475 1762 1653 1837 celebrare,
1677 1784 1776 1847 quare
1793 1762 1879 1827 idem
1900 1765 2083 1851 episeopus,

429 1872 558 1930 cassato
583 1865 671 1951 qnod
693 1865 734 1929 de
756 1867 813 1928 illo
829 1865 937 1928 fuerat
959 1871 1199 1950 attemptatum,
1219 1866 1256 1929 T.
1277 1867 1469 1930 canonicum
1478 1865 1771 1944 Novimcnastcrii,
1794 1866 1899 1929 virum
1916 1874 1952 1930 ut
1967 1870 2085 1932 asserit

428 1967 597 2054 providum
621 1973 654 2032 et
677 1967 860 2048 honestum,
884 1968 918 2032 in
933 1969 1136 2053 prepositum
1153 1969 1294 2032 instituit
1317 1970 1457 2033 ecclesie
1467 1975 1664 2047 memorate,
1690 1968 1877 2055 supplicans
1900 1977 1936 2033 ut
1950 1993 2083 2056 proces-

430 2094 501 2136 sum
525 2094 619 2136 suum
642 2072 790 2137 obtinere
818 2072 1002 2137 faceremus
1033 2071 1176 2136 debitam
1205 2071 1402 2137 firmitatem.
1467 2070 1628 2143 Quocirca
1657 2071 1848 2135 discretioni
1879 2080 1988 2138 vestre
2025 2096 2084 2160 per
2113 2104 2136 2140 rs

429 2176 609 2260 apostolica
633 2177 754 2261 scripta
775 2177 983 2252 mandamns,
1014 2177 1166 2261 quatinus
1201 2177 1326 2240 vocatis
1355 2177 1410 2261 qui
1436 2175 1558 2239 fuerint
1587 2175 1760 2252 evocandi,
1796 2183 1830 2240 ot
1862 2176 1981 2241 auditis
2009 2177 2084 2242 hinc

428 2277 504 2342 inde
528 2280 723 2364 propositis,
759 2280 845 2363 quod
868 2280 1059 2343 canonicum
1082 2280 1182 2345 luerit
1216 2282 1435 2367 appellatione
1472 2280 1656 2368 postposita
1694 2280 1854 2342 statuatis.
1910 2281 2085 2346 Facientes

429 2388 491 2448 etc.
516 2381 611 2455 Quod
634 2383 662 2446 si
685 2404 749 2448 non
773 2404 886 2447 omnes
911 2389 972 2446 cte.
1001 2381 1065 2446 duo
1089 2391 1233 2447 vestrum
1257 2388 1319 2447 etc.

534 2484 610 2548 Dat.
634 2484 739 2550 Rome
762 2484 849 2572 apud
872 2484 1027 2549 Sanctum
1044 2485 1190 2566 Petrum,
1212 2485 1245 2549 X
1268 2484 1343 2549 Kal.
1364 2484 1569 2565 Decembris,
1593 2484 1800 2570 pontificatus
1824 2487 1927 2550 nostri
1951 2508 2035 2551 anno
2060 2486 2086 2551 I.

1239 2852 1273 2924 7.

540 2964 726 3061 Honorius
740 2998 786 3061 Π
786 2997 807 3061 Ι
811 3018 901 3078 papa
923 2998 1041 3072 cio-ibus
1057 2997 1291 3061 Bcucocutauis
1306 2999 1469 3078 coufirmat
1491 2997 1669 3074 libertatem,
1693 2997 1775 3078 quod
1796 2997 1971 3078 artioremque
1991 2998 2080 3062 duur·
2112 3014 2138 3050 ‘20

427 3100 515 3164 arado
536 3100 615 3164 liber
637 3105 778 3165 transcat
800 3101 843 3163 ad
868 3101 1038 3164 ‘iaculatum
1063 3101 1199 3163 eludatis
1221 3121 1325 3164 carum
1357 3104 1386 3161 ct
1403 3121 1509 3180 papae
1532 3105 1560 3162 ot
1581 3101 1723 3164 ccclesiae
1741 3099 1903 3163 Romanae
1922 3101 2087 3181 fidetilatls

428 3203 570 3267 cubibcat
591 3202 818 3281 iuramcutma,
842 3204 960 3266 causari
981 3203 1088 3267 debeat
1106 3207 1256 3283 tanquam
1278 3203 1362 3280 civia,
1385 3224 1441 3266 acc
1459 3204 1598 3283 compelli
1616 3203 1724 3282 possit,
1745 3208 1780 3265 ut
1801 3203 1844 3266 ad
1864 3202 2087 3267 liubilatiouem

427 3306 534 3369 redcat
554 3305 741 3370 decollatum.
1752 3309 1845 3383 1216,
1867 3305 1942 3370 Dea.
1967 3310 1997 3369 1.

532 3427 606 3479 Hom.
624 3426 682 3479 ΙΙΙ
696 3427 765 3496 Rea.
789 3427 845 3480 Vol.
864 3427 889 3491 I,
907 3431 959 3493 23‚·
977 3425 1040 3480 Lib.
1061 3427 1086 3490 I,
1106 3430 1146 3479 91.

532 3512 670 3577 Pottbast
688 3513 756 3583 ltep.
775 3512 848 3567 Add.
867 3515 885 3567 1
905 3516 1138 3567 aanor—masa).

985 3708 1165 3781 Civibus
1193 3708 1532 3780 Beneventanis

537 3857 620 3923 Cum
644 3879 663 3921 a
685 3858 793 3942 longis
809 3864 895 3924 retro
911 3860 1113 3945 temporibus
1137 3859 1251 3922 civitas
1267 3857 1503 3921 Beneventano
1518 3856 1704 3920 huiusmodi
1720 3857 1834 3940 gavisa
1857 3858 1899 3920 sit
1920 3856 2083 3936 libertate,

430 3960 517 4046 quod
533 3961 726 4045 quicumque
746 3960 918 4026 dummodo
942 3963 1026 4027 liber
1048 3963 1141 4046 eligit
1163 3961 1399 4025 habitationem
1423 3960 1524 4044 ipsius
1548 3967 1581 4022 ot
1604 3960 1699 4022 nobis
1723 3967 1756 4023 ot
1778 3961 1918 4024 ecclesie
1934 3959 2081 4023 Romane

429 4062 596 4128 fidelitatis
620 4063 755 4128 exhibet
777 4065 1011 4145 iuramentum,
1040 4065 1167 4146 conseri
1190 4064 1310 4128 debeat
1333 4063 1374 4126 ab
1398 4062 1547 4126 omnibus
1572 4069 1734 4146 tamquam
1758 4063 1856 4142 olvis,
1886 4063 2081 4126 auctoritate

429 4167 629 4253 presentium
650 4166 827 4230 districtius
850 4167 1044 4237 inhibemus,
1067 4190 1107 4233 ne
1129 4169 1201 4253 quis
1222 4167 1348 4251 eosqui
1369 4165 1412 4229 ad
1427 4165 1530 4250 ipsius
1548 4165 1687 4228 civitatis
1705 4172 1874 4229 transeunt
1893 4165 2081 4246 iueolatum,
2109 4189 2135 4225 so

429 4269 617 4356 presumatb
640 4271 851 4354 compellere,
881 4277 918 4334 ut
946 4271 995 4356 ad
1018 4272 1238 4335 habitationes
1267 4269 1404 4333 redeant
1426 4268 1610 4358 derelictas.
1666 4268 1757 4333 Nulli
1779 4291 1857 4353 ergo
1881 4275 1942 4333 etc.
1973 4274 2084 4331 nostre

431 4373 633 4437 inhibitionis
658 4379 718 4436 etc.
765 4372 800 4435 Si
823 4374 894 4458 quis
917 4382 1028 4438 autem
1051 4382 1113 4439 eto.

538 4474 615 4539 Dat.
638 4475 741 4539 Rome
764 4477 850 4562 apud
874 4477 1030 4541 Sanctum
1051 4478 1196 4556 Petrum,
1220 4476 1294 4542 Kal.
1317 4474 1453 4540 Decem.
1477 4474 1685 4559 pontificatus
1709 4475 1812 4539 nostri
1834 4496 1918 4539 anno
1943 4474 1968 4537 Ι.

1238 4859 1273 4930 8.

543 4971 729 5068 Hortarius
764 5005 830 5069 ΙΙΙ
860 5027 951 5086 papa
983 5006 1213 5090 Afflalbcrom]
1246 5006 1471 5088 Salodurpausi
1503 5010 1532 5068 ct
1564 5005 1763 5090 F[ridcrioo]
1794 5006 2084 5086 Bcrthqudcmcasi

427 5107 624 5190 praepositis,
648 5108 766 5172 edoceri
783 5109 1026 5188 postulantibus
1049 5129 1093 5172 aa
1115 5110 1176 5173 sibi
1188 5109 1340 5193 professis
1360 5109 1500 5173 ordinem
1521 5108 1703 5200 reputatae,
1725 5129 1857 5188 qaorum
1878 5109 1959 5172 aller
1981 5129 2083 5172 crucc—
2109 5125 2134 5161 :u

530 5369 551 5432 ¹¹)
571 5369 606 5417 ita
621 5386 671 5433 pro
689 5370 837 5420 Suarinensi
856 5369 887 5418 It.
972 5368 994 5433 Ι’)
1013 5377 1160 5435 presumant
1178 5368 1209 5418 u.

535 5521 561 5588 l)
591 5520 770 5574 wicmannus
797 5520 979 5589 praepositus
1006 5520 1243 5589 Raecaburyeneis
1274 5526 1500 5574 commemoratur
1525 5525 1607 5585 1217,
1645 5522 1715 5575 Mai.
1735 5527 1790 5589 24,·
1825 5523 1862 5590 cs.
1889 5522 2081 5590 Meltarbmy.

434 5606 464 5661 U.
483 5607 518 5660 B.
533 5623 562 5674 p.
581 5611 645 5660 220.
719 5609 746 5673 2)
765 5607 931 5671 Bertoldus,
954 5607 1001 5660 cui
1020 5607 1110 5660 eodan
1128 5609 1173 5662 die
1187 5624 1266 5677 papa
1281 5608 1456 5676 primlepr'um
1474 5610 1613 5672 coacessit,
1632 5610 1734 5662 alitum
1751 5610 1782 5662 ia
1802 5609 1866 5663 Cod.
1884 5609 1962 5677 Dipl.
1982 5607 2083 5660 Labeo.

430 5692 474 5757 II,
489 5710 519 5762 p.
539 5696 583 5746 36.
