4524 6412
700 425 900 480 apl-aroana
918 426 1107 481 subucula.
1144 429 1218 482 tran.
1728 439 1790 500 303

135 591 329 657 Christianis
353 593 466 657 habita
489 596 665 676 montione,
689 619 754 662 non
777 599 838 663 fuit
860 607 1007 664 nostrum
1023 599 1209 678 consilium,
1231 600 1317 684 quod
1340 601 1380 666 de
1406 604 1587 668 munitione
1610 606 1666 671 illa
1689 609 1790 672 intro-

133 696 263 760 mittere
287 718 347 760 nos
370 698 541 776 vellemus,
566 701 642 784 quia
665 709 740 786 post
763 723 929 768 recessum
953 703 1161 788 imperatoris
1185 703 1295 769 dicere
1320 712 1431 790 posset
1457 708 1629 774 soldanus:
1665 711 1791 792 ‘Exite

135 800 257 863 nullam
280 801 386 865 haheo
410 803 660 868 couventionem
685 806 883 886 vobiscum',
914 814 947 871 et
977 807 1132 871 soldanus
1156 807 1328 886 Damasci,
1360 831 1433 873 cunr
1467 833 1531 896 quo
1555 825 1703 899 treugam
1727 837 1792 880 non

135 905 311 984 habemus,
345 915 459 992 posset
487 928 546 972 nos
577 910 721 994 graviter
748 910 920 984 infestare;
956 916 990 974 et
1017 911 1093 994 quia
1121 918 1237 995 treuge
1268 911 1372 978 forma
1402 916 1589 982 continebat
1622 942 1791 1006 expresse,

69 1025 81 1059 a
136 1007 221 1093 quod
245 1007 418 1075 Sarraceni
442 1012 474 1075 in
498 1035 596 1078 manu
620 1034 680 1077 sua
702 1014 859 1098 templum
882 1013 1016 1077 Domini
1040 1015 1124 1078 sicut
1147 1023 1245 1080 autea
1268 1015 1471 1098 detinerent,
1503 1028 1538 1085 et
1560 1023 1646 1106 quod
1669 1025 1791 1089 ibidem

133 1113 188 1176 lex
223 1134 336 1179 eorum
369 1115 505 1183 deberet
540 1117 635 1182 modo
671 1118 767 1182 solito
799 1118 1009 1202 proclamari,
1045 1139 1117 1181 curn
1153 1119 1268 1182 civitas
1302 1121 1433 1185 omnino
1472 1125 1573 1189 cultui
1604 1125 1791 1191 Christiano

133 1216 285 1280 restituta
309 1239 374 1282 non
397 1226 502 1300 esset,
531 1221 688 1306 precipue
719 1241 793 1284 cum
817 1219 971 1284 soldanus
994 1219 1169 1296 Damasci,
1200 1223 1252 1285 cui
1276 1243 1375 1309 super
1397 1223 1487 1289 dicta
1510 1228 1718 1294 restitutione
1740 1231 1790 1293 in-

134 1319 302 1385 ferebatur
325 1322 495 1394 violentia,
525 1330 677 1408 treugam
706 1346 770 1388 non
800 1325 958 1396 iurasset,
987 1329 1122 1409 propter
1152 1324 1239 1408 quod
1261 1324 1433 1390 videbatur
1463 1328 1597 1395 minime
1620 1332 1789 1398 durature:

134 1420 175 1486 de
211 1424 348 1488 consilio
384 1427 562 1510 peritorum
595 1427 795 1491 inhibuimus
827 1427 1032 1491 reconciliari
1061 1426 1141 1490 inibi
1176 1428 1247 1491 looa
1279 1449 1371 1492 sacra
1404 1451 1443 1493 ae
1478 1433 1638 1498 celebrari
1672 1435 1791 1516 divina,

137 1548 305 1612 quousque
335 1551 433 1615 super
458 1530 524 1620 'hoc
553 1533 735 1596 sanctitatis
768 1539 876 1595 vestre
906 1531 1130 1615 requireretur
1158 1532 1329 1595 consilium
1358 1539 1391 1595 et
1419 1554 1586 1600 assensus.
1644 1537 1791 1623 Cumque

137 1629 337 1710 videremus,
381 1633 466 1717 quod
505 1635 537 1698 in
578 1635 727 1698 omuibus
763 1635 813 1698 his
847 1633 1010 1698 malitiose
1044 1655 1082 1696 ao
1116 1633 1344 1698 fraudulenter
1377 1635 1571 1720 procederet
1604 1640 1791 1727 imperator,
1845 1711 1846 1714 ,

138 1735 320 1818 peregrinis
372 1736 594 1802 indifferenter
646 1738 882 1822 denegavimus
909 1738 1098 1824 licentiam
1143 1737 1284 1801 intrandi
1329 1738 1510 1805 Ierusalem
1555 1749 1597 1822 et,
1637 1744 1792 1808 visitandi

138 1838 361 1924 sepulchrum,
396 1839 542 1905 dicentes
572 1841 657 1926 quod
689 1863 708 1905 a
737 1842 911 1905 sanctitate
946 1847 1055 1926 vestra
1091 1846 1124 1904 ct
1155 1861 1175 1904 a
1207 1841 1325 1904 vestris
1359 1841 1651 1926 predecessoribus
1685 1845 1792 1911 fuerat

138 1961 236 2025 super
259 1941 321 2006 hoc
344 1943 411 2007 lata
434 1945 612 2018 seutentia;
644 1953 678 2008 et
706 1966 778 2008 curn
812 1964 854 2008 ex
880 1944 939 2007 tali
970 1943 1122 2027 ingressu
1151 1949 1183 2005 et
1215 1943 1402 2008 visitatione
1433 1945 1498 2008 iam
1528 1946 1617 2012 dicta
1639 1948 1792 2012 damnum

138 2050 331 2127 sequeretur
345 2067 410 2110 nou
427 2047 588 2112 modicum
606 2069 643 2112 ac
659 2049 840 2134 periculum
856 2067 1080 2133 personarum,
1104 2066 1168 2109 non
1186 2045 1411 2126 credebamus,
1435 2048 1522 2132 quod
1544 2071 1564 2114 a
1586 2051 1791 2118 beatitudine

135 2155 246 2212 vestra
276 2150 398 2216 factum
428 2151 509 2216 illud
538 2154 701 2239 acceptari
733 2151 869 2216 deberet
897 2172 958 2214 uec
990 2155 1171 2213 memorata
1195 2150 1358 2213 sententia
1380 2157 1515 2236 propter
1540 2151 1603 2216 hoc
1634 2154 1790 2218 revocari.

136 2249 180 2314 Et
212 2273 285 2316 oum
314 2252 355 2317 ad
385 2275 444 2319 nos
473 2256 561 2320 illius
590 2257 752 2320 sententie
781 2255 944 2319 absolutio
974 2275 1039 2317 non
1071 2258 1253 2338 spectaret,
1284 2253 1332 2316 eis
1364 2253 1394 2316 id
1427 2253 1611 2319 denuntiari
1634 2277 1694 2342 per
1715 2278 1790 2342 pre-

137 2352 300 2419 dicatores
330 2357 467 2422 fecimus
497 2358 681 2438 evidenter,
716 2357 801 2443 quod
839 2377 859 2420 a
892 2356 1065 2420 sanctitate
1097 2360 1206 2418 vestra
1241 2355 1361 2439 requiri
1398 2355 1546 2420 eiusdem
1576 2357 1791 2424 absolutionis

136 2455 332 2523 beneficium
356 2468 531 2546 oporteret.

244 2560 289 2625 Et
319 2585 396 2628 ecee
424 2566 621 2630 unanimiter
648 2564 809 2630 sabbato¹
842 2562 1023 2640 dominice,
1056 2583 1120 2646 qua
1148 2569 1313 2626 cantatur:
1345 2562 1459 2627 ‘Oculi
1490 2563 1580 2644 mei’‚
1612 2570 1688 2628 sunt
1717 2584 1792 2627 oum

138 2663 285 2750 principe
310 2655 475 2732 civitatem
498 2669 654 2754 ingressi,
685 2669 740 2753 qui
768 2688 894 2732 summo
918 2686 1013 2729 mane
1043 2665 1116 2751 ipso
1145 2664 1198 2729 die
1221 2664 1384 2729 dominico
1409 2665 1625 2753 Sepulchrum
1648 2667 1791 2746 intravit,

138 2767 351 2853 vestibusque
390 2769 523 2834 indutus
555 2771 721 2854 regalibus
758 2769 856 2856 capiti
894 2789 953 2833 suo
987 2766 1141 2855 imposuit
1175 2766 1335 2832 diadema.
1403 2769 1475 2842 Quo
1512 2770 1598 2835 facto
1636 2770 1793 2854 magister

138 2871 398 2936 Alamannorum
429 2875 585 2954 surrexit,
623 2883 655 2939 et
686 2871 870 2939 sermonem
901 2875 1035 2956 longum
1070 2877 1103 2935 et
1131 2872 1295 2958 prolixum
1323 2873 1428 2958 primo
1458 2872 1490 2936 in
1523 2872 1728 2936 Theutonioo
1759 2877 1793 2935 et

138 2971 254 3058 p'ostea
288 2974 321 3037 iu
354 2974 481 3040 Gallico
515 2977 555 3041 ad
585 2977 714 3042 nobiles
749 2983 783 3041 et
817 2976 974 3063 populum
1006 2974 1189 3054 inchoavit,
1224 2982 1272 3049 et,
1306 2977 1391 3040 sicut
1420 2975 1514 3040 nobis
1547 2976 1686 3040 relatum
1720 2973 1792 3054 fuit,

60 3085 72 3123 ²
141 3075 350 3141 exonerando
383 3079 481 3144 immo
513 3079 688 3144 exaltando
717 3079 914 3166 principem,
949 3085 982 3142 et
1017 3077 1192 3142 ecclesiam
1223 3077 1314 3141 salva
1347 3078 1453 3162 gratia
1483 3099 1543 3142 sua
1568 3077 1794 3165 multipliciter

139 3178 316 3244 onerando.
361 3180 401 3244 In
430 3182 493 3246 fine
524 3183 683 3246 sermonis
712 3182 839 3246 nobiles
866 3203 926 3267 pro
954 3179 1131 3244 munienda
1159 3181 1289 3244 civitate
1319 3179 1361 3245 ad
1393 3180 1576 3246 subsidium
1606 3180 1715 3267 operis
1742 3180 1792 3244 iu-

139 3281 265 3345 vitavit.
316 3282 501 3371 Imperator
538 3285 721 3350 oblationes
757 3285 930 3371 Sepulchri
965 3284 1130 3348 Dominioi
1166 3290 1199 3348 et
1236 3284 1374 3348 aliamm
1409 3284 1645 3366 eeclesiarum,
1682 3283 1792 3347 invitis

139 3385 305 3449 canonicis
329 3393 362 3448 et
386 3387 550 3473 expulsis,
580 3388 682 3474 recipi
714 3387 857 3452 faciebat
886 3407 945 3475 per
976 3387 1142 3450 seculares
1172 3385 1293 3450 milites
1317 3387 1426 3471 operis
1449 3387 1621 3452 occasione
1645 3385 1794 3471 predicti.

139 3485 219 3550 Post
241 3487 413 3573 prandium
438 3491 603 3555 civitatem
626 3491 744 3572 exivit,
769 3490 809 3554 ad
833 3512 869 3555 se
892 3489 1003 3554 venire
1027 3488 1153 3553 faciens
1176 3487 1382 3554 venerabiles
1406 3490 1493 3555 viros
1513 3486 1794 3555 Wintouiensem²

140 3597 173 3652 ct
206 3589 454 3657 Exouiensem³
488 3595 663 3681 episcopos
697 3601 730 3659 et
764 3593 957 3679 magistrum
990 3591 1162 3676 hospitalis
1201 3590 1306 3655 sancti
1342 3589 1532 3670 Iohannis⁴,
1566 3598 1794 3677 preceptorem

140 3690 254 3757 domus
278 3696 394 3760 militie
418 3695 563 3780 Templi,
595 3698 750 3782 magistro
774 3696 905 3783 Templi
934 3695 1090 3767 absente;
1123 3693 1235 3758 habito
1260 3714 1333 3758 oum
1357 3694 1512 3777 magistro
1535 3693 1793 3758 Alemanncrum

140 3796 295 3885 consilio,
329 3821 390 3886 per
424 3800 563 3865 eundem
598 3802 790 3886 magistrum
826 3800 930 3885 primo
963 3798 1004 3862 ab
1041 3799 1090 3862 eis
1119 3818 1178 3883 pro
1209 3796 1359 3861 facienda
1388 3796 1567 3861 munitione
1598 3794 1794 3860 adiutorium

140 3900 321 3982 requisivit.
366 3903 429 3977 Qui
459 3905 716 3993 responderunt,
747 3903 833 3988 quod
864 3923 962 3988 super
990 3902 1053 3966 hoc
1081 3901 1205 3965 habere
1237 3901 1377 3986 spatium
1401 3897 1606 3964 deliberandi
1628 3897 1793 3964 volebant.

141 3998 292 4068 Secundo
310 4005 421 4072 habito
439 4009 575 4072 oonsilio
591 4029 664 4072 curn
685 4007 842 4091 magistro
866 4003 1010 4091 quesivit
1031 4003 1072 4067 ab
1096 4004 1145 4067 eis
1162 4003 1333 4066 consilium
1356 4000 1571 4088 pereundam
1592 4001 1794 4086 magistrum,

141 4113 250 4171 utrum
274 4109 338 4174 sibi
361 4110 534 4197 expediret
556 4112 663 4175 facere
686 4109 901 4174 munitionem
924 4106 1121 4193 predictam,
1151 4111 1185 4170 et
1216 4105 1302 4190 quod
1334 4127 1434 4193 super
1455 4105 1517 4170 hoc
1541 4105 1572 4169 ei
1595 4105 1628 4169 iu
1651 4104 1792 4168 crastino

140 4211 228 4276 illius
258 4211 420 4279 dominice
452 4213 700 4302 responderent.
745 4211 952 4277 Adveniente
982 4217 1092 4274 autern
1124 4209 1267 4274 erastino
1301 4230 1426 4274 summo
1455 4207 1598 4273 diluculo
1628 4208 1794 4274 civitatem

141 4316 245 4380 exivit
272 4338 345 4382 cum
374 4325 444 4383 tota
472 4319 598 4383 familia
627 4340 701 4397 sua,
732 4316 926 4381 mirantibus
958 4313 1143 4391 omnibus⁵,
1172 4312 1371 4377 constitutus
1400 4313 1433 4376 in
1460 4311 1578 4376 itinere
1608 4310 1794 4377 recedendi.

141 4417 236 4492 Quod
270 4420 441 4486 audientes
479 4423 543 4502 illi,
584 4421 639 4506 qui
678 4440 778 4506 super
811 4417 959 4506 predicto
993 4417 1094 4481 verbo
1134 4415 1165 4480 ei
1202 4415 1256 4479 die
1294 4416 1351 4479 illa
1384 4415 1585 4501 respondere
1602 4411 1794 4496 'dehebant

101 4593 104 4600 ,
143 4523 338 4588 festinanter
369 4531 581 4590 accessemnt
616 4522 656 4587 ad
686 4523 810 4609 ipsum,
838 4520 1037 4584 unanimiter
1064 4517 1302 4605 respondentes
1331 4518 1448 4584 fratres
1478 4518 1621 4605 Templi,
1652 4518 1737 4604 quod
1767 4519 1795 4583 si

143 4625 244 4690 vellet
266 4629 410 4708 munire,
441 4629 525 4693 sicut
546 4628 758 4714 promiserat,
782 4626 966 4704 civitatem,
994 4623 1058 4709 ipsi
1082 4643 1158 4687 eum
1180 4621 1277 4685 adid
1299 4619 1485 4685 faciendum
1508 4623 1619 4687 taliter
1640 4620 1794 4687 adiuvare

143 4736 308 4811 curarent,
342 4731 428 4817 quod
457 4731 573 4796 domus
595 4730 726 4816 Templi
756 4729 843 4816 apud
865 4728 973 4794 Deurn
1003 4732 1036 4790 et
1065 4725 1213 4790 homiues
1241 4723 1433 4788 redderetur
1461 4745 1560 4811 super
1588 4722 1649 4788 hoo
1679 4725 1795 4788 merito

143 4833 409 4898 commendanda.
477 4834 541 4908 Qui
581 4832 766 4919 respondit,
805 4829 891 4916 quod
932 4828 1065 4895 volebat
1109 4847 1208 4912 super
1245 4827 1307 4890 hoe
1345 4825 1468 4892 habere
1504 4833 1678 4892 tractatum
1714 4826 1795 4889 alias
1901 4903 1902 4906 Ἴ

142 4937 334 5024 pleniorem.
386 4937 506 5022 Sisque
541 4936 699 5004 recedens
731 4936 773 5000 ab
809 4936 874 5010 eis,
911 4935 944 4998 in
975 4934 1107 4998 civitate
1137 4931 1268 4996 nemine
1300 4930 1458 5010 salutato,
1492 4929 1563 5015 ipso
1595 4927 1649 4994 die
1680 4948 1795 4992 versus

143 5041 269 5127 Ioppen
292 5042 338 5106 ita
361 5042 515 5108 celeriter
531 5040 708 5120 festinavit,
732 5038 819 5126 quod
836 5039 891 5102 vix
914 5039 970 5124 qui
993 5058 1070 5103 eum
1093 5037 1187 5119 sequi
1206 5036 1334 5100 valeret
1356 5032 1490 5098 invenit.
1535 5028 1630 5103 Quod
1647 5029 1795 5094 videntes

75 5201 77 5204 .
143 5145 310 5230 peregrini
341 5167 415 5210 sese
446 5166 519 5210 cum
549 5144 621 5230 ipso
651 5144 774 5230 pariter
802 5148 993 5227 reputantes
1023 5140 1192 5214 confusos,
1229 5137 1400 5202 audientes
1428 5136 1513 5199 iuter
1535 5140 1645 5198 cetera
1666 5134 1796 5219 procla-

253 5360 879 5372 ——..-.-—-..—---——-—·—--——.--.
885 5358 1165 5366 .-.-.--...-.-,.....--
1170 5355 1323 5362 -μ-...μ-ῃ

249 5505 275 5572 1)
295 5503 381 5558 Mart.
400 5507 441 5557 17.
512 5502 540 5571 2)
561 5502 682 5556 Petram.
752 5501 781 5568 3)
805 5499 982 5554 Wilhelmum.
1051 5499 1079 5566 4)
1100 5496 1257 5551 &omnum
1274 5495 1308 5549 dc
1327 5494 1423 5548 Maec
1440 5498 1529 5548 acuto.
1598 5493 1626 5556 5)
1644 5490 1715 5544 nait
1732 5489 1799 5542 dicit

143 5589 194 5645 tac
222 5591 282 5644 loco
308 5589 341 5642 de
367 5588 521 5656 interdicto,
547 5586 598 5643 aab
627 5602 681 5656 qao
707 5585 796 5640 Mart.
821 5589 854 5639 19
879 5585 940 5640 loca
968 5587 1066 5639 sancta
1093 5583 1128 5637 ah
1155 5583 1361 5654 archiepiscopo
1385 5579 1560 5635 Caesariensi
1582 5575 1680 5647 posita
1704 5580 1799 5640 erana·

142 5675 179 5747 cs.
197 5692 225 5730 ra
245 5677 310 5728 383.
