4604 6420
794 395 992 450 nrrsronaa
1010 398 1200 454 scrinaria.
1224 379 1312 456 'raa-2.
1815 412 1877 472 375

226 566 345 653 clvium
368 566 561 651 Rigensium
591 575 625 630 ct
651 577 885 650 mercatorum,
916 571 981 635 tale
1012 593 1086 636 oum
1114 574 1240 638 eisdem
1268 583 1398 661 pactum
1430 577 1583 642 inivimus
1612 601 1651 643 ac
1679 581 1877 646 firmavimus

225 669 460 734 conditionem:
484 670 637 736 videlicet
660 672 746 756 quod
770 674 959 759 episcopum
982 676 1176 740 auctoritate
1193 676 1315 742 domini
1337 701 1422 765 pape
1445 680 1682 747 instituendum
1706 683 1877 769 recipient,

227 779 261 836 ct
288 773 399 838 debito
428 796 517 840 moro
543 774 801 839 Christianorum
831 775 938 840 eidem
968 777 1001 840 in
1032 779 1183 842 omnibus
1213 787 1246 844 et
1275 802 1334 867 per
1364 783 1472 846 omnia
1500 781 1668 862 obedient,
1701 792 1734 850 et
1761 787 1877 850 eadem

227 878 316 956 iura,
340 877 381 941 ad
405 901 467 965 que
491 885 642 943 tenentur
664 880 733 943 veri
757 877 949 958 Christiani,
974 881 1036 966 ipsi
1059 882 1215 969 episcopo
1240 905 1298 948 suo
1323 885 1454 970 suisque
1478 887 1612 972 prelatis
1634 895 1795 974 perpetuo
1818 912 1878 976 per

165 1021 170 1033 ·
228 981 336 1044 omnia
358 983 563 1068 persolvent;
592 983 808 1046 incontinenti
831 984 1019 1048 sacerdotes
1041 986 1201 1071 recipient
1223 988 1417 1054 auctoritate
1440 997 1551 1054 nostra
1573 990 1634 1055 sibi
1653 990 1877 1074 destinandos,

226 1083 363 1149 honeste
387 1105 444 1149 eos
467 1085 499 1148 in
522 1086 719 1150 necessariis
742 1087 972 1170 procurabunt,
997 1093 1030 1152 ot
1053 1088 1178 1153 eisdem
1200 1095 1353 1175 tanquam
1376 1092 1446 1156 veri
1470 1091 1647 1157 Christiani
1668 1095 1702 1158 in
1727 1094 1877 1160 omnibus

226 1186 399 1266 obedient,
432 1194 465 1251 et
496 1187 674 1253 eorundem
701 1190 897 1254 salutaribus
924 1191 1057 1255 monitis
1089 1214 1150 1277 per
1176 1194 1284 1256 omnia
1312 1195 1538 1279 acquiescent;
1569 1196 1610 1260 ab
1639 1197 1789 1262 hostibus
1819 1220 1877 1262 eos

226 1289 310 1353 sicut
333 1290 462 1376 seipsos
485 1289 680 1372 defendent,
711 1292 752 1355 ab
782 1293 908 1357 eisdem
936 1314 1049 1358 omnes
1078 1301 1144 1357 tam
1168 1295 1228 1358 viri
1256 1316 1353 1381 quam
1382 1298 1537 1363 mulieres
1561 1304 1595 1363 et
1621 1300 1764 1365 infantes
1792 1302 1877 1366 sacri

226 1394 509 1477 regenerationem
538 1393 743 1481 baptismatis
772 1396 906 1460 indilate
935 1398 1110 1482 recipient,
1140 1404 1173 1462 et
1199 1399 1339 1463 'aliorum
1364 1401 1446 1466 ritus
1475 1399 1734 1468 christianorum
1764 1404 1876 1469 obscr-

228 1496 360 1562 vabunt.
404 1496 643 1584 Expeditiones
667 1520 767 1584 super
787 1521 950 1585 paganos,
981 1507 1046 1563 tam
1077 1522 1136 1586 pro
1166 1507 1252 1566 terre
1276 1501 1535 1568 Christianorum
1563 1505 1753 1571 defensione
1780 1528 1876 1590 quam

225 1623 283 1687 pro
307 1599 382 1664 fidoi
402 1599 591 1666 dilatatione
612 1601 790 1680 faciendas,
812 1603 1076 1688 frequentabunt,
1100 1605 1191 1668 salva
1210 1606 1405 1670 auctoritate
1421 1606 1544 1672 domini
1566 1629 1650 1695 pape
1667 1610 1700 1672 in
1717 1610 1878 1676 omnibus

178 1697 180 1702 ’
226 1702 320 1777 Quod
356 1711 393 1768 ut
426 1712 618 1791 perpetuam
653 1704 799 1769 obtineat
837 1706 1042 1787 firmitatem,
1081 1713 1204 1772 cartam
1243 1708 1328 1774 hano
1369 1709 1489 1775 exinde
1526 1711 1743 1798 conscriptam
1777 1712 1877 1796 sigilli

224 1808 460 1872 venerabilium
487 1816 631 1895 patrum,
662 1808 784 1874 domini
807 1807 1016 1896 Hlermanni]
1039 1810 1211 1876 Lealensis
1235 1813 1397 1899 episcopi,
1425 1811 1648 1901 Th[eoderici]
1679 1814 1808 1880 abbatis
1835 1813 1876 1879 de

224 1909 437 1992 Dunemund,
469 1912 502 1975 in
530 1933 667 1996 quorum
695 1913 862 1999 presentia
884 1913 971 1977 lacta
994 1920 1070 1977 sunt
1098 1913 1176 1994 heo,
1207 1915 1308 2000 sigilli
1331 1916 1453 1980 nostri³
1479 1923 1513 1980 et
1535 1916 1757 1982 universitatis
1780 1939 1875 2004 pere·

226 2013 392 2099 grinorum
416 2013 686 2078 communivimus
709 2015 921 2101 appensione.

332 2133 453 2198 Actum
476 2155 560 2199 anno
584 2135 719 2200 Domini
741 2133 981 2216 arcemn,
1004 2136 1088 2202 XVI
1111 2135 1280 2202 Kalendas
1303 2138 1484 2204 Februarii.

332 2255 423 2320 Nulli
446 2277 525 2342 ergo
546 2262 609 2321 etc.
633 2262 801 2342 utsupra.

331 2374 419 2440 Data
441 2375 558 2454 Reate,
580 2376 633 2442 ΙΙΙ
655 2375 733 2441 Idus
756 2376 939 2460 Februarii,
961 2380 1171 2466 pontificatus
1195 2381 1299 2445 nostri
1323 2402 1408 2447 anno
1431 2382 1554 2466 quinto.

1005 2847 1093 2920 465.

333 2941 523 3051 (r'rcport'us
553 2969 607 3033 IX
640 2989 727 3049 papa
761 2969 938 3055 [Iohanni]
972 2970 1126 3050 oprtscopo,
1162 2970 1338 3054 [lahama]
1375 2971 1482 3036 abbati
1517 2973 1629 3038 Sancti
1658 2973 1813 3036 Iobarmr's
1849 2977 1879 3036 ct

146 3101 158 3140 c
224 3073 391 3158 [Nt'coIao]
418 3072 534 3138 dcoauo
563 3071 733 3136 Luhiocust'
761 3072 1001 3138 controversiam
1028 3072 1112 3136 inter
1147 3073 1374 3159 W[iacslaum]
1399 3075 1574 3156 pm'rrcmcm
1600 3074 1821 3157 Rupianorum
1849 3081 1879 3140 ct

222 3177 426 3263 [Nicolaum]
447 3178 621 3258 eptacepam
640 3175 892 3242 Roschddcuscm
913 3177 950 3241 dc
967 3181 1142 3258 patronatu
1159 3178 1401 3260 praepositurae
1423 3178 1461 3243 dc
1481 3179 1590 3262 Rupta
1611 3183 1750 3243 exortam
1771 3179 1877 3244 terrui·

222 3279 364 3346 caudam
385 3281 554 3346 committit.
1516 3285 1609 3360 1232,
1630 3279 1734 3349 Mart.
1756 3285 1788 3350 8.

327 3397 410 3469 Grep.
428 3398 478 3454 IX
495 3397 566 3469 aeq.
586 3398 645 3452 Vol.
664 3398 709 3467 ΙΙ,
727 3401 796 3465 158,-
813 3397 875 3453 nio.
899 3397 928 3462 V,
947 3401 1006 3453 192.

270 3654 279 3670 .
309 3654 317 3672 .
346 3597 570 3689 episcopm
601 3651 610 3670 .
638 3652 648 3668 .
676 3596 822 3670 abbati
849 3595 993 3668 Sancti
1020 3597 1230 3668 Iohannis
1257 3602 1299 3670 et
1326 3653 1335 3669 .
1366 3653 1375 3672 .
1403 3598 1566 3671 decano
1594 3597 1836 3671 Lubicensi.

334 3748 542 3814 Transmissa
566 3746 662 3812 nobis
689 3746 829 3811 dilectus
860 3747 959 3826 filius,
990 3747 1109 3812 nobilis
1137 3748 1186 3811 vir
1207 3746 1263 3812 W.
1291 3749 1442 3836 prinecps
1465 3746 1696 3828 Ruianomm0,
1719 3747 1877 3831 petitione

224 3853 430 3933 monstravit,
460 3851 545 3937 quod
574 3872 647 3914 cum
675 3851 760 3915 inter
788 3849 894 3936 ipsum
924 3856 958 3915 et
983 3849 1204 3914 venerabilem
1234 3851 1367 3915 fratrem
1394 3856 1540 3916 nostrum
1568 3848 1877 3914 ..Roscildensem

224 3957 414 4042 episcopum
457 3975 555 4040 super
595 3955 665 4018 iure
709 3959 898 4040 patronatus
942 3953 1146 4039 prepositure
1185 3953 1225 4017 de
1261 3953 1362 4019 Ruiad
1403 3974 1512 4019 coram
1554 3952 1735 4017 venerabili
1778 3951 1877 4017 fratrc

223 4066 335 4126 nostro
360 4108 394 4125 ..
419 4057 603 4123 Otiniensi¹
632 4063 666 4120 et
693 4057 780 4120 bone
808 4055 965 4121 memorie
989 4103 996 4118 .
1020 4055 1221 4120 .Amsiensi
1252 4057 1417 4144 episcopis
1448 4063 1482 4122 et
1509 4055 1549 4122 Ε.
1575 4053 1740 4142 quondam
1768 4055 1877 4140 priore

224 4161 264 4228 de
287 4161 410 4226 Dalbui
437 4161 630 4225 auctoritate
658 4159 770 4224 dilecti
797 4159 857 4222 filii
884 4160 988 4222 nostri
1016 4155 1175 4245 Olttonis]
1207 4158 1318 4224 Sancti
1341 4159 1470 4224 Nicolai
1498 4160 1532 4222 in
1561 4159 1701 4223 Caroere
1725 4156 1877 4222 Tulliano

225 4265 354 4330 diaconi
378 4263 570 4342 cardinalis,
599 4271 676 4327 tune
710 4263 743 4326 in
771 4262 836 4326 illis
865 4261 1012 4347 partibus
1042 4262 1224 4349 apostolice
1256 4263 1345 4328 sedis
1375 4262 1495 4348 legati,
1525 4261 1653 4346 questio
1683 4267 1877 4342 verteretur,

224 4375 334 4455 partes
358 4366 607 4433 adhabendum
630 4368 774 4432 interae
798 4387 1002 4431 communem
1026 4365 1067 4432 de
1090 4367 1326 4453 compositione
1353 4373 1528 4430 tractatum
1553 4373 1679 4431 certum
1702 4367 1878 4431 terminum

224 4480 419 4538 statuerunt.
464 4471 607 4538 Demum
639 4492 717 4536 vero
753 4469 839 4535 idem
875 4492 919 4535 ex
951 4491 991 4534 co
1025 4492 1060 4534 se
1095 4471 1241 4535 sentiens
1277 4470 1397 4534 iniuste
1431 4469 1579 4554 gravari,
1612 4469 1700 4554 quod
1731 4469 1878 4555 prelatus

223 4575 413 4640 Arusiensis
451 4575 642 4661 episcopus,
682 4574 734 4638 cui
774 4573 980 4659 supradictus
1020 4572 1203 4638 Otiniensis
1244 4594 1376 4637 causam
1416 4573 1563 4637 totaliter
1603 4571 1879 4658 subdelegaverat
1916 4587 1919 4592 ·

223 4683 454 4756 memoratam,
485 4725 518 4742 ..
541 4678 770 4743 archidiacono
793 4676 965 4742 Arusiensi
988 4677 1078 4742 vicos
1108 4697 1184 4740 snas
1214 4676 1329 4742 illicite
1353 4676 1597 4754 committebat,
1627 4697 1700 4741 cum
1724 4675 1877 4740 subdele-

160 4829 165 4840 ,
224 4790 321 4868 gatus
352 4782 407 4846 alii
439 4802 572 4845 causam
603 4781 644 4845 de
676 4781 746 4846 iure
776 4780 993 4865 subdelegarc
1027 4801 1091 4843 non
1124 4781 1245 4865 possit,
1280 4787 1425 4846 nostram
1461 4780 1662 4846 audientiam
1691 4780 1878 4866 appellavit

145 5474 172 5512 40

223 4885 368 4970 Ideoque
392 4883 598 4964 mandamus,
630 4884 784 4969 quatinus
813 4883 841 4946 si
869 4890 921 4948 est
954 4885 1015 4964 ita,
1045 4889 1199 4948 revocato
1224 4890 1287 4949 etc.
1310 4904 1429 4970 usque:
1461 4883 1525 4948 fine
1549 4882 1660 4948 debito
1683 4883 1878 4962 terminetis,

223 4987 382 5054 facientes
412 4993 473 5052 etc.
537 4986 692 5072 Alioquin
720 4993 830 5074 partes
860 4985 901 5051 ed
933 4985 1139 5073 sepedictum
1169 4986 1376 5053 Otiniensem
1405 4993 1439 5052 et
1467 4986 1508 5052 Ε.
1540 4985 1703 5072 quondam
1736 4985 1878 5072 priorem

224 5091 400 5158 remittatis
423 5098 594 5170 examen0,
617 5091 839 5177 appellantem
863 5095 926 5154 etc.
971 5088 1089 5154 Testes
1113 5095 1224 5154 autem
1247 5096 1310 5157 etc.
1355 5088 1452 5163 Quod
1475 5089 1591 5156 sinon
1614 5109 1727 5154 omnes
1750 5093 1813 5153 etc.

332 5210 420 5276 Data
441 5209 559 5291 Reate,
582 5209 668 5275 VIII
690 5210 769 5276 Idus
791 5185 913 5290 Martii,
937 5231 1022 5274 anno
1045 5210 1168 5293 quinto.

325 5368 423 5376 —--
435 5367 472 5372 ...-
480 5367 501 5373 .-
702 5365 1086 5372 Α...-.,---.-------.-.--.,-.
1233 5365 1376 5372 ———-—-
1547 5363 1765 5372 ..μ-...η-

326 5471 348 5538 ·)
366 5471 445 5524 vestri
458 5471 490 5524 a.
556 5468 580 5536 Ι’)
599 5471 745 5522 mccxxx
764 5470 823 5537 lapte
845 5469 1023 5536 Turpeucor'ua,
1041 5469 1117 5523 aas.
1130 5469 1239 5524 naam.
1251 5479 1268 5522 t.
1281 5470 1306 5535 I,
1320 5489 1347 5542 p.
1361 5475 1404 5524 30.
1468 5471 1491 5538 θ)
1509 5471 1666 5524 Rivmorum
1683 5468 1712 5520 la
1728 5467 1880 5536 apopraplw

223 5565 318 5610 rrortro.
398 5555 422 5624 ⁴)
441 5557 506 5610 Riva
523 5555 622 5609 tudem.
703 5555 724 5624 'l
742 5557 779 5608 aa
795 5551 897 5610 itidem

328 5692 352 5760 l)
372 5689 457 5770 Lupo.
