4448 6420
481 387 542 448 162
1066 381 1114 435 EX
1132 379 1288 436 HONORII
1306 379 1346 433 III
1364 379 1543 435 REGISTRO

478 555 686 644 premisimus
718 554 759 620 de
789 553 976 619 civitatibus
1001 559 1034 618 et
1057 553 1206 619 ecclesiis
1231 551 1448 632 obserandis³,
1478 553 1665 618 huiusmodi
1695 553 1824 638 culpam
1854 573 1873 617 a
1903 557 1936 616 te
1961 572 2126 617 removeas

480 666 514 724 et
542 657 695 723 refundas
726 658 759 722 in
786 659 935 722 nuntium
962 656 1176 744 sepedictum.
1222 656 1317 731 Quod
1347 657 1374 721 si
1396 657 1481 722 forte
1504 657 1568 721 dici
1593 655 1740 743 predicta
1769 661 1802 720 et
1830 656 1921 720 fierib
1946 656 2127 720 inconsulto

479 767 569 826 motu
597 761 698 825 animi
720 761 911 848 precepisti,
941 781 1006 825 non
1034 767 1067 824 te
1090 759 1211 846 pudeat
1234 760 1362 845 culpam
1385 765 1475 822 tuam
1497 779 1676 844 agnoscere
1701 764 1734 823 et
1761 779 1834 822 eam
1857 765 2065 838 reverenter,
2093 765 2128 823 ut

480 863 648 943 condecet,
672 884 841 942 excusare,
865 870 974 929 certus
998 861 1084 948 quod
1107 868 1140 927 et
1161 883 1221 926 nos
1245 869 1279 926 et
1301 862 1416 926 fratros
1440 863 1544 928 nostri
1567 869 1599 926 te
1624 863 1751 927 sincera
1774 862 1807 927 in
1824 863 1968 929 Domino
1992 863 2126 927 caritate

479 966 645 1053 diligimus
669 974 703 1032 et
725 969 868 1052 gerimus
892 968 1028 1031 firmiter
1049 967 1083 1030 in
1106 966 1292 1052 proposito,
1317 971 1472 1051 quantum
1499 986 1571 1029 cum
1594 965 1666 1031 Deo
1691 971 1723 1030 et
1745 966 1919 1030 honestate
1942 987 2126 1052 possumus,

481 1093 520 1136 ea
552 1091 683 1158 semper
706 1071 854 1148 efficere,
888 1091 951 1155 que
980 1076 1035 1133 tue
1063 1069 1194 1156 placere
1223 1067 1364 1133 debeant
1397 1068 1572 1147 voluntati,
1607 1074 1641 1133 et
1667 1068 1752 1132 inter
1779 1074 1811 1132 te
1845 1088 1883 1131 ao
1915 1068 2129 1155 apostolicam

481 1172 594 1238 sedem
616 1195 732 1259 pacem
756 1179 789 1239 et
812 1173 981 1238 caritatem
1003 1178 1195 1259 perpetuam
1219 1193 1424 1238 conservare.
1477 1171 1602 1256 Supero
1627 1171 1690 1234 hiis
1714 1177 1824 1236 autem
1847 1170 2004 1236 dilectum
2028 1172 2141 1236 filium.

479 1275 520 1341 A.
544 1275 777 1342 subdiaconum
802 1284 835 1343 et
858 1278 1062 1362 capellanum
1085 1283 1249 1356 nostrum,
1281 1276 1386 1339 virum
1408 1274 1486 1338 fidei
1509 1281 1542 1337 et
1565 1274 1737 1359 probitatis
1761 1281 1953 1360 expertum,
1976 1274 2018 1339 ad
2041 1281 2129 1338 tuam

480 1380 633 1444 duximus
661 1382 861 1467 presentiam
889 1379 1133 1460 destinandum,
1164 1385 1317 1464 rogantes
1345 1385 1381 1443 ut
1409 1401 1483 1443 eum
1505 1380 1597 1442 vultu
1627 1399 1742 1443 sereno
1772 1379 1912 1464 recipias
1941 1385 1975 1443 ct
2004 1378 2045 1443 ad
2071 1401 2129 1442 nos

481 1482 690 1548 laudabiliter
713 1483 902 1569 expeditum
926 1483 997 1547 sine
1020 1484 1119 1568 longa
1142 1481 1297 1546 dilatione
1321 1482 1533 1546 transmittas.

590 1603 666 1667 Dat.
690 1602 815 1689 Signia,
837 1603 870 1668 V
892 1603 966 1667 Kal.
989 1601 1050 1669 Iul.
1074 1603 1281 1688 pontificatus
1305 1603 1408 1666 nostri
1430 1623 1515 1666 anno
1538 1601 1688 1686 septimo.

1103 1878 1513 1888 ————-———-——-—·-

1262 2173 1348 2246 fi33.

588 2284 756 2376 Mactaris
785 2311 972 2392 patriarcba
1001 2311 1244 2375 Alcaaadriaas
1277 2311 1419 2376 Honorio
1446 2312 1514 2376 ΙΙΙ
1538 2333 1642 2393 papae
1676 2313 1780 2376 tristes
1813 2312 1935 2375 litteras
1968 2312 2066 2374 raittit
2097 2310 2132 2375 dc

476 2415 759 2495 persecutionibus,
782 2433 861 2494 qaas
887 2413 1063 2479 Christiani
1084 2415 1120 2477 ia
1142 2414 1281 2500 Aegypto
1302 2417 1486 2496 patiantur,
1509 2417 1592 2480 dccet
1614 2416 1692 2496 quid
1712 2417 1894 2496 imperator,
1916 2435 1986 2479 cam
2007 2414 2133 2490 canati,

477 2516 584 2602 faccrc
605 2517 720 2595 debeat,
742 2520 778 2579 at
799 2520 915 2580 terram
938 2520 1080 2596 occapct;
1104 2519 1267 2597 supplicat,
1291 2522 1327 2581 at
1347 2537 1417 2582 cam
1439 2517 1482 2582 act
1503 2520 1563 2582 itcr
1579 2518 1761 2604 faciendam
1782 2518 1933 2597 impellat.

1804 2623 1897 2698 1223,
1920 2623 2049 2685 aestate.

585 2738 659 2792 Hoc.
678 2740 730 2791 111
747 2737 814 2808 Ray.
833 2735 897 2790 Lib.
922 2736 1002 2802 VIII,
1022 2743 1061 2791 14.
1100 2738 1221 2793 Edimas
1239 2756 1274 2793 cx
1292 2739 1386 2810 Rapa.
1405 2742 1477 2793 Aac.
1496 2739 1558 2794 cccl.
1577 2757 1605 2793 a.
1623 2743 1704 2803 1223,
1722 2743 1738 2804 §
1756 2742 1844 2793 9-10
1862 2741 1929 2810 [RJ.

935 2955 1122 3059 [Littera
1149 2965 1202 3038 ad
1233 2965 1455 3038 dominum
1484 2958 1687 3063 papam.]‘¹

591 3110 784 3177 Reverendo
807 3111 892 3197 patri
921 3133 959 3176 ac
990 3112 1120 3178 domino
1143 3113 1309 3195 Honorio,
1342 3114 1407 3180 Dei
1439 3117 1544 3200 gratia
1573 3115 1780 3179 sanctissime
1810 3115 1959 3181 Romane
1993 3118 2133 3182 ecclesie

486 3237 611 3281 summo
634 3214 779 3302 pontifici
803 3221 836 3279 et
858 3215 1035 3279 universali
1059 3236 1158 3302 pape,
1189 3217 1346 3281 Nicolaus
1372 3217 1487 3281 eadem
1510 3219 1616 3301 gratia
1639 3217 1863 3283 Alexandrina
1888 3218 1976 3283 sedis
2000 3220 2132 3284 humilis

483 3319 683 3407 patriarcha,
707 3325 774 3382 tam
796 3325 980 3404 promptam
1003 3342 1098 3405 quam
1122 3320 1266 3385 debitam
1289 3323 1517 3386 reverentiam.
1562 3321 1829 3408 Archiepiscopi,
1853 3325 2019 3410 episcopi,
2042 3346 2132 3411 pres·

482 3423 602 3507 byteri,
626 3422 737 3487 cleriei
760 3442 798 3485 ac
822 3443 935 3486 omnes
959 3422 1155 3504 Christiani,
1179 3425 1235 3508 qui
1258 3425 1389 3489 suntin
1412 3431 1500 3488 terra
1524 3425 1665 3511 Egypti,
1690 3432 1798 3490 vestre
1821 3428 2014 3511 paternitati
2037 3435 2133 3513 atquc

484 3526 650 3590 sanctitati
674 3525 860 3610 supplicant
883 3546 957 3589 cum
980 3528 1156 3612 suspirosis
1181 3533 1214 3591 et
1235 3528 1417 3592 lacrimosis
1441 3529 1586 3593 vocibus.
1640 3529 1668 3593 Ο
1692 3535 1813 3613 quanta
1836 3538 1889 3595 est
1911 3531 2081 3596 tribulatio
2104 3539 2135 3596 et

483 3629 645 3714 angustia,
669 3649 731 3713 que
754 3629 787 3690 iu
810 3628 872 3691 hac
894 3629 963 3692 vita
985 3631 1078 3694 nobis
1103 3630 1179 3694 data
1203 3637 1254 3694 ost
1277 3630 1317 3695 ad
1341 3631 1585 3696 sustinendum!
1641 3631 1813 3696 Credimus
1836 3633 1901 3696 iam
1925 3633 2018 3699 vobis
2042 3635 2134 3698 clari·

482 3733 615 3796 ficatum
638 3753 728 3811 esse,
758 3732 905 3816 quamvis
928 3739 965 3796 ιιι
988 3753 1053 3797 ιιοιι
1076 3734 1132 3797 fiat
1156 3731 1242 3820 [sic],
1266 3734 1360 3798 vobis
1384 3734 1514 3798 domino
1538 3740 1667 3814 nostro,
1697 3741 1794 3821 prout
1816 3757 2013 3820 possumus,
2029 3723 2030 3726 ¹
2044 3744 2133 3823 pate·

483 3835 630 3900 iacimus.
676 3834 805 3920 Equum
834 3836 867 3898 in
890 3834 1041 3900 domibus
1071 3839 1191 3902 nostris
1215 3838 1337 3902 hahere
1362 3859 1427 3902 non
1450 3838 1623 3916 audemus,
1655 3859 1716 3903 noc
1739 3845 1884 3902 mortuos
1907 3846 2038 3904 nostros
2062 3861 2132 3904 oum

484 3960 579 4004 cruce
602 3959 663 4025 per
684 3938 851 4002 civitatem
874 3945 1005 4024 portare
1034 3960 1099 4003 non
1131 3961 1241 4003 sumus
1270 3939 1353 4004 ausi.
1400 3940 1494 4014 Quod
1525 3941 1553 4004 si
1581 3941 1690 4024 aliqua
1713 3942 1853 4004 ccclesia
1877 3941 2133 4008 Christianorum

483 4043 591 4126 aliquo
615 4061 693 4105 casu
716 4040 881 4122 ceciderit,
907 4040 947 4105 de
972 4049 1084 4108 cetero
1108 4042 1317 4107 nullomodo
1342 4064 1452 4108 sumus
1477 4045 1548 4108 ausi
1574 4065 1645 4108 eam
1668 4044 1879 4127 reedificare,
1903 4054 1937 4111 et
1959 4048 2131 4133 unusquis·

484 4165 546 4230 que
564 4143 769 4209 Christianus
792 4143 833 4209 de
850 4142 981 4230 Egypto
1005 4166 1025 4208 a
1047 4145 1292 4230 quatuordocim
1317 4147 1410 4210 anuis
1435 4148 1469 4210 in
1491 4155 1590 4211 antea
1612 4153 1742 4232 oportet
1764 4147 1841 4212 dare
1864 4150 1996 4233 galiam,
2020 4151 2132 4214 Latine

483 4254 593 4312 autem
615 4245 735 4310 dicitur
758 4245 933 4325 tributum,
957 4245 1135 4311 bizantium
1158 4269 1258 4313 unum
1282 4249 1351 4312 auri
1374 4254 1408 4314 et
1431 4249 1676 4334 quatuordecim
1698 4249 1881 4330 harubbas,
1905 4259 1938 4316 et
1962 4255 1990 4317 si
2013 4273 2133 4340 pauper

484 4349 564 4429 crit,
587 4349 727 4412 mittitur
748 4349 781 4411 in
805 4367 972 4411 carcerem
995 4357 1028 4412 et
1050 4370 1115 4413 non
1138 4351 1260 4436 poterit
1282 4350 1358 4414 inde
1382 4352 1492 4431 exire,
1516 4351 1580 4415 nisi
1603 4351 1719 4416 reddat
1741 4358 1842 4416 totam
1864 4354 2005 4438 goliam,
2030 4356 2131 4420 idest

484 4451 652 4517 tributum.
697 4449 760 4514 Tot
793 4456 827 4514 et
860 4451 942 4514 tanti
973 4450 1152 4516 Christiani
1186 4459 1261 4516 sunt
1297 4454 1330 4516 in
1364 4459 1453 4517 terra
1482 4453 1620 4539 Egypti,
1655 4455 1741 4539 quod
1776 4457 1863 4519 omni
1895 4477 1980 4522 anno
2008 4463 2132 4544 oportet

485 4553 625 4617 reddere
650 4553 739 4617 curie
763 4552 891 4616 soldani
914 4561 1045 4618 centum
1067 4556 1158 4619 milia
1179 4556 1340 4620 bizantios
1363 4578 1482 4622 aurcos
1506 4564 1733 4622 sarracenatos
1756 4557 1797 4622 de
1813 4559 2006 4645 Babylonia.
2051 4560 2134 4635 Quid

484 4657 579 4721 vobis
602 4657 697 4742 plura
719 4655 875 4737 referam,
907 4679 980 4720 cum
1013 4657 1053 4721 ad
1081 4660 1190 4722 omnia
1212 4660 1410 4745 vituperalia
1433 4665 1467 4724 et
1489 4659 1620 4723 sordida
1642 4681 1743 4745 opera
1766 4668 1799 4725 et
1822 4664 1921 4727 etiam
1944 4663 1986 4728 ad
2009 4665 2132 4750 plateas

483 4759 624 4824 civitatis
646 4757 923 4822 mundificandas⁰
948 4761 1119 4825 mittantur
1143 4761 1336 4841 Christiani,
1369 4762 1454 4847 quod
1483 4769 1534 4826 est
1562 4762 1707 4827 dedecus
1731 4763 1831 4828 totius
1856 4764 2132 4831 Christianitatis?

483 4862 676 4942 Ierusalem,
700 4883 784 4947 quae
808 4861 978 4927 edificatur
1000 4869 1037 4926 ut
1059 4864 1184 4944 civitas,
1209 4865 1349 4949 qualiter
1372 4865 1459 4928 iacet
1475 4864 1642 4929 destructa
1665 4867 1808 4929 interra
1831 4875 1865 4932 ct
1886 4867 2045 4951 desolata,
2068 4890 2131 4933 uon
2175 4891 2182 4929 ι

485 4971 616 5053 oportet
638 4965 731 5030 vobis
755 4967 911 5032 scribere.
958 4966 1082 5032 Scitum
1113 4975 1165 5033 est
1190 4991 1251 5055 per
1272 4969 1462 5033 universum
1485 4969 1598 5034 orbem
1620 4968 1660 5034 do
1684 4970 1771 5035 iacto
1794 4969 1964 5046 Damiate;
1997 4974 2134 5058 qualiter

484 5070 745 5158 vituperabiliter
774 5071 896 5135 iactum
925 5071 1002 5151 fuit,
1031 5093 1097 5136 non
1120 5079 1249 5159 oportet
1272 5093 1330 5158 per
1352 5073 1479 5137 litteras
1508 5073 1693 5157 assignare,
1728 5072 1814 5158 quod
1836 5075 2061 5160 turpissimum
2085 5079 2134 5137 est

483 5173 603 5238 dicore.
654 5173 811 5238 Miserere
840 5174 951 5260 itaque
980 5173 1129 5256 domine,
1160 5177 1318 5241 miserere
1345 5177 1464 5256 nostri,
1495 5176 1572 5240 veni
1602 5183 1635 5240 et
1663 5175 1768 5241 libera
1796 5197 1872 5257 uos,
1903 5184 1998 5264 pater
2026 5183 2134 5241 noster

484 5277 673 5363 spiritualis.
719 5276 823 5341 Sicuti
844 5278 948 5342 sancti
971 5286 1045 5348 ante
1069 5279 1245 5345 adventurn
1262 5279 1383 5343 Christi
1406 5279 1628 5364 expectabant
1650 5277 1911 5364 redemptionem
1933 5288 1966 5345 et
1988 5280 2132 5345 liberati-

591 5577 613 5638 ἰ
632 5589 680 5624 noc
696 5573 872 5625 mandasti-
890 5573 1036 5624 obserandis
1053 5573 1121 5623 dccet
1138 5590 1180 5638 ap.
1199 5573 1230 5624 R.
1313 5571 1337 5638 b)
1355 5573 1439 5639 ipsum
1457 5571 1536 5621 verbu
1553 5571 1641 5622 eadem
1659 5573 1742 5625 dicero
1760 5571 1790 5630 B.
1874 5572 1895 5638 ο)
1915 5575 2042 5650 Super-
2055 5581 2130 5632 trans
2178 5601 2182 5622 ι

483 5659 568 5710 mittas
585 5659 654 5710 dccet
671 5674 713 5726 ap.
733 5657 764 5709 R.
848 5655 870 5722 11)
888 5657 951 5709 baec
967 5658 1098 5724 inscriptio
1117 5658 1185 5710 dccet
1202 5675 1245 5726 ap.
1264 5659 1295 5714 B.
1378 5657 1398 5722 ⁸)
1416 5657 1612 5710 mundificantes
1630 5657 1662 5717 R,
