4448 6420
696 335 899 391 EPISTOLAE
917 335 1106 393 SELECTAE.
1137 339 1213 394 1225.

862 547 1054 621 Eisdem.

240 677 459 742 Attendentes
494 679 698 763 gravamina,
739 700 801 762 que
837 679 988 743 catholici
1022 679 1214 746 Brixienses
1254 681 1438 748 dimicando
1477 691 1589 749 contra
1621 685 1784 750 hereticos

132 782 259 845 noviter
281 781 502 866 pertulerunt,
531 781 571 846 de
604 783 740 845 consilio
764 782 898 845 fratrum
926 789 1110 847 nostrorum
1139 785 1356 871 providimus,
1386 793 1421 852 ut
1449 788 1556 852 clerus
1587 788 1728 852 civitatis
1752 792 1785 852 et

132 882 274 947 diocesis
297 883 554 949 Mediolanensis
577 885 814 969 quinquaginta
836 884 936 948 libras
960 885 1193 970 imperialium,
1223 887 1368 954 Oumane
1391 910 1469 954 vero
1493 889 1724 975 quadraginta,
1751 895 1785 954 et

72 1006 83 1042 r
132 985 363 1070 Pergamensis
387 987 538 1067 totidem,
568 987 781 1052 Novariensis
805 993 914 1050 autem
937 987 1070 1071 viginti,
1100 996 1133 1052 et
1156 989 1379 1056 Vercellensis
1402 991 1557 1073 totidem,
1588 1014 1625 1057 ac
1647 991 1783 1056 totidem

130 1087 373 1171 Cremonensis,
399 1098 432 1155 et
454 1091 651 1182 Mantuanus
675 1091 790 1175 viginti
822 1090 981 1174 quinque,
1005 1111 1042 1154 ac
1065 1092 1202 1156 totidem
1225 1094 1434 1174 Vicentinus,
1458 1095 1632 1160 Paduanus
1656 1116 1783 1180 quoque

129 1194 263 1277 triginta
285 1195 443 1278 quinque,
467 1215 504 1258 ac
527 1194 662 1258 totidem
684 1193 904 1272 Veronensis,
927 1193 1119 1258 Terrisinus
1147 1217 1225 1260 vero
1254 1198 1369 1281 viginti
1392 1198 1487 1262 dictis
1512 1199 1681 1275 catholicis
1706 1219 1782 1263 con-

130 1295 236 1361 ferant
259 1296 293 1360 iu
310 1298 510 1362 relevatione
527 1296 751 1383 dampnorum,
776 1318 838 1381 que
862 1297 895 1360 in
919 1297 1012 1380 equis
1037 1303 1070 1361 ct
1093 1299 1165 1362 aliis
1190 1307 1265 1364 sunt
1288 1303 1449 1388 perpessi.
1494 1301 1640 1387 Ideoque
1664 1301 1781 1366 frater-

130 1400 225 1463 nitati
245 1407 356 1465 vestre
388 1423 447 1487 pcr
477 1401 658 1486 apostolica
689 1401 810 1486 scripta
836 1398 1045 1480 mandamus,
1078 1402 1230 1486 quatinus
1253 1405 1448 1469 auctoritate
1472 1411 1584 1469 nostra
1605 1404 1782 1488 iniungatis

56 1526 80 1564 u
130 1503 353 1590 predictorum
374 1505 520 1568 locorum
550 1504 732 1590 episcopis,
760 1508 797 1566 ut
826 1503 964 1585 singulis
995 1503 1145 1568 ecclesiis
1175 1505 1238 1569 sibi
1268 1505 1407 1571 subditis
1431 1507 1638 1593 imponentes
1662 1506 1782 1571 exinde

130 1608 222 1671 iuxta
248 1607 378 1670 illarum
404 1607 575 1671 facultates
605 1627 782 1689 congruam
811 1605 1008 1690 portionem,
1041 1606 1111 1671 sine
1148 1606 1304 1672 dilatione
1335 1630 1495 1673 summam
1524 1609 1635 1694 colligi
1663 1609 1784 1674 faciant

129 1717 336 1797 pretaxatam
359 1717 392 1774 et
415 1710 509 1775 nobis
533 1711 603 1774 sine
627 1729 716 1773 more
740 1707 920 1793 despendio
943 1708 1123 1792 assignari,
1146 1730 1286 1794 pervus
1311 1733 1371 1776 seu
1393 1733 1453 1798 per
1475 1713 1557 1777 alios
1581 1733 1662 1797 quos
1685 1711 1726 1775 ad
1749 1710 1783 1775 id

130 1813 339 1902 provideritis
362 1812 630 1890 distribuendam,
654 1817 751 1899 prout
774 1831 954 1895 congruum
977 1811 1085 1888 fuerit,
1108 1812 1195 1877 inter
1217 1814 1395 1888 catholicos
1421 1816 1635 1902 supradictos.

238 1933 314 1998 Dat.
335 1938 372 1997 ut
394 1954 503 2018 supra.

64 2367 85 2404 1⁸
240 2324 428 2416 chmias
456 2351 523 2416 ΙΙΙ
544 2371 636 2432 popo
662 2349 943 2435 [Beneventanus]
972 2350 1173 2414 Ariminensi
1202 2351 1341 2432 episcopo
1373 2351 1518 2429 munitm,
1551 2355 1587 2416 nt
1616 2371 1683 2416 ann
1714 2371 1783 2416 cnm

129 2457 293 2541 [Atbcrto]
314 2455 486 2519 Briaiensi
505 2456 644 2536 episcopo
665 2459 773 2519 coritra
794 2455 962 2518 haerctims
976 2453 1165 2518 Brinienses
1184 2455 1340 2535 procedat,
1361 2459 1391 2518 ct
1409 2454 1574 2519 Bononiae
1595 2460 1625 2519 et
1646 2455 1783 2521 Parmae

126 2559 331 2640 potestatibus
346 2558 534 2639 praecipiat,
556 2561 592 2619 nt
612 2558 767 2640 repimina
789 2557 960 2638 dimittant,
983 2577 1063 2637 qnae
1085 2561 1194 2620 contra
1214 2556 1432 2621 inhibitionem
1452 2558 1513 2622 sibi
1535 2556 1653 2638 factam
1674 2560 1783 2620 temero

130 2662 311 2743 receperint.
1452 2661 1545 2738 1225,
1568 2659 1642 2724 Ian.
1664 2661 1695 2723 9.

234 2781 309 2835 Hon.
328 2781 379 2832 ΙΙΙ
396 2779 465 2848 Rea.
489 2779 545 2834 Vol.
569 2779 598 2844 V,
616 2784 666 2846 27;
684 2779 748 2833 Lib.
767 2779 822 2844 IX,
841 2783 900 2833 149.

67 2874 86 2914 u
234 2866 370 2930 Ponant,
389 2865 458 2937 Rep.
479 2868 560 2918 7346.
598 2865 641 2934 Cf.
659 2883 687 2918 n.
704 2867 768 2918 264.

659 3102 667 3118 .
698 3101 707 3118 .
735 3045 940 3135 episcopo
968 3043 1253 3116 Ariminensi.

240 3175 402 3241 Gerontes
426 3175 466 3241 de
490 3177 562 3241 zelo
585 3183 619 3241 et
642 3176 815 3263 prudentia
837 3182 893 3240 tua
909 3175 1060 3239 fiduciam
1084 3176 1272 3262 specialem,
1295 3181 1328 3240 tc
1352 3173 1534 3239 venerabili
1556 3172 1649 3237 fratri
1671 3178 1782 3236 nostro

132 3328 140 3344 .
163 3326 170 3340 .
193 3277 361 3343 Brixiensi
385 3281 540 3366 episcopo
565 3280 718 3344 duximus
742 3278 931 3344 sociandum
953 3279 987 3342 in
1012 3299 1089 3342 cura
1112 3278 1299 3365 extirpandi
1321 3278 1516 3365 pravitatem
1538 3276 1717 3341 hereticam
1739 3273 1781 3339 de

132 3382 279 3467 partibus
302 3381 511 3464 Lombardie,
535 3404 608 3448 cum
630 3382 854 3447 venerabilem
876 3382 1010 3446 fratrem
1033 3389 1181 3446 nostrum
1204 3430 1236 3445 ..
1259 3382 1480 3446 Mutinensem
1503 3381 1705 3467 episcopum,
1729 3378 1780 3442 cui

46 3497 78 3538 ²⁶
134 3505 206 3548 cum
241 3484 368 3570 prefato
407 3485 574 3550 Brixiensi
609 3507 720 3550 curam
758 3485 1025 3549 commiseramus
1058 3484 1218 3564 eandem,
1249 3483 1452 3548 destinemus
1489 3482 1531 3547 ad
1563 3484 1781 3549 Prutenorum

131 3585 289 3652 barbaras
318 3589 467 3653 nationes
496 3589 538 3652 ad
567 3588 801 3675 predicandum
831 3588 878 3652 eis
907 3608 1026 3651 nomeu
1055 3593 1088 3652 ct
1117 3586 1214 3652 fidem
1243 3586 1309 3651 Dei
1337 3608 1375 3650 ac
1404 3585 1527 3650 domini
1549 3586 1626 3651 Iesu
1650 3586 1780 3651 Christi.

134 3687 214 3754 Cum
237 3691 339 3775 igitur
360 3691 394 3755 in
418 3693 548 3757 civitate
571 3691 684 3756 Brixic
707 3693 810 3755 multa
839 3691 1031 3754 immineant
1059 3689 1225 3767 facienda,
1255 3710 1317 3774 que
1346 3688 1475 3774 plenius
1499 3690 1726 3775 exprimuntur
1748 3691 1781 3754 in

132 3793 266 3874 litteris,
289 3815 369 3879 quas
392 3795 452 3858 tibi
475 3803 509 3859 et
531 3795 593 3881 ipsi
615 3793 784 3858 Brixiensi
806 3794 961 3879 episcopo
984 3793 1202 3873 destinamus,
1225 3791 1420 3856 fraternitati
1442 3797 1497 3854 tue
1520 3811 1579 3874 per
1600 3792 1782 3878 apostolica

135 3897 255 3982 scripta
277 3895 486 3974 mandamus,
516 3900 667 3984 quatinus
692 3919 773 3963 onus
803 3905 836 3962 et
858 3898 1005 3963 laborem
1029 3897 1214 3962 huiusmodi
1243 3897 1401 3982 hylariter
1422 3915 1480 3980 pro
1504 3895 1635 3960 nomine
1659 3895 1782 3962 Christi

135 4000 316 4086 suscipiens
339 4001 380 4064 ad
408 4003 574 4066 civitatem
603 4003 650 4067 ire
673 4024 738 4066 non
765 4001 897 4066 differas
921 4000 1157 4087 supradictam,
1185 4000 1278 4064 iuxta
1302 3998 1522 4084 predictarum
1549 3999 1782 4064 continentiam

134 4103 332 4184 litterarum,
360 4125 421 4169 nec
444 4126 508 4169 non
531 4105 623 4170 iuxta
646 4113 794 4170 tenorem
817 4104 963 4183 illarum,
995 4124 1075 4188 quas
1099 4123 1198 4189 super
1219 4102 1353 4187 negotio
1375 4099 1452 4164 fidei
1474 4100 1612 4185 aliisque
1634 4102 1781 4167 articulis

134 4207 222 4292 prius
254 4205 533 4273 destinaveramus
557 4209 720 4295 episcopis
745 4207 953 4293 supradictis,
981 4227 1047 4270 una
1076 4227 1149 4271 cunr
1179 4207 1249 4293 ipso
1272 4204 1440 4269 Brixiensi
1470 4203 1625 4290 episcopo
1648 4226 1781 4290 proces-

136 4333 239 4374 surus.
297 4311 458 4376 Volumus
495 4313 593 4377 etiam
627 4318 661 4377 et
694 4310 901 4386 mandamus,
939 4309 1090 4395 quatinus
1128 4330 1188 4395 per
1221 4308 1464 4372 Bononiensem
1504 4312 1537 4370 et
1569 4306 1782 4374 Parmensem

136 4414 296 4478 transiens
313 4414 471 4494 civitates,
495 4436 606 4479 corum
622 4399 839 4501 potestatibus
863 4413 1056 4477 auctoritate
1072 4418 1184 4476 nostra
1196 4410 1359 4498 precipias
1383 4409 1443 4473 sub
1468 4407 1579 4473 debito
1595 4408 1780 4494 iuramenti,

138 4515 220 4600 quod
249 4517 283 4579 in
316 4515 536 4603 predictorum
567 4518 794 4603 episcoporum
828 4515 978 4579 manibus
1013 4515 1197 4600 prestitisse
1231 4517 1427 4592 noscuntur,
1458 4517 1495 4575 ut
1525 4512 1595 4576 sinc
1624 4511 1782 4580 dilatione

137 4617 298 4682 dimittant
319 4620 462 4706 ipsarum
487 4621 645 4705 regimina
674 4620 862 4697 civitatum,
893 4639 955 4702 que
979 4625 1092 4682 contra
1114 4617 1343 4681 inhibitionem
1366 4615 1430 4679 sibi
1452 4615 1572 4679 factam
1595 4623 1782 4704 contempto

138 4721 316 4786 iuramento
348 4722 420 4808 ipso
455 4729 579 4788 temere
612 4727 822 4809 receperunt,
857 4720 1034 4786 earundem
1066 4720 1234 4785 civitatum
1269 4719 1463 4784 consiliariis
1496 4719 1713 4803 iniungendo,
1746 4725 1784 4784 ut

138 4823 222 4910 ipsos
245 4831 429 4911 potestates
450 4827 620 4890 licentient
646 4825 769 4910 absque
792 4845 900 4904 mora,
929 4824 970 4887 ab
994 4825 1082 4889 omni
1103 4823 1250 4904 vinculo,
1281 4844 1345 4908 quo
1367 4826 1522 4886 tenentur
1543 4819 1684 4903 eisdem,
1713 4822 1782 4885 sive

140 4949 234 5015 super
257 4926 424 5013 sequendo
447 4929 591 5014 ipsorum
608 4928 765 5013 regimine
790 4927 859 4991 sive
883 4947 981 5012 super
1005 4927 1122 4989 salario
1147 4926 1195 4990 eis
1212 4924 1317 4989 dando
1341 4924 1472 5010 penitus
1489 4921 1643 4988 absoluti.
1688 4921 1782 4996 Quod

140 5033 198 5096 nisi
227 5033 381 5111 fecerint,
412 5039 448 5096 tu
477 5033 510 5096 in
532 5033 620 5118 ipsos
643 5037 825 5116 potestates
857 5036 891 5094 et
914 5029 1117 5093 consiliarios
1140 5025 1487 5093 excommunicationis
1518 5031 1552 5088 et
1578 5024 1611 5088 in
1633 5025 1782 5088 civitates

142 5134 224 5220 ipsas
257 5135 421 5200 interdicti
456 5135 637 5199 sententias
670 5153 736 5197 non
770 5131 902 5197 differas
939 5133 1163 5218 promulgare,
1207 5129 1384 5194 earundem
1417 5127 1553 5215 prelatis
1589 5127 1782 5192 auctoritate

141 5245 248 5302 nostra
269 5239 471 5325 precipiens,
499 5243 535 5301 ut
563 5235 695 5301 easdem
719 5237 899 5300 sententias
923 5255 1025 5320 usque
1048 5234 1089 5298 ad
1112 5232 1307 5318 condignam
1330 5231 1586 5297 satisfactionem
1609 5227 1784 5294 observent

141 5348 171 5406 et
190 5341 313 5406 faciant
334 5340 513 5405 observari.

242 5459 318 5526 Dat.
340 5459 494 5526 Lateran.
517 5457 549 5522 V
571 5457 648 5522 Idus
671 5457 825 5539 Ianuarii,
849 5478 933 5523 anno
955 5478 1052 5522 nono.

760 5651 827 5658 .-—-··-
