4560 6420
1105 386 1411 442 ADDITAMFNDUM.

1210 688 1297 761 830.

530 799 718 894 Honorius
741 829 809 894 ΙΙΙ
819 850 910 910 papa
932 829 1074 913 [Vitali]
1095 827 1466 919 arehiepiscopolPisuuo
1487 830 1516 892 et
1537 826 1713 911 [lolmaui]
1734 828 1873 909 episcopo
1894 827 2091 894 Florentiae

424 956 552 1003 eausam
574 932 611 997 de
633 933 779 1011 Fossato,
805 932 912 1006 ¹Turre
939 935 968 996 et
990 931 1174 996 Moutieello
1200 932 1316 996 castris
1339 931 1421 996 iuter
1442 931 1600 996 ecdcsiom
1623 930 1800 996 Romanam
1822 935 1852 995 ct
1873 931 2091 997 Pistoricascs

425 1044 591 1107 vertentem
614 1037 848 1103 terminandam
870 1036 1038 1102 committit.
1087 1035 1134 1116 Of.
1157 1055 1190 1102 a.
1213 1037 1287 1099 829.
1738 1037 1832 1114 1222,
1855 1035 1921 1100 Iul.
1945 1039 1998 1100 16.

529 1157 657 1213 Indidem
675 1175 701 1212 a.
725 1157 755 1212 V.
775 1158 815 1213 Cl.
833 1157 867 1212 F.
890 1157 998 1212 lbaaer
1016 1157 1191 1228 rescriptum.

539 1350 775 1426 Honorius
802 1351 1046 1443 episcopus
1073 1372 1238 1426 servus
1265 1371 1497 1425 servorum
1523 1349 1601 1423 Dei
1626 1349 1970 1426 venerabilibus
2152 1361 2164 1399 ³

426 1471 650 1548 fratribus
682 1526 726 1548 ..
763 1469 1139 1566 archiepiscopo
1174 1471 1355 1548 Pisano
1387 1477 1430 1548 et
1462 1523 1506 1546 ·.
1540 1471 1771 1564 episcopo
1802 1470 2088 1548 Florentino

757 1595 952 1668 salutem
979 1598 1021 1667 et
1047 1594 1359 1686 apostolicam
1385 1592 1763 1667 benedictionem.

540 1743 622 1809 Oum
657 1743 734 1809 olim
772 1743 928 1828 potestati
963 1748 996 1808 et
1029 1745 1151 1830 populo
1181 1744 1377 1808 Pistoriensi
1413 1742 1601 1808 dederimus
1631 1743 1664 1807 in
1694 1744 1877 1829 preceptis,
1913 1752 1950 1809 ut
1978 1751 2090 1810 castra

430 1847 580 1935 quedam,
605 1868 668 1933 que
691 1846 824 1911 fuerunt
848 1847 935 1912 clara
958 1849 1116 1913 memorie
1141 1848 1308 1912 comitisse
1331 1845 1506 1927 Mattildis,
1536 1846 1577 1910 ad
1599 1844 1781 1911 Romanam
1811 1849 1985 1913 ecclesiam
2007 1869 2087 1934 per-

429 1952 584 2034 tinentia,
615 1949 769 2015 videlieet
799 1949 989 2032 Fossatum,
1021 1950 1160 2016 Turrem
1188 1957 1221 2016 et
1242 1949 1471 2015 Montioellum'
1499 1971 1571 2014 curn
1594 1950 1801 2035 pertinentiis
1825 1953 1892 2016 suis
1914 1974 2022 2038 usque
2045 1950 2089 2016 ad
2140 1966 2164 2004 1⁰

430 2057 551 2122 festum
575 2055 813 2142 purificationis
837 2055 985 2140 proximo
1009 2056 1200 2141 preteritum
1224 2055 1344 2120 dilecto
1367 2055 1434 2120 lilio
1458 2104 1465 2118 .
1491 2103 1497 2118 .
1521 2054 1633 2119 abbati
1662 2053 1702 2120 de
1726 2053 1872 2141 Septimo
1895 2055 2089 2121 Florentino

429 2160 570 2226 diocesis
595 2166 706 2224 nostro
723 2158 855 2223 nomine
872 2159 1088 2243 resignarent,
1112 2159 1165 2224 vel
1190 2159 1218 2223 si
1234 2158 1274 2224 de
1299 2159 1369 2223 iure
1393 2156 1611 2236 confiderent,
1634 2162 1862 2243 procuratores
1885 2156 2023 2224 idoneos
2046 2157 2089 2223 ad

430 2271 576 2331 nostram
600 2268 752 2328 curarent
774 2263 973 2348 presentiam
997 2261 1179 2328 destinare:
1204 2263 1267 2349 ipsi
1283 2263 1362 2328 licet
1379 2261 1420 2326 ad
1438 2283 1497 2326 nos
1514 2261 1663 2326 miserint
1677 2260 1831 2326 idoneum
1848 2263 2088 2348 responsalem,

432 2391 498 2434 non
521 2374 632 2433 tamen
655 2367 762 2453 potuit
784 2365 826 2432 de
849 2366 989 2432 veritate
1012 2373 1182 2443 constare;
1206 2366 1347 2453 ideoque
1375 2387 1509 2434 causam
1532 2367 1637 2452 ipsam
1666 2363 1761 2430 vobis
1795 2366 1947 2431 duximus
1971 2367 2089 2431 comit-

432 2473 575 2553 tendam,
599 2470 797 2535 fraternitati
820 2476 930 2536 vestre
954 2491 1013 2557 per
1036 2472 1219 2557 apostolica
1241 2473 1362 2558 scripta
1378 2470 1582 2550 mandantes,
1605 2471 1767 2557 quatinus,
1791 2491 1830 2534 eo
1851 2470 2087 2536 nonobstante
2139 2491 2162 2529 u

432 2576 517 2663 quod
540 2575 663 2641 dilecto
686 2574 753 2639 filio
770 2621 803 2638 ..
827 2573 1112 2660 archipresbytero
1135 2574 1326 2640 Florentino
1351 2595 1483 2640 oausam
1500 2575 1769 2640 commiseramus
1794 2573 1943 2654 eandem,
1966 2574 2089 2640 dilecto

432 2682 500 2747 filio
524 2679 671 2745 Iohanne
694 2678 855 2744 monacho
880 2677 1000 2743 Sancte
1023 2677 1128 2744 Maria
1153 2677 1193 2744 de
1216 2678 1444 2765 MonteplanO,
1476 2699 1573 2763 quem
1597 2678 1738 2743 eeclesia
1759 2677 1907 2743 Romana
1930 2699 2089 2764 procura-

432 2792 537 2850 torem
561 2783 750 2864 statuimus,
782 2804 820 2847 ac
848 2781 968 2848 dilecto
991 2783 1058 2848 lilio
1081 2784 1184 2849 nobili
1208 2785 1277 2849 viro
1301 2783 1420 2849 comite
1444 2782 1617 2864 Alberto²,
1646 2782 1702 2867 qui
1724 2803 1750 2847 a
1766 2783 1862 2847 nobis
1885 2788 1995 2847 eastra
2017 2784 2092 2870 ipsa
2153 2785 2156 2790 ’

433 2890 560 2976 recepit
583 2889 615 2953 in
638 2887 783 2968 feodum,
807 2909 866 2953 seu
888 2894 1099 2973 procuratore
1123 2888 1226 2974 ipsius
1250 2909 1399 2954 necnon
1422 2893 1654 2974 procuratore·
1676 2887 1821 2973 ipsorum
1835 2885 2090 2951 Pistorieusium

433 2991 475 3058 ad
497 2998 641 3058 vestram
664 2991 864 3078 presentiam
888 2991 1051 3070 evocatis,
1081 2989 1222 3056 audiatis
1254 3013 1317 3077 que
1348 2991 1423 3056 hine
1452 2989 1528 3055 inde
1551 2989 1704 3054 duxerint
1731 2989 1961 3076 proponenda,
1992 2995 2027 3055 et
2056 2992 2090 3056 in
2139 3007 2163 3046 ²⁰

433 3097 567 3182 negotio
604 3097 676 3182 ipso
710 3115 816 3183 usque
849 3093 891 3159 ad
926 3097 1123 3161 sententiam
1158 3094 1362 3160 diffinitivam
1397 3095 1617 3182 appellatione
1649 3095 1833 3181 postposita
1859 3093 2090 3181 procedentes,

435 3221 578 3280 eausam,
602 3198 630 3264 si
653 3204 764 3286 partes
788 3201 1026 3282 consenserint,
1048 3199 1113 3266 fine
1137 3200 1248 3265 debito
1274 3198 1442 3278 decidatis,
1466 3199 1610 3284 alioquin
1629 3198 1766 3264 eandem
1781 3197 1824 3264 ad
1838 3220 1898 3264 nos
1913 3197 2093 3264 remittatis

433 3303 635 3370 sufficienter
667 3303 876 3384 instructam,
910 3304 1110 3392 prefigentes
1139 3304 1287 3390 partibus
1309 3302 1484 3368 terminum
1520 3307 1782 3388 competentem,
1815 3323 1878 3388 quo
1908 3325 1945 3368 se
1976 3310 2091 3368 nostro

435 3409 627 3495 conspectui
650 3413 879 3493 representent
903 3407 1101 3472 sententiam
1118 3405 1314 3493 recepturil’.
1351 3405 1421 3471 Nos
1439 3405 1526 3471 anim
1543 3412 1610 3471 tam
1625 3404 1711 3470 dicto
1729 3407 1932 3493 procuratori
1948 3407 2092 3474 ecclesie

432 3514 581 3579 Romane
610 3533 706 3597 quarn
734 3511 797 3599 ipsi
825 3511 935 3577 comiti
965 3517 998 3576 et
1034 3510 1238 3598 procuratori
1269 3509 1417 3576 eiusdem
1451 3509 1656 3596 transigendi
1689 3511 1741 3574 vel
1771 3508 1961 3596 paciscendi
1991 3533 2093 3598 super
2143 3524 2167 3563 2⁵

433 3615 590 3703 predictis
614 3616 835 3681 subtraximus
858 3621 1068 3702 potestatem.
1121 3613 1240 3679 Testes
1270 3621 1400 3695 autem,
1434 3615 1488 3700 qui
1511 3614 1632 3680 fuerint
1655 3614 1831 3694 nominati,
1861 3613 1889 3678 si
1913 3636 1949 3680 se
1974 3615 2093 3700 gratio,

383 3805 388 3814 Ι
434 3719 508 3786 odio
532 3721 584 3785 vel
608 3720 724 3786 timore
749 3719 982 3801 subtraxerint,
1005 3741 1066 3806 per
1083 3739 1256 3784 censuram
1278 3719 1539 3784 eeclesiasticam
1555 3718 1777 3804 appellatione
1795 3724 1946 3784 cessante
1963 3719 2093 3804 cogatis

433 3824 565 3892 veritati
589 3823 813 3890 testimonium
836 3824 1022 3910 perhibere.

540 3945 618 4012 Dat.
640 3946 750 4013 Later.
774 3945 874 4012 XVII
897 3945 972 4012 Kal.
996 3945 1084 4031 Aug.
1107 3945 1316 4032 pontificatus
1339 3945 1443 4011 nostri
1466 3968 1551 4011 anno
1574 3945 1653 4010 vla

1055 4192 1466 4200 ——--—-—--——

1218 4416 1304 4489 831.

543 4523 734 4633 Greporius
756 4551 814 4616 IX
827 4573 918 4634 popu
946 4553 1193 4638 [archiepiscopo
1219 4560 1248 4620 et
1275 4555 1488 4638 suffropameis
1514 4558 1600 4642 eius]
1627 4558 1800 4640 sipuifimt,
1827 4578 1859 4622 se
1881 4577 1985 4622 ornues
2016 4561 2092 4625 sub·
2144 4597 2170 4636 so

436 4656 518 4719 ditos
540 4654 702 4720 Frideriei
723 4655 923 4736 imperatmu's
952 4659 981 4721 et
1008 4656 1185 4738 specialiter
1211 4658 1349 4722 homiues
1376 4659 1466 4742 repai
1492 4682 1514 4725 a
1540 4661 1716 4724 iuramento
1739 4659 1903 4742 fidelitatis
1923 4661 2096 4728 absolvisse

433 4762 462 4824 et
483 4776 547 4838 eos,
576 4759 631 4840 qui
653 4759 682 4824 ei
708 4763 817 4824 eontra
839 4741 997 4824 eeclesiam
1018 4761 1177 4825 auxilium
1203 4762 1440 4842 praestiterint,
1469 4764 1766 4842 eacmnmuaicasse;
1795 4763 1840 4828 od
1861 4763 1935 4829 baec
1963 4767 2097 4830 aaudiat

434 4863 652 4943 immaniorem
671 4865 797 4943 portum
819 4863 1004 4928 Brundusii
1033 4864 1165 4930 latenter
1193 4885 1347 4948 opressum
1375 4887 1436 4948 quo
1462 4867 1554 4932 iverit
1578 4867 1735 4948 inaerari,
1757 4869 1859 4948 pardo
1886 4872 1960 4932 nate
1988 4875 2096 4934 autem

434 4968 471 5030 ia
487 4969 585 5048 portu
606 4969 726 5032 striata
747 4967 880 5032 edidisse
901 4971 930 5031 et
953 4968 1076 5034 litteras
1096 4968 1141 5033 ad
1161 4970 1381 5050 usurpandum
1397 4971 1629 5051 patrimonium
1650 4971 1822 5036 desdam
1836 4971 2095 5037 etheueatum

434 5070 570 5136 obsideri
586 5070 720 5156 fecisse;
740 5071 881 5151 madet,
903 5077 939 5136 ut
961 5071 1036 5138 boec
1052 5093 1113 5154 per
1134 5073 1267 5139 dioceses
1288 5093 1365 5141 suas
1383 5075 1551 5156 publicent.
1726 5077 1820 5154 1228,
1842 5076 1925 5158 Aue.
1947 5079 2000 5140 30.
2144 5097 2171 5136 as

538 5191 588 5245 Ea
606 5190 774 5258 authentico,
792 5191 865 5262 qaod
886 5193 919 5249 V.
940 5192 979 5248 Ol.
1005 5193 1046 5249 W.
1063 5193 1241 5248 Wottenbaclr
1258 5195 1290 5248 iu
1308 5199 1461 5267 tegumento
1482 5195 1546 5251 eeu.
1563 5194 1637 5249 Bibl.
1658 5194 1735 5250 Gaea.
1747 5193 1862 5249 Vindob.
1880 5195 1938 5250 Sal.
1958 5199 2002 5266 94,
2022 5213 2096 5251 aare

434 5280 516 5345 1413,
533 5276 638 5332 inuenit
656 5283 682 5332 et
698 5277 862 5349 descripsit·
879 5279 995 5349 Aratio,
1017 5287 1036 5334 t.
1054 5283 1093 5345 Χ,
1123 5299 1151 5350 p.
1171 5285 1232 5336 549.
1268 5281 1387 5336 Initium
1405 5283 1536 5353 epistolae
1559 5297 1619 5336 cum
1641 5282 1820 5352 incriptione
1836 5285 1862 5336 et
1882 5282 1981 5336 Mara
1999 5283 2096 5338 uniue-

539 5487 563 5554 ι)
575 5508 628 5556 pro
648 5499 812 5558 procuratore
829 5492 856 5542 iu
874 5509 963 5560 apopr.
983 5509 1101 5560 parvos.
1181 5491 1208 5556 b)
1227 5501 1356 5562 receptare
1376 5513 1418 5562 ap.
1493 5492 1516 5560 ο)
1535 5495 1647 5559 sequeitur
1665 5495 1833 5546 tcadmomium
1849 5495 1947 5547 nemrii
1963 5496 2002 5547 od
2018 5497 2097 5547 umba

434 5576 555 5643 ιριέιοὶαε
567 5577 756 5643 praecedentia,
774 5587 874 5645 excepto
892 5579 961 5644 qarod
977 5579 1018 5632 trio
1036 5579 1129 5650 lepitur
1146 5580 1219 5636 bulla
1235 5581 1307 5637 illius
1324 5598 1384 5633 curn
1401 5581 1445 5632 filo
1464 5579 1593 5653 pendenti.
1683 5587 1684 5590 ’

540 5697 565 5765 1)
583 5694 617 5750 de
634 5694 788 5768 Martyrum
806 5695 844 5768 cs.
861 5713 888 5750 n.
906 5700 969 5756 150.
2143 5701 2170 5751 u
