4576 6390
1023 361 1071 420 EX
1090 357 1265 421 GREGORH
1282 356 1322 416 IX
1339 357 1519 418 aams'rao

1228 663 1313 737 599.

550 779 739 893 Grcqorius
755 804 811 872 IX
828 830 915 890 papa
929 807 1095 893 [Conrado
1111 808 1168 891 Π]
1190 808 1328 890 episcopo
1350 805 1600 872 Hildesbcmensi
1621 812 1650 872 ct
1672 805 1709 874 de
1731 805 1819 874 Valle
1840 810 1943 874 saneti
1969 807 2103 890 Georpii

441 919 470 979 et
484 912 705 998 Hersfeldensi
723 911 886 976 abbatibus
901 911 1041 989 nraudot,
1064 915 1100 973 ut
1121 911 1364 992 inquisitionem,
1384 933 1478 993 quom
1501 912 1538 976 de
1560 913 1723 977 miraculis
1745 913 1850 977 beatae
1871 912 2101 976 reeordationis

440 1017 604 1086 Elisabeth
635 1016 834 1097 lcnlqraoiaa
863 1014 1057 1097 Tburinpiae
1089 1035 1147 1094 per
1172 1013 1386 1098 [Siqofriolum
1413 1014 1493 1098 III]
1523 1015 1786 1095 archiepiscopum
1816 1014 2047 1096 Moquntiuum
2075 1019 2104 1078 ct

442 1121 539 1184 bonae
560 1121 724 1185 numeriae
750 1117 931 1184 Oonrodum
952 1116 989 1180 de
1011 1116 1170 1198 Morburq
1190 1119 1263 1198 fieri
1285 1118 1426 1194 iusserit,
1454 1115 1546 1201 iufra
1569 1118 1707 1198 quinque
1729 1137 1847 1182 menam
1868 1117 1929 1180 sibi
1952 1118 2102 1195 mittant,·

441 1225 471 1288 si
488 1222 572 1308 forte
588 1221 742 1308 mactata
764 1221 929 1303 inquisitio
947 1241 1027 1301 prae
1049 1221 1195 1284 manibus
1217 1241 1281 1284 non
1302 1221 1463 1298 habeatnr,
1485 1221 1549 1300 ipsi
1570 1242 1637 1285 eain
1655 1220 1795 1306 faciant.
2166 1253 2177 1291 ,ς

546 1393 628 1464 arey.
647 1394 697 1447 rx
713 1393 782 1462 neq.
806 1391 862 1445 vu.
881 1391 1017 1459 rv,212,·
1035 1391 1098 1445 aa.
1123 1391 1204 1457 vrrr,
1222 1396 1282 1446 aa.
1749 1327 1843 1401 1234,
1869 1322 1932 1388 ⁰⁰⁶·
1956 1327 2010 1390 11,

545 1480 681 1547 Pcttbaet,
701 1479 768 1547 Req.
789 1481 868 1531 9721.

586 1730 595 1746 .
625 1730 633 1747 .
666 1672 877 1764 episcopo
904 1671 1194 1747 Ildesemensi
1222 1677 1262 1744 el
1297 1729 1305 1746 .
1335 1728 1343 1744 .
1372 1673 1422 1745 de
1448 1672 1566 1745 Valle
1594 1670 1738 1744 sancti
1766 1670 1961 1761 Georgii¹

662 1799 703 1867 el
731 1851 739 1867 .
769 1851 777 1868 .
807 1795 1100 1868 Hervedensi‘²
1126 1795 1368 1868 abbatibus
1394 1793 1651 1884 Maguntine
1679 1792 1885 1864 diocesis.

287 1944 432 1996 nannum.
553 1934 604 1999 Ne
628 1937 790 2020 possimus
814 1937 917 2020 argui,
941 1937 969 1999 si
991 1938 1159 2000 lucernam
1174 1935 1307 2020 dignam
1331 1957 1429 2020 super
1447 1934 1678 1998 candelabrum
1697 1933 1850 1997 collocari
1873 1933 2014 1997 detineri
2039 1934 2101 1997 sub

444 2037 551 2103 modio
581 2040 757 2125 patiamur,
787 2041 964 2126 presertim
994 2062 1066 2104 eum
1098 2039 1306 2104 evidentibus
1331 2038 1454 2102 inditiis
1479 2039 1518 2102 de
1543 2038 1615 2102 eelo
1645 2043 1800 2100 noscatur
1823 2037 1971 2101 emittere
1997 2038 2100 2101 multe
2202 2018 2208 2030 ’

442 2143 551 2207 radios
575 2144 751 2223 claritatis,
782 2143 973 2208 discretioni
995 2150 1104 2208 vestre
1135 2165 1195 2229 per
1217 2142 1398 2228 apostoliea
1430 2143 1552 2228 scripta
1574 2143 1607 2205 in
1629 2143 1750 2206 virtute
1775 2139 1963 2205 obedientie
1987 2140 2097 2225 preci-

442 2246 563 2332 piendo
596 2246 803 2327 mandamus,
838 2247 990 2331 quatinus
1024 2247 1285 2331 inquisitionem,
1321 2267 1417 2330 quam
1450 2245 1489 2309 de
1529 2245 1694 2308 miraculis
1726 2245 1824 2308 beate
1861 2244 2099 2309 reeordationis

444 2349 652 2434 Helysabeth
684 2351 852 2436 langravie
875 2350 1032 2435 Turingie
1062 2371 1121 2436 per
1149 2350 1372 2415 venerabilem
1404 2350 1537 2413 fratrem
1569 2355 1717 2412 nostrum
1749 2348 2099 2435 ..archiepiscopum

441 2450 671 2537 Maguntinum
695 2461 728 2518 et
757 2455 843 2518 bone
871 2453 1028 2518 memorie
1059 2454 1250 2537 magistrum
1278 2451 1463 2516 Conradum
1488 2451 1527 2516 de
1551 2451 1728 2515 Marburch
1760 2452 1830 2515 fieri
1862 2451 2100 2532 mandavimus,

443 2556 537 2620 nobis
554 2579 615 2643 per
631 2558 818 2643 solempnes
835 2558 978 2636 nuntios,
1002 2577 1138 2642 quorum
1156 2557 1315 2621 committi
1332 2557 1457 2620 meritis
1474 2555 1555 2618 tanti
1573 2555 1772 2620 excellentia
1787 2557 1913 2640 negotii
1930 2556 2100 2636 debeatur,

442 2661 484 2724 ad
506 2669 653 2727 nostram
676 2664 876 2749 presentiam
901 2663 986 2726 infra
1009 2661 1151 2748 quinque
1168 2683 1298 2725 menses
1322 2667 1398 2746 post
1422 2661 1666 2746 susceptionem
1688 2660 1891 2746 presentium
1911 2651 2100 2724 destinetis.

443 2763 567 2828 Verum
591 2766 619 2828 si
642 2766 770 2851 prefata
792 2765 960 2849 inquisitio
984 2766 1068 2830 forte
1091 2787 1150 2851 pre
1174 2765 1324 2828 manibus
1348 2785 1411 2828 non
1435 2763 1591 2842 habetur,
1621 2784 1695 2844 vos,
1726 2763 1887 2827 habentes
1910 2785 1969 2849 pre
1994 2761 2099 2825 oeulis

445 2867 554 2932 divine
585 2868 804 2932 reverentiam
837 2869 1035 2949 maiestatis,
1067 2875 1169 2933 testes
1194 2869 1345 2950 eosdem,
1376 2891 1456 2954 quos
1479 2869 1558 2932 dicti
1589 2867 1857 2953 archiepiscopus
1880 2874 1914 2931 et
1940 2867 2101 2950 magister
2153 2923 2164 2934 .

446 2993 544 3056 super
565 2967 669 3057 ipsius
684 2971 723 3037 Ε.
740 2973 907 3037 miraculis
928 2979 1133 3060 receperunt,
1157 2980 1213 3036 aut
1236 2973 1317 3036 alios
1342 2972 1370 3036 si
1393 2972 1514 3036 habere
1531 2973 1679 3058 poteritis
1701 2970 1764 3035 fide
1781 2971 1906 3056 dignos,
1929 2968 2100 3033 advocatis

446 3073 487 3137 ad
515 3074 578 3138 hoo
609 3075 686 3138 viris
716 3075 931 3161 prudentibus
962 3082 995 3140 et
1026 3077 1058 3149 in
1086 3077 1156 3140 iure
1189 3076 1321 3162 peritis,
1353 3077 1580 3140 examinantes
1603 3097 1667 3160 qua
1696 3076 1848 3138 convenit
1878 3073 2100 3138 sollieitudine

446 3175 611 3262 diligenti,
643 3178 730 3242 dieta
759 3200 871 3243 eorum
896 3184 928 3243 et
960 3180 1078 3244 seriem
1107 3179 1288 3244 testimonii
1311 3176 1351 3242 de
1376 3179 1474 3242 verbo
1498 3178 1539 3242 ad
1567 3179 1702 3242 verbum
1733 3178 1766 3241 in
1797 3179 1925 3264 scriptis
1957 3177 2101 3241 fideliter

445 3279 550 3364 redigi
585 3281 728 3358 faciatis,
765 3303 827 3368 que
862 3289 898 3346 ut
928 3283 1125 3346 instruamur
1152 3281 1191 3346 de
1229 3282 1315 3346 dono
1347 3283 1467 3367 gratie,
1511 3303 1607 3368 quem
1639 3281 1726 3344 eirca
1757 3280 1964 3365 gratitudinis
1996 3281 2100 3344 filiam

438 3383 575 3448 'videtur
602 3384 759 3448 virtutum
786 3385 936 3451 dominus
967 3385 1135 3466 effudisse,
1167 3387 1227 3450 sub
1250 3387 1369 3450 vestris
1392 3408 1430 3450 aa
1459 3386 1658 3473 prelatorum
1689 3405 1750 3448 nec
1778 3404 1842 3448 non
1865 3384 2098 3467 religiosorum
2152 3414 2178 3453 ee

445 3488 586 3552 virorum
623 3488 739 3573 sigillis
773 3489 858 3553 infra
893 3489 1055 3553 dictorum
1085 3490 1246 3553 mensium
1281 3491 1422 3575 spatium
1458 3489 1545 3553 omni
1580 3488 1751 3552 occasione
1784 3487 1969 3572 postposita
2002 3487 2099 3551 nobis

445 3591 575 3656 mittere
592 3593 784 3676 procuretis.
831 3591 926 3666 Quod
949 3593 977 3656 si
998 3614 1065 3656 non
1087 3614 1201 3658 omnes
1220 3600 1281 3659 ete.
1305 3603 1350 3674 tu,
1374 3595 1475 3658 frater
1494 3593 1658 3677 episcope,
1684 3611 1891 3654 cumeorum
1914 3591 2017 3655 altero
2036 3597 2099 3655 ete.

551 3712 627 3776 Dat.
650 3713 792 3795 Perusii,
815 3713 847 3777 V
870 3713 948 3777 Idus
973 3712 1136 3795 Octobris,
1160 3716 1368 3802 pontificatus
1391 3713 1494 3778 nostri
1516 3732 1601 3774 anno
1626 3716 1750 3775 octavo.

1065 3954 1477 3965 ...-.....—-.-—.—..——---a

1230 4182 1316 4253 600.

554 4298 744 4408 Groqorius
766 4325 822 4389 IX
844 4345 934 4405 papo
955 4322 1193 4409 [Enqelbando]
1214 4323 1352 4402 episcopo
1374 4321 1639 4405 Nuunbnrqonsi,
1664 4325 1845 4404 praeposito
1872 4325 1994 4390 (licensi
2015 4329 2044 4388 et
2066 4325 2096 4390 I.

448 4434 589 4501 Ceutocae
618 4429 798 4494 scholastico
819 4427 1082 4492 Helberstadensi
1109 4426 1268 4490 committit
1294 4425 1529 4506 inquisitionem
1560 4429 1785 4491 controuersiae
1815 4429 1897 4492 iuter
1918 4427 2098 4512 [Ottonom]
2151 4471 2178 4510 ,0

444 4539 550 4601 ducem
570 4535 742 4598 Bouarioc
770 4537 798 4598 ct
821 4531 1038 4617 [Siqcfridum
1060 4529 1140 4614 III]
1162 4528 1425 4610 archiepiscopum
1447 4528 1673 4612 Mequntinum
1695 4531 1732 4594 de
1754 4533 1941 4596 neonastenio
1963 4531 2098 4595 lauris-

444 4639 529 4703 sensi
550 4640 684 4701 caortuo.
1751 4637 1844 4713 1234,
1870 4633 1934 4701 ou.
1957 4639 2009 4701 17.

549 4757 632 4826 Greq.
650 4755 700 4809 IX
716 4755 784 4824 Req.
805 4754 864 4809 Vol.
883 4754 936 4820 IV,
954 4758 1022 4818 213‚·
1039 4752 1102 4807 Lib.
1127 4752 1212 4820 VIII,
1229 4756 1294 4806 248.

547 4841 686 4904 Pottbael,
705 4837 773 4912 Rep.
793 4844 875 4896 9732.

447 5095 455 5111 .
486 5094 494 5111 .
524 5037 734 5130 episcopo
766 5035 1134 5126 Nuemburgensi,
1171 5091 1218 5109 ..
1251 5035 1483 5128 preposito
1512 5033 1689 5108 Cieensi
1714 5033 2097 5130 Nuemhurgensis
2148 5073 2174 5112 u

566 5159 753 5232 diocesis
781 5163 824 5231 et
850 5155 1062 5245 magistro
1089 5156 1116 5228 Ι.
1144 5155 1324 5230 Cemece
1352 5156 1589 5229 scolastico
1617 5155 1975 5230 blhersledensi.

553 5297 666 5362 Nobili
689 5298 758 5362 viro
782 5296 921 5361 ..duce
944 5295 1084 5361 Bavarie
1109 5297 1295 5382 accepimus
1318 5297 1499 5376 intimante,
1523 5296 1610 5381 quod
1633 5318 1706 5361 cum
1730 5298 1963 5362 monasterium
1979 5296 2095 5360 Lauri-

446 5422 554 5481 sense,
577 5401 612 5464 in
637 5401 774 5485 quoius
798 5405 989 5487 patronatus
1013 5407 1047 5465 et
1069 5399 1291 5465 advocationis
1315 5401 1434 5465 asserit
1457 5422 1493 5464 se
1517 5400 1652 5481 habere,
1676 5400 1798 5464 dudum
1820 5401 1919 5466 fuerit
1942 5401 1974 5464 in
1999 5401 2096 5486 spiri-

552 5659 574 5726 2)
594 5661 640 5728 lep.
658 5661 834 5714 llerveldensi.
1276 5661 1301 5730 l)
1323 5660 1351 5714 E
1368 5659 1481 5716 nteridt'e
1498 5661 1595 5731 oppidi
1614 5661 1712 5718 Gallio.
