4596 6406
441 436 504 496 626
658 493 661 498 ,
1021 430 1068 484 EX
1088 429 1263 484 ennoean
1282 427 1319 480 IX
1338 427 1517 483 REGISTRO

442 607 550 672 saner
583 606 659 670 olim
695 627 759 668 non
798 604 922 690 absque
960 605 1079 668 mentis
1118 601 1334 666 amaritudine
1376 602 1562 680 intellecto,
1603 601 1688 684 quod
1727 602 1854 666 nobiles
1894 599 1979 674 viri,
2002 600 2104 664 duces

444 710 582 774 Pelonie
606 709 755 774 homines
778 707 1014 772 cathedralium
1045 715 1079 771 01
1106 708 1242 771 aliarum
1273 707 1486 770 ecclesiarum
1511 705 1715 770 Gncznensis
1747 706 1914 792 provincie
1944 704 2103 790 angariis,

445 813 648 899 perangariis
672 819 706 877 et
729 812 945 896 vectigalibus
969 811 1111 896 graviter
1134 809 1321 894 affligendo,
1352 811 1458 896 ipsos,
1492 817 1527 874 ut
1550 817 1724 874 venatores
1748 831 1861 874 eorum
1886 810 1919 874 iu
1945 809 2101 874 domibus

445 916 512 980 suis
537 917 722 1002 reciperent
745 938 783 980 ac
807 917 855 981 eis
878 915 1123 1002 procurationes
1148 914 1310 978 indebitas
1334 914 1544 994 exhiberent,
1576 935 1636 978 nec
1668 935 1732 976 non
1761 914 1794 977 in
1828 913 2101 1000 expeditionibus

446 1021 513 1084 suis
538 1021 678 1107 propriis
701 1021 882 1084 militarent
906 1018 1077 1106 stipendiis
1109 1039 1147 1082 ac
1172 1018 1349 1082 eorundem
1374 1019 1609 1082 munitionibus
1638 1025 1671 1082 et
1694 1019 1843 1083 domibus
1868 1015 2101 1082 construendis

444 1126 649 1205 insisterent,
683 1131 797 1189 contra
819 1125 978 1188 iustitiam
1002 1122 1229 1202 coarctabant,
1254 1129 1287 1186 et
1311 1123 1390 1186 alias
1414 1145 1474 1209 per
1497 1145 1554 1186 000
1578 1128 1645 1186 tam
1669 1122 1845 1187 enormiter
1868 1122 2102 1206 gravabantur,

446 1228 532 1312 quod
563 1250 624 1293 nec
655 1229 721 1293 suis
745 1234 899 1314 poterant
921 1247 1037 1290 vacare
1066 1225 1208 1310 negotiis
1237 1246 1298 1289 nec
1327 1226 1463 1310 prefatis
1493 1233 1529 1290 ut
1557 1233 1710 1290 tenentur
1739 1227 1887 1290 ecclesiis
1921 1224 2102 1296 deservire,

444 1331 503 1395 aeb
527 1332 756 1396 nichilominus
791 1330 831 1395 ab
865 1331 912 1394 eis
947 1336 980 1394 01
1011 1329 1157 1414 ipsorum
1190 1328 1384 1391 officialibus
1418 1327 1642 1394 indifferenter
1675 1336 1827 1415 tanquam
1856 1329 1980 1416 proprii
2010 1325 2099 1390 servi

444 1436 621 1500 eorundem
645 1435 925 1521 compellebantur
945 1433 1111 1518 obsequiis
1128 1440 1163 1498 et
1180 1431 1305 1496 iudiciis
1329 1432 1515 1538 subiaqore:
1540 1434 1719 1498 venerabili
1741 1434 1830 1499 fratri
1854 1440 1963 1497 nostro
1981 1483 1987 1495 .
2004 1480 2011 1494 .
2029 1431 2101 1516 epi-

444 1560 541 1625 scopo
566 1539 728 1624 quondam
753 1538 933 1603 Mutinensi
955 1537 1186 1624 penitentiario
1210 1543 1332 1615 nostro,
1355 1537 1534 1622 apostolice
1559 1537 1646 1602 sedis
1670 1539 1795 1622 legato,
1818 1537 1943 1602 litteras
1967 1543 2098 1601 nostras

443 1642 632 1724 direximus,
657 1644 864 1708 continentes
888 1649 924 1706 ut
946 1643 1057 1727 aliqua
1079 1639 1326 1720 consuetudine,
1350 1662 1412 1725 que
1440 1643 1625 1727 corruptela
1649 1641 1787 1706 dicenda
1810 1648 1861 1705 est
1884 1642 2002 1728 potius,
2033 1661 2101 1704 non

446 1747 607 1826 obstante,
631 1745 893 1832 prefatcsduees
908 1746 949 1809 ab
966 1743 1151 1809 huiusmodi
1175 1746 1335 1808 molestiis
1361 1745 1521 1810 dictorum
1546 1746 1711 1810 hominum
1736 1746 1927 1810 coherceret
1938 1746 1958 1810 ¹.
1998 1745 2100 1809 (lum-

443 1873 505 1936 que
530 1850 633 1914 dictus
657 1851 831 1937 episeopus
855 1848 895 1913 ad
912 1849 1099 1913 instantiam
1117 1848 1315 1912 venerabilis
1333 1849 1442 1912 fratris
1459 1850 1561 1914 nostri
1578 1901 1606 1916 ..
1628 1851 1832 1914 Gneznensis
1849 1849 2101 1935 archicpiscopi,

442 1962 539 2040 prout
571 1954 675 2019 idemc
708 1956 742 2019 in
776 1961 888 2019 nostra
920 1953 1089 2040 proposuit
1121 1953 1290 2039 presentia
1325 1953 1538 2031 constitutus,
1574 1954 1736 2038 quondam
1766 1955 1946 2018 Henricum
1979 1953 2099 2016 ducem

443 2059 552 2123 Zlesie
576 2066 609 2123 01
625 2058 783 2124 Cracovie
799 2065 924 2144 patrem
940 2064 1031 2121 tuum
1056 2079 1155 2144 super
1177 2057 1362 2120 huiusmodi
1386 2058 1653 2144 oppressionibus
1675 2060 1798 2144 pluries
1821 2081 1858 2122 00
1875 2059 2099 2145 peremptorie

443 2161 484 2226 ad
508 2183 599 2226 suam
621 2163 821 2248 presentiam
845 2163 1031 2240 citavisset,
1054 2163 1130 2247 quia
1153 2183 1214 2226 000
1237 2184 1297 2248 000
1320 2185 1354 2227 00
1379 2184 1439 2227 000
1463 2185 1522 2248 000
1544 2172 1788 2249 procuratorem
1812 2164 1965 2229 idoneum
1988 2185 2101 2228 eoram

444 2287 482 2329 eo
507 2265 609 2329 voluit
632 2287 832 2352 comparere,
857 2265 898 2329 ad
921 2266 1036 2329 frivole
1060 2266 1291 2352 appellationis
1316 2264 1483 2350 diffugium
1508 2287 1543 2330 se
1569 2274 1775 2348 convertens,
1801 2270 1834 2331 in
1851 2291 1924 2333 eum
1942 2269 2101 2354 exigente

443 2369 546 2455 ipsius
571 2371 778 2434 contumacia
802 2369 1147 2434 excommunicationis
1172 2369 1369 2446 sententiam
1392 2371 1622 2454 promulgavit.
1661 2371 1788 2436 Eodem
1811 2373 1911 2456 igitur
1935 2372 2102 2458 archiepi-

444 2495 544 2559 scopo
568 2480 601 2538 ct
616 2472 774 2560 predicti‘1
796 2473 899 2559 patris
918 2474 964 2537 tui
980 2472 1243 2558 procuratoribus
1261 2471 1346 2559 apud
1363 2473 1475 2536 sedem
1491 2475 1706 2560 apostolicam
1723 2477 1919 2558 constitutis,
1942 2476 2103 2541 dilectum

442 2577 544 2641 filium
567 2585 716 2642 nostrum
738 2573 920 2664 Elgidium]
940 2575 1134 2640 Sanctorum
1151 2574 1270 2639 Cosme
1295 2581 1329 2639 et
1350 2575 1506 2640 Damiani
1530 2576 1700 2642 diaconum
1726 2580 1925 2645 cardinalem
1948 2580 1996 2645 eis
2020 2602 2102 2644 con·
2162 2601 2174 2639 ·.

443 2682 602 2746 cessimus
626 2681 825 2756 auditorem;
851 2702 960 2745 coram
983 2701 1046 2765 que
1070 2679 1258 2765 aliquandiu
1280 2679 1417 2764 litigato,
1441 2703 1510 2760 nos,
1535 2683 1689 2747 volentes
1713 2684 1818 2748 eidem
1841 2685 1926 2770 patri
1949 2691 2005 2748 tue
2030 2686 2104 2749 sine

448 2786 527 2850 iuris
551 2786 677 2850 lesione
701 2785 841 2866 deferre,
863 2785 969 2870 ipsum
992 2805 1050 2869 per
1070 2832 1078 2846 .
1096 2831 1105 2848 .
1122 2784 1275 2848 abbatem
1298 2784 1338 2848 de
1363 2783 1521 2870 Stragov⁰
1553 2793 1587 2850 et
1609 2788 1753 2873 collegas
1776 2808 1851 2852 suos
1873 2788 1914 2852 ad
1939 2790 2104 2853 cautelam

443 2889 570 2953 absolvi
592 2888 816 2954 mandavimus
840 2896 874 2954 et
897 2889 1008 2968 citari,
1031 2888 1088 2952 uts
1111 2910 1220 2952 coram
1250 2889 1344 2952 nobis
1374 2911 1434 2975 000
1464 2912 1499 2955 00
1522 2892 1575 2955 vel
1597 2913 1657 2977 per
1679 2900 1920 2977 procuratorem
1943 2893 2103 2957 idoneum

444 2999 534 3057 certo
558 2993 697 3057 termino
722 2999 936 3079 compareret,
961 3014 1062 3078 super
1086 2993 1260 3078 principali
1284 2993 1433 3058 facturus
1458 3001 1492 3059 01
1515 3001 1725 3082 0000010000,
1760 2997 1845 3081 quod
1876 2997 2001 3061 iustitia
2025 3019 2103 3060 sua-

444 3094 570 3161 0100011.
619 3095 677 3160 Set
700 3097 764 3182 ipsi
787 3097 924 3160 formam
949 3095 1093 3159 mandati
1116 3097 1289 3182 apostolici
1313 3119 1379 3162 non
1404 3106 1585 3179 servantes,
1619 3100 1697 3164 licet
1718 3101 1824 3187 ipsum
1848 3102 1940 3165 iuxta
1962 3100 2103 3163 formam
2162 3129 2189 3165 aa

446 3201 492 3264 eis
517 3198 672 3263 traditam
695 3200 887 3264 citavissent
911 3207 1001 3265 certo
1026 3201 1057 3264 01
1082 3201 1222 3264 termino
1246 3201 1434 3284 assignato,
1469 3223 1529 3286 per
1553 3203 1652 3265 alium
1677 3209 1785 3269 tamen
1808 3206 1914 3290 ipsum
1939 3204 1980 3271 dc
2004 3206 2105 3284 lacto,

445 3325 518 3368 cum
542 3303 582 3369 de
606 3305 677 3370 iure
701 3326 765 3369 non
789 3311 936 3390 possent,
967 3305 1095 3368 absolvi
1128 3305 1277 3369 fecerunt
1306 3317 1501 3390 perperamg
1524 3303 1564 3368 ad
1594 3308 1766 3372 cautelam.
1812 3309 1893 3373 Cum
1925 3315 2037 3373 autem
2069 3308 2104 3372 in

444 3408 568 3493 profixo
592 3409 731 3473 termino
755 3409 864 3472 nullus
887 3428 945 3494 pro
969 3428 1020 3488 00,
1060 3408 1158 3472 etiam
1181 3414 1257 3493 post
1279 3409 1453 3472 terminum
1477 3415 1662 3493 expectato,
1696 3411 1757 3474 nisi
1783 3411 1952 3476 dumtaxat
1974 3412 2015 3475 ad
2039 3413 2104 3476 im-

444 3513 640 3597 petrandum
663 3521 696 3578 01
719 3511 1006 3578 contradicendum
1030 3513 1249 3596 comparuerit
1273 3520 1475 3598 procurator,
1499 3511 1637 3577 dilectus
1654 3514 1740 3578 filius
1757 3522 1869 3579 noster
1885 3513 2103 3603 Sltephanusl

446 3617 534 3681 tituli
558 3617 677 3681 Sancte
701 3617 803 3682 Maria
827 3614 1076 3700 Transtyberim
1099 3616 1274 3700 presbyter
1301 3616 1491 3696 cardinalia,
1528 3639 1626 3702 super
1658 3617 1720 3681 hec
1750 3639 1770 3682 a
1796 3619 1890 3682 nobis
1923 3619 2101 3705 deputatus

445 3720 583 3800 auditor,
607 3722 715 3806 ipsum
739 3722 855 3786 merito
878 3726 1033 3804 reputans
1058 3726 1294 3800 contumacem,
1319 3720 1460 3785 eundem
1482 3721 1514 3785 in
1534 3722 1690 3808 expensis
1706 3723 1872 3807 legitimis,
1896 3746 1976 3810 quas
1993 3725 2104 3791 dictus

445 3823 712 3911 archiepiscopus
736 3847 755 3889 a
779 3833 927 3911 tempore
952 3823 1116 3887 citationis
1141 3824 1261 3888 emisse
1285 3824 1420 3904 lecerat,
1445 3826 1705 3913 condempnavit.
1752 3827 1898 3893 Tandem
1926 3850 2004 3893 vcro
2028 3831 2103 3915 qui-

444 3927 528 4006 dam,
553 3930 606 4013 qui
630 3951 688 4014 pro
712 3928 981 4016 procuratoribus
1006 3947 1041 3991 se
1067 3927 1237 4010 gerebant,
1261 3927 1449 3992 mandatum
1473 3931 1641 3995 sufficiens
1666 3932 1872 4013 exhibentes,
1902 3942 2035 4018 recepto
2060 3935 2103 3999 ab

444 4032 692 4119 archiepiscopo
725 4032 911 4119 supradicto
946 4031 1057 4095 libello
1092 4037 1158 4094 tam
1193 4053 1292 4117 super
1326 4032 1554 4097 exactionibus
1584 4042 1617 4099 et
1655 4037 1896 4120 gravaminibus
1927 4038 2103 4102 antedictis

445 4158 540 4222 quam
564 4136 713 4223 dampnis
737 4139 770 4202 in
793 4137 890 4213 villis,
921 4136 1204 4222 possessionibus,
1240 4136 1427 4200 hominibus
1458 4159 1495 4201 ae
1526 4138 1625 4202 rebus
1653 4140 1726 4204 aliis
1760 4141 1823 4205 sibi
1854 4147 1887 4205 01
1909 4141 2100 4206 (1000000οἰ
2170 4165 2182 4200 a

445 4241 585 4304 00010010
609 4240 762 4326 irrogatis
787 4261 935 4304 000000
960 4246 993 4303 01
1016 4240 1173 4325 expensis
1197 4239 1293 4303 factis
1316 4261 1336 4302 0
1359 4247 1506 4327 tempore
1530 4249 1618 4306 mete
1642 4242 1725 4322 litis,
1760 4265 1859 4330 super
1889 4244 1961 4330 ipso
1990 4266 2100 4309 coram

445 4343 562 4408 eedem
584 4344 741 4408 cardinali
765 4342 954 4429 aliquandiu
977 4341 1018 4406 ad
1042 4343 1183 4407 invicem
1207 4343 1393 4427 litigarunt;
1426 4351 1477 4408 set
1499 4352 1674 4430 antequam
1697 4368 1806 4410 rumor
1833 4347 1873 4412 de
1897 4346 1975 4410 dicti
1997 4350 2101 4433 patris

446 4448 494 4512 tui
528 4447 639 4511 obitu³
663 4448 703 4512 ad
738 4454 884 4512 nostram
915 4447 1064 4511 notitiam
1098 4447 1314 4533 pervenisset,
1352 4448 1393 4511 ad
1416 4449 1484 4513 litis
1508 4451 1782 4515 contestationem
1806 4473 1871 4515 non
1894 4452 2002 4537 potuit
2023 4474 2100 4538 pcr-

448 4552 564 4615 veniri.
610 4551 655 4616 Ut
679 4573 756 4636 ergo
782 4550 928 4616 eiusdem
953 4551 1053 4636 patris
1077 4553 1126 4616 tui
1149 4573 1309 4616 excessus
1333 4551 1519 4618 huiusmodi
1543 4561 1607 4644 tam
1640 4555 1854 4619 detestabiles
1886 4561 1920 4618 et
1949 4578 2101 4620 enormes

446 4655 622 4740 displicere
646 4654 865 4739 tibi'opemm
891 4654 1094 4720 exhibitione
1117 4656 1333 4736 domonstres,
1357 4658 1562 4722 nobilitatem
1587 4666 1676 4723 tuam
1692 4680 1854 4744 rogamus,
1878 4681 2047 4724 monemus
2065 4668 2100 4724 et

446 4758 614 4822 hortamur
636 4758 794 4821 attentius
818 4779 878 4842 per
900 4760 1082 4844 apostolica
1105 4759 1226 4844 scripta
1248 4761 1450 4841 mandantes,
1486 4770 1648 4847 qnatenus
1683 4763 1722 4827 do
1757 4764 1862 4848 gratia
1894 4763 1928 4826 in
1960 4765 2101 4848 gratiam

446 4869 479 4927 ct
503 4863 543 4927 de
566 4863 685 4927 virtute
708 4862 883 4948 proficiens
907 4863 939 4927 in
963 4865 1128 4941 virtutem,
1153 4863 1193 4927 de
1211 4865 1311 4929 1110110
1329 4866 1454 4930 eisdem
1470 4867 1722 4954 archiepiscopo
1746 4876 1779 4932 et
1795 4868 1934 4933 ecclesie
1951 4867 2102 4955 dampnis

445 4973 479 5030 01
501 4967 627 5030 10100110
650 4966 802 5051 irrogatis
826 4967 956 5052 plenam
988 4967 1247 5032 satisfactionem
1277 4970 1491 5056 impendens,
1527 4972 1569 5036 ab
1597 4973 1742 5059 ipsorum
1772 4973 2040 5059 oppressionibus
2068 4982 2103 5039 et

447 5071 607 5135 molestiis
630 5071 762 5157 penitus
787 5072 1011 5156 conquiescas,
1035 5073 1080 5134 ita
1096 5071 1181 5156 quod
1198 5073 1305 5138 eidem
1322 5075 1568 5162 archiepiscopo
1584 5078 1676 5140 nulla
1691 5083 1803 5140 contra
1818 5085 1850 5142 10
1865 5077 1950 5141 10010
1968 5079 2104 5162 querele

554 5351 577 5416 ιι)
596 5353 722 5417 hueusque
740 5369 771 5402 ex
793 5351 821 5402 Τ.
927 5348 948 5416 δ)
972 5350 1013 5412 Τ.;
1035 5369 1065 5403 00
1083 5353 1151 5404 decet
1168 5371 1210 5420 ep.
1230 5355 1316 5422 Rapa.
1432 5355 1562 5424 α)11000,·
1590 5351 1616 5408 id
1639 5357 1666 5408 Τ.
1773 5355 1796 5421 1)
1825 5357 1851 5406 Τ.
1858 5375 1867 5418 ,·
1885 5357 1997 5423 predicto
2014 5355 2102 5422 Rapa.
2157 5383 2185 5421 45,

446 5436 469 5504 ο)
493 5439 534 5500 Τ.)
553 5441 662 5504 Stragon
680 5437 765 5504 Rapa.
874 5436 894 5503 ¹)
917 5437 958 5500 Τ.)
975 5445 1005 5490 ut
1022 5439 1090 5490 deest
1108 5457 1151 5506 ap.
1169 5441 1254 5508 Rcya.
1365 5442 1387 5506 ⁸)
1407 5443 1509 5512 11000,Ι
1525 5452 1674 5512 perpetuam
1697 5444 1724 5495 Τ.

549 5576 574 5642 1)
592 5591 618 5628 0.
637 5577 717 5644 1236,
745 5573 880 5640 Ian.17;
909 5575 1053 5640 Potthcst‚
1081 5577 1147 5645 Rep.
1176 5582 1281 5646 10190,·
1313 5579 1349 5648 cs.
1369 5584 1464 5634 10191.
1585 5583 1613 5649 2)
1641 5598 1666 5634 a.
1686 5584 1765 5648 1237,
1789 5579 1934 5649 8001290
1962 5577 2099 5642 Potthast

448 5663 638 5731 1100100156.
760 5663 787 5733 3)
815 5681 840 5720 0.
877 5667 961 5732 1239,
996 5663 1083 5722 Mart,
1114 5667 1148 5718 19
1178 5671 1304 5722 mortuos
1335 5671 1411 5736 crct5
1464 5665 1642 5744 (1011010000,
1679 5666 1749 5743 1100.
1785 5666 1814 5720 ia
1852 5664 1916 5724 Cod.
1951 5664 2019 5742 dipl.
2053 5666 2104 5726 Sil.

444 5752 462 5806 t.
488 5749 556 5818 VII,
579 5765 610 5822 p.
637 5754 697 5808 192.
