4448 6420
429 391 492 452 220
1014 383 1062 436 Ex
1081 381 1237 438 HONORJI
1255 382 1294 435 III
1313 381 1493 437 REGISTRO

430 565 519 626 certo
542 558 720 645 reciperet,
744 579 840 644 quam
864 560 1022 639 solvatur,
1053 577 1111 643 pro
1135 577 1198 642 quo
1223 554 1301 641 quid
1322 554 1417 620 nobis
1440 553 1527 643 apud
1549 555 1762 621 Ferentinum
1774 557 1795 637 1,
1826 553 1903 641 quid
1925 555 2078 621 fratribus

429 664 549 729 nostris
572 662 659 750 apud
683 663 839 728 Sanctum
863 661 1086 729 (irermanum2
1110 660 1353 746 magnificentia
1375 667 1432 724 tua
1453 660 1649 746 promiserit,
1673 680 1737 724 non
1761 660 1903 744 ignoras.
1948 658 2077 724 Deinde

430 766 692 854 Cephaludensis
715 768 863 854 episcopi
873 767 895 848 ³,
924 773 1037 831 contra
1066 786 1162 850 quem
1186 765 1378 849 sanguinem
1401 765 1583 829 occisorum
1606 764 1728 829 asseris
1752 764 1892 828 clamare
1916 762 1956 827 de
1979 769 2077 844 terra,

427 892 489 936 nec
512 871 580 935 vita
601 891 663 935 nec
686 870 838 956 spoliatio
862 869 922 934 sub
946 868 1033 933 nube
1056 874 1203 953 tegatur,
1226 875 1263 932 ut
1284 866 1326 932 de
1349 867 1420 953 ipso
1443 873 1519 954 post
1541 866 1758 932 restitutionis
1781 865 1929 930 debitum
1952 866 2076 930 iustitie

429 975 583 1056 satisfiat,
613 995 674 1040 nec
702 995 884 1054 movemur,
916 973 943 1039 si
971 993 1071 1058 super
1101 971 1164 1036 hoc
1194 970 1234 1035 ad
1257 971 1408 1035 lacrimas
1432 978 1466 1036 et
1492 970 1641 1054 querelas
1664 975 1794 1033 tuorum
1816 968 1962 1034 fidelium
1984 969 2078 1046 forte,

428 1078 513 1143 sicut
535 1078 671 1158 asseris,
703 1077 880 1158 movearis,
910 1073 1084 1140 dummodo
1108 1074 1142 1137 in
1165 1073 1272 1152 illum,
1302 1073 1357 1156 qui
1380 1094 1438 1138 suo
1461 1072 1592 1138 domino
1616 1079 1681 1137 stat
1703 1079 1760 1137 aut
1783 1070 1884 1154 cadit,
1913 1093 1979 1137 non
2001 1093 2076 1158 pro-

428 1181 568 1247 cesseris
597 1181 639 1245 ad
669 1180 861 1256 vindictam,
890 1180 1004 1266 priusa
1029 1179 1064 1242 in
1095 1183 1237 1242 castrum
1269 1177 1409 1241 ecclesie
1444 1197 1481 1240 ac
1510 1176 1597 1241 bona
1627 1176 1698 1240 eius
1726 1197 1824 1241 manu
1853 1175 2078 1261 occupationis

426 1290 572 1366 extenta,
595 1305 693 1370 quam
716 1286 882 1370 querelam
904 1283 1025 1349 delatio
1049 1283 1136 1347 iusta
1157 1282 1320 1368 perferret
1342 1281 1383 1345 ad
1407 1302 1547 1346 examen
1577 1279 1695 1345 iudicis
1718 1282 1946 1367 competentis.
1991 1279 2078 1354 Qua-

427 1395 561 1475 propter
583 1409 649 1453 non
671 1388 809 1469 inferas,
831 1395 869 1452 ut
891 1387 978 1474 apud
1000 1408 1060 1452 nos
1083 1388 1139 1452 ille
1163 1386 1336 1467 meruerit,
1359 1385 1445 1452 unde
1469 1384 1555 1472 apud
1578 1392 1612 1452 te
1635 1385 1839 1451 demeruisse
1862 1383 2003 1465 videtur,
2027 1392 2079 1449 set

426 1497 537 1556 tamen
559 1513 624 1556 non
647 1491 795 1576 ignores,
825 1489 911 1575 quod
935 1492 963 1555 si
984 1513 1044 1576 pro
1067 1490 1193 1555 iustitia
1216 1491 1355 1576 spoliate
1379 1490 1470 1556 stetit
1493 1490 1649 1568 ecclesie,
1679 1490 1757 1553 licet
1779 1487 1864 1574 apud
1887 1495 1920 1553 te
1943 1495 2078 1575 propter

426 1595 488 1659 hoc
510 1593 713 1659 demeruisse
738 1593 898 1676 credatur,
921 1594 1007 1681 apud
1030 1615 1109 1672 nos,
1132 1595 1188 1679 qui
1212 1615 1322 1659 sumus
1346 1600 1379 1658 et
1403 1613 1477 1658 esse
1501 1598 1651 1657 tenemur
1673 1593 1796 1657 iustitie
1819 1594 1990 1674 zelatores,
2014 1591 2078 1657 sibi

426 1696 577 1761 meritum
593 1699 803 1784 comparavit.
848 1697 995 1762 Tandem
1011 1697 1180 1763 concussis
1197 1697 1378 1782 columpnis
1395 1695 1548 1775 ecclesio,
1571 1695 1706 1781 prelatis
1723 1695 1887 1774 videlicet,
1911 1695 2076 1760 inferioris

425 1799 546 1882 gradus
569 1807 602 1864 et
625 1800 748 1865 ordinis
771 1801 907 1865 clericos
930 1800 1018 1885 rigor
1040 1801 1086 1864 tui
1110 1800 1307 1885 gravaminis
1330 1799 1458 1877 atterit,
1484 1806 1517 1863 et
1539 1799 1634 1884 quasi
1656 1799 1794 1863 aliorum
1817 1799 1899 1864 velis
1923 1799 2077 1885 supplere

425 1901 607 1983 defectum,
641 1903 809 1989 pretendis
842 1904 1078 1988 negligentiam
1112 1905 1331 1990 prelatorum,
1371 1903 1519 1987 quamvis
1556 1903 1733 1988 superioris
1768 1901 1857 1968 sedis
1893 1924 1958 1967 non
1992 1902 2079 1968 desit

425 2006 617 2084 auctoritas,
647 2027 711 2092 que
742 2007 877 2072 crimina
898 2005 1050 2091 diligenti
1073 2007 1260 2072 examinata
1282 2005 1403 2071 iudicio
1427 2013 1460 2071 et
1489 2006 1633 2071 iudiciali
1657 2007 1808 2072 examine
1832 2007 1964 2092 cognita
1985 2012 2083 2071 tanta·
2139 2031 2149 2067 a

426 2130 564 2175 censura
586 2110 745 2194 percellit,
770 2110 857 2196 quod
880 2131 964 2197 pene
988 2109 1149 2176 districtio
1174 2112 1269 2196 culpe
1294 2110 1460 2175 interdicit
1483 2112 1671 2196 exemplum
1695 2116 1729 2177 et
1751 2109 1895 2176 vindicte
1918 2110 2078 2175 seueritas

425 2232 500 2277 esse
535 2213 657 2298 poterit
688 2213 761 2278 aliis
796 2214 891 2278 limes
923 2213 1060 2280 offense,
1110 2214 1196 2288 Quia
1229 2235 1305 2279 vero
1329 2213 1393 2278 Dei
1429 2235 1526 2279 cause
1560 2212 1678 2279 deesse
1713 2235 1778 2278 non
1810 2235 1985 2300 possumus
2016 2234 2077 2277 nec

424 2315 599 2396 debemus,
635 2338 735 2403 super
767 2318 917 2383 omnibus
952 2318 1025 2382 istis
1057 2323 1091 2382 et
1126 2318 1199 2381 aliis
1228 2317 1493 2403 contingentibus
1524 2318 1788 2383 ecclesiasticam
1808 2317 1996 2382 libertatem
2032 2316 2078 2380 sic

423 2416 533 2482 divina
556 2419 680 2485 suffulti
702 2421 853 2507 potentia
874 2421 1022 2486 debitum
1045 2422 1150 2486 nostri
1173 2442 1408 2507 prosequemur
1431 2421 1546 2498 officii,
1570 2420 1655 2505 quod
1679 2421 1752 2487 Deo
1775 2442 1834 2507 pro
1857 2442 1956 2507 posse
1980 2421 2077 2484 satir-

422 2520 581 2588 facientes
614 2529 647 2587 et
677 2521 815 2602 homini,
850 2523 884 2588 in
915 2523 976 2588 hoc
1010 2546 1164 2610 geremus
1196 2524 1322 2589 utiliter
1351 2525 1520 2609 negotium
1548 2530 1659 2589 nostre
1695 2525 1810 2590 salutis
1840 2531 1875 2590 et
1901 2530 1971 2604 tue,
2005 2543 2077 2587 cum

424 2621 554 2689 deferre
577 2625 702 2690 homini
731 2632 844 2691 contra
872 2627 980 2692 Deum
1008 2629 1182 2714 presertim
1212 2629 1245 2693 in
1272 2628 1392 2694 talibus
1422 2627 1465 2691 sit
1487 2647 1624 2708 nocere,
1656 2647 1694 2691 ac
1722 2647 1858 2712 parcere
1886 2627 1928 2691 sit
1957 2626 2079 2700 sevire:

268 2742 411 2798 rumano.
427 2747 542 2792 manus
565 2729 651 2793 enirn
676 2730 849 2795 mulierum
865 2731 1125 2796 misericordium
1147 2733 1231 2797 filios
1252 2733 1470 2807 decoxerant3
1494 2728 1553 2796 sed
1575 2730 1696 2795 habeat
1718 2750 1796 2795 vera
1810 2729 1942 2794 dilectio
1965 2729 2079 2814 plagas

424 2851 517 2910 suas,
555 2852 619 2916 quc
651 2830 813 2898 dulciores
846 2834 944 2914 fiunt,
979 2856 1053 2900 cum
1084 2836 1225 2901 amarius
1254 2836 1448 2902 inferuntur.
1492 2833 1654 2899 Adiecisti
1687 2841 1849 2920 preterea,
1884 2832 1971 2918 quod
2004 2839 2079 2919 post

425 2932 566 2998 reditum
594 2941 686 2999 tuum
714 2936 749 3000 in
772 2957 909 3022 regnum
937 2936 1066 3019 Sicilie,
1094 2938 1326 3024 redintegratis
1356 2937 1501 3004 iuribusb
1523 2939 1589 3002 tuis
1619 2959 1677 3024 pro
1709 2943 1891 3024 temporum
1919 2937 2078 3001 varietate

424 3035 595 3123 dispersis,
619 3039 763 3105 exclusis
786 3040 982 3119 rebellibus,
1007 3042 1148 3107 ecclesia
1171 3049 1285 3107 contra
1307 3042 1419 3107 matris
1443 3041 1585 3108 officium
1610 3046 1781 3127 suspectos
1804 3041 1863 3104 filii
1884 3039 2076 3127 receptavit.

424 3135 468 3202 Et
491 3139 622 3224 quidem
646 3142 687 3207 de
710 3143 848 3208 iuriamc
870 3144 1147 3230 redintegratione
1171 3145 1365 3232 gaudemus,
1389 3153 1423 3212 et
1444 3147 1567 3211 utinam
1591 3144 1842 3229 redintegrantis
1873 3145 2005 3209 allectio
2032 3144 2078 3208 sic

425 3241 543 3307 debitis
567 3244 685 3310 fuisset
707 3254 862 3313 contenta
883 3249 1060 3327 limitibus,
1094 3249 1180 3333 quod
1203 3273 1223 3315 a
1244 3251 1371 3315 iustitia
1393 3249 1651 3335 recuperationis
1675 3248 1707 3311 in
1731 3248 1816 3328 suis,
1839 3249 1873 3312 in
1895 3248 2013 3314 alienis
2037 3246 2076 3311 ad

424 3347 644 3433 usurpationis
676 3351 826 3417 iniuriam
858 3374 923 3417 non
951 3353 1137 3431 transisset,
1170 3354 1246 3438 qnia
1277 3359 1388 3440 preter
1418 3352 1452 3417 id
1479 3353 1565 3438 quod
1596 3353 1627 3416 in
1661 3351 1713 3416 die
1736 3351 1915 3416 novissimo
1938 3351 2077 3416 districti

425 3447 542 3515 iudicis
576 3454 701 3520 ultione
735 3456 906 3536 reddetur,
941 3458 1158 3521 consummari
1194 3457 1343 3521 felicibus
1377 3454 1559 3520 substantia
1592 3476 1656 3520 non
1690 3455 1862 3520 consuevit
1894 3455 2076 3528 eventibus,

424 3555 609 3638 augmentis
632 3577 698 3622 non
721 3564 901 3644 aggregata
916 3559 1082 3644 legitimis,
1106 3560 1284 3643 quinimmo
1308 3558 1440 3643 grandis
1463 3579 1600 3624 aceruus
1616 3559 1758 3623 inficitur
1772 3559 1875 3645 partis
1890 3557 2074 3638 adiectione

425 3664 606 3744 corruptae.
652 3658 759 3747 Super
782 3662 926 3726 exclusis
950 3683 1108 3748 responso
1134 3662 1350 3749 supersedere
1368 3683 1550 3748 possemus,
1574 3661 1638 3725 nisi
1658 3661 1795 3725 alicuius
1818 3659 1939 3724 iudicio
1963 3659 2076 3724 crede-

423 3767 514 3826 retur
544 3764 744 3829 retardatum
779 3765 946 3830 silentium
980 3767 1156 3852 repetitam
1190 3766 1368 3832 iustificare
1402 3766 1580 3851 querelam.
1634 3763 1699 3829 Sed
1728 3770 1765 3828 ut
1794 3763 1959 3844 videmus,
1994 3763 2078 3849 quod

424 3864 582 3932 hactenus
606 3865 836 3955 respondentis
860 3869 1077 3935 dissimulatio
1102 3871 1243 3952 distulit,
1278 3892 1364 3935 nunc
1388 3876 1562 3955 extorquet
1584 3867 1739 3932 instantia
1762 3867 2003 3951 conquerentis.
2047 3869 2078 3931 A

424 3970 582 4035 memoria
612 3993 740 4057 quoque
772 3978 830 4036 tua
857 3972 1021 4038 excidisse
1055 3996 1121 4039 non
1151 3975 1332 4056 credimus,
1368 3972 1454 4057 quod
1484 3972 1594 4037 comiti
1615 3970 1808 4051 Thomasio,
1837 3969 2009 4055 Raynaldo
2037 3969 2078 4035 de

423 4072 552 4138 Aversa
579 4081 612 4140 et
639 4075 823 4140 fautoribus
855 4076 1049 4158 eorundem,
1085 4085 1260 4164 antequam
1289 4084 1412 4157 castra,
1446 4097 1509 4162 que
1537 4076 1661 4140 viribus
1692 4074 1839 4139 obtinere
1868 4075 2075 4158 nequiveras,

423 4177 646 4261 resignarent,
676 4180 762 4244 inter
791 4179 871 4260 alia,
903 4201 966 4265 que
990 4181 1121 4266 publica
1149 4188 1183 4246 et
1204 4181 1369 4246 autentica
1398 4185 1474 4244 sunt
1500 4179 1716 4244 conventione
1743 4183 1872 4257 notata,
1902 4178 1993 4242 venit
2021 4199 2079 4242 ex·

424 4280 570 4366 pressius
593 4301 805 4366 personarum
831 4283 991 4348 securitas
1015 4285 1048 4348 in
1070 4284 1286 4370 promissum,
1310 4290 1343 4348 et
1364 4289 1401 4347 ut
1423 4280 1456 4346 id
1479 4281 1579 4346 robur
1600 4281 1763 4344 firmitatis
1786 4279 1940 4362 haberet,
1963 4302 2024 4345 nos
2047 4287 2080 4346 et

423 4384 595 4448 universos
630 4382 748 4448 fratres
784 4393 913 4452 nostros
947 4389 1068 4473 rogasti
1104 4409 1162 4474 per
1196 4388 1332 4453 nuncios
1367 4394 1400 4453 et
1432 4387 1560 4452 litteras
1595 4385 1755 4472 speciales
1789 4385 1823 4449 in
1855 4387 2079 4451 testimonium

424 4492 627 4568 reservatas,
656 4493 693 4552 ut
714 4487 864 4554 Romana
891 4491 1032 4555 ecclesia
1060 4512 1158 4577 super
1190 4489 1246 4556 scd
1280 4513 1395 4558 secure
1423 4513 1461 4556 ac
1486 4489 1686 4555 confidenter
1708 4489 1889 4575 reciperet,
1919 4487 2006 4575 quod
2030 4490 2078 4554 in-

424 4589 623 4654 violabiliter
645 4591 807 4676 promissa
830 4593 986 4678 predictis
1010 4595 1199 4661 attenderes
1222 4602 1256 4661 et
1284 4596 1430 4684 plenarie
1454 4593 1694 4659 conservares4.
1740 4590 1807 4657 Sed
1834 4599 1944 4658 utrum
1967 4593 2076 4659 verbis

423 4692 510 4757 facta
532 4692 761 4779 responderint
782 4694 929 4780 fidesque
956 4699 1137 4788 promissis,
1161 4699 1235 4784 plus
1258 4720 1353 4786 quam
1369 4698 1486 4763 deceat
1509 4697 1597 4762 sedis
1617 4697 1797 4783 apostolice
1820 4718 1858 4761 ac
1881 4698 2079 4763 excellentie

424 4795 603 4882 imperialis
629 4797 804 4880 honorem,
833 4801 1065 4867 afflictionibus
1094 4803 1236 4889 publicis
1266 4812 1299 4869 et
1327 4803 1422 4890 penis
1450 4801 1634 4867 manifestis
1664 4807 1834 4886 exponunt
1862 4801 2010 4866 nonnulli
2037 4800 2078 4866 de

424 4899 606 4965 fautoribus
636 4902 762 4967 comitis
794 4905 979 4986 memorati,
1014 4927 1151 4991 quorum
1183 4908 1301 4972 multos
1336 4913 1412 4993 post
1447 4911 1611 4991 speratam
1644 4903 1685 4968 de
1719 4905 1897 4971 securitate
1928 4905 2079 4970 fiduciam

423 5002 544 5069 dedisti
578 5005 677 5070 exilio
713 5012 746 5071 et
782 5007 940 5093 quosdam
975 5009 1195 5094 ignominiosa
1231 5018 1333 5076 morte
1369 5011 1563 5075 damnasti⁵.
1627 5008 1768 5074 Proinde
1804 5029 1978 5094 possumus
2014 5031 2079 5074 non

424 5107 586 5173 immerito
611 5108 804 5192 formidare,
827 5132 869 5176 ne
894 5118 1007 5176 nostra
1029 5113 1190 5199 patientia
1212 5115 1245 5178 in
1267 5112 1424 5199 predictis
1448 5135 1525 5179 vere
1549 5113 1707 5200 patientie
1731 5133 1852 5176 nomen
1874 5115 2023 5180 emiserit
2046 5122 2079 5180 et

424 5211 586 5277 effectum.
631 5212 741 5287 Quare
764 5235 829 5279 non
846 5214 960 5280 credas
976 5215 1010 5280 id
1031 5216 1189 5282 oblivioni
1211 5238 1285 5282 esse
1301 5217 1461 5298 relietum,
1485 5217 1563 5282 licet
1585 5217 1628 5280 sit
1642 5216 1801 5281 hactenus
1816 5216 2079 5285 dissimulatione

530 5473 552 5539 ¹)
571 5475 608 5525 ita
624 5475 827 5538 cmmdacimue5
843 5477 925 5543 primo
943 5496 965 5527 r.
1047 5475 1071 5544 ¹³)
1091 5479 1190 5530 viribus
1207 5497 1228 5529 r.
1310 5477 1331 5542 ε)
1350 5479 1444 5530 virium
1461 5497 1484 5529 r.
1564 5477 1586 5543 a)
1605 5495 1633 5530 se
1652 5479 1720 5530 deest
1736 5497 1760 5530 r.

527 5593 553 5660 1)
573 5597 652 5657 1223,
670 5609 759 5648 menae
777 5593 892 5650 Martio.
973 5597 1238 5662 2)1225‚1u1.25.
1325 5595 1352 5665 3)
1373 5595 1520 5650 Horonon·
1536 5597 1580 5650 ΙΙ.
1661 5597 1689 5664 4)
1711 5597 1753 5666 Os.
1771 5615 1799 5651 π.
1817 5602 1880 5669 221,
1898 5605 1962 5664 222,
1980 5604 2037 5655 223
2056 5607 2081 5654 et

429 5678 624 5748 Winterbnnon,
644 5679 737 5733 Percu.
756 5681 799 5746 ΙΙ,
814 5698 843 5749 p.
864 5685 924 5737 179.
994 5683 1020 5748 5)
1041 5681 1083 5750 Os.
1109 5683 1305 5747 litatolmorm,
1321 5697 1351 5752 p.
1371 5686 1433 5737 198.
1825 5689 1834 5750 g
