4524 6412
736 355 937 424 uersnbmn
954 359 1143 422 suesanus.
1180 363 1255 420 uas.
1758 359 1820 430 309

167 535 343 608 Sarraceni
376 541 569 621 atstodiant,
605 543 634 605 ct
667 540 809 607 inaniter
836 541 871 606 in
900 540 1074 607 Ierusalem
1106 560 1138 605 se
1170 557 1347 618 coronasse,
1381 559 1445 620 orm
1479 559 1514 604 rc
1540 554 1666 607 cumam
1701 535 1822 608 Christi

164 645 331 709 enormiter
352 645 546 730 mammeri&
575 644 707 709 mandat
727 645 786 724 iis,
814 649 850 710 ut
871 645 947 710 hacc
968 644 1102 709 subditis
1122 644 1191 708 suis
1212 646 1384 724 separant,
1414 661 1453 706 ne
1475 642 1568 706 iidem
1589 663 1693 708 errore
1714 645 1822 725 atiquo

167 747 332 828 superbis
353 749 587 812 conveniantur.
1465 748 1559 824 1229,
1582 747 1656 811 Iun.
1680 751 1731 816 13.

274 867 354 936 Grec.
372 867 421 920 IX
438 867 507 936 Rea.
531 867 587 920 Vol.
606 866 632 930 Ι,
650 869 711 934 122,
730 869 797 933 123;
815 867 878 920 Lib.
896 866 959 931 ΙΙΙ,
976 870 1020 920 24.

104 965 115 1002 ⁵
271 953 409 1020 Pottlrast,
426 951 493 1022 Rea.
513 956 592 1007 8418,

382 1146 736 1238 Archiepiscopo
764 1143 1087 1221 Mediolanensi
1115 1149 1155 1216 et
1182 1145 1481 1239 suffraganeis
1509 1148 1615 1222 eiua.

275 1297 327 1363 Ea
354 1319 418 1384 que
448 1295 636 1362 Friderious
665 1297 772 1362 dictus
800 1299 979 1384 imperator
1009 1297 1078 1382 egit
1111 1296 1145 1361 in
1172 1297 1320 1384 partibus
1347 1298 1590 1380 transmarinis,
1622 1295 1697 1363 ideo
1728 1296 1820 1362 vobis

170 1403 328 1468 hactenus
364 1401 516 1466 iutimare
553 1400 756 1478 distulimus,
787 1389 870 1487 'quia
909 1422 1094 1488 speramus,
1132 1400 1219 1487 quod
1256 1401 1454 1466 venerabilis
1492 1401 1594 1466 irater
1629 1407 1742 1466 noster
1774 1451 1782 1467 .
1813 1450 1821 1468 .

170 1505 387 1594 patriarcha¹,
410 1505 590 1591 apostolice
615 1504 702 1570 sedis
725 1507 864 1591 legatus,
888 1511 922 1569 et
945 1553 977 1568 ..
1003 1504 1156 1591 Templi²
1178 1509 1212 1568 et
1234 1553 1241 1568 .
1260 1555 1268 1571 .
1290 1503 1498 1591 Hospitalis³
1521 1505 1670 1590 magistri
1691 1505 1822 1570 Ieroso·

94 1635 118 1672 ιο
169 1610 308 1674 limitani
331 1613 365 1673 et
387 1608 443 1672 alii
465 1607 629 1694 principes
653 1614 687 1673 et
708 1608 850 1673 barones
873 1607 914 1672 de
937 1607 1084 1694 partibus
1112 1607 1177 1670 illis
1201 1607 1295 1671 nobis
1317 1607 1374 1671 illa
1396 1608 1526 1694 plenius
1549 1607 1760 1684 intimabunt,
1789 1612 1823 1670 et

170 1719 247 1776 tunc
270 1712 391 1777 certius
415 1731 454 1776 ea
476 1710 569 1774 vobis
592 1713 772 1796 poterimus
795 1711 973 1777 declarare.
1020 1710 1078 1776 Set
1100 1733 1142 1776 ne
1166 1711 1296 1776 interim
1312 1711 1405 1775 vobis
1429 1711 1563 1796 suggeri
1585 1710 1717 1775 valeant
1740 1710 1823 1774 falsa

170 1815 353 1902 proretis,
386 1835 427 1879 ea
448 1835 512 1900 que
537 1812 644 1878 dictus
667 1813 855 1880 Fridericus
879 1821 914 1880 et
944 1865 951 1881 .
977 1863 984 1878 .
1008 1815 1165 1900 magister
1191 1813 1307 1878 domus
1330 1813 1608 1879 Theutonioorum
1637 1815 1731 1879 nobis
1755 1814 1822 1877 suis

170 1919 288 1983 litteris
318 1918 538 1999 intimarunt‘,
571 1917 666 1982 vobis
695 1917 848 1983 duximus
879 1919 1061 1984 referenda.
1127 1919 1221 1984 Idem
1251 1919 1338 1983 enim
1366 1917 1554 1984 Friderious
1586 1941 1659 1984 cum
1688 1918 1822 1984 soldano

134 2031 136 2034 ’
170 2021 361 2100 Babilouie,
395 2021 451 2106 qui
484 2020 668 2086 Ierusalem
704 2023 757 2086 vel
788 2022 1053 2108 circumpositam
1087 2023 1253 2107 regionem
1287 2043 1349 2086 uec
1385 2022 1426 2086 de
1459 2021 1546 2086 facto
1581 2043 1643 2087 nec
1678 2022 1719 2088 de
1752 2023 1823 2087 iure

106 2151 117 2188 a
171 2125 317 2206 tenebat,
340 2124 527 2211 irrequisito
543 2123 677 2190 soldano
692 2125 847 2190 Damasci
863 2127 919 2212 qui
936 2132 1056 2190 terram
1072 2125 1241 2190 detinebat
1256 2124 1404 2203 eandem,
1422 2126 1522 2190 talem
1538 2126 1611 2189 iniit
1625 2127 1823 2213 pactionem,

171 2228 326 2293 videlicet
353 2234 389 2292 ut
411 2229 568 2314 templum
592 2228 725 2293 Domini
750 2229 881 2294 Christo
911 2229 1054 2294 dicatum
1083 2229 1269 2294 custodiant
1293 2229 1464 2294 Sarraceni
1492 2237 1526 2294 et
1552 2236 1685 2295 servent
1708 2230 1822 2294 obser-

171 2333 299 2397 vantias
323 2331 405 2396 ritus
429 2332 495 2412 sui,
528 2339 562 2397 et
593 2333 640 2397 sie
670 2332 755 2397 idem
780 2334 812 2397 iu
836 2332 1018 2398 Ierusalem
1042 2332 1147 2397 diruta
1170 2334 1240 2398 sere
1264 2334 1395 2419 penitus
1418 2339 1452 2397 et
1475 2332 1606 2398 deserta
1629 2354 1665 2398 se
1689 2333 1822 2398 sollem-

171 2436 279 2523 pniter
300 2435 354 2500 vel
376 2435 485 2521 potius
508 2435 649 2499 inaniter
672 2436 850 2500 coronavit.
896 2436 955 2501 Set
976 2435 1163 2523 patriarcha
1185 2443 1219 2502 et
1241 2437 1390 2521 magistri
1413 2436 1553 2522 predicti
1567 2457 1695 2501 necnon
1711 2456 1824 2521 quam-

172 2540 281 2626 plures
317 2539 372 2603 alii
404 2540 511 2604 zelum
542 2538 608 2603 Dei
639 2539 814 2614 habentes,
852 2539 1038 2604 nullatenus
1071 2546 1307 2604 consenserunt
1335 2539 1521 2603 huiusmodi
1553 2539 1712 2626 pactioni,
1747 2540 1825 2625 quin

94 2666 101 2684 ··
173 2644 282 2728 potius
305 2641 391 2706 idem
414 2641 600 2728 patriarcha
623 2643 789 2707 civitatem
813 2641 995 2707 Ierusalem
1018 2632 1245 2707 ecclesiastico
1270 2643 1441 2729 supposuit
1463 2642 1647 2724 interdicto,
1671 2643 1716 2706 ita
1739 2641 1824 2728 quod

172 2746 297 2810 nullum
320 2745 367 2810 ibi
390 2744 535 2809 divinum
559 2745 702 2810 officium
727 2745 922 2810 celebretur.
970 2746 1078 2820 Quare
1101 2753 1192 2832 patet
1215 2768 1385 2833 expresse,
1409 2743 1495 2832 quod
1517 2744 1604 2809 idem
1627 2744 1824 2825 Fridericus,

172 2855 326 2935 quantum
350 2850 383 2912 in
407 2869 447 2913 eo
470 2855 530 2930 est,
555 2848 701 2913 confudit
724 2848 902 2914 enormiter
924 2870 1057 2913 causam
1081 2848 1201 2913 Christi
1225 2857 1258 2914 et
1280 2851 1393 2936 populi
1417 2848 1606 2927 Christiani,
1629 2847 1716 2930 dum,
1739 2846 1825 2934 quod

172 2952 369 3017 horrendum
399 2959 451 3017 est·
483 2951 571 3016 dictu
601 2959 635 3017 et
664 2950 861 3038 stupendum
887 2953 1019 3034 auditu,
1054 2953 1305 3017 conventionem
1329 2953 1451 3017 Christi
1481 2950 1522 3016 ad
1549 2952 1658 3016 Belial
1687 2952 1978 3038 penitusacorsrs.

173 3054 410 3141 impossibilem
446 3055 594 3139 gestiens
628 3057 834 3136 concinnare,
870 3062 1018 3119 sanctum
1052 3055 1206 3141 exposuit
1239 3055 1526 3142 prophanandum,
1560 3063 1596 3119 ut
1630 3056 1665 3120 in
1702 3054 1824 3141 templo

94 3183 119 3219 ·:.
173 3156 306 3221 Domini
329 3158 513 3224 celebretur
531 3157 689 3222 memoria
703 3157 902 3221 Machameti
927 3164 960 3222 et
983 3158 1070 3222 illius
1087 3156 1301 3245 perditissimi
1323 3160 1379 3224 lex
1403 3158 1607 3224 detestabilis
1626 3157 1825 3245 predicetur,

173 3260 228 3345 qui
243 3261 351 3345 legem
369 3260 501 3338 Christi,
527 3267 682 3346 quantum
706 3260 740 3323 in
763 3261 834 3346 ipso
851 3260 922 3340 suit,
947 3261 1119 3325 evacuavit
1135 3261 1330 3348 inpartibus
1347 3262 1493 3326 orientis.
1539 3260 1658 3346 Sisque
1674 3261 1825 3324 inimicus

174 3363 289 3444 crucis,
312 3363 415 3427 hostis
438 3362 524 3439 fidei,
548 3363 754 3428 adversarius
773 3364 951 3441 castitatis,
983 3364 1111 3429 inferno
1134 3364 1340 3451 dampnatus,
1364 3366 1456 3450 quasi
1481 3363 1682 3428 contradicto
1705 3362 1825 3427 iudicio

173 3465 302 3531 videtur
324 3467 407 3551 erigi
435 3466 637 3548 adorandus,
668 3467 701 3531 in
729 3467 969 3532 intolerabilem
992 3468 1223 3532 contumeliam
1247 3466 1425 3531 Salvatoris
1455 3474 1489 3532 et
1516 3465 1742 3531 inextricabile
1766 3465 1825 3529 ob-

173 3569 340 3655 probrium
362 3570 474 3656 populi
491 3569 667 3633 Christiani
691 3575 725 3633 et
748 3575 970 3655 contemptum
992 3571 1169 3635 multorum
1185 3570 1306 3635 Christi
1328 3577 1506 3655 martyrum
1529 3570 1747 3650 manifestum,
1772 3568 1826 3653 qui

96 3722 101 3735 .
174 3680 211 3736 ut
233 3680 354 3736 terram
378 3671 501 3737 Christi
526 3673 685 3758 sauguine
709 3679 935 3737 consecratam
958 3694 978 3737 a
1002 3673 1256 3738 Sarraceuorum
1278 3673 1472 3738 mundarent
1495 3673 1677 3758 spurcitiis,
1701 3672 1826 3736 animas

175 3795 252 3840 suas
276 3775 452 3840 salubriter
473 3781 664 3863 posuerunt.
710 3775 760 3840 Ne
790 3776 890 3860 igitur
919 3775 1040 3840 subditi
1063 3778 1163 3841 vestri
1191 3777 1298 3863 aliquo
1327 3798 1425 3864 super
1446 3777 1510 3840 hiis
1533 3774 1828 3840 circumveniantur

176 3900 301 3959 errore,
333 3879 581 3944 universitatem
614 3886 758 3944 vestram
785 3901 955 3944 monemus
986 3886 1019 3944 et
1048 3879 1217 3944 hortamur
1245 3887 1385 3962 attente,
1414 3901 1474 3967 per
1499 3879 1680 3965 apostolica
1706 3879 1828 3964 scripta

175 3982 386 4064 mandantes,
418 3991 579 4069 quatenus
611 3983 673 4047 hec
701 3983 781 4068 ipsis
810 3982 952 4047 fideliter
978 3984 1171 4069 exponatis,
1205 3983 1384 4049 adicientes
1418 4005 1481 4069 que
1513 3981 1691 4047 secuudum
1719 3980 1827 4045 Deum

177 4086 291 4150 honori
315 4086 455 4150 ecclesie
480 4087 628 4150 videritis
652 4085 820 4171 expedire.
864 4085 1006 4151 Nomina
1028 4108 1106 4151 vero
1130 4094 1299 4168 terrarum,
1323 4109 1404 4173 quas
1427 4093 1625 4152 memoratus
1642 4085 1827 4149 Fridericus

178 4191 367 4254 Sarracenis
390 4191 423 4253 in
446 4190 597 4276 pastione
621 4190 763 4274 reliquit,
786 4189 879 4253 vobis
902 4213 962 4277 per
982 4191 1064 4254 alias
1087 4192 1214 4255 litteras
1236 4191 1435 4278 providimus
1458 4189 1680 4278 exprimenda.

284 4309 371 4374 Data
393 4311 533 4390 Perusii,
557 4310 671 4374 Idibus
695 4309 792 4406 Iunii,
815 4311 1024 4396 pontificatus
1048 4312 1152 4377 nostri
1174 4332 1263 4376 anno
1286 4313 1400 4376 tercio.

795 4555 858 4561 .-.-—-
863 4555 1193 4563 --.-—-—........-....
1200 4557 1205 4562 .

964 4783 1050 4856 391.

285 4890 477 5005 Graeci-sus
505 4919 562 4986 IX
584 4941 671 5002 napa
696 4921 866 4987 rectoribus
893 4927 922 4988 ot
942 4925 1061 5005 populo
1086 4922 1254 4989 Gaiemnis
1278 4921 1447 5004 significat,
1479 4941 1512 4985 sc
1532 4922 1700 5002 petitiones
1725 4941 1831 4986 smum

177 5025 312 5088 studiose
332 5023 505 5101 audivisse,
531 5024 595 5088 scd
614 5024 838 5088 baiulationcrn
864 5028 893 5088 ct
917 5027 1121 5106 plateaticum
1143 5025 1280 5088 modalis
1300 5045 1406 5088 corum
1431 5027 1461 5087 ct
1487 5023 1586 5104 borpii
1609 5024 1767 5087 Motorum
1788 5023 1832 5086 ad

176 5145 291 5191 monus
311 5144 387 5190 suas
408 5125 573 5190 retinenda
593 5125 730 5194 durum.
1477 5127 1570 5202 1229,
1592 5125 1667 5190 Iun.
1691 5127 1742 5188 19.

281 5243 362 5315 Creo.
380 5244 430 5297 IX
445 5243 515 5314 Rcy.
539 5245 596 5299 Vol.
614 5245 640 5310 I,
658 5249 723 5309 12l;
742 5245 804 5300 Lib.
823 5246 886 5312 III,
906 5251 951 5301 30.

280 5332 417 5398 Potttast,
434 5331 501 5401 Rea.
522 5335 604 5387 8420.

280 5573 307 5642 1)
327 5571 473 5627 (deroldus.
557 5573 585 5640 2)
605 5573 707 5628 Petrus
726 5573 759 5628 dc
777 5573 873 5630 Monte
889 5579 981 5628 acuto.
1068 5574 1097 5642 3)
1117 5571 1263 5626 Guarinus
1281 5572 1314 5626 de
1332 5571 1427 5625 Monte
1444 5574 1534 5625 aucto.
1621 5571 1650 5640 4)
1668 5569 1705 5638 cs.
1723 5583 1750 5621 n.
1770 5571 1832 5632 381,

179 5663 235 5714 382
254 5665 279 5714 et
299 5662 364 5712 383.
