4596 6406
761 409 962 464 EPISTOLllE
980 407 1170 463 subacuta.
1205 409 1280 462 1239.
1796 414 1858 475 647

203 585 344 649 ecclesie
368 605 426 670 pro
451 583 547 647 bonis
570 585 656 648 mala
678 582 840 660 retribuit,
865 588 898 647 et
921 583 954 646 in
976 603 1058 663 eam,
1082 602 1180 666 quam
1194 582 1311 646 lucetis
1329 582 1480 648 delinivit
1492 583 1667 668 aliquando
1684 585 1857 649 verborum

202 686 353 763 fallaciis,
378 687 463 751 virus
488 685 656 752 effundere
681 685 784 751 caude
808 685 922 749 aculeo
947 705 1036 748 more
1060 685 1242 770 scorpionis
1266 685 1400 771 incepit.
1872 701 1939 756 aas.
1954 707 2010 754 aa.

310 790 396 855 Nam
419 812 492 854 cum
516 791 614 855 olim¹
638 789 739 854 Terre
764 789 885 854 Sancte
909 787 1110 865 necessitas,
1142 787 1291 874 predicta
1319 791 1483 855 sententia
1512 797 1545 857 ct
1575 791 1791 858 iuramentum
1820 816 1858 860 ac

204 894 348 980 prefixus
372 895 529 961 terminus
553 895 725 959 transitum
755 894 826 958 eius
849 899 1083 979 exposcerent,
1114 900 1148 958 et
1176 892 1257 956 illud
1287 893 1375 958 idam
1403 895 1505 958 multa
1532 893 1621 959 milia
1650 897 1858 982 crucesigna-

203 1004 310 1070 torum
334 999 441 1084 ipsum
457 998 635 1063 Brundusii
659 996 869 1084 expectantia
885 1017 959 1060 cum
976 995 1132 1060 instantia
1147 997 1362 1081 postularent,
1387 996 1473 1062 idem
1491 996 1595 1062 dictes
1614 1000 1858 1084 crucesignatos

202 1102 293 1181 inibi,
317 1101 422 1167 donec
439 1102 499 1168 sub
517 1101 622 1187 ignoti
638 1101 723 1166 aliris
740 1101 935 1185 intemperie
953 1099 1091 1164 diversis
1107 1099 1249 1184 lugende
1266 1101 1380 1164 mortis
1397 1101 1528 1165 casibus
1545 1103 1684 1187 periere,
1709 1103 1858 1184 detinuit,

203 1213 237 1269 et
260 1205 439 1292 periurium
462 1227 500 1270 ac
524 1203 872 1271 excommunicationis
890 1202 1087 1267 sententiam
1102 1202 1204 1286 gratis
1225 1203 1404 1284 incurrans,
1427 1203 1573 1269 infirmus
1597 1206 1660 1271 lide
1686 1215 1736 1272 set
1759 1229 1858 1273 sanus

203 1330 349 1394 corpore,
371 1317 408 1373 ut
431 1309 578 1374 securius
600 1308 792 1373 mentiretur
807 1306 881 1370 Deo
905 1312 938 1369 et
960 1306 1134 1370 eeclesiam
1156 1305 1297 1386 falleret,
1321 1307 1441 1372 omisso
1464 1309 1625 1393 promisso
1648 1311 1802 1396 passagio
1824 1313 1858 1377 iu

201 1412 234 1474 in
256 1413 343 1476 lecto
367 1414 438 1498 egri
460 1413 575 1478 diebus
601 1411 764 1497 aliquibus
788 1410 931 1474 simulati
954 1409 1103 1474 recubuit
1125 1431 1164 1473 ae
1180 1408 1314 1473 Terram
1333 1411 1486 1474 Sanctam
1507 1412 1691 1478 incursibus
1714 1415 1858 1482 hostium

205 1514 326 1579 Christi
361 1538 528 1602 exponere
563 1516 695 1580 minime
731 1514 909 1594 dubitavit,
950 1535 993 1578 err
1022 1535 1061 1577 ao
1091 1513 1180 1576 nullo
1217 1512 1329 1578 dolore
1357 1515 1547 1600 perculsus,
1582 1518 1668 1601 quod
1697 1519 1741 1584 ibi
1771 1523 1857 1588 clare

202 1621 358 1685 memorie
381 1621 538 1706 Turingie
562 1621 761 1705 langravius,
784 1619 907 1684 utinam
932 1639 995 1682 non
1019 1618 1137 1682 veneni
1160 1619 1290 1703 poculo,
1315 1619 1401 1683 sicut
1423 1619 1563 1684 mundus
1586 1620 1722 1686 clamat!
1747 1625 1858 1688 extitit

202 1724 428 1810 interemptus.
474 1725 621 1810 Cumque
645 1723 685 1788 de
710 1723 848 1786 conficta
871 1721 1055 1806 egritudine
1079 1729 1112 1786 et
1135 1722 1209 1785 aliis
1232 1722 1402 1807 premissis
1426 1722 1520 1788 nobis
1551 1745 1609 1809 per
1632 1725 1759 1790 litteras
1782 1749 1856 1812 pre-

203 1827 343 1893 latorum
366 1829 410 1894 ibi
435 1829 630 1893 morantium
655 1826 864 1906 constitisset,
889 1847 941 1903 ne,
964 1825 1133 1910 discipline
1154 1826 1246 1910 virga
1268 1833 1358 1888 tanto
1383 1825 1549 1889 subtracta
1572 1827 1718 1910 facinori,
1743 1853 1802 1896 nos
1826 1841 1858 1898 et

203 1932 383 2018 apostolica
407 1934 503 1997 sedes
527 1930 738 1996 redderemur
761 1929 836 1994 inde
855 1929 1032 2009 notabiles,
1063 1929 1363 2012 crucesignatorum
1392 1936 1529 1994 mortem
1559 1939 1591 1995 ct
1612 1932 1713 1998 Terre
1737 1935 1857 2000 Sancte

204 2036 350 2121 pericula
373 2035 582 2122 deplorantes
606 2041 639 2098 et
662 2033 830 2118 cupientes
855 2033 962 2096 saltim
985 2032 1017 2095 in
1040 2032 1143 2096 altero
1168 2033 1308 2097 ecclesie
1332 2033 1482 2097 lacrimas
1506 2034 1623 2099 dextra
1645 2036 1755 2103 debite
1779 2061 1856 2104 con-

202 2139 370 2202 solationis
405 2139 566 2224 abstergi,
599 2139 706 2223 ipsum
741 2137 806 2200 late
838 2137 871 2200 in
904 2156 979 2199 eum
1008 2134 1049 2200 de
1082 2157 1244 2200 consensu
1277 2157 1335 2200 suo
1365 2138 1558 2202 auctoritate
1585 2139 1670 2204 bone
1701 2143 1856 2208 memorie

203 2239 368 2328 Hlonorii]
393 2263 478 2328 pape
502 2241 746 2327 predecessoris
770 2240 873 2304 nostri
896 2239 1242 2304 excommunicationis
1273 2241 1434 2304 sententie
1458 2240 1628 2307 subiacere
1651 2244 1856 2310 denuntiavi-

206 2367 288 2424 mus,
313 2367 438 2409 summo
455 2345 673 2430 prestolantes
691 2343 851 2408 desiderio
868 2349 904 2406 ut
920 2365 994 2408 eum
1011 2344 1218 2428 postmodum
1241 2343 1448 2408 emendatum
1468 2351 1632 2411 tantorum
1649 2350 1858 2413 relevationia

203 2449 417 2534 dampnorum
441 2455 586 2533 optatam
608 2455 756 2533 prestare
779 2468 913 2532 operam
937 2448 1140 2528 audiremus,
1162 2449 1280 2513 litteris
1302 2450 1422 2512 nostris
1444 2450 1619 2514 offerentes
1642 2453 1748 2518 eidam
1770 2455 1856 2539 quod

204 2553 445 2638 impartiremur
467 2553 529 2618 sibi
551 2555 643 2617 iuxta
666 2553 803 2616 sormam
827 2553 966 2616 ecclesie
989 2551 1204 2617 absolutionis
1234 2551 1442 2634 beneficium,
1471 2574 1567 2638 quarn
1596 2556 1661 2619 cito
1688 2557 1750 2621 iter
1776 2559 1856 2622 arri·

200 2664 293 2742 peret
320 2655 353 2720 in
382 2656 507 2742 prefate
536 2664 621 2722 terre
655 2679 855 2723 succursum.
905 2659 963 2722 Set
992 2659 1079 2742 ipse,
1109 2658 1154 2721 5,
1173 2658 1264 2722 cuius
1294 2663 1364 2721 erat
1394 2678 1493 2744 super
1521 2656 1583 2720 biis
1611 2667 1744 2744 pectore
1779 2683 1857 2726 cura

200 2761 306 2824 minor
315 2759 338 2840 ²,
377 2761 487 2824 claves
518 2762 656 2825 ecclesie
684 2760 941 2847 parvipendens,
979 2781 1044 2824 non
1073 2761 1241 2825 absolutus
1272 2760 1305 2823 in
1334 2760 1451 2824 Siriam
1478 2760 1615 2826 transiit.
1666 2762 1754 2828 Ubi³
1783 2787 1856 2830 cum

202 2862 348 2944 soldano,
372 2863 450 2926 solis
475 2864 536 2929 sibi
559 2865 675 2928 meniis
697 2864 878 2928 Ierusalem
901 2864 1059 2928 restitutis
1083 2871 1116 2928 et
1138 2864 1185 2926 illi
1207 2862 1322 2947 grandi
1345 2862 1387 2927 ad
1402 2863 1679 2949 impugnationem
1698 2865 1856 2932 Christia-

205 2987 319 3030 norum
336 2967 528 3031 transmisso
546 2988 704 3053 equorum
727 2973 760 3031 et
783 2988 945 3031 armorum
969 2965 1139 3048 exenniel,
1163 2965 1257 3031 fedus
1280 2967 1400 3030 feriens
1425 2974 1457 3031 et
1473 2968 1631 3052 templum
1649 2968 1856 3036 Dominieum

204 3070 458 3135 sarracenorum
482 3071 527 3135 ibi
550 3070 663 3135 laudes
687 3071 940 3134 exclamantium
963 3070 1160 3135 Machameti
1183 3092 1260 3135 cura
1284 3071 1488 3156 relinquens,
1517 3093 1560 3135 ex
1588 3071 1762 3138 defensore
1785 3095 1856 3138 mu-

201 3180 289 3238 tatus
313 3175 346 3238 in
369 3174 512 3252 hostem,
540 3173 762 3238 venerabilem
790 3173 924 3238 fratrem
954 3181 1101 3238 nostmm
1129 3174 1347 3259 patriarcham
1373 3173 1669 3241 Ierosclimitanum
1701 3185 1733 3242 et
1761 3177 1857 3243 Tem·

203 3277 326 3363 plarios
349 3299 408 3363 pro
431 3277 554 3342 viribus
576 3277 790 3364 impugnavit.
840 3277 927 3342 Illud
957 3283 1066 3342 autem
1097 3297 1162 3341 non
1189 3276 1289 3342 debet
1318 3276 1360 3340 ad
1389 3297 1468 3340 sane
1491 3279 1608 3343 mentis
1631 3281 1857 3347 credulitatem

202 3381 370 3461 accedere,
394 3381 481 3467 quod
504 3403 578 3447 eum
602 3382 635 3445 in
657 3382 907 3467 recuperatione
930 3382 1021 3465 regni
1037 3380 1290 3445 Ierosclimitani
1312 3402 1371 3444 nos
1384 3381 1437 3446 vel
1460 3381 1560 3466 legati
1583 3386 1695 3466 nostri,
1719 3407 1792 3451 cum
1815 3387 1856 3453 ad

203 3485 265 3548 hoc
289 3486 390 3550 multo
414 3485 525 3550 labore
549 3484 713 3550 sudaverit
735 3485 971 3570 grandiumque
995 3484 1135 3548 ecelesia
1158 3483 1295 3548 subierit
1318 3505 1418 3548 onera
1442 3505 1670 3569 expensarum,
1695 3489 1856 3557 studueri-

205 3610 276 3652 mus
307 3588 474 3674 impedire.
526 3589 585 3654 Set
613 3588 699 3652 istud
727 3590 760 3652 in
789 3589 937 3652 notitiam
969 3588 1073 3652 omnis
1105 3594 1192 3652 terro
1214 3589 1378 3674 pervenit,
1408 3587 1495 3673 quod
1521 3589 1608 3654 idom
1631 3590 1685 3672 F.,
1718 3595 1801 3658 sicut
1822 3597 1856 3659 in

203 3692 286 3757 Sitia
309 3692 457 3777 partibus
480 3693 668 3778 inproprie
691 3691 915 3778 personaDei
939 3690 1199 3778 persequebatur
1229 3691 1418 3772 eeclesiam,
1450 3691 1497 3755 sic
1527 3693 1608 3756 eitra
1634 3715 1722 3759 mare
1749 3697 1854 3781 ipsam

202 3794 339 3859 diversis
362 3795 628 3861 tribulationibus
651 3794 730 3861 dicti
751 3794 903 3860 Rolnaldi
925 3794 1120 3874 ministerio,
1145 3814 1240 3879 quem
1264 3800 1377 3858 contra
1400 3795 1571 3860 eonsilium
1594 3804 1739 3861 nostrum
1762 3820 1856 3863 suum

202 3901 235 3964 in
259 3921 360 3984 regno
384 3901 540 3964 vicarium
564 3901 750 3985 reliquerat,
775 3899 941 3984 affligebat
949 3922 957 3973 ;
981 3899 1072 3962 cuius
1096 3905 1216 3962 terram
1241 3919 1313 3960 cum
1338 3897 1455 3962 litteris
1478 3919 1578 3964 aurea
1600 3900 1689 3964 bulla
1712 3903 1854 3980 munitis,

203 4003 343 4088 pecunia
372 4011 404 4068 ct
430 4004 580 4068 vassallis
608 4004 710 4090 ipsius
740 4002 777 4068 Il.
808 4002 953 4088 prefatus
981 4000 1161 4066 Rainaldus
1192 3999 1366 4082 invadens,
1398 4002 1571 4067 nonnullos
1601 4003 1788 4069 sacerdotes
1822 4014 1855 4070 et

204 4107 341 4170 elericos
365 4106 583 4193 suspendere,
612 4108 762 4171 mutilare
786 4127 824 4170 ac
846 4106 988 4170 fustibus
1012 4103 1147 4182 cedere,
1170 4124 1313 4183 necnon,
1338 4110 1426 4168 statu
1448 4113 1559 4170 nestro
1583 4107 1727 4188 turbato,
1751 4108 1854 4174 Peru·

202 4210 306 4274 sium⁰
328 4218 454 4295 partem
476 4213 579 4298 ipsius
602 4219 688 4276 terre
717 4231 877 4296 occupare
912 4207 1121 4294 presumpsit.
1167 4205 1273 4280 Quem
1302 4208 1379 4272 licet
1401 4207 1516 4274 fideles
1547 4217 1579 4273 et
1609 4210 1718 4276 devoti
1741 4215 1854 4294 nostri,

202 4335 268 4378 non
290 4315 437 4380 valentes
460 4316 494 4380 id
515 4317 652 4380 ulterius
676 4315 851 4394 sustinere,
883 4319 1019 4400 aparte
1047 4317 1135 4376 terra
1162 4310 1326 4396 predicte,
1358 4311 1488 4378 Christo
1518 4335 1638 4398 sponse
1667 4337 1725 4381 sue
1748 4316 1854 4382 indul-

202 4425 301 4501 gente
325 4419 511 4498 rietoriam,
541 4421 729 4498 eiecisscnt,
761 4418 836 4503 quia
858 4423 968 4482 tamen
990 4415 1076 4480 idem
1099 4414 1140 4482 R.
1163 4435 1368 4501 nequaquam
1398 4416 1439 4481 ab
1466 4417 1598 4504 incepta
1626 4421 1854 4504 persecutione

204 4522 366 4601 cessabat,
389 4524 569 4588 consultius
594 4524 807 4599 extimantes,
831 4522 858 4585 si
882 4521 1049 4605 originalis
1073 4520 1195 4585 malitie
1219 4541 1320 4586 venas
1342 4519 1538 4600 inciderent,
1561 4542 1658 4607 quam
1681 4523 1767 4609 quod
1790 4527 1853 4590 iam

204 4626 361 4690 exsiccati
395 4627 547 4692 torrentis
582 4627 722 4711 impetus
751 4625 843 4689 novis
873 4625 993 4710 repleri
1022 4624 1134 4687 rivulis
1164 4631 1390 4708 expectarent,
1422 4623 1544 4688 dictum
1573 4646 1709 4711 regnum
1734 4627 1853 4708 Sicilie,

203 4727 290 4813 quod
313 4737 363 4794 ast
387 4730 554 4815 spirituale
578 4729 807 4814 patrimonium
830 4727 986 4806 ecclesie,
1015 4747 1057 4790 ne
1085 4725 1160 4790 inde
1188 4747 1248 4788 nos
1279 4734 1488 4810 percuterent
1509 4729 1616 4793 iacula
1637 4727 1723 4792 unde
1746 4731 1854 4816 potius

204 4839 274 4898 erat
297 4833 538 4918 expectandum
562 4831 758 4913 subsidium,
787 4831 1004 4902 intraverunt;
1027 4829 1184 4914 multique
1209 4829 1375 4914 exipsius
1398 4833 1491 4916 regni
1513 4830 1750 4896 habitatoribus
1774 4834 1852 4899 obe-

203 4934 330 5000 dientes
353 4937 533 5022 apostolica
557 4935 627 5002 sedi
650 4955 855 5020 nequaquam
879 4934 920 4999 ob
949 4934 982 4998 id
1007 4933 1150 5018 reputari
1179 4931 1300 4998 debent
1322 4933 1499 5018 periurium
1523 4933 1714 5014 incurrisse,
1738 4957 1854 5000 cuma

204 5040 385 5105 iuramento
418 5039 599 5119 fidelitatis,
629 5037 715 5124 quod
744 5037 851 5102 eidam
874 5037 911 5102 F.
934 5037 1162 5122 prestiterant,
1191 5059 1234 5101 ex
1261 5037 1329 5101 lata
1354 5036 1387 5100 in
1413 5057 1488 5100 eum
1517 5037 1854 5104 excommunicatione

124 5169 151 5209 rs
204 5144 345 5208 absoluti
375 5144 524 5210 luissent.
574 5142 670 5208 Dicto
700 5163 829 5227 quoque
859 5139 898 5207 F.
925 5140 1077 5206 redeunti
1106 5140 1147 5206 de
1178 5140 1325 5227 partibus
1355 5139 1579 5204 transmarinis
1612 5144 1646 5204 at
1674 5137 1715 5202 ad
1749 5141 1853 5206 sinum

203 5247 317 5311 matris
341 5247 480 5312 ecclesie
503 5245 682 5312 revertenti
703 5245 837 5331 pietatis
860 5245 1047 5332 aperuimus
1071 5245 1250 5330 apostolice
1266 5243 1435 5329 gremium,
1459 5242 1586 5329 ipsique
1610 5240 1651 5305 ad
1674 5244 1854 5328 expetitam

202 5351 347 5416 inclinati
370 5348 577 5415 concordiam
600 5350 814 5415 absolutionis
838 5348 1032 5414 beneficium
1057 5346 1241 5412 curavimus
1264 5347 1432 5435 impertiri.

306 5612 328 5677 ¹)
346 5611 501 5664 relevatione
520 5611 567 5674 B.,·
585 5613 739 5664 revelatione
757 5609 850 5662 araon
869 5609 934 5660 Par.
1033 5607 1055 5671 Ι’)
1073 5607 1165 5658 exenio
1184 5605 1216 5657 R.
1314 5607 1335 5673 ⁰)
1353 5608 1453 5660 Parrasii
1470 5607 1503 5658 R.

308 5711 333 5784 l)
354 5709 398 5784 Cf.
416 5727 443 5770 n·
463 5715 528 5776 368.
616 5713 644 5786 2)
670 5711 771 5772 Versa·
784 5713 962 5788 proluerent.
1049 5709 1076 5780 3)
1098 5706 1141 5779 Cf.
1160 5723 1187 5763 rr.
1207 5709 1357 5764 sao-aar
1376 5713 1402 5766 el
1421 5709 1484 5764 397.
