4596 6406
1010 389 1057 444 El(
1076 389 1250 445 ennoean
1269 389 1307 443 IX
1326 387 1506 444 REGISTRO

585 692 731 766 Nobili
758 692 856 766 viro
883 690 1078 766 Henrico
1108 692 1162 764 de
1189 689 1395 778 Ravello‚
1424 688 1683 764 senescalco
1711 689 1933 782 imperiali

759 813 800 886 in
828 813 1087 902 Provincia,
1114 812 1321 904 spiritum
1350 811 1521 884 consilii
1548 810 1753 884 sanioris

541 963 580 1026 In
610 963 672 1028 hoc
695 964 862 1048 potissime
894 964 986 1048 signa
1013 969 1149 1048 paterne
1178 961 1361 1025 dilectionis
1396 961 1623 1045 exprimimus,
1654 960 1739 1045 quod
1774 961 1905 1025 cuilibet
1940 963 2084 1028 filiorum

436 1068 574 1132 ecclesie
598 1068 743 1131 devitare
772 1067 879 1130 divino
902 1067 1058 1130 voluntati
1090 1066 1251 1130 contraria
1273 1085 1498 1150 suggeramus.
1554 1063 1635 1126 Cum
1665 1064 1763 1149 igitur
1786 1066 1868 1128 sieut
1892 1068 2083 1152 aecepimus

434 1177 486 1252 tn,
513 1193 579 1235 nou
611 1172 784 1236 advertens
819 1170 905 1255 quod
938 1169 1010 1234 Deo
1047 1175 1216 1254 reputatur
1245 1168 1425 1232 exhibitum
1455 1168 1607 1253 quicquid
1639 1168 1735 1231 alicui
1759 1190 1887 1233 suorum
1912 1171 2083 1256 contingat
2152 1189 2164 1225 ⁵

434 1276 504 1339 fieri
537 1275 776 1355 ministrorum,
805 1273 1026 1338 venerabilem
1061 1274 1193 1336 tratrem
1229 1279 1376 1336 nostrum
1406 1323 1413 1337 .
1439 1320 1445 1334 .
1473 1272 1751 1358 archiepiscopum
1785 1273 2016 1338 Arelatensem
2053 1287 2085 1339 et

435 1379 606 1443 ecclesiam
641 1400 732 1443 suam
767 1401 805 1442 ao
837 1386 941 1442 terras
977 1376 1123 1442 eiusdem
1157 1397 1230 1439 curn
1265 1376 1458 1461 quibusdam
1492 1375 1565 1438 aliis
1600 1375 1708 1439 divino
1743 1377 1858 1441 timore
1893 1379 2083 1443 carentibus

435 1483 578 1568 graviter
610 1482 834 1569 persequaris,
868 1481 1071 1545 nobilitatem
1106 1487 1194 1542 tuam
1231 1500 1383 1570 rogamus
1419 1488 1450 1543 ct
1483 1479 1652 1542 hortamur
1691 1481 1844 1544 attentius
1877 1483 2084 1558 mandantes,

434 1587 585 1670 quatinus
609 1607 628 1648 a
650 1586 868 1671 predictorum
892 1584 1126 1668 archiepiscopi
1150 1591 1182 1646 et
1205 1584 1344 1647 ecclesie
1368 1605 1405 1647 ac
1421 1589 1580 1646 terrarum
1597 1586 1683 1647 omui
1700 1606 1832 1669 prorsus
1854 1587 2084 1653 molestatione

434 1690 606 1770 desistens,
630 1691 713 1752 siout
736 1690 877 1753 divinam
900 1688 1037 1774 gratiam
1061 1687 1178 1772 diligis,
1195 1688 1226 1750 in
1245 1687 1333 1750 nullo
1349 1707 1518 1772 presumas
1535 1687 1700 1751 offendere
1716 1696 1835 1753 statum
1857 1690 2083 1757 ecclesiastice

433 1793 602 1880 libertatis.
665 1794 817 1878 Alioquin
856 1789 1034 1856 venerabili
1073 1790 1164 1853 tratri
1205 1796 1317 1853 nostro
1361 1790 1514 1876 episcopo
1556 1790 1773 1855 Nemausensi
1812 1795 1932 1856 nostris
1967 1795 2085 1858 damus

434 1897 550 1960 litteris
585 1897 618 1960 in
651 1895 826 1974 mandatis,
856 1903 892 1958 ut
921 1901 953 1958 te
986 1895 1026 1958 ad
1054 1892 1087 1956 id
1118 1893 1295 1957 monitione
1326 1894 1508 1977 premissaa
1535 1917 1594 1980 per
1623 1916 1793 1960 censuram
1825 1898 2084 1964 ecclesiasticam

435 2001 654 2087 appellatione
678 2005 804 2063 remota
826 1997 957 2085 previab
982 1999 1107 2061 ratione
1131 1996 1316 2082 compellat.

541 2121 617 2185 Dat.
640 2119 789 2212 Viterbii,
812 2117 860 2182 VI
883 2117 960 2182 Idus
984 2117 1137 2203 Augusti,
1161 2140 1246 2182 anno
1270 2117 1451 2184 undecimo.

544 2291 551 2306 .
570 2291 578 2306 .
594 2241 747 2326 potestati
765 2245 797 2303 et
812 2238 1160 2324 populoAvinionensi
1177 2239 1323 2323 spiritum
1341 2239 1466 2303 consilii
1484 2242 1636 2318 sanioris;
1660 2243 1793 2306 oonsilio
1815 2251 1847 2306 et
1862 2245 1983 2329 populo
1997 2245 2084 2309 Are·
2157 2284 2169 2320 ι,

434 2346 551 2408 latensi
574 2354 607 2408 et
629 2345 730 2408 nobili
745 2345 813 2408 viro
833 2344 940 2408 comiti
956 2343 1155 2416 Provincie¹,
1178 2351 1214 2406 ut
1236 2344 1480 2429 archiepiscopo
1499 2344 1685 2408 Arelatensi
1709 2353 1820 2409 contra.
1833 2347 2014 2412 Henricuur
2040 2349 2082 2412 de

433 2449 570 2512 Rnrello
595 2448 774 2512 subsidium
798 2449 913 2513 forant.

1214 2803 1299 2874 711.

541 2895 730 3002 Gregorius
753 2919 809 2983 IX
823 2941 914 3001 papa
935 2920 1170 2986 Assisinotibns
1189 2927 1371 3002 potestatem
1400 2928 1429 2987 et
1456 2925 1536 2989 alios
1563 2923 1722 3006 officiales,
1739 2927 1872 3009 elipandi
1898 2925 2085 3008 facultatem

433 3024 578 3089 coneedit.
1736 3035 1830 3110 1237,
1854 3032 1938 3112 Sept.
1961 3029 1991 3096 3.

537 3149 619 3218 (ἔτερ.
638 3149 687 3202 IX
704 3149 772 3217 Rea.
793 3147 852 3204 Vol.
875 3148 905 3216 V,
925 3151 992 3215 321,·
1010 3148 1071 3202 Lib.
1090 3149 1146 3218 XI,
1164 3153 1229 3202 220.

537 3236 674 3306 Petebant,
693 3234 763 3306 Req.
783 3239 878 3289 10442.

730 3489 738 3506 .
768 3489 777 3507 .
805 3431 1045 3525 potestati,
1075 3431 1266 3505 consilio
1296 3437 1337 3505 et
1363 3433 1527 3526 populo
1555 3431 1781 3507 Asisinati.

542 3581 625 3657 Quia
642 3603 700 3646 vos
715 3583 799 3647 tilios
815 3587 1001 3668 reputamus
1019 3581 1157 3646 ecclesie
1181 3582 1351 3668 speciales,
1366 3583 1508 3669 prompti
1529 3581 1668 3647 libenter
1689 3583 1848 3647 habemur
1870 3583 1909 3646 ad
1929 3585 2082 3669 gratiam,

434 3711 531 3774 quam
553 3688 646 3752 vobis
670 3688 739 3751 lore
762 3687 992 3774 perpendimus
1021 3693 1226 3771 oportunam.
1268 3686 1397 3750 Vestris
1424 3687 1522 3772 igitur
1545 3687 1833 3773 supplicationibus
1856 3687 2019 3768 inclinati,
2044 3694 2082 3751 ut

434 3793 467 3856 in
492 3793 620 3856 civitate
644 3798 753 3855 restra
775 3797 971 3878 potestatem
1002 3796 1034 3854 et
1056 3790 1138 3852 alios
1162 3789 1317 3853 officiales
1341 3791 1424 3853 sieut
1447 3796 1555 3853 cetere
1579 3789 1726 3854 civitates
1749 3791 1886 3854 ducatus
1910 3791 2083 3878 Spoletaui
2139 3835 2166 3873 25

433 3894 536 3959 libere
560 3916 670 3960 creare
693 3895 835 3981 possitis,
866 3893 1105 3958 nonobstante
1129 3893 1330 3957 ordinatione
1354 3894 1515 3957 eontraria
1543 3914 1602 3978 per
1629 3894 1740 3958 sedem
1763 3896 1975 3981 apostolicam
1999 3918 2080 3960 eon-

432 4000 576 4080 firmata,
609 3999 702 4062 vobis
737 3999 928 4061 auctoritate
969 4000 1168 4083 presentium
1192 3998 1398 4063 concedimus
1421 3998 1643 4065 facultatem¹.
1686 3999 1776 4063 Nulli
1800 4021 1877 4084 ergo
1901 4037 1942 4046 —
1966 4007 2080 4064 nostre

436 4103 655 4166 concessionis
680 4109 740 4166 etc.
787 4101 894 4186 Siquis
918 4109 1027 4165 autem
1051 4109 1113 4167 etc.

539 4222 616 4288 Dat.
640 4221 789 4300 Viterbii,
812 4220 863 4284 Ill
886 4222 998 4285 Nonas
1024 4221 1189 4307 Septemb.
1213 4242 1298 4285 anno
1323 4221 1503 4289 undecima.

1214 4680 1298 4752 lla.

543 4771 733 4883 Gregorius
761 4799 817 4864 IX
841 4820 928 4880 popa
954 4799 1158 4884 [Wilbebno]
1187 4802 1326 4882 episcopo
1357 4801 1515 4881 qnondam
1542 4801 1723 4867 Mutinensi
1749 4804 1893 4883 retondat,
1927 4809 1963 4868 nt
1994 4806 2080 4872 litent
2134 4839 2162 4878 ,ο

431 4902 600 4990 [Heni-ici]
611 4905 811 4982 bobacensis,
827 4903 995 4988 [chriei]
1006 4903 1190 4982 Misnensrb,
1206 4903 1366 4989 [Conradi
1378 4904 1458 4988 ΙΙΙ]
1473 4904 1669 4970 C'orrrincnsis
1681 4911 1710 4968 ct
1716 4907 1921 4991 [Gcrnondi]
1932 4908 2081 4972 Bronde-

432 5009 593 5090 burgensis
614 5009 832 5090 episcoporum,
855 5005 891 5071 de
914 5006 1066 5071 limitibus
1087 5006 1239 5070 diocesani
1261 5027 1391 5072 suornm
1413 5007 1669 5087 contendentium,
1692 5009 1830 5074 dirimat.

535 5177 616 5248 cren.
636 5179 685 5232 rx
702 5177 770 5248 neq.
795 5177 850 5231 ror.
872 5177 904 5243 V,
923 5170 992 5244 aar,-
1010 5176 1071 5230 sn.
1092 5177 1147 5243 xr,
1165 5180 1230 5229 aas.
1736 5117 1829 5191 1237,
1853 5115 1937 5195 Sept.
1962 5120 1991 5180 ⁷·

536 5265 673 5336 Pandunt,
690 5265 756 5332 Rep.
776 5268 874 5317 10444.

1224 5407 1279 5413 --
1288 5409 1437 5417 -—-....„-.
1452 5413 1542 5418 ,--...-.„
1555 5412 1717 5419 ...-—-—---
1852 5411 1973 5418 -..---.

533 5510 555 5575 Ι“)
573 5511 610 5560 ito
636 5509 772 5560 correctius
798 5527 840 5575 ap.
865 5507 1162 5575 Hnillord-Brdbollcr,
1184 5512 1200 5561 l.
1219 5529 1238 5562 c.
1258 5520 1275 5562 t.
1300 5511 1328 5577 l',
1348 5530 1375 5578 p.
1396 5515 1447 5563 108
1463 5532 1511 5580 pro
1527 5517 1615 5582 provio
1633 5533 1721 5581 (propr.
1740 5516 1828 5565 nostri.
1922 5513 1944 5579 ι’)
1963 5516 1999 5564 na
2017 5515 2081 5567 ibid.

426 5615 479 5664 pro
497 5597 618 5664 predicta.

535 5717 561 5782 1)
580 5711 743 5782 Roymnndo
762 5711 930 5782 Berenynrr‘i
948 5715 999 5770 IV.
1071 5719 1097 5784 2)
1118 5719 1195 5771 Haec
1214 5721 1349 5774 conscensio
1368 5719 1406 5772 od
1423 5719 1533 5773 corbum
1552 5720 1607 5774 iam
1624 5720 1655 5774 in-
1673 5737 1700 5774 n.
1721 5724 1772 5774 ert
1791 5719 1897 5790 legitur.
1930 5697 1932 5702 ι
