4282 6420
649 109 849 165 EPISTOLAE
868 110 1056 166 senacula.
1088 110 1163 164 1223.
1673 113 1734 174 149

78 283 233 350 biennium
270 283 315 348 ad
349 283 464 348 chrcc
498 283 635 350 Sanctae
673 303 852 348 succursum
886 282 1165 362 transfretaturum
1198 303 1279 364 cssc,·
1316 287 1416 347 mouet
1450 303 1565 365 ccccm,
1599 287 1636 347 ct
1667 301 1766 346 cnm·

79 386 248 472 Moerico]
270 408 342 470 rcpc
363 388 540 470 Auctorem
558 408 667 468 pacem
689 390 777 453 iacet
797 389 845 453 ccl
867 389 976 452 saltem
999 391 1124 470 treucas
1139 391 1286 470 proroget
1307 386 1456 451 hactenus
1478 387 1664 451 observatas.

1349 492 1443 568 1223,
1465 490 1572 572 April.
1597 492 1646 556 18.

178 574 884 644 mmmmmmmmm

179 661 314 726 cocum,
334 660 403 732 neq.
424 664 504 714 sacr.

481 840 693 933 Philippo
720 840 815 931 regi
841 839 1116 913 Francorum
1144 837 1328 912 illustri.

183 987 378 1053 Hereditate
415 1010 557 1076 superna
589 1011 625 1055 se
657 989 763 1053 reddit
794 988 963 1073 indignum
995 996 1028 1052 ct
1056 987 1295 1053 excludendum
1324 988 1365 1052 ab
1397 1009 1436 1053 ea
1463 1010 1499 1054 se
1530 994 1640 1075 potest
1669 1010 1734 1054 non

83 1092 239 1156 immerito
258 1091 445 1174 formidare,
469 1115 564 1179 quem
589 1096 681 1158 zelus
700 1093 886 1157 Christiane
910 1091 985 1155 fidei
1008 1113 1073 1156 non
1096 1091 1256 1171 accendit,
1279 1113 1376 1177 quem
1398 1113 1463 1156 non
1486 1099 1594 1157 movet
1616 1093 1735 1158 iniuria

81 1195 154 1260 Iesu
185 1193 323 1274 Christi,
359 1203 392 1260 et
424 1218 520 1282 quern
557 1218 622 1261 nou
654 1197 720 1260 urit
752 1196 889 1281 pollutio
926 1196 1101 1259 sanctuarii
1138 1217 1174 1259 ac
1210 1196 1408 1260 contumelia
1434 1195 1665 1282 redemptoris,
1700 1197 1734 1259 in

80 1297 291 1363 hereditatem
313 1299 416 1384 ipsius
439 1299 592 1384 gentibus
615 1300 824 1365 venientibus
849 1307 881 1363 ct
896 1300 1120 1385 polluentibus
1145 1301 1300 1386 templum
1326 1300 1407 1380 eius,
1431 1301 1538 1386 posita
1552 1300 1733 1364 Ierusalem

79 1399 173 1463 velud
195 1423 366 1486 pomorum
390 1402 636 1483 custodiarium,
670 1410 703 1466 et
730 1403 797 1465 filia
820 1400 909 1486 Syon
941 1403 1034 1485 quasi
1058 1404 1224 1485 tugurium
1258 1405 1291 1465 in
1320 1404 1541 1467 cucumerario
1565 1403 1732 1469 derelicta.
1752 1412 1845 1460 Eate-

80 1503 242 1588 Numquid
269 1503 391 1568 Christi
415 1506 536 1590 peterit
560 1527 633 1570 esse
658 1505 810 1585 coheres,
844 1505 899 1589 qui
923 1507 953 1568 ei
978 1527 1167 1569 succursum
1191 1509 1283 1570 iuxta
1306 1508 1392 1570 uires
1416 1507 1564 1592 proprias
1586 1514 1733 1593 prostare

78 1609 271 1692 neglexerit,
300 1631 320 1672 a
341 1617 443 1690 tarra,
477 1631 572 1694 quam
603 1610 644 1674 ad
668 1609 856 1675 exhibenda
886 1609 1033 1672 misteria
1061 1617 1171 1672 nostre
1196 1608 1429 1695 redemptionis
1455 1611 1572 1694 clegit,
1602 1611 1733 1675 ablas-

78 1711 201 1796 phemis
235 1712 374 1776 nominis
405 1714 475 1777 eius
505 1714 643 1800 expulso
672 1713 725 1776 rel
756 1713 870 1776 saltem
906 1712 1045 1796 patienti
1076 1711 1181 1774 eidem
1212 1732 1277 1774 non
1306 1713 1522 1797 compatiatur
1550 1734 1593 1776 ex
1615 1714 1734 1794 animo,

81 1814 128 1878 cui
151 1814 206 1898 qui
231 1816 473 1901 compatiuntur
496 1824 529 1880 et
552 1816 819 1901 conregnabunt?
875 1813 992 1877 Nonne
1017 1815 1177 1877 vassallus
1202 1814 1376 1879 cuiuslibet
1399 1814 1519 1879 domini
1544 1817 1734 1902 temporalis

80 1917 168 2000 quasi
189 1917 383 2003 proditionis
413 1940 489 1982 reus
519 1927 552 1984 et
580 1919 677 1983 feodo
705 1919 792 2004 quod
815 1925 907 1983 tenet
930 1917 971 1981 ab
1003 1916 1264 2012 eopiudicarctur
1287 1917 1454 2002 indignus,
1487 1919 1515 1982 si
1537 1918 1661 1983 domini
1685 1921 1735 1983 sui

79 2027 195 2085 terram
217 2022 415 2086 intrantibus
444 2023 593 2087 hostibus
622 2045 681 2110 pro
704 2022 829 2106 viribus
859 2043 925 2085 non
955 2022 1139 2099 resisteret,
1172 2027 1205 2084 et
1237 2042 1271 2084 se
1300 2021 1391 2085 iuxta
1419 2043 1518 2107 posse
1547 2021 1588 2086 ad
1620 2026 1735 2108 expul-

80 2123 199 2188 sionem
217 2145 282 2190 non
299 2126 488 2210 accingeret
503 2125 700 2190 eorundem?
736 2124 972 2208 Quantomagis
986 2123 1042 2202 hii,
1059 2124 1114 2207 qui
1128 2121 1314 2189 Christiana
1329 2125 1532 2210 professione
1550 2133 1735 2208 censentur,

80 2247 98 2290 a
124 2229 239 2292 celesti
270 2230 376 2314 patria
403 2251 439 2294 se
469 2231 585 2294 timere
615 2235 772 2314 poterunt
793 2226 1046 2314 proscribendos
1075 2234 1108 2291 et
1135 2226 1328 2292 rudentibus
1358 2229 1476 2292 inferni
1506 2228 1670 2293 detractos
1699 2230 1734 2294 in
1751 2243 1841 2286 212011.
1856 2249 1897 2297 aa·

81 2337 233 2396 tartarum
258 2333 469 2415 cruciandos,
502 2335 529 2397 si
554 2333 685 2397 Christo
709 2333 876 2418 querenti,
909 2330 995 2417 quod
1017 2330 1183 2395 hereditas
1208 2331 1278 2394 eius
1302 2330 1343 2394 ad
1367 2333 1493 2396 alienos
1518 2333 1560 2396 sit
1581 2353 1678 2397 versa
1700 2339 1734 2397 et

82 2433 118 2498 ad
138 2443 315 2500 extraneos
332 2437 490 2522 templum
514 2437 596 2516 eius,
621 2436 862 2500 subtraxerint³
882 2434 1065 2499 devotionis
1091 2441 1124 2499 at
1145 2436 1380 2520 compassionis
1400 2458 1590 2500 succursum
1613 2443 1646 2501 et
1667 2458 1733 2500 non

81 2540 242 2624 posuerint
275 2539 419 2624 gladium
449 2561 547 2626 super
578 2540 697 2620 femur,
733 2539 772 2603 de
807 2545 901 2625 porta
932 2538 1130 2602 transeundo
1166 2537 1207 2602 ad
1240 2545 1368 2626 portam
1395 2539 1429 2602 in
1457 2540 1615 2604 ultionem
1644 2541 1897 2606 blas-uxoreae.

82 2641 299 2726 phcmuntium
323 2665 442 2708 nornen
466 2645 557 2723 eius,
581 2643 636 2728 qui
659 2643 738 2707 licet
761 2644 920 2707 bonorum
943 2649 1126 2705 nostrorum
1150 2663 1214 2705 non
1239 2649 1336 2727 egeat
1359 2648 1392 2706 et
1412 2645 1481 2707 solo
1505 2644 1605 2708 verbo
1629 2645 1734 2730 possit

83 2752 246 2809 conterere
270 2747 431 2819 inimicos.
455 2746 495 2810 ad
518 2747 581 2810 hoo
605 2753 715 2810 tamen
738 2752 886 2808 nostrum
910 2745 1090 2808 clementer
1113 2745 1249 2828 requirit
1272 2746 1441 2825 auxilium,
1465 2746 1551 2830 quod
1573 2747 1733 2812 fructibus
1753 2807 1754 2812 ,

84 2847 208 2913 nostreb
233 2848 418 2914 devotionis
434 2857 610 2928 accrescat,
634 2849 753 2935 quibus
779 2855 891 2913 eterne
909 2849 975 2912 vite
998 2848 1094 2910 nobis
1110 2848 1236 2934 premia
1258 2848 1424 2933 largiatur.
1471 2849 1600 2914 Gratias
1624 2859 1734 2915 autem

83 2949 166 3032 Deo,
198 2953 253 3036 qui
281 2954 532 3018 sollicitudinem
562 2954 658 3017 huius
687 2952 812 3037 negotii
841 2951 930 3016 dedit
962 2952 995 3014 in
1024 2950 1121 3015 corde
1144 2951 1310 3015 karissimi
1339 2953 1372 3016 in
1397 2952 1527 3018 Christo
1549 2954 1608 3017 filii
1630 2955 1734 3018 nostri

83 3053 115 3117 F.
136 3054 358 3120 Romanorum
381 3057 587 3143 imperatoris
611 3058 749 3121 illustris
781 3078 911 3142 semper
939 3058 1069 3140 augusti
1102 3055 1136 3120 et
1163 3058 1250 3140 regis
1276 3055 1406 3138 Sicilie,
1438 3066 1475 3123 ut
1504 3059 1732 3124 exhortatione

84 3167 188 3223 nostra
210 3166 345 3246 recepta
366 3159 407 3224 ad
431 3183 489 3225 nos
513 3167 647 3247 propter
670 3161 732 3224 hoc
754 3161 881 3225 venerit
903 3161 936 3223 in
959 3159 1194 3246 Campaniam¹
1218 3165 1251 3223 et
1273 3163 1441 3245 negotium
1464 3163 1678 3249 assumpserit
1700 3163 1732 3226 in

85 3283 114 3326 se
137 3263 218 3348 ipso,
242 3264 381 3350 prestito
399 3265 611 3350 corporaliter
627 3265 808 3328 iuramento
825 3264 1028 3349 promittens,
1054 3262 1138 3348 quod
1162 3262 1203 3326 ab
1219 3270 1323 3328 estate
1339 3266 1484 3350 presenti
1508 3265 1549 3330 ad
1565 3267 1733 3330 biennium

86 3364 120 3428 cd
151 3365 253 3431 Terre
278 3365 397 3432 Sancte
430 3389 618 3432 succursum
646 3369 713 3432 rita
742 3368 860 3432 comite
892 3366 1126 3432 transfretabit.
1173 3365 1255 3429 Cum
1290 3388 1367 3452 ergo
1397 3367 1438 3431 ad
1471 3367 1618 3433 eiusdem
1645 3377 1732 3434 terre

85 3468 259 3532 subsidium
287 3469 429 3556 undiquc
459 3470 697 3556 preparandum
735 3471 777 3533 sit
805 3471 1008 3556 permaxime
1037 3469 1275 3544 necessarium,
1310 3477 1346 3533 ut
1377 3471 1462 3534 inter
1495 3472 1661 3558 principes
1698 3478 1731 3536 et

84 3575 214 3659 populos
244 3573 450 3640 Christianos
478 3597 542 3662 pax
573 3577 703 3641 interim
730 3575 868 3640 firmiter
897 3575 1102 3655 observetur,
1139 3574 1222 3636 siout
1255 3572 1287 3635 in
1318 3574 1478 3658 colloquio
1515 3595 1588 3638 eum
1616 3573 1733 3639 eodem

84 3675 274 3762 imperatore
309 3679 419 3742 habito
456 3677 609 3743 duximus
650 3677 872 3759 statuendum,
916 3679 1127 3744 serenitatem
1163 3685 1252 3741 tuam
1293 3676 1471 3762 rogandam
1510 3677 1663 3742 duximus
1700 3684 1733 3742 ct

85 3780 286 3861 monendam,
317 3783 351 3845 in
379 3782 605 3847 remissionem
631 3783 690 3846 tibi
717 3783 943 3868 peccaminum
972 3782 1195 3866 iniungentcs,
1231 3781 1382 3864 quatinus
1412 3782 1483 3845 eius
1511 3782 1645 3862 intuitu,
1677 3781 1733 3866 qui

85 3884 231 3967 pacificos
255 3884 339 3952 filios
354 3883 417 3948 Dei
441 3887 560 3950 asserit
583 3885 806 3971 appellandos,
831 3905 903 3948 cum
926 3885 1100 3948 karissimo
1125 3886 1158 3948 in
1175 3883 1303 3948 Christo
1327 3885 1393 3948 tilio
1416 3890 1529 3948 nostro
1546 3884 1589 3948 Η.
1606 3883 1732 3969 Angla·
1750 3908 1828 3952 natu.
1842 3911 1883 3964 ss.

86 4007 148 4050 rum
171 4009 250 4072 rego
275 3989 409 4069 illustri,
434 3990 462 4052 si
485 3989 556 4053 fieri
578 3997 715 4076 potest0,
739 3989 852 4052 iubeas
876 3989 1001 4052 firmam
1025 4009 1156 4074 pacem,
1180 3989 1233 4053 val
1257 3989 1373 4052 saltem
1397 4010 1553 4074 prorogas
1577 3995 1733 4074 treuguas

87 4088 162 4154 inter
191 4099 224 4155 te
255 4112 293 4155 aa
323 4092 430 4177 ipsum
452 4092 611 4155 hactenus
635 4092 841 4171 observatas,
873 4113 913 4155 ne
945 4091 1117 4155 occasione
1141 4091 1326 4155 huiusmodi
1349 4113 1466 4176 guerre
1490 4093 1577 4178 regis
1602 4093 1732 4156 celestis

87 4192 274 4281 impediatur
296 4196 422 4276 militia,
446 4203 479 4260 ct
502 4195 625 4276 Gallia,
654 4217 716 4280 quc
739 4196 873 4281 preliari
895 4195 999 4280 prelia
1021 4194 1154 4259 Domini
1177 4195 1383 4280 potissimum
1407 4197 1591 4278 consuevit,
1620 4195 1733 4282 preliis

87 4295 265 4363 intrinsecis
289 4305 448 4384 occupata
470 4297 580 4363 debite
604 4299 771 4363 servitutis
796 4305 828 4362 et
852 4297 1034 4362 devotionis
1060 4298 1218 4383 obsequia
1241 4297 1412 4362 subtrahat
1433 4297 1519 4383 Regi
1542 4321 1672 4384 regum,
1701 4306 1734 4364 et

22 4408 23 4412 ’
89 4401 204 4484 cadem,
228 4424 291 4488 que
315 4403 348 4466 in
369 4403 432 4467 hoe
448 4405 580 4488 negotio
603 4424 707 4489 usque
731 4401 827 4466 modo
854 4409 984 4466 strenue
999 4401 1141 4465 Domino
1157 4400 1317 4480 militavit,
1340 4401 1503 4487 triumphi,
1527 4423 1623 4486 quem
1646 4402 1734 4467 idem

88 4502 226 4571 dominus
261 4506 407 4570 Sabaoth
442 4527 500 4570 suo
533 4507 667 4570 daturus
704 4513 754 4569 est
788 4505 963 4585 exercitui,
998 4504 1055 4568 fiat
1089 4526 1219 4590 expers.
1275 4503 1408 4569 Movcat
1442 4505 1553 4588 itaque
1586 4506 1627 4570 ad
1661 4506 1732 4586 hoe,

89 4611 289 4674 serenissime
320 4611 489 4695 princeps,
525 4609 672 4695 aspersio
708 4608 877 4691 sanguinis
911 4607 988 4672 lesu
1018 4606 1157 4686 Christi,
1191 4607 1251 4692 per
1282 4629 1380 4692 quem
1416 4608 1641 4672 reconciliavit
1672 4631 1732 4674 nos

89 4714 178 4794 patri,
209 4713 416 4777 inimicitiam
449 4714 483 4776 in
516 4733 612 4776 carne
642 4734 701 4776 sua
729 4712 875 4792 solvens,
909 4718 942 4775 et
970 4709 1033 4774 duo
1064 4709 1208 4774 condens
1237 4711 1269 4773 in
1298 4732 1399 4775 unum
1431 4731 1546 4796 pacem
1574 4709 1670 4776 iecit‘l
1698 4714 1732 4776 in
1750 4732 1895 4786 apresens

89 4817 274 4902 semetipso,
307 4836 403 4900 quam
426 4817 624 4880 transiturus
654 4813 695 4878 ad
717 4819 845 4900 patrem
868 4813 1036 4899 discipulis
1066 4813 1098 4876 in
1130 4819 1328 4877 testamento
1352 4814 1500 4898 reliquit,
1532 4820 1608 4899 post
1635 4814 1732 4879 huius

22 4923 45 4960 *ὃ
89 4917 144 4984 site
169 4919 333 4984 curricula
356 4919 540 4984 eternitatis
563 4918 653 5005 pacis
682 4918 809 5004 premia
833 4918 1017 5003 largiturus.
1063 4917 1225 4981 Attendas
1256 4918 1355 5002 igitur
1377 4917 1645 5002 diligentissime,
1675 4918 1732 4998 tili,

89 5022 162 5102 quod
187 5023 244 5108 qui
267 5043 341 5087 cum
362 5023 513 5109 proximo
537 5042 654 5108 pacem
675 5021 880 5103 nonhabet,
907 5021 964 5084 vix
992 5025 1049 5084 aut
1070 5041 1247 5105 numquam
1269 5027 1379 5106 potest
1408 5021 1526 5085 mentis
1550 5022 1731 5104 tranquilli-

181 5282 203 5346 ¹)
223 5283 409 5334 subtraxerunt
427 5281 458 5332 a.
541 5282 563 5348 l)
581 5291 665 5334 vestra
682 5282 714 5335 n.
796 5283 818 5349 ο)
836 5292 908 5350 potes
926 5281 958 5332 R.
1039 5277 1143 5373 ‘'liacit
1160 5281 1192 5332 a.

181 5407 208 5476 1>
228 5403 372 5458 Ferentini
388 5421 479 5459 mense
497 5404 604 5459 Martio
623 5409 820 5473 coavcucrnat;
838 5406 875 5474 cs.
901 5387 1098 5469 ll'iotctmonr'r,
1118 5405 1227 5459 Friedr.
1246 5405 1290 5473 II,
1307 5419 1336 5472 p.
1356 5406 1415 5456 174.
