4590 6366
449 371 511 434 572
1027 359 1075 417 EX
1094 359 1268 418 GREGORH
1286 357 1324 413 IX
1343 355 1523 412 REGISTRO

448 544 650 608 iuramentaa
679 537 883 627 prestabunt.
940 536 1095 602 Ceterum
1124 531 1305 601 Riccardus
1330 534 1538 618 Filangerius
1568 534 1788 600 marescalcus
1818 533 1859 600 ad
1892 534 2112 600 heiulationis

448 649 640 712 restituetur
674 645 834 722 officium,
869 643 916 706 ita
949 646 1060 704 tamen
1093 638 1180 725 quod
1210 638 1252 702 ad
1284 637 1512 702 declinandam
1547 639 1634 703 inter
1662 660 1736 703 eum
1769 646 1803 704 et
1838 640 1916 704 illes
1945 639 1990 704 de
2023 646 2112 704 terra

449 751 641 838 suspitionis
657 748 828 814 materiam
844 748 927 812 alius
946 767 1012 810 non
1028 750 1202 831 suspectus
1219 743 1437 808 amministrat
1453 765 1558 828 usque
1578 744 1618 808 ad
1636 745 1734 809 finem
1751 747 1874 810 mensis
1895 745 2109 830 Septembris

447 855 598 939 proximo
629 874 716 917 nunc
743 849 857 932 futuri,
892 849 1112 915 instituendus
1147 848 1188 912 ab
1223 847 1295 934 ipso
1331 847 1531 911 marescalco
1561 846 1601 912 de
1630 849 1766 912 consilio
1796 848 1853 914 0.ι
1883 849 2110 914 comestabuli

447 956 662 1022 Acconensis.
706 955 834 1020 Extunc
858 975 935 1020 vcro
959 1003 967 1020 .
992 1005 999 1020 .
1023 954 1176 1040 princeps
1200 950 1448 1015 Antiochenus²
1471 952 1665 1017 auctoritate
1688 960 1743 1016 tua
1766 954 1898 1019 baiulus
1921 954 2108 1034 institutus,

448 1061 503 1145 qui
526 1060 646 1125 iurabit
670 1059 849 1124 secundum
873 1058 1144 1123 consuetudinem
1168 1056 1319 1152 regniuet
1347 1055 1496 1119 homines
1521 1056 1615 1140 regni
1639 1056 1717 1136 sibi,
1745 1057 1873 1121 tenebit
1897 1058 2015 1120 omnia
2038 1057 2110 1121 iura

448 1168 482 1226 et
514 1169 645 1229 tenutas
679 1163 773 1248 regni
799 1161 1052 1227 Ierosolimitani
1088 1159 1129 1224 ad
1163 1181 1276 1243 regem
1313 1158 1496 1243 spectantia
1529 1180 1602 1222 enm
1635 1159 1766 1223 civitate
1796 1158 1957 1245 Tyrensi,
1994 1169 2111 1248 preter

448 1273 589 1331 castrum
612 1267 792 1353 Tyrense⁸,
816 1266 902 1350 quod
929 1264 1134 1352 perdicium
1165 1264 1357 1348 magistrum
1381 1270 1414 1327 et
1438 1263 1569 1327 domum
1592 1263 1694 1348 ipsius
1717 1263 1885 1327 tenebitur
1909 1270 1944 1329 et
1969 1284 2109 1329 censer-

447 1370 575 1437 vabitur
597 1369 638 1434 ad
661 1370 837 1434 utilitatem
861 1375 894 1432 et
917 1369 1077 1433 honorem
1101 1375 1193 1432 tuum
1221 1388 1259 1431 ac
1283 1365 1402 1452 prefati
1431 1366 1499 1429 nati
1523 1367 1571 1429 tui
1595 1372 1628 1430 ct
1650 1364 1692 1429 ad
1714 1367 2005 1431 conservationem
2029 1367 2110 1431 honi

447 1481 553 1539 status
585 1473 680 1558 regni
707 1472 853 1536 iamdicti
881 1480 915 1537 et
941 1471 1229 1557 indenrpnitatem,
1257 1475 1412 1555 quantum
1444 1469 1477 1532 in
1508 1490 1548 1532 co
1577 1469 1688 1548 fuerit,
1717 1470 1895 1534 cuiuslibet
1919 1469 2108 1535 Christiani

447 1579 480 1642 in
503 1598 620 1662 regno;
645 1575 730 1661 quod
754 1576 825 1662 ipse
841 1575 1000 1660 magister
1015 1597 1081 1639 non
1097 1575 1201 1638 solum
1219 1574 1318 1638 verbo
1343 1579 1394 1638 set
1417 1573 1516 1638 etiarn
1539 1593 1598 1659 per
1613 1573 1739 1638 litteras
1764 1595 1840 1638 suas
1862 1575 1898 1638 in
1919 1583 2109 1662 conspectu

446 1687 560 1746 nostro
583 1681 749 1766 promisit,
782 1686 816 1744 ct
844 1679 946 1744 irater
973 1679 1024 1743 sui
1052 1676 1190 1756 ordinis,
1222 1698 1319 1762 quem
1345 1677 1504 1761 magister
1531 1678 1679 1763 posuerit
1706 1677 1746 1741 ad
1774 1679 1873 1742 castri
1905 1678 2108 1754 custodiam,

447 1805 508 1870 per
532 1804 628 1848 suurn
651 1783 799 1848 ordinem
821 1783 855 1847 in
877 1782 1139 1847 verboveritatis
1161 1781 1224 1844 hec
1248 1801 1379 1845 servare
1395 1781 1576 1866 promittet,
1600 1787 1633 1844 et
1656 1781 1720 1844 hiis
1742 1780 1827 1845 adici
1844 1783 2001 1845 volumus
2026 1802 2107 1845 con-

446 1894 564 1952 ventus
588 1888 715 1952 litteras
744 1885 785 1951 ad
813 1887 985 1951 cautelam.
1030 1885 1133 1950 Porro
1158 1885 1187 1947 si
1212 1884 1366 1969 princeps
1394 1883 1563 1968 predictus
1592 1905 1657 1947 non
1686 1891 1800 1970 posset
1831 1891 1888 1947 aut
1917 1884 2008 1949 lorte
2039 1906 2108 1949 non

446 1990 546 2055 vellet
569 1991 715 2078 recipere
739 1991 882 2056 officium
905 1990 1024 2068 baiuli,
1047 1990 1101 2053 vel
1123 2010 1189 2052 non
1212 1993 1302 2052 essct
1324 1988 1358 2051 in
1381 2008 1490 2052 rerum
1513 1994 1647 2068 natura,
1677 2010 1805 2053 exnunc
1828 1989 2045 2074 providetur,
2067 1997 2107 2054 ut

445 2094 641 2159 auctoritate
664 2095 935 2158 tua-instituatur
956 2093 1086 2157 baiulus
1110 2091 1284 2156 iamdictus
1308 2091 1552 2156 comestabulus
1576 2091 1798 2174 hecenensis,
1822 2096 1921 2180 prout
1943 2091 1987 2158 de
2013 2094 2107 2181 prin-

447 2197 520 2283 cipe
544 2198 696 2285 superius
728 2204 779 2264 est
807 2197 1018 2284 descriptum.
1064 2195 1100 2260 Si
1123 2217 1200 2261 vero
1228 2196 1375 2260 baiulum
1405 2196 1577 2260 occasione
1608 2196 1805 2261 infirmitatis
1828 2197 1881 2262 vel
1913 2199 2004 2262 male
2034 2220 2107 2262 am-

445 2301 695 2366 ministrationis
724 2323 782 2367 scu
811 2302 877 2366 alia
905 2302 991 2365 iusta
1019 2321 1119 2364 eausa
1146 2298 1322 2384 contigerit
1344 2300 1504 2380 amoveri,
1538 2300 1637 2364 alium
1665 2301 1817 2366 institues
1839 2300 1881 2366 de
1910 2302 2108 2368 hominibus

443 2404 533 2489 ligiis
557 2406 651 2491 regni
674 2406 792 2471 meritc
816 2426 881 2470 nou
906 2389 1111 2490 suspectum,
1143 2404 1247 2468 etita
1270 2404 1456 2468 servabitur
1479 2425 1582 2489 usque
1605 2404 1646 2468 ad
1670 2410 1793 2470 etatem
1814 2406 2004 2491 legitimam
2028 2427 2107 2492 pre·

444 2508 603 2572 nominati
627 2508 769 2574 Conradi
793 2500 1089 2593 seeundum'rcgni
1113 2508 1385 2573 consuetudinem
1418 2508 1588 2594 sepedicti.
1633 2508 1685 2572 Ad
1712 2509 1775 2574 hec
1807 2518 1842 2574 tu
1863 2510 2109 2576 universaliter

444 2611 591 2696 singulos
615 2619 649 2676 et
672 2613 882 2698 singulariter
902 2614 1084 2692 universos,
1108 2620 1175 2676 tam
1198 2613 1336 2678 elericos
1359 2634 1455 2697 quam
1478 2613 1592 2694 laima,
1615 2613 1754 2692 nobiles,
1777 2614 1865 2678 cives
1881 2613 2109 2680 Acconenses

444 2720 478 2778 et
510 2714 593 2778 alios
626 2714 667 2780 dc
699 2736 801 2800 regno
831 2716 979 2802 predicto
1012 2717 1046 2780 in
1072 2716 1310 2802 plenitudinem
1340 2723 1395 2780 tue
1424 2717 1529 2801 gratie
1562 2717 1742 2781 revocabis.
1787 2716 1994 2782 Nonrinatim
2026 2739 2109 2782 vero

442 2817 583 2881 Iohanni
606 2817 647 2882 de
669 2818 816 2905 Ibylino,
839 2820 915 2884 filiis
940 2825 974 2884 et
995 2819 1178 2885 fautoribus
1203 2821 1286 2896 suis,
1310 2826 1343 2884 et
1366 2819 1566 2904 generaliter
1590 2820 1741 2884 omnibus
1764 2820 1798 2884 in
1819 2841 1924 2906 regno
1948 2821 2108 2907 predicto

442 2921 648 2986 morantibus
672 2923 725 2986 vel
747 2922 789 2986 ad
819 2923 907 2987 idern
929 2925 1156 3007 venientibus,
1187 2925 1426 2990 mercatoribus
1456 2945 1515 2988 seu
1539 2925 1741 3009 quibuslibet
1764 2924 1853 3004 aliis,
1883 2928 2108 2991 securitatem

441 3025 576 3110 plenam
599 3025 632 3089 in
655 3026 727 3112 ipso
751 3047 852 3112 regno
876 3029 1058 3113 prestabis,
1082 3029 1144 3094 hoc
1169 3034 1308 3114 excepto
1333 3027 1418 3112 quod
1441 3027 1606 3092 antedicto
1628 3026 1767 3092 Iohanni
1790 3029 1830 3093 dc
1852 3028 2000 3113 Ibylino,
2026 3029 2106 3094 filiis

442 3134 477 3192 et
507 3129 684 3215 nepotibus
715 3130 799 3210 suis,
828 3129 983 3195 videlicet
1010 3131 1150 3196 Iohanni
1177 3129 1218 3195 de
1243 3129 1386 3195 Cesariis
1420 3135 1453 3193 et
1486 3130 1542 3193 alii
1571 3129 1710 3194 Iohanni
1738 3131 1778 3196 de
1808 3131 1971 3212 Ybelino',
2007 3142 2109 3200 extra

441 3251 580 3316 regnum
602 3232 901 3298 lerosolimitanum
925 3236 1133 3300 securitatem
1156 3234 1298 3318 aliquam
1315 3253 1379 3297 non
1401 3232 1602 3317 indulgeasb.
1651 3233 1686 3299 Si
1709 3233 1786 3321 quid
1801 3240 1913 3300 autem
1938 3237 2107 3304 adversus

441 3334 583 3399 eundem
605 3334 786 3401 Iohannem
812 3344 845 3402 et
868 3360 945 3402 suos
968 3359 1007 3402 ac
1031 3358 1253 3423 quoscumque
1277 3337 1359 3400 alios
1391 3339 1608 3424 personaliter
1638 3341 1671 3403 in
1701 3361 1801 3425 regno
1832 3341 1906 3427 ipso
1928 3351 2107 3409 morantes

441 3437 597 3503 habueris
630 3440 827 3523 questionis,
858 3464 919 3527 per
950 3441 1106 3506 iudicium
1141 3441 1235 3526 regni
1266 3441 1424 3505 iustitiam
1454 3443 1584 3528 exiges,
1619 3450 1706 3509 terre
1736 3443 2038 3512 consuetudinibus
2069 3457 2106 3514 ct

440 3542 567 3607 assisiis
591 3542 787 3610 observatis.
1301 3615 1303 3620 λ

546 3644 616 3711 Nos
639 3647 739 3732 igitur
761 3649 1033 3737 compositionem
1062 3649 1280 3736 prescriptam
1308 3655 1435 3734 gratam
1458 3649 1635 3728 habentes,
1666 3651 1913 3718 venerabilibus
1937 3654 2105 3720 fratribus

439 3748 560 3813 nostris
577 3755 643 3813 tam
660 3749 870 3816 Acconcnsi‘
885 3773 981 3838 quam
1000 3801 1007 3816 .
1023 3800 1030 3816 .
1046 3751 1232 3817 Theatino⁵
1252 3753 1418 3837 episeopis
1436 3754 1557 3817 nostris
1572 3754 1691 3819 litteris
1706 3755 1855 3820 dedimus
1870 3758 1905 3820 in
1921 3758 2105 3836 mandatis,

439 3858 475 3915 ut
498 3852 527 3916 si
549 3873 614 3937 qua
632 3853 816 3922 iuramenta
840 3862 915 3920 suut
937 3856 978 3920 ab
1002 3856 1112 3941 aliquo
1129 3856 1182 3921 vel
1206 3857 1246 3920 ab
1264 3857 1427 3941 aliquibus
1444 3856 1484 3921 de
1506 3879 1607 3941 regno
1623 3858 1886 3942 Icrosolimitane
1902 3868 2105 3949 presumpta

439 3961 551 4020 contra
584 3957 657 4038 illa,
693 3981 756 4045 quc
786 3960 877 4046 prius
906 3960 967 4024 tibi
995 3966 1028 4024 et
1060 3959 1228 4046 sepedicto
1253 3959 1404 4025 Conrado
1431 3962 1571 4046 prestita
1600 3961 1702 4027 luisse
1734 3972 1927 4044 noscuntur,
1962 3966 2101 4050 publice

438 4057 637 4125 denuntient
669 4082 735 4127 non
770 4069 895 4128 tencre.
952 4062 1115 4136 Quocirca
1149 4063 1381 4128 excellentiam
1411 4069 1500 4128 tuam
1533 4065 1706 4131 allectione
1734 4088 1797 4151 qua
1823 4090 2002 4154 possumus
2036 4093 2098 4135 ex-

438 4161 621 4244 hortamur,
655 4166 808 4250 quatinus
831 4164 1008 4250 diligenter
1030 4166 1206 4232 advertcns
1230 4166 1308 4252 quid
1330 4167 1393 4231 tibi
1415 4167 1548 4232 honoris
1572 4174 1605 4232 et
1627 4169 1729 4234 Terre
1753 4169 1874 4235 Sancte
1897 4173 2031 4237 comedi
2055 4177 2101 4240 sit

437 4266 471 4330 in
501 4269 741 4355 compositione
769 4268 957 4356 huiusmodi
985 4277 1214 4357 procuratum,
1247 4271 1365 4356 ipsam,
1399 4277 1436 4335 ut
1469 4273 1683 4358 apostolicam
1716 4273 1828 4339 sedem
1858 4275 1892 4337 in
1922 4277 1999 4341 aliis
2030 4281 2100 4342 tuis

437 4370 580 4453 negotiis
598 4371 722 4436 sentias
737 4373 982 4458 promptiorem,
1006 4373 1182 4457 diligenter
1197 4373 1355 4438 observes
1379 4379 1423 4454 et,
1447 4377 1654 4459 quantumin
1676 4375 1834 4458 tefuerit,
1857 4378 2101 4446 inviolabiliter

438 4471 541 4536 facias
565 4472 745 4540 observari.

545 4591 622 4656 Dat.
646 4593 800 4670 Viterbii,
823 4593 926 4659 VIIII
949 4593 1025 4658 Kal.
1048 4595 1169 4678 Martii,
1193 4619 1278 4663 anno
1302 4619 1398 4664 nono.

545 4712 585 4777 In
617 4713 759 4779 eundem
787 4714 856 4779 fere
886 4715 1018 4781 modum
1042 4767 1073 4782 ..
1095 4718 1275 4803 magistr0⁰
1305 4727 1338 4785 et
1360 4720 1516 4785 fratribus
1540 4721 1724 4808 Hospitalis
1746 4724 2008 4793 lerosolimitani
2032 4737 2098 4795 ete.

362 4837 367 4846 ·
435 4835 556 4900 usque:
590 4823 782 4903 presumpta
818 4824 932 4883 contra
961 4820 1032 4894 illa,
1068 4843 1130 4906 quc
1161 4822 1252 4908 prius
1281 4824 1472 4910 imperatori
1505 4833 1538 4890 et
1571 4827 1739 4913 sepedicto
1770 4827 1919 4895 Conrado
1952 4837 2099 4918 prestita

436 4918 542 4983 luisse
577 4926 768 5000 noscuntur,
801 4920 932 5006 publice
966 4923 1161 4990 denuntient
1193 4947 1259 4991 non
1293 4933 1417 4992 tenere.
1473 4926 1634 5000 Quocirca
1667 4931 1915 5000 universitatem
1946 4945 2098 5004 vestram

436 5043 590 5108 rogamus
615 5029 649 5088 et
670 5024 839 5091 hortamur
860 5028 1029 5110 attentius,
1053 5051 1113 5114 per
1136 5032 1317 5117 apostolica
1334 5033 1456 5119 scripta
1470 5035 1682 5120 precipiendo
1706 5034 1909 5134 mandantes,
1935 5044 2098 5124 quatinus

412 5126 550 5190 solerti
583 5126 795 5195 meditatione
829 5139 1006 5216 pensantes
1038 5139 1159 5217 quanta
1190 5135 1316 5198 utilitas
1346 5134 1387 5200 de
1417 5137 1627 5204 observantia
1659 5141 1905 5227 compositionis
1940 5145 2096 5212 eiusdem

543 5303 1025 5319 n———ffi—..fflh—m-m-
1034 5313 1562 5326 -----.,——-=-—---——-—--—--.—..-..--
1794 5319 1983 5331 ———-.—-—.

543 5420 567 5490 ⁸)
585 5425 642 5475 iura
659 5425 709 5487 12.,·
725 5428 759 5494 cs.
777 5445 804 5480 n.
824 5433 887 5492 656,
904 5429 945 5480 II.
1035 5427 1059 5496 h)
1078 5430 1197 5497 indulges
1215 5429 1247 5483 Β.

430 5644 504 5714 Μ
540 5560 572 5659 1)Ι
587 5559 698 5616 Ottoaia
716 5561 750 5616 dc
767 5563 999 5620 Moatcbelicrdo.
1058 5565 1283 5632 alliamenta
1304 5567 1335 5623 V.
1388 5569 1415 5636 3)
1437 5570 1479 5638 Os.
1497 5587 1525 5624 a.
1545 5575 1608 5628 673.
1660 5575 1689 5644 4)
1708 5573 1841 5643 Radalso.
1895 5578 1923 5644 ὃ)
1945 5579 2101 5654 Greqcrio.

506 5663 615 5704 uariae.
1763 5679 1771 5686 “

2159 3070 2181 3108 25

2154 4111 2178 4148 35

2151 4651 2178 4689 40

2153 5185 2179 5222 45
