4590 6366
455 381 520 444 536
1040 376 1088 430 rx
1107 335 1282 430 6666666
1299 375 1338 428 rx
1357 374 1536 429 66666666

460 573 519 636 666
542 558 653 616 vestre
678 552 812 616 arbitrio
831 551 1016 614 voluntatis.
1061 549 1274 631 Privilegium
1292 548 1391 612 etiam
1416 569 1515 633 super
1531 550 1681 635 capitulis
1699 549 1790 634 pacis
1809 548 2005 612 confectum
2030 545 2128 609 nobis

457 654 546 718 idem
576 663 709 719 senator
740 657 833 719 iuxta
855 654 992 716 formam
1016 675 1035 716 a
1058 653 1150 716 vobis
1175 652 1400 714 transmissam
1432 653 1557 716 ilariter
1579 653 1777 736 assignavit,
1810 652 1959 737 receptis
1986 672 2006 713 a
2030 649 2128 712 nobis

459 757 580 821 litteris
596 759 714 822 vestris
730 737 876 836 bullatis,
894 757 1010 840 quibus
1026 755 1192 820 dederatis
1215 754 1309 819 nobis
1334 762 1532 840 potestatem
1549 756 1697 820 firmandi
1721 777 1835 840 pacem
1854 777 1930 820 cum
1950 754 2126 818 Romanis.

461 859 621 934 Quocirca
651 862 817 924 sanctitati
846 867 955 924 vestre
986 860 1091 923 modis
1123 859 1273 923 omnibus
1304 861 1541 945 supplicamus,
1573 861 1724 944 quatinus
1754 867 1789 922 ut
1818 861 1926 922 omnis
1961 879 2125 922 6666666

457 963 608 1027 cordibus
625 963 848 1028 Romanorum
865 965 996 1049 penitus
1017 964 1187 1043 evellatur,
1212 963 1312 1027 ethii
1337 964 1392 1047 qui
1417 985 1547 1049 semper
1571 963 1744 1028 intendunt
1761 963 1917 1027 scandala
1943 963 2124 1040 suscitare,
2174 989 2185 1024 s

459 1087 525 1130 666
548 1066 693 1131 habeant
716 1066 801 1131 unde
826 1068 957 1131 valeant
987 1066 1187 1152 impediendi
1216 1088 1331 1151 pacem
1355 1075 1387 1130 et
1416 1066 1610 1130 detrahendi
1643 1068 1813 1130 materiam
1844 1068 2017 1142 invenire,
2052 1067 2125 1128 uni-

457 1170 562 1233 versis
588 1179 622 1234 et
646 1171 783 1254 singulis
807 1171 934 1234 faciatis
958 1172 1059 1234 artius
1083 1171 1234 1251 inhiberi,
1258 1177 1294 1234 ut
1317 1171 1357 1234 de
1382 1180 1491 1234 cetero
1515 1172 1556 1234 ab
1581 1172 1668 1234 omni
1685 1172 1916 1235 molestatione
1943 1170 2125 1244 desistant,

459 1294 520 1336 nec
544 1272 687 1336 audeant
710 1281 822 1337 contra
845 1296 959 1360 pacem
989 1276 1202 1358 compositam
1234 1274 1357 1357 aliquid
1380 1281 1587 1360 attemptare.
1634 1274 1702 1337 Vos
1726 1282 1837 1338 autom
1859 1275 1956 1337 iuxta
1981 1274 2124 1336 formam

460 1397 557 1459 quam
580 1377 718 1439 misistis
741 1378 870 1462 plenius
893 1377 1110 1463 procedentes
1134 1376 1175 1440 ad
1205 1378 1354 1460 aliaque
1385 1385 1459 1440 sunt
1484 1379 1588 1462 pacis,
1620 1377 1765 1462 captivos
1792 1377 1893 1441 Urbis
1922 1379 2125 1462 precipiatis

459 1479 501 1542 ad
523 1480 656 1566 propria
679 1502 775 1564 quam
800 1481 895 1544 citius
919 1482 1051 1546 remitti.
1096 1481 1180 1543 Nam
1204 1482 1231 1544 si
1255 1481 1340 1565 quod
1365 1481 1451 1544 absit
1475 1503 1517 1545 ex
1540 1489 1631 1566 parte
1650 1482 1788 1546 ecclesie
1811 1480 1900 1544 aliud
1924 1482 1961 1544 in
1987 1489 2122 1544 contra·
2177 1505 2198 1538 6

458 1583 541 1646 rium
567 1585 728 1662 eveniret,
762 1591 794 1648 et
825 1585 964 1648 ecclesie
989 1584 1030 1646 ad
1059 1583 1227 1646 infamiam
1251 1583 1384 1647 cederet
1408 1592 1441 1648 et
1470 1586 1619 1670 personis
1643 1585 1762 1648 nostris
1786 1583 1909 1668 grande
1933 1586 2125 1671 periculum

459 1694 572 1770 posset
596 1707 638 1749 ex
662 1687 786 1772 lmpctu
811 1695 844 1751 et
867 1687 976 1750 furore
1001 1687 1113 1771 populi
1137 1685 1177 1749 de
1201 1686 1289 1749 facili
1315 1687 1478 1778 evenire.¹
1502 1687 1659 1750 Prisones
1684 1689 1782 1751 etiam
1805 1687 1934 1772 Signini
1961 1695 1996 1750 et
2021 1687 2123 1750 Carn-

464 1789 541 1873 pani
563 1788 604 1851 ad
627 1789 815 1854 mandatum
838 1798 985 1854 nostrum
1018 1798 1181 1854 tenentur.
1226 1789 1322 1853 Unde
1347 1811 1420 1852 cum
1444 1791 1552 1852 omnia
1582 1791 1647 1853 sint
1677 1792 1838 1877 completa
1862 1813 1905 1854 cx
1928 1799 2027 1876 parte
2054 1791 2124 1853 Ro-

439 1912 629 1954 manorum
664 1893 843 1958 secundum
866 1892 1053 1956 mandatum
1077 1899 1239 1971 vestrum,
1273 1893 1508 1976 supplicamus,
1537 1894 1621 1976 quod
1645 1917 1686 1958 ex
1714 1903 1806 1979 parte
1830 1903 1942 1958 vestra
1967 1896 2126 1959 similiter

462 1995 532 2057 siue
562 2016 654 2058 mora
681 2019 743 2082 que
772 1997 922 2060 facienda
952 2003 1027 2059 sunt
1057 1995 1214 2058 Romanis
1246 1995 1371 2058 ilariter
1402 1997 1636 2080 compleantur.
1687 1996 1733 2059 Ut
1763 2004 1871 2060 autem
1906 2021 1926 2062 a
1957 2000 2123 2062 Romanis
2177 2028 2198 2062 6

462 2098 565 2160 omnis
601 2106 747 2163 cessaret
782 2101 919 2164 materia
954 2098 1140 2185 suspicandi
1175 2107 1208 2160 et
1242 2099 1340 2182 plena
1374 2099 1454 2162 fides
1488 2099 1528 2162 de
1563 2103 1840 2164 consummatione
1876 2104 1970 2188 pacis
2006 2109 2126 2188 posset

460 2201 591 2281 haberi,
623 2203 772 2268 dominus
796 2204 960 2268 Iohannes
984 2204 1024 2266 de
1050 2203 1232 2288 Columpna
1255 2204 1475 2288 personaliter
1497 2205 1625 2267 accedit
1647 2205 1765 2285 Reate,
1794 2215 2034 2290 expectaturus
2061 2207 2125 2270 ibi-

461 2304 536 2369 dem
567 2305 753 2370 mandatum
788 2314 934 2371 vestrum
971 2307 1011 2370 de
1045 2307 1241 2369 liberatione
1277 2307 1447 2390 prisonum
1482 2317 1514 2370 et
1548 2329 1604 2370 eos
1640 2330 1750 2371 secum
1780 2309 1828 2372 ad'
1850 2308 1976 2372 Urbem
2014 2310 2126 2373 modis

462 2409 612 2472 omnibus
646 2411 849 2475 reducturus.
901 2409 944 2473 Et
979 2416 1015 2472 ut
1044 2409 1171 2494 possint
1200 2410 1309 2471 omnia
1342 2410 1527 2472 executioni
1559 2410 1721 2490 mandarI,
1752 2413 1911 2476 mittimus
1944 2413 1987 2476 ad
2016 2413 2126 2499 pedes

462 2513 646 2577 sanctitatis
670 2520 780 2579 vestre
804 2515 986 2579 Romanurn
1010 2522 1043 2576 et
1064 2513 1236 2576 Nicolaum
1260 2513 1455 2577 familiarem
1479 2515 1544 2576 mei
1569 2515 1728 2600 Stephani
1752 2515 1940 2594 cardinalis,
1975 2518 2031 2601 qui
2058 2519 2125 2580 hiis
2177 2545 2187 2577 -.

462 2616 614 2679 omnibus
647 2618 865 2681 interfuerunt
893 2625 925 2680 et
955 2616 1062 2679 omnia
1092 2617 1188 2701 pleuc
1224 2624 1394 2682 noverunt.
1440 2616 1536 2681 Unde
1561 2620 1782 2703 supplicamus
1806 2621 1973 2682 sanctitati
1998 2628 2125 2696 vestre,

463 2719 549 2804 quod
579 2721 668 2806 ipsos
698 2721 841 2804 benigne
872 2720 1059 2800 audientes,
1092 2719 1265 2804 expeditos
1305 2743 1403 2805 super
1436 2722 1584 2784 omnibus
1620 2722 1659 2785 ad
1690 2744 1752 2806 que
1783 2723 1956 2785 mittuntur
1986 2723 2028 2787 ad
2062 2747 2126 2788 nos

463 2824 620 2887 citissime
646 2824 851 2888 remittatis¹.
1460 2822 1465 2830 ’

1088 2979 1136 2986 -ο-
1144 2981 1299 2986 η-Π--μ
1307 2981 1372 2986 ..η-,-
1381 2980 1466 2986 ---φ-

1247 3242 1332 3312 637.

573 3347 764 3458 Glrcporius
793 3379 851 3443 IX
879 3399 966 3458 6666
994 3377 1170 3462 [Ioboula]
1198 3378 1378 3456 Leodiensi,
1410 3379 1582 3464 [Ludolfo]
1604 3379 1850 3443 Monostcrr'eusi
1880 3385 1909 3444 et
1935 3383 1958 3464 [
1957 3383 2130 3466 06666616]

468 3479 701 3562 Osuaburpeusi
724 3483 873 3562 episeopis
897 3482 1035 3556 monetat,
1058 3487 1094 3543 ut
1114 3481 1259 3566 [Otloul]
1280 3484 1371 3546 electo
1397 3483 1604 3560 Traiecteust,
1628 3485 1684 3564 qui
1706 3484 1745 3546 ub
1767 3483 1943 3568 [Heurico]
1965 3485 2131 3564 666166666-
2197 3542 2202 3552 .

466 3605 554 3664 scopo
580 3585 758 3650 Coloniensi
780 3586 1042 3650 excommunicato
1064 3586 1239 3648 6666666666Ι
1261 3606 1325 3648 acu
1345 3587 1452 3664 possit,
1475 3605 1590 3648 ueureus
1613 3587 1852 3650 eoetsccrote'oueTs
1873 3587 2074 3666 ierepceeetout.

1730 3691 1823 3766 1235,
1849 3690 1957 3769 April.
1982 3693 2035 3756 19.

570 3771 651 3839 Grec.
671 3774 721 3826 IX
737 3774 807 3844 Rep.
832 3773 888 3826 Vol.
911 3770 943 3838 V,
961 3777 995 3824 16
1000 3791 1009 3838 ;
1027 3772 1088 3826 Lib.
1109 3773 1164 3835 IX,
1183 3776 1227 3827 2¹9.

906 4024 914 4040 .
944 4025 953 4040 .
981 3969 1231 4056 Leodiensi,
1261 4025 1269 4042 .
1300 4026 1308 4042 .
1336 3970 1684 4042 Monosteriensi

741 4094 783 4160 et
811 4144 819 4160 .
849 4143 858 4158 .
887 4088 1227 4180 Osnaburgensi
1259 4091 1502 4180 episcopia,
1531 4091 1841 4180 suffraganeis

1034 4209 1222 4282 ecclesie
1250 4209 1548 4283 Coloniensis.

575 4360 706 4423 Indulte
731 4357 827 4421 nobis
851 4377 870 4418 a
893 4355 1034 4420 Domino
1059 4358 1297 4443 plenitudinem
1321 4361 1495 4444 potestatis
1520 4358 1699 4423 secundum
1722 4359 1945 4422 diversitatem
1969 4361 2128 4425 acciden-

465 4466 546 4528 tium
571 4463 715 4548 experiri
739 4482 798 4524 666
817 4460 970 4522 convenit
992 4461 1026 4523 in
1048 4463 1303 4524 necessitatibus
1322 4464 1552 4526 subiectorum.
1599 4463 1684 4526 Hinc
1709 4471 1768 4539 cst,
1792 4463 1877 4546 quod
1902 4484 1974 4525 oum
1999 4462 2126 4528 dilecto

467 4569 532 4631 filio
558 4616 590 4629 ..
615 4566 720 4628 electo
744 4564 949 4627 Traieotcnsi
974 4563 1013 4626 ab
1039 4615 1071 4628 ..
1095 4564 1343 4651 archiepiscopo
1368 4565 1559 4630 Coloniensi
1591 4567 1843 4651 metropolitano
1873 4587 1949 4644 suo,
1980 4567 2126 4632 diversis

466 4679 502 4736 ut
524 4671 711 4755 accepimus
735 4667 1110 4731 excommunicationum
1127 4669 1303 4730 sententiis
1330 4669 1497 4746 innodato,
1523 4677 1636 4733 contra
1652 4691 1749 4753 quom
1772 4669 1990 4752 inquisitionis
2016 4693 2123 4755 nego·
2196 4725 2201 4734 .

433 4771 439 4778 ’
465 4776 546 4838 tium
569 4774 715 4836 noscitur
737 4769 923 4854 dependere
934 4769 958 4848 ²,
984 4791 1048 4832 666
1073 4771 1179 4854 possit
1202 4791 1318 4834 munus
1343 4767 1600 4837 consecrationis
1625 4771 1785 4856 impendi,
1811 4793 1889 4850 nos,
1914 4773 1977 4836 sibi
2001 4775 2035 4836 in
2059 4775 2125 4839 hae

467 4883 559 4963 parte
590 4874 762 4962 providere
791 4874 959 4946 volentes,
993 4873 1195 4957 presentium
1221 4874 1312 4937 vobis
1340 4876 1534 4939 auctoritate
1559 4877 1767 4952 mandamus,
1799 4877 1952 4958 quatinus
1982 4899 2125 4942 assensu

467 4979 673 5043 Coloniensis
696 4977 836 5041 ecclesie
861 4977 1017 5060 requisito
1049 4997 1166 5039 666666
1197 4980 1452 5042 consecrationis
1485 4981 1680 5043 auctoritate
1712 4986 1826 5041 nostra
1859 4980 1965 5044 electo
1993 4981 2125 5067 impen-

467 5083 552 5146 datis
577 5081 693 5162 eidem,
717 5082 820 5167 ipsius
845 5081 984 5144 ecclesie
1008 5080 1220 5165 imposterum
1244 5081 1312 5145 iure
1337 5085 1438 5146 salve.

573 5205 648 5290 Dat.
672 5204 813 5283 Perusii,
837 5202 923 5266 XIII
946 5201 1021 5267 Kal.
1045 5201 1134 5282 Maii,
1158 5225 1242 5266 anno
1267 5225 1361 5268 6666.

1968 5383 1969 5386 ,
1976 5381 2010 5388 -ι

573 5496 601 5562 1)
621 5495 782 5562 Sequuntur
801 5510 846 5562 ap.
866 5494 902 5546 H.
920 5512 949 5562 p.
968 5498 1031 5563 297,
1056 5512 1082 5547 u.
1101 5499 1210 5548 17-20
1228 5501 1359 5563 quattuor
1377 5496 1508 5563 epistolae
1522 5513 1627 5564 papae,
1652 5497 1693 5549 Ill
1712 5501 1736 5548 et
1753 5496 1792 5548 Vl
1810 5495 1850 5548 Id.
1869 5496 1941 5562 Aug.
1959 5513 1984 5548 a.
2004 5495 2043 5548 IX
2063 5497 2126 5564 [up.

467 5583 504 5637 H.
523 5601 547 5636 a.
567 5582 613 5650 18]
641 5582 736 5647 datae,
760 5581 790 5632 ia
812 5579 911 5648 quibua
931 5580 1012 5633 varia
1034 5581 1164 5633 reeonetata
1188 5581 1225 5634 cet
1250 5581 1321 5634 terrere
1338 5595 1436 5649 pacem
1458 5582 1611 5648 spectantia
1632 5583 1811 5636 coordinantur.
1848 5580 1974 5634 Pertaius
1995 5599 2044 5635 666
2068 5598 2126 5644 aon

465 5670 622 5743 descripsit,
636 5667 847 5742 propterquod
864 5667 893 5720 tu
911 5666 982 5720 leone
1000 5666 1182 5722 collectionem
1199 5675 1323 5741 receptae
1340 5683 1395 5720 nou
1412 5670 1483 5722 suut.
1553 5671 1580 5737 2)
1602 5669 1643 5738 Cf.
1663 5685 1688 5722 6.
1710 5671 1771 5732 529,
