4524 6412
815 376 1014 434 nrlsronnn
1032 377 1221 434 SELEC'PAE.
1254 380 1328 434 1227.

464 613 709 708 Gregorius
735 619 813 686 etc.
842 612 1069 686 lancravio
1097 613 1310 705 Turingie
1337 635 1467 686 cruce
1494 612 1682 705 signato.

353 765 491 830 Noverit
513 763 666 828 discretio
690 769 761 842 tua,
784 761 870 847 quod
892 761 1029 828 formam
1053 762 1224 828 concordie
1248 764 1333 828 inter
1356 763 1560 828 carissimum
1583 765 1616 827 in
1640 763 1770 830 Christo
1793 766 1895 829 filium

246 875 394 933 nostrum
415 866 627 932 Fredericum
658 914 761 928 ....
792 887 912 949 usque:
943 865 1082 930 viriliter
1112 873 1305 951 preparent,
1338 867 1541 932 nobilitatem
1571 874 1658 931 tuam
1682 889 1834 953 rogamus
1863 876 1896 932 et

247 972 416 1036 hortamur
445 972 478 1034 in
507 969 638 1034 domino
669 969 747 1033 Iesu
771 967 920 1048 Christo,
954 969 1039 1053 quod
1068 969 1109 1032 ad
1139 971 1373 1035 transeundum
1401 992 1466 1034 una
1494 991 1568 1034 cum
1597 971 1669 1056 ipsc
1699 972 1894 1058 imperatore

169 1089 180 1127 ⁵
248 1095 414 1162 procures,
437 1094 496 1159 pro
519 1072 690 1158 temporali
712 1071 825 1135 labore
848 1071 992 1155 quietem
1016 1078 1161 1136 eternam
1186 1072 1344 1157 largiente
1367 1071 1508 1137 Domino
1533 1081 1732 1161 recepturus.

352 1196 475 1259 Datum
496 1192 662 1272 Laterani,
685 1190 767 1254 XVI
789 1188 864 1254 Kal.
888 1190 1023 1277 Aprilis,
1050 1189 1147 1277 [anno
1170 1190 1320 1280 prim0]²¹.

353 1315 392 1380 In
415 1315 556 1380 cundem
578 1312 710 1378 modum
732 1314 895 1378 universis
919 1317 1154 1399 crucesignatis
1177 1337 1237 1401 per
1259 1315 1476 1381 Theutoniam
1500 1318 1696 1382 constitutis.

865 1558 1275 1566 ---—-———————

1026 1783 1113 1855 354.

351 1897 541 2008 Greporius
562 1923 618 1991 IX
631 1945 722 2006 popu
743 1923 928 1988 Hermanno
948 1924 1097 2006 magistro
1122 1923 1381 1988 llnutonr‘corum
1401 1924 1483 1988 utem
1505 1925 1614 1990 scribit
1633 1925 1735 1989 verbis
1756 1927 1893 1990 mutatis.

247 2029 298 2114 Cf.
320 2050 353 2095 u.
375 2031 448 2108 349,
470 2033 534 2092 not.
558 2033 586 2094 1.
1314 2073 1316 2076 -
1471 2029 1584 2112 [1227,
1598 2028 1714 2108 April.
1739 2029 1809 2111 16]

349 2148 429 2218 Grep.
449 2148 498 2201 IX
515 2147 581 2216 Rep.
600 2146 662 2202 nu.
682 2148 708 2215 I,
728 2150 773 2201 33.

352 2351 591 2444 Gregorius
618 2356 696 2424 etc.
723 2350 854 2423 fratri
881 2350 1134 2423 Hermanno
1162 2351 1374 2442 magistro
1402 2351 1790 2425 Theutonicorum.

348 2501 486 2566 Noverit
515 2499 668 2565 discretio
698 2505 755 2562 tua
783 2497 986 2562 Lombardos
1018 2498 1184 2563 humiliter
1215 2505 1405 2585 acceptasse
1438 2499 1574 2563 formam
1605 2500 1777 2565 concordie
1808 2501 1894 2566 inter

241 2606 445 2671 carissimum
468 2606 501 2668 in
518 2604 648 2668 Christo
672 2603 774 2666 filium
799 2609 944 2666 nostrum
968 2601 1181 2667 Fredericum
1205 2653 1212 2668 .
1232 2651 1265 2666 ..
1290 2624 1328 2666 ac
1351 2603 1440 2688 ipsos
1463 2624 1523 2689 per
1545 2604 1757 2689 apostolicam
1780 2603 1892 2668 sedem

240 2709 337 2773 facte.
382 2708 433 2773 Tu
462 2728 540 2793 ergo
571 2706 613 2770 ad
636 2704 737 2770 Terre
762 2704 882 2768 Sancte
914 2704 1113 2786 subsidium,
1145 2704 1186 2769 ad
1217 2706 1304 2790 quod
1333 2706 1420 2771 idern
1452 2707 1629 2792 imperator
1654 2707 1826 2791 magnifice
1857 2730 1892 2772 sc

144 2819 147 2830 '
177 2837 188 2872 r,
240 2813 392 2898 accingit,
416 2811 661 2895 crucesignatos
678 2808 862 2874 Theutonie
886 2830 924 2873 ac
947 2810 1040 2890 alios,
1064 2831 1288 2896 quoscumque
1309 2819 1413 2896 potes,
1438 2810 1569 2875 studeas
1592 2809 1768 2874 secundum
1785 2810 1892 2874 datam

240 2915 302 2979 tibi
324 2936 343 2978 a
366 2913 439 2979 Deo
463 2913 667 2999 prudentiam
691 2913 846 2978 animare.

345 3035 468 3098 Datum
490 3033 563 3097 Lat.
587 3033 671 3097 XVI
694 3032 768 3099 Kal.
791 3033 927 3118 Aprilis,
951 3032 1048 3120 [anno
1072 3032 1188 3120 primo]
1199 3034 1221 3100 b.

1021 3501 1107 3574 355.

348 3614 538 3725 Gregorius
560 3641 617 3705 IX
635 3662 721 3722 pape
743 3640 929 3706 Lombardis
954 3640 1092 3704 scribens
1113 3639 1326 3720 conqueritur,
1356 3638 1438 3719 quod
1458 3638 1629 3705 baereticae
1658 3641 1739 3706 tabis
1766 3641 1891 3706 morbrn

237 3765 343 3810 eorum
359 3745 558 3825 procinctam
575 3743 646 3826 s'ere
668 3746 763 3806 toturn
786 3741 943 3826 infecerit,
965 3761 1074 3823 eosque
1096 3745 1210 3819 nterrct,
1233 3745 1268 3803 ut
1288 3761 1339 3819 eo,
1362 3761 1442 3821 quac
1463 3745 1571 3805 centra
1594 3743 1762 3809 haereticos
1782 3749 1813 3809 et
1832 3763 1891 3824 pro

160 3881 179 3898 ν
238 3849 380 3913 libertate
408 3846 614 3911 cntestestieu
644 3846 813 3924 apostolica
848 3850 877 3909 ct
904 3846 1080 3926 imperialis
1109 3845 1253 3908 sanxerit
1279 3844 1463 3921 auctnttas,
1494 3845 1629 3925 fideliter
1656 3846 1829 3924 observent;
1862 3846 1891 3908 si

236 3952 304 4014 cius
319 3949 497 4030 praeceptis
518 3948 639 4012 obedire
660 3949 862 4027 neglexerint,
885 3970 916 4013 se
939 3971 977 4013 eu
999 3950 1244 4030 enccpitaturunr
1266 3967 1343 4025 csse,
1370 3968 1433 4028 per
1454 3967 1533 4028 prce
1554 3969 1659 4011 eorum
1678 3949 1891 4028 praesumptio

236 4054 466 4134 comprimetur.
1506 4053 1599 4129 1227,
1621 4051 1727 4130 April.
1750 4053 1802 4115 29.

340 4172 422 4242 Grep.
441 4172 491 4224 IX
507 4170 575 4240 Rep.
600 4171 657 4225 Vol.
671 4170 697 4235 I,
717 4173 804 4224 8-9:
824 4171 884 4225 nio.
904 4171 929 4234 Ι,
951 4177 993 4226 54.

459 4375 700 4467 Gregorius
728 4376 964 4469 episcopus
991 4383 1070 4451 etc.
1098 4377 1397 4469 potestatibus
1424 4383 1466 4448 et
1493 4377 1672 4466 populis

804 4497 1027 4572 civitatum
1054 4497 1325 4572 Lombardie.

341 4644 489 4711 Diversis
520 4645 654 4710 laudum
683 4646 787 4711 titulis
820 4648 922 4712 claret
950 4647 1082 4732 quidem
1112 4646 1281 4733 provincia
1303 4643 1516 4725 Lombardie,
1547 4649 1598 4712 set
1628 4643 1692 4709 duo
1724 4653 1799 4709 sunt
1827 4667 1889 4730 que

233 4749 339 4834 ipsam
362 4749 432 4814 eins
456 4750 639 4814 claritatem
661 4749 875 4815 vehementer
897 4750 1088 4831 obfuscant,
1120 4750 1211 4815 labes
1239 4748 1394 4813 videlicet
1427 4748 1573 4813 heretice
1607 4749 1795 4834 pravitatis,
1826 4771 1889 4834 que

234 4852 406 4917 nonnullas
438 4852 586 4918 eiusdem
620 4854 787 4938 provincie
817 4859 922 4917 terras
957 4854 1088 4939 publica
1119 4853 1206 4918 fama
1237 4855 1336 4917 immo
1371 4852 1504 4916 infamia
1536 4851 1700 4918 referente
1731 4853 1891 4917 asseritur

235 4957 378 5040 graviter
418 4957 590 5038 infecisse,
630 4965 663 5021 et
698 4965 936 5044 consequenter
975 4958 1145 5022 subversio
1180 4959 1404 5023 ecclesiastice
1439 4955 1621 5035 libertatis,
1658 4977 1721 5040 que
1755 4977 1798 5020 ex
1833 4956 1890 5018 illa

206 5065 397 5123 'venenata
428 5059 556 5138 radice,
588 5082 661 5124 cum
689 5060 788 5125 arbor
817 5060 902 5125 mala
928 5082 993 5125 non
1023 5061 1129 5147 possit
1158 5060 1267 5125 facere
1296 5060 1401 5124 bonos
1432 5059 1572 5137 fructus,
1602 5057 1731 5121 videtur
1764 5058 1887 5142 absque
1902 5082 2043 5128 trutinare.

233 5159 332 5225 dubio
355 5163 569 5248 processisse.
613 5162 735 5248 Magno
758 5164 857 5248 igitur
880 5163 998 5244 studio,
1022 5184 1141 5248 magna
1163 5184 1251 5242 cura,
1274 5184 1394 5247 magna
1415 5162 1586 5247 diligentia
1606 5166 1657 5224 est
1679 5167 1788 5224 vestre
1812 5180 1887 5246 pro-

233 5263 383 5330 videncia
408 5265 638 5350 satagendum,
669 5273 705 5330 ut
734 5265 775 5332 de
798 5268 903 5352 gloria
924 5276 1036 5332 vestra
1057 5265 1244 5331 huiusmodi
1267 5265 1430 5330 deformes
1454 5271 1488 5330 et
1517 5264 1719 5351 periculosas
1742 5264 1887 5328 maculas

233 5367 401 5450 auferatis,
432 5389 495 5453 quc
519 5389 584 5432 non
609 5370 714 5434 solnm
736 5371 841 5456 ipsam
864 5371 1001 5455 gloriam
1024 5369 1239 5458 temporalem
1262 5369 1466 5450 imminuunt,
1495 5389 1609 5433 verum
1633 5368 1731 5433 etiam
1755 5389 1888 5456 prorsus

787 5543 1780 5552 fi———ffi——fflfl--ffi

340 5659 362 5726 ¹)
381 5679 449 5712 anno
467 5662 548 5729 primo
566 5662 635 5713 deest
651 5664 678 5714 in
697 5664 728 5714 B.
813 5663 836 5730 b)
854 5682 921 5717 anuo
940 5667 1022 5734 primo
1040 5665 1107 5715 deest
1124 5665 1152 5713 in
1171 5663 1202 5716 n.
