4596 6406
447 413 509 476 630
1005 431 1009 440 ’
1028 399 1077 458 EX
1095 397 1270 458 ennoean
1288 395 1327 455 IX
1345 391 1525 455 REGISTRO

446 586 598 651 mittebat
630 583 843 668 apostolicam
854 582 876 661 ¹,
910 579 1032 644 habere
1070 577 1233 657 crederis,
1272 576 1495 662 sperabamus.
1551 573 1675 639 Verum
1712 573 1789 659 quia
1827 573 1854 638 si
1891 571 1977 658 quod
2012 570 2102 638 absit

448 689 597 755 eiusdem
619 687 848 753 liberationem
873 685 992 749 nobilis
1018 681 1169 769 impediri
1192 682 1407 766 contingeret,
1431 701 1473 744 ex
1495 680 1558 743 hoc
1582 678 1692 743 forsan
1715 678 1771 743 ille
1800 685 1914 764 posset
1941 678 2100 741 articulus

447 793 648 857 difficultatis
684 811 869 876 emergere,
904 808 1002 872 quem
1036 784 1130 850 nobis
1160 792 1193 850 et
1215 785 1276 849 tibi
1307 789 1397 849 esset
1424 783 1650 848 difficillimum
1675 782 1859 861 emendare,
1884 783 2098 847 serenitatem

446 905 536 961 tuam
569 896 654 960 sicut
686 896 804 959 iterum
839 894 886 958 sic
920 891 1077 956 attentius
1112 888 1308 954 monendam
1342 887 1494 951 duximus
1517 893 1551 950 et
1573 885 1765 970 rogandam,
1800 887 1951 971 quatinus
1975 885 2098 950 dictum

450 1001 564 1079 civem,
589 1020 685 1084 quem
708 998 835 1062 facinus
859 997 955 1082 culpe
979 1015 1044 1058 non
1074 994 1201 1078 alligat,
1238 999 1294 1056 tua
1322 991 1498 1056 clementia
1525 1010 1546 1052 a
1575 996 1691 1054 catena
1718 989 1865 1054 indebito
1895 990 2098 1076 captivitatis
2167 1011 2178 1046 a

447 1103 605 1182 absolvat,
628 1109 665 1166 ut
687 1101 790 1188 ipsius
815 1099 964 1165 remissio
988 1098 1093 1162 facilis
1117 1099 1149 1162 in
1173 1096 1344 1162 cuiusdam
1367 1100 1550 1182 opponatur
1572 1094 1775 1181 probationis
1805 1095 1977 1174 indicium,
2012 1092 2100 1179 quod

446 1206 533 1269 illius
557 1206 665 1292 captio
689 1204 729 1269 de
753 1211 809 1268 tue
833 1225 898 1269 non
921 1202 1120 1288 processerit
1142 1201 1352 1288 beneplacito
1375 1200 1563 1264 voluntatis.
1609 1196 1655 1262 Ut
1677 1204 1787 1262 autem
1810 1198 1974 1277 affectum,
1999 1218 2098 1282 quem

446 1308 488 1372 ad
522 1309 645 1373 dictum
680 1309 785 1373 civem
819 1309 981 1393 gerimus,
1015 1306 1075 1369 tibi
1108 1304 1292 1370 evidentius
1327 1303 1555 1382 ostendamus,
1590 1323 1668 1367 ecce
1705 1302 1929 1367 venerabilem
1963 1301 2101 1366 fratrem

447 1419 594 1477 nostrum
619 1461 626 1476 .
651 1464 659 1480 .
683 1414 874 1499 episcopum
898 1410 1134 1488 Florentinum,
1164 1410 1268 1474 virum
1290 1407 1461 1495 providum
1484 1413 1518 1471 et
1540 1405 1733 1484 discretum,
1769 1406 1863 1470 nobis
1887 1413 1920 1470 et
1944 1404 2100 1469 fratribus

448 1518 568 1581 nostris
592 1518 709 1581 merito
734 1538 791 1581 sue
815 1515 990 1603 probitatis
1013 1520 1201 1600 acceptum,
1232 1533 1329 1598 quem
1356 1512 1499 1595 benigne
1531 1511 1677 1596 recipere
1708 1517 1741 1573 et
1777 1508 1891 1573 audire
1924 1531 2094 1595 procures,
2152 1533 2175 1569 n

447 1621 489 1684 ad
532 1620 564 1684 id
607 1621 772 1686 efficacius
816 1618 1046 1704 exequendum
1092 1618 1132 1683 de
1170 1618 1330 1682 dictorum
1359 1615 1495 1680 fratrum
1536 1614 1671 1678 consilio
1702 1613 1743 1677 ad
1780 1620 1870 1677 tuam
1893 1611 2095 1699 presentiam

448 1723 684 1792 destinamus².

554 1844 630 1908 Dat.
652 1845 805 1911 Lateran.
828 1842 879 1907 III
900 1843 984 1908 Non.
1008 1841 1104 1924 Iunii,
1128 1862 1213 1906 anno
1237 1839 1442 1906 duodecimo.

1069 2088 1480 2096 ——ffl—

1230 2349 1316 2422 731.

554 2462 745 2574 Greyore'ns
760 2489 817 2556 IX
830 2483 921 2571 paria
943 2489 1092 2574 [Iacobo]
1113 2489 1252 2570 episeopo
1266 2488 1474 2552 Praenestino
1495 2487 1635 2565 mandem
1657 2491 1693 2551 nt
1714 2488 1743 2551 si
1764 2485 1994 2572 [Raymnndas
2015 2485 2103 2570 VII]

447 2615 544 2661 earnes
575 2593 749 2659 Tolosanns
770 2594 969 2673 beneplacitis
1002 2594 1146 2658 ecelesiae
1177 2611 1209 2657 se
1239 2597 1367 2673 coaptet,
1400 2592 1530 2656 nedem
1560 2613 1582 2655 a
1612 2593 1753 2656 censuris
1784 2591 1937 2668 absolvat,
1975 2595 2101 2671 recepta
2159 2619 2182 2656 a

446 2700 619 2785 sufficient-i
652 2699 793 2762 cantione
815 2698 897 2778 qnod
926 2698 963 2760 e'n
994 2698 1137 2779 proxim
1168 2697 1309 2779 yenercli
1338 2697 1486 2780 praesepio
1518 2715 1586 2761 cnm
1622 2695 1698 2758 aliis
1726 2695 1975 2760 Ultroneontonis
1997 2698 2103 2758 trans-

445 2803 624 2888 fretate-ras
645 2801 695 2879 sit,
718 2801 754 2864 in
777 2799 919 2882 obsequio
944 2801 1060 2866 Terrae
1083 2802 1219 2868 Sanctae
1238 2823 1295 2882 per·
1317 2801 1490 2865 tricennium
1510 2803 1699 2866 moraturas.

1767 2905 1860 2980 1238,
1884 2902 1960 2968 Iun.
1982 2904 2014 2968 9.

552 3007 634 3075 Grep.
653 3008 701 3061 IX
718 3008 786 3076 Rep.
811 3007 866 3061 Vol.
892 3007 939 3070 VI,
958 3011 1001 3061 74.
1036 3007 1157 3062 Edinrae
1176 3024 1210 3061 ex
1229 3005 1321 3077 Rayn.
1340 3008 1411 3061 Ann.
1431 3008 1490 3062 ecel.
1510 3025 1537 3062 a.
1556 3011 1634 3076 1239,
1651 3011 1668 3071 §
1687 3011 1803 3061 72-73.

551 3095 688 3156 Potitum,
708 3093 774 3164 Rep.
793 3097 902 3158 1075&
919 3095 989 3148 male
1007 3093 1044 3147 ad
1062 3111 1088 3149 α.
1108 3097 1185 3148 1239.

680 3323 913 3417 Episcopo
939 3323 1245 3411 PrenestinO,
1274 3324 1528 3415 apostolice
1558 3325 1680 3398 sedis
1706 3323 1887 3417 legator

559 3471 687 3538 Nobilis
711 3475 762 3537 vir
784 3495 894 3538 comes
910 3473 1094 3537 Tolosanus
1119 3494 1178 3558 per
1201 3473 1337 3536 nuncios
1362 3495 1439 3536 suos
1464 3480 1497 3537 ct
1519 3473 1645 3538 litteras
1669 3475 1764 3540 nobis
1788 3475 1956 3539 humiliter
1978 3474 2104 3560 suppli-

450 3577 546 3654 cavit,
569 3582 606 3640 ut
630 3599 701 3642 oum
726 3585 820 3664 gerat
841 3579 875 3641 in
897 3579 992 3657 votis,
1018 3577 1168 3664 deposito
1193 3577 1298 3642 crucis
1322 3578 1444 3641 vexillo
1469 3599 1564 3663 quam
1588 3578 1628 3642 de
1652 3600 1750 3644 manu
1774 3578 1969 3643 venerabilis
1993 3579 2104 3643 fratris

448 3680 552 3744 nostri
570 3680 762 3746 Portuonsis
780 3681 955 3768 episeopi⁴,
979 3688 1055 3746 tunc
1079 3681 1257 3767 apostolice
1275 3680 1363 3745 sedis
1387 3682 1498 3766 legati,
1522 3682 1677 3768 recepit⁵,
1702 3690 1735 3747 et
1758 3685 1894 3748 remisso
1919 3684 1982 3748 sibi
2006 3685 2102 3769 quiu-

449 3783 581 3867 quennii
611 3790 761 3871 tempore
796 3807 859 3871 quo
894 3785 934 3850 de
968 3785 1120 3850 mandato
1151 3786 1254 3872 ipsius
1278 3786 1425 3872 episcopi
1448 3787 1587 3850 morari*
1612 3791 1743 3850 tenetur
1765 3787 1798 3849 in
1821 3788 2101 3872 partibus‘trans-
2157 3815 2183 3855 as

449 3889 593 3969 marinis,
617 3889 721 3975 ipsam
745 3912 819 3954 eum
842 3890 1016 3955 devotione
1040 3912 1078 3955 ac
1102 3890 1286 3955 humilitate
1310 3911 1489 3970 assumere,
1513 3896 1550 3953 ut
1573 3889 1723 3954 videatur
1745 3891 1836 3955 illam
1859 3913 1975 3976 gerere
2000 3913 2099 3977 spon-

448 3999 566 4056 taneus
591 4013 655 4056 non
680 4001 823 4073 coactus,
847 4001 944 4081 prout
967 3997 1072 4082 ipsam
1096 4001 1216 4080 gerunt
1238 3994 1294 4058 alii
1318 3993 1480 4070 catholici,
1504 3995 1560 4079 qui
1583 3992 1624 4057 ad
1646 3995 1749 4059 Terre
1773 3993 1893 4059 Sancto
1918 3995 2100 4060 subsidium

450 4097 633 4161 voluntarie
658 4118 694 4161 se
718 4098 902 4182 accingunt,
927 4098 968 4163 ad
991 4107 1100 4184 partes
1124 4099 1197 4162 illas
1222 4119 1296 4162 eum
1318 4098 1391 4162 aliis
1423 4098 1588 4162 nobilibus
1612 4100 1862 4184 magnanimiter
1894 4100 1927 4163 in
1955 4101 2102 4185 generali

450 4201 604 4286 passagio
640 4203 837 4267 transiturus
872 4225 909 4268 ac
943 4212 1127 4267 moraturus
1161 4201 1282 4266 ibidem
1319 4202 1403 4265 sicut
1437 4201 1468 4266 ei
1490 4201 1652 4267 Dominus
1681 4203 1864 4290 inspirabit,
1889 4205 1961 4268 eius
1984 4206 2018 4268 in
2040 4206 2102 4269 hac

448 4311 541 4388 parte
566 4303 730 4370 desiderio
754 4327 900 4372 annuere
929 4329 1129 4373 curaremus.
1175 4306 1373 4370 Carissimus
1402 4327 1530 4391 quoque
1561 4308 1647 4371 filius
1677 4315 1789 4372 noster
1817 4331 1877 4372 rex
1900 4309 2099 4373 Francorum
2156 4337 2184 4374 ao

449 4408 587 4471 illustris
620 4429 678 4492 pro
715 4408 831 4473 eodem
867 4412 986 4476 comita
1015 4411 1110 4475 uobis
1133 4432 1194 4496 per
1221 4409 1446 4474 venerabilem
1469 4411 1604 4476 fratrom
1627 4419 1773 4476 nostrum
1798 4412 2101 4477 Olaromonteusem

449 4511 661 4597 episeopum⁸
685 4511 763 4575 lecit
786 4513 1018 4578 nichilominus
1043 4513 1228 4600 supplicari,
1250 4519 1287 4576 ut
1309 4513 1417 4598 ipsum
1439 4513 1636 4580 haberemus
1661 4516 1693 4578 in
1718 4518 1786 4582 suis
1811 4517 1905 4581 iustis
1930 4518 2099 4602 petitioni-

450 4613 511 4677 bus
536 4613 810 4680 commendatum.
856 4616 951 4682 Licet
974 4617 1075 4702 igitur
1098 4617 1204 4682 eidem
1228 4615 1313 4700 regi,
1348 4638 1445 4702 quem
1469 4618 1555 4684 inter
1576 4627 1703 4684 ceteros
1727 4619 1816 4685 orbis
1839 4621 2006 4707 principes
2031 4622 2098 4686 siu-

552 4875 575 4936 a)
594 4892 690 4926 moram
708 4875 793 4942 Rapa.

554 5010 580 5074 1)
601 5009 644 5080 Os.
663 5011 764 5068 Malth.
784 5014 879 5069 Perta.
901 5013 1001 5070 aaron
1026 5017 1135 5070 maiora
1162 5035 1188 5070 c.
1212 5020 1283 5071 1239
1308 5018 1348 5071 ed.
1374 5017 1487 5088 Imard,
1515 5022 1533 5074 t.
1552 5019 1615 5087 111,
1629 5037 1659 5090 p.
1679 5025 1734 5074 526
1760 5027 1785 5074 et
1804 5019 2102 5088 Haillerct-Bre‘holles,
2154 5030 2181 5069 ³³·

448 5096 465 5150 l.
484 5111 506 5150 c.
525 5099 544 5151 t.
566 5096 597 5167 V,
613 5115 644 5167 p.
662 5104 729 5153 255.
834 5102 861 5169 2)
881 5102 1055 5171 Responsum
1073 5105 1252 5173 inoperatcrr‘s
1273 5121 1319 5174 ap.
1343 5105 1541 5172 llf'inketnrann,
1565 5107 1581 5160 l.
1606 5123 1629 5163 e.
1644 5124 1673 5176 p.
1694 5113 1753 5173 312,
1770 5123 1797 5161 n.
1817 5112 1875 5162 351.
1978 5109 2007 5176 3)
2027 5109 2104 5162 Huic

443 5199 525 5252 papa
543 5199 568 5236 c.
588 5188 668 5253 1233,
689 5185 759 5238 Mai.
773 5193 805 5240 13
823 5187 984 5255 lepattonem
1001 5190 1033 5242 in
1046 5192 1177 5259 pertibus
1186 5191 1380 5259 Alhiperreibns
1399 5198 1424 5246 et
1438 5193 1585 5247 Tolosanis
1603 5196 1786 5256 commiserat,-
1804 5193 2103 5260 Hutllcrcl-Bre'tollea,

448 5269 464 5321 l.
476 5284 496 5320 c.
508 5276 526 5324 t.
538 5269 562 5323 1⁷
562 5311 568 5332 ,
576 5283 604 5338 ρ’.
615 5275 680 5335 270,
692 5275 746 5325 not.
758 5280 785 5330 1.·
805 5273 854 5327 secl
871 5274 1037 5344 imperatore
1054 5275 1214 5345 irrepedirntc
1231 5278 1281 5330 hoc
1300 5295 1372 5331 cerno
1390 5280 1456 5332 illae
1472 5297 1530 5333 non
1543 5281 1943 5351 perveneratjssll'inlcelmann
1953 5283 2049 5338 rusca.
2059 5283 2104 5350 ΙΙ,

448 5359 466 5409 t.
484 5356 527 5422 11,
545 5361 655 5424 ρ.112,·
679 5356 715 5424 cs.
735 5357 807 5412 duaa
830 5362 960 5429 epistolas
983 5363 1157 5432 imperatores
1180 5382 1225 5434 cp.
1245 5365 1485 5432 Bolemer-Ficlrr,
1510 5369 1525 5422 l.
1546 5383 1568 5421 e.
1585 5385 1611 5422 n.
1630 5375 1705 5422 2355
1729 5375 1754 5422 et
1772 5373 1855 5423 235⁶.
1890 5370 1961 5436 Aac.
1981 5375 2016 5423 10
2033 5370 2102 5423 eius-

448 5441 507 5493 dem
538 5441 606 5494 anni
633 5441 726 5496 Gnido
754 5446 898 5516 episcopas
923 5447 1048 5503 Soranus
1077 5451 1107 5503 in
1133 5452 1264 5520 partitae
1296 5453 1354 5506 illis
1384 5454 1516 5522 tepetione
1551 5455 1694 5525 senpitnm
1739 5457 1878 5524 Polthaat,
1907 5456 1972 5525 Iton.
2003 5461 2098 5512 10641.
2150 5486 2178 5524 40

448 5527 477 5595 4)
501 5527 628 5582 Rorrrant.
749 5533 777 5600 h)
805 5549 831 5588 a.
860 5539 940 5598 1229,
972 5537 1062 5605 April.
1091 5541 1137 5598 12,·
1176 5538 1312 5604 Veissete,
1345 5541 1418 5594 Hist.
1445 5543 1479 5595 de
1511 5543 1690 5609 Latapnnloe,
1728 5543 1770 5597 ed.
1803 5548 1937 5601 Tolosona
1968 5567 1993 5601 a.
2023 5553 2101 5614 1879,

447 5617 465 5668 t.
487 5614 536 5678 VJ,
551 5633 581 5684 p.
602 5619 664 5670 633.
772 5621 799 5687 a)
821 5620 977 5688 anoncrm
995 5623 1032 5691 es.
1050 5639 1077 5676 n.
1098 5628 1160 5677 728.
