4576 6390
737 405 937 494 seraranan
953 439 1143 496 snnncraa.
1178 439 1255 495 rasa.
1757 447 1819 509 463

172 609 257 693 quod
285 608 335 672 Ila
366 608 498 682 dicitur;
532 617 685 696 preterea
719 610 759 675 de
792 611 1012 676 burchwardis
1044 611 1225 690 Scartowe,
1255 614 1432 693 Meherne,
1449 615 1655 698 -Lauborch,
1687 624 1827 702 excepta

161 713 313 778 ,ccclesia
337 711 377 776 de
400 712 612 792 Dalcchowe,
635 715 809 778 ecclesiam
833 735 962 799 quoque
987 716 1092 779 sancti
1114 715 1244 780 Nicolai
1267 717 1299 780 iu
1317 716 1439 796 Borch,
1463 739 1525 802 que
1549 720 1634 784 ultra
1656 719 1738 783 llam
1762 721 1825 784 sita

173 821 235 894 est,
259 835 298 878 eo
323 814 409 899 quod
432 816 500 879 filia
523 817 566 880 sit
589 817 730 881 ecclesie
754 824 866 881 sancte
882 816 986 882 Maria
1012 819 1044 882 in
1061 817 1180 898 Borch,
1203 820 1245 884 ad
1268 821 1374 906 ipsum
1397 819 1709 902 archidiaconatum,
1733 824 1825 888 iuxta

172 916 257 1000 quod
291 918 450 982 hactenus
489 927 539 983 est
580 919 807 994 observatum,
848 919 1056 984 decernimus
1090 922 1266 1006 pertinere.
1325 921 1437 987 lesere
1475 944 1624 1009 quoque,
1663 926 1826 1005 Goreelxe,

172 1016 329 1098 Bukowe,
351 1020 478 1100 Beltez,
501 1021 619 1098 Nimio,
644 1021 794 1100 Bricene,
817 1020 920 1101 Bolia,
945 1022 1107 1102 Sarmunt,
1131 1024 1262 1104 Trebin,
1278 1025 1514 1106 Lukanwolde,
1529 1028 1668 1094 Parcem
1684 1051 1824 1114 quoque,

172 1119 304 1202 Gentin,
325 1122 437 1204 Milau,
454 1124 576 1206 Plawe,
592 1117 779 1204 Pritservv'e,
797 1125 987 1200 Ratenowe,
1003 1125 1130 1206 Vrisac,
1148 1126 1255 1206 Belin,
1273 1127 1435 1207 Cremme,
1455 1128 1645 1210 Bothzowe,
1670 1131 1825 1210 Cedonia,

172 1232 205 1289 et
227 1226 431 1310 inquantum
455 1229 497 1292 ab
522 1251 561 1293 ea
583 1236 675 1315 parte
693 1229 834 1292 diocesis
859 1250 894 1291 se
919 1228 1076 1306 extendit,
1101 1237 1133 1294 et
1156 1251 1359 1317 quecumque
1377 1233 1542 1298 territoria
1564 1237 1618 1300 vel
1642 1236 1718 1299 ville
1742 1235 1827 1299 infra

171 1328 231 1392 hos
255 1331 411 1394 terminos
435 1332 468 1395 in
484 1339 651 1418 posterum
667 1333 788 1397 fuerint
811 1331 974 1409 edificata,
999 1333 1083 1396 sicut
1107 1354 1181 1396 eum
1204 1335 1307 1420 ipsius
1331 1335 1472 1399 ecclesie
1492 1338 1651 1422 prepositi
1667 1336 1824 1402 hactenus

171 1432 409 1498 rationabiliter
432 1435 658 1522 possederunt,
683 1437 728 1499 ita
750 1456 879 1520 quoque
904 1436 1010 1520 ipsum
1034 1434 1208 1500 indivisum
1233 1444 1266 1501 et
1288 1437 1414 1523 absque
1437 1437 1653 1520 diminutione
1677 1441 1826 1526 qualibet

172 1535 412 1622 imperpetuum
435 1539 622 1618 obtineant,
653 1548 686 1605 et
717 1541 801 1630 infra
831 1546 1021 1624 prenotatos
1044 1541 1201 1604 terminos
1224 1541 1484 1606 iurisdictionem
1508 1543 1705 1608 ordinariam
1728 1565 1824 1608 exer-

172 1645 280 1718 ceant,
311 1641 513 1726 corrigentes
537 1650 571 1707 et
593 1644 809 1707 reformantes
839 1643 872 1706 in
902 1643 1030 1706 clericis
1054 1644 1143 1707 etin
1167 1644 1260 1706 laicis
1286 1651 1319 1708 et
1343 1646 1556 1709 sacramentis
1580 1647 1824 1724 ecclesiasticis,

171 1762 234 1826 que
258 1745 460 1809 correctione
484 1753 517 1808 et
547 1746 778 1810 reformatione
802 1744 944 1809 viderint
974 1745 1149 1830 expedire,
1183 1745 1375 1811 obedientes
1405 1748 1537 1812 foveant
1567 1756 1599 1813 at
1630 1749 1825 1828 confortent,

170 1845 312 1910 rebelles
342 1870 419 1913 vero
448 1858 481 1913 et
508 1856 716 1914 contumaces
748 1850 912 1933 corrigant
942 1857 975 1912 et
1005 1848 1198 1930 emendent,
1235 1872 1275 1915 ne
1307 1852 1440 1935 sanguis
1470 1872 1582 1915 eorum
1611 1852 1652 1917 da
1681 1853 1825 1938 ipsorum

171 1950 321 2013 manibus
352 1952 545 2036 requiratur.
599 1952 892 2016 Parrochianorum
925 1972 1054 2036 quoque
1087 1953 1119 2015 in
1150 1952 1266 2017 codem
1297 1952 1563 2019 archidiaconatu
1594 1953 1825 2019 decedentium

172 2057 283 2116 vestes
317 2054 471 2118 meliores
507 2076 580 2118 cum
615 2054 860 2139 superpellicio,
899 2075 1017 2138 equum
1049 2056 1207 2141 optimum
1239 2076 1311 2119 cum
1343 2057 1550 2142 pertinentiis
1580 2058 1673 2121 iuxta
1701 2077 1825 2120 morem

170 2155 465 2240 Magdeburgcnsis
496 2159 637 2222 ecclesie
669 2165 702 2222 et
733 2159 1013 2242 suffraganearum
1044 2159 1258 2224 ecclesiarum
1289 2158 1436 2224 eiusdem
1464 2159 1656 2246 metropolis
1684 2165 1717 2223 et
1747 2180 1824 2223 con-

171 2260 378 2324 suetudinem
402 2261 559 2324 hactenus
584 2260 791 2324 observatam
813 2262 959 2347 presenti
988 2262 1108 2347 scripto
1136 2263 1277 2326 ecclesie
1301 2269 1481 2326 memorate
1506 2262 1683 2348 prepositis
1707 2262 1824 2326 confir-

170 2385 306 2427 mamus.
353 2363 529 2429 Sciendum
552 2386 681 2450 quoquc
714 2373 780 2444 est,
811 2363 898 2448 quod
920 2364 1006 2428 dicte
1030 2363 1337 2448 Brandeburgensis
1368 2366 1507 2430 ecclesia
1536 2365 1739 2450 prepositus,
1771 2365 1825 2449 qui

171 2473 205 2532 et
228 2468 424 2554 episcopalis
453 2467 542 2532 sedis
573 2466 821 2531 archidiaconus
855 2473 921 2546 est,
954 2468 1053 2531 totius
1083 2467 1226 2531 diocesis
1257 2469 1290 2531 in
1313 2468 1464 2532 absentia
1487 2469 1636 2554 episcopi
1659 2489 1768 2532 curam
1792 2470 1825 2532 in

94 2621 104 2634 .
173 2570 327 2633 omnibus
356 2572 458 2656 gerit,
490 2579 557 2634 tam
588 2571 622 2634 in
651 2570 779 2634 iudiciis
810 2569 1004 2654 exercendis
1028 2577 1062 2632 et
1091 2569 1177 2633 curis
1202 2571 1416 2634 ecclesiarum
1439 2570 1645 2636 conferendis
1672 2592 1769 2656 quam
1792 2571 1825 2634 in

171 2674 244 2737 aliis
279 2674 520 2761 episcopalibus
554 2674 697 2759 negotiis
732 2673 957 2758 procurandis.
1010 2672 1140 2737 Mortuo
1177 2674 1275 2737 etiam
1310 2675 1484 2761 episcopo,
1522 2676 1652 2740 nomine
1685 2676 1825 2740 ecclesia

172 2776 369 2841 cathedralis
392 2778 434 2842 ad
457 2799 553 2842 usum
581 2778 682 2841 futuri
706 2776 908 2840 successoris
931 2796 997 2839 non
1021 2776 1126 2840 solum
1150 2777 1334 2862 spiritualia
1355 2798 1469 2842 verum
1494 2779 1687 2864 temporalia
1709 2779 1824 2841 ammi-

171 2881 298 2944 nistrat.
346 2881 527 2945 Statuimus
551 2888 713 2967 preterea,
737 2901 778 2945 na
802 2881 920 2966 aliquis
936 2879 1097 2966 plebanus
1117 2881 1219 2966 ipsius
1236 2880 1520 2946 archidiaconatus
1545 2882 1578 2944 in
1601 2882 1744 2946 ecclesia
1766 2902 1825 2945 sua

171 2984 327 3047 vicarium
350 2984 522 3050 instituere
550 2990 608 3049 aut
637 2985 830 3070 pensionem
860 2983 891 3046 ei
919 2983 1089 3067 assignare
1120 2982 1240 3048 audeat
1268 2985 1338 3047 sine
1367 2984 1527 3070 prepositi
1557 2985 1608 3048 sui
1638 2985 1824 3048 coniventia

172 3094 206 3150 et
229 3108 402 3152 consensu.
447 3087 664 3152 Decernimus
688 3088 822 3173 insuper
844 3093 1037 3166 statuentes,
1059 3092 1096 3149 ut
1118 3085 1205 3149 dicte
1225 3086 1365 3150 ecclesie
1388 3087 1537 3150 canonici
1559 3108 1579 3150 a
1601 3087 1686 3152 festo
1710 3094 1823 3152 sancte

170 3190 293 3276 pasche
315 3211 420 3275 usque
444 3189 485 3254 ad
508 3189 719 3268 dominicam,
751 3210 814 3273 qua
838 3194 1004 3252 cantatur:
1033 3186 1248 3275 ‘Adaperiat',
1281 3190 1528 3274 superpelliccis
1552 3196 1618 3254 tam
1648 3190 1681 3253 in
1703 3190 1822 3254 divinis

171 3313 267 3377 quam
292 3293 323 3356 in
347 3294 489 3358 claustro
513 3295 666 3358 continue
689 3299 836 3366 utantur;
865 3291 998 3355 hiemali
1022 3312 1099 3356 vero
1130 3300 1293 3377 tempore,
1324 3298 1421 3377 prout
1448 3292 1609 3356 hactenus
1634 3300 1685 3356 est
1709 3292 1822 3356 obser·

171 3402 291 3458 vatum.
336 3395 507 3461 Adicimus
530 3399 678 3484 insuper,
709 3405 746 3460 ut
769 3397 796 3459 si
820 3397 892 3480 quis
915 3395 1061 3459 fidelium
1086 3395 1126 3460 de
1151 3396 1343 3482 episcopatu
1367 3402 1478 3460 nostro
1502 3397 1571 3460 sive
1594 3396 1822 3479 undecumque

171 3498 278 3561 locum
303 3501 470 3585 sepulture
499 3499 586 3586 apud
610 3499 784 3563 ecelesiam
812 3498 916 3584 ipsam
940 3499 1133 3583 expetierit,
1165 3499 1255 3562 nulla
1277 3499 1503 3563 ecclesiastica
1525 3499 1724 3563 secularisve
1747 3519 1821 3584 per-

173 3622 254 3664 sona
277 3600 310 3664 id
334 3612 501 3687 presumat
524 3603 732 3688 aliquatenus
755 3601 915 3665 inhibere.
961 3598 1045 3665 Item
1063 3601 1246 3680 statuimus,
1271 3601 1357 3687 quod
1380 3603 1464 3665 sieut
1487 3623 1507 3666 a
1528 3603 1626 3686 longe
1650 3600 1823 3664 retroactis

173 3706 377 3791 temporibus
393 3706 601 3770 observatum
625 3715 686 3784 est,
709 3706 743 3770 in
766 3705 819 3770 die
836 3706 1016 3790 palmarum
1040 3725 1153 3768 omnes
1169 3706 1339 3791 utriusque
1363 3706 1506 3769 civitatis
1529 3712 1596 3769 tam
1619 3726 1703 3769 nove
1726 3725 1823 3788 quam

173 3808 294 3872 veteris
323 3809 434 3872 clerici
465 3816 498 3874 et
527 3810 603 3873 laici
635 3831 709 3874 cum
738 3808 911 3893 sollempni
946 3808 1156 3893 processione
1190 3807 1231 3871 ad
1266 3809 1543 3873 consecrationem
1572 3808 1753 3894 palmarum
1782 3805 1824 3870 ad

173 3911 347 3975 ecclesiam
385 3912 604 3977 cathedralem
632 3911 966 3996 Brandeburgensem
998 3909 1171 3991 accedant,
1206 3932 1266 3975 nec
1299 3913 1333 3974 in
1367 3912 1475 3996 aliqua
1507 3911 1648 3976 ecclesia
1681 3910 1823 3974 civitatis

172 4017 342 4101 utriusque
365 4017 466 4081 missa
482 4018 675 4092 celebretur,
700 4037 868 4102 quousque
886 4016 1089 4079 consecratio
1106 4016 1287 4101 palmarum
1310 4017 1344 4080 in
1367 4015 1509 4081 ecelesia
1525 4007 1704 4079 cathedrali
1719 4013 1822 4077 hono-

175 4118 265 4182 rifice
289 4121 508 4206 compleatur,
533 4127 566 4185 et
589 4120 676 4204 quod
699 4121 732 4183 in
754 4119 807 4184 die
830 4120 1033 4184 ascensionis
1058 4118 1190 4183 Domini
1214 4127 1247 4183 et
1270 4121 1303 4184 in
1325 4121 1410 4184 festo
1433 4119 1656 4205 apostolorum
1676 4117 1767 4181 Petri
1790 4123 1824 4180 et

173 4220 268 4285 Pauli
292 4243 363 4286 cum
388 4223 561 4308 sollempni
577 4223 789 4309 processione
813 4222 893 4287 cleri
917 4228 950 4286 et
972 4222 1085 4308 populi
1109 4223 1278 4307 utriusque
1296 4224 1436 4287 civitatis
1459 4220 1656 4286 cathedralis
1673 4220 1823 4298 ecclesia,

174 4346 236 4409 que
261 4325 294 4389 in
318 4325 440 4390 honore
463 4326 551 4390 beati
570 4327 662 4391 Petri
685 4333 737 4390 est
759 4325 904 4405 fundata,
931 4326 1156 4411 sollempniter
1178 4327 1338 4390 visitetur.
1385 4326 1419 4390 Si
1443 4325 1515 4412 quis
1538 4329 1647 4388 autern
1669 4323 1824 4390 indictis

174 4425 439 4513 processionibus
462 4428 691 4510 observandis,
725 4427 933 4515 impediendo
963 4435 1020 4492 aut
1046 4449 1111 4492 non
1140 4427 1300 4492 servando
1327 4430 1433 4514 ipsas,
1463 4434 1639 4492 contumax
1664 4427 1763 4492 fuerit
1791 4433 1825 4492 et

174 4530 320 4611 rebellis,
345 4532 520 4617 episcopus
544 4532 597 4596 vel
619 4533 808 4618 prepositus
825 4531 1130 4615 Brandeburgensis
1154 4533 1261 4617 ipsum
1283 4531 1563 4596 animadversione
1587 4529 1708 4610 debita,
1731 4528 1823 4594 vide·

150 4635 253 4698 ¹licet
276 4635 303 4697 si
327 4635 464 4699 clericus
495 4635 594 4698 fuerit
616 4635 793 4720 plebanus,
821 4656 881 4721 per
910 4655 1028 4721 penam
1059 4633 1284 4720 suspensionis
1316 4634 1358 4698 ab
1381 4634 1489 4698 officio
1512 4634 1566 4698 vel
1588 4632 1766 4712 beneficio,
1795 4633 1824 4696 si

172 4737 293 4816 laicus,
327 4760 387 4823 per
421 4739 618 4802 sententiam
647 4738 994 4803 excommunicationis
1027 4738 1170 4822 corrigat
1198 4744 1231 4800 et
1261 4736 1424 4801 emendet.
1469 4734 1650 4800 Monachos
1683 4757 1760 4800 vero
1791 4735 1824 4798 in

174 4841 368 4926 episcopatu
391 4847 503 4905 nostro
526 4841 696 4926 degentes,
719 4841 761 4906 ad
784 4862 865 4926 quos
888 4863 966 4905 cura
988 4842 1170 4904 animarum
1192 4860 1258 4904 non
1280 4845 1426 4925 spectat,
1451 4838 1677 4903 confessiones
1700 4837 1823 4917 audire,

173 4944 237 5007 nisi
260 4965 372 5008 eorum
396 4944 450 5029 qui
479 4944 565 5031 apud
596 4946 686 5030 ipsos
717 4944 951 5024 decubuerint,
985 4944 1173 5030 penitentes
1202 4943 1388 5022 absolvere,
1418 4942 1617 5027 penitentias
1641 4939 1824 5023 iniungere,

173 5052 318 5111 mortuos
348 5048 489 5132 sepelire
519 5047 589 5112 sine
618 5068 782 5112 consensu
810 5045 915 5132 ipsius
948 5045 1170 5110 archidiaconi
1193 5052 1227 5110 et
1249 5044 1470 5124 sacerdotum,
1499 5043 1616 5128 quibus
1646 5062 1725 5106 cura
1753 5041 1824 5105 ani-

176 5171 300 5213 marum
324 5156 376 5214 est
399 5151 586 5232 commissa,
616 5149 811 5215 omnimodis
839 5149 1060 5236 prohibemus.
1106 5148 1324 5215 Prohibemus
1347 5150 1496 5233 insuper,
1525 5153 1562 5210 ut
1584 5146 1665 5210 nulli
1688 5145 1824 5209 fratrum

174 5261 358 5316 vestromm
381 5261 456 5338 post
486 5254 605 5318 factam
633 5255 667 5317 in
697 5254 769 5339 ipsa
798 5253 940 5316 ecclesia
962 5253 1200 5338 professionem
1231 5253 1281 5316 fas
1310 5253 1352 5316 sit
1380 5251 1504 5335 absque
1533 5248 1691 5335 prepositi
1721 5248 1824 5334 ipsius

174 5356 308 5420 licentia
331 5355 371 5420 de
395 5357 466 5442 ipso
489 5358 561 5422 loco
579 5356 760 5422 discedere.
804 5355 1040 5420 Discedentem
1062 5377 1140 5419 vero
1164 5356 1234 5419 sine
1258 5353 1421 5418 communi
1443 5353 1624 5418 litterarum
1642 5359 1825 5416 vestramm

175 5460 325 5524 cautione
349 5460 457 5523 nullus
480 5459 599 5524 audeat
621 5460 775 5524 retinere.
821 5459 987 5524 Reversus
1010 5479 1106 5536 vero,
1136 5459 1205 5522 sive
1228 5456 1270 5521 de
1302 5456 1413 5520 seculo
1438 5456 1507 5519 sive
1530 5455 1571 5520 de
1595 5455 1660 5520 alio
1683 5455 1824 5518 claustro

176 5561 320 5642 redierit,
343 5563 486 5626 omnium
508 5572 585 5626 tunc
609 5563 642 5626 in
665 5563 782 5626 eadem
805 5562 946 5626 ecclesia
971 5561 1186 5625 existentium
1209 5560 1266 5624 fiat
1288 5558 1496 5638 novissimus,
1520 5577 1581 5622 nac
1605 5557 1638 5621 in
1662 5563 1825 5621 conventu

178 5687 239 5730 nec
262 5666 295 5728 in
319 5665 462 5754 capitulo
486 5663 715 5730 consentiendi
737 5666 791 5729 vel
814 5661 1057 5728 contradicendi
1081 5663 1149 5728 sive
1173 5662 1271 5726 etiam
1295 5659 1449 5750 loquendi
1471 5681 1586 5724 vocem
1607 5659 1739 5740 habeat,
1762 5657 1826 5722 nisi
