4538 6426
1017 359 1065 422 EX
1081 359 1238 422 HONORII
1256 359 1297 419 111
1315 353 1495 420 REGISTRO

1224 631 1285 707 47.

538 742 726 837 Honorias
747 769 814 836 III
828 793 915 852 papa
937 773 960 856 [
958 769 1103 838 Conrado
1125 774 1149 837 I
1153 772 1196 858 V]
1218 775 1356 855 episcopo
1378 771 1603 854 Ratlspaaeasi
1625 777 1654 835 et
1675 768 1786 838 Sancti
1807 763 2030 837 Errrareraaaai
2051 777 2080 836 et

427 874 465 938 da
499 875 696 942 Wallerbaclr
733 875 897 939 abbatibus
928 876 1071 954 mandat,
1111 881 1146 939 at
1179 877 1330 941 acanum
1361 879 1500 957 altosque
1531 878 1690 957 praelatas
1725 877 1867 940 ecelesiae
1896 875 2078 956 Properate,

427 978 483 1058 qai
503 978 701 1042 interdictam
723 978 954 1056 relaxaverant,
977 979 1020 1042 ad
1041 979 1141 1042 sedeat-
1163 981 1364 1058 apostolicam
1386 982 1611 1043 transmittant.
1706 981 1799 1056 121a,
1822 979 1916 1042 Febr.
1940 982 1991 1041 16.

532 1096 604 1149 Han.
623 1096 682 1149 ΙΙΙ
697 1097 767 1164 Rea.
792 1095 847 1149 Vol.
867 1096 982 1161 1,aea;
1001 1096 1064 1150 Lib.
1084 1096 1128 1164 II,
1148 1099 1211 1150 920.

531 1183 666 1248 Pottbast,
684 1183 754 1253 Ray.
775 1187 858 1237 5707.

511 1397 730 1488 Episcopo
763 1402 805 1470 et
834 1453 841 1469 .
871 1453 879 1470 .
908 1397 1061 1470 Sancti
1088 1353 1393 1470 Emmerammi
1420 1396 1770 1487 Ratisponensis
1797 1401 1838 1469 et
1866 1453 1875 1470 .
1904 1453 1912 1469 .
1942 1397 1993 1469 de

542 1517 820 1591 Wallerhach
848 1517 1165 1592 Cisterciensis
1193 1516 1369 1589 ordinis
1397 1516 1741 1607 Ratisponeusis
1768 1517 1957 1589 diocesis

1097 1735 1098 1738 Ἴ
1126 1637 1376 1711 abbatibus.

535 1784 745 1849 Venerabilis
767 1784 871 1848 frater
893 1789 1005 1847 noster
1028 1831 1060 1846 ..
1084 1783 1261 1867 Pragensis
1278 1783 1470 1868 episcopus¹
1493 1782 1588 1845 nobis
1609 1781 1775 1847 humiliter
1798 1784 1968 1867 intimavit,
1992 1787 2079 1872 quod

429 1936 435 1951 .
454 1936 461 1951 .
482 1886 625 1952 decanus
650 1895 683 1951 et
705 1886 836 1971 quidam
859 1886 899 1950 de
916 1887 1051 1971 prelatis
1068 1894 1101 1951 et
1118 1888 1284 1951 canonicis
1303 1887 1443 1951 ecclesie
1461 1907 1519 1949 sue
1536 1887 1730 1950 auctoritate
1744 1888 1877 1973 propria
1892 1889 2079 1954 relaxarent
2145 1919 2149 1944 ι

372 2032 376 2042 ·
428 1989 513 2075 quod
535 1991 567 2054 in
588 1991 661 2077 ipsa
678 1997 834 2077 posuerat
854 1989 1071 2068 interdictum,
1095 1991 1185 2075 prius
1210 2010 1305 2074 quam
1329 1989 1527 2054 venerabilis
1551 1989 1652 2054 frater
1675 1997 1788 2053 noster
1811 2037 1817 2052 .
1842 1989 2080 2076 ‚Magantinus

427 2094 715 2181 arehiepiscopus²
738 2094 974 2158 relaxationem
998 2093 1200 2177 generalem,
1228 2114 1325 2178 quam
1348 2098 1537 2177 reputamus
1559 2092 1689 2177 penitus
1714 2093 1783 2158 fore
1807 2097 1944 2175 nullam,
1971 2096 2081 2160 facere

427 2198 691 2284 presumpsisset,
715 2197 822 2281 ipsum
845 2196 968 2276 adhuc,
991 2195 1069 2260 lieet
1091 2195 1190 2260 fuerit
1213 2195 1438 2260 confirmatum
1461 2195 1654 2261 auctoritato
1679 2198 1874 2282 apostolica,
1905 2199 2080 2263 observare

427 2321 510 2364 ausu
538 2302 711 2366 temerario
750 2306 1029 2384 contempnentes.
1097 2299 1257 2372 Quocirca
1294 2299 1483 2364 discretioni
1518 2307 1627 2363 vestre
1659 2321 1718 2384 per
1750 2303 1929 2386 apostolica
1960 2303 2082 2386 scripta

426 2403 637 2489 precipiendo
660 2402 862 2481 mandamus,
886 2401 1038 2487 quatinus
1061 2409 1170 2466 utrum
1193 2403 1360 2487 premissis
1384 2404 1504 2467 veritas
1528 2405 1739 2488 suffragetur,
1771 2427 1830 2490 per
1860 2426 1918 2469 vos
1942 2413 1976 2470 et
1997 2406 2079 2470 alios
2146 2425 2157 2460 t»

426 2526 499 2568 cum
522 2507 651 2570 cautela
673 2513 706 2569 et
728 2505 888 2569 industria
911 2504 1100 2588 diligentius
1125 2506 1352 2591 explorantes,
1376 2506 1476 2590 ipsos,
1499 2507 1526 2570 si
1549 2507 1597 2570 rei
1621 2507 1741 2570 veritas
1771 2509 1817 2570 sic
1842 2529 1877 2572 se
1900 2508 2017 2588 habet,
2040 2509 2081 2572 ab

426 2607 533 2672 officio
554 2609 781 2694 beneficioque
805 2629 983 2694 suspensos
1008 2607 1050 2672 ad
1073 2607 1185 2672 sedem
1208 2609 1423 2693 apostolicam
1446 2610 1674 2673 transmittatis
1698 2609 1922 2674 satisfacturos
1937 2611 2033 2674 nobis
2049 2619 2082 2674 et

425 2710 488 2795 ipsi
511 2710 552 2774 de
575 2719 665 2776 tante
689 2712 943 2798 presumptionis
966 2733 1115 2777 excessu.
1169 2710 1313 2784 Quodsi
1337 2735 1401 2777 non
1425 2733 1537 2777 omues
1564 2751 1618 2794 —,
1650 2721 1686 2776 tu
1709 2734 1765 2794 aa,
1794 2712 1896 2777 frater
1916 2715 2083 2800 episcope,

426 2834 499 2876 cum
524 2834 636 2878 aarum
659 2816 762 2879 altero
787 2822 850 2879 ete.

532 2916 609 2980 Dat.
632 2917 785 2983 Lateran.
807 2917 889 2982 XIV
912 2916 988 2984 Kal.
1011 2918 1132 3000 Martii,
1156 2940 1240 2998 anuo
1265 2920 1418 2984 seeundo.

1216 3389 1276 3460 48.

534 3499 721 3595 Honorias
747 3527 814 3591 ΙΙΙ
828 3548 919 3608 papa
940 3521 1115 3610 [Gosrr'ao]
1142 3527 1280 3608 episcopa
1305 3527 1495 3592 Taraaceusr'
1523 3529 1669 3606 naneae,
1700 3534 1736 3594 at
1766 3529 1915 3610 maptstra
1937 3527 2080 3612 Radnlso

424 3631 461 3695 de
482 3632 643 3715 Baacipai
665 3633 776 3696 rectori
797 3631 939 3695 ecelesiae
962 3629 1073 3696 Sancti
1093 3629 1197 3693 Bran
1219 3631 1398 3711 bertradanae
1414 3632 1625 3711 praebendale
1648 3633 1796 3712 euaserat.

1708 3737 1802 3813 1218,
1826 3735 1919 3799 Far.
1942 3738 1994 3799 20.

529 3821 601 3874 Hau.
621 3819 678 3872 ΙΙΙ
694 3819 763 3889 Ray.
788 3818 844 3872 Vol.
863 3819 889 3882 I,
906 3822 976 3878 2265
996 3818 1059 3871 Lib.
1079 3817 1122 3882 Il,
1138 3821 1196 3872 921.

528 3905 603 3960 Bibl.
622 3905 736 3960 Parta.
756 3904 830 3959 Han.
850 3903 907 3956 III
921 3904 977 3973 Ep.
997 3903 1058 3958 Lib.
1077 3904 1121 3970 II,
1139 3920 1165 3958 a.
1185 3908 1242 3957 142.

985 4114 1206 4206 Episcopo
1235 4114 1516 4187 fornacensi.

536 4262 639 4328 Sedes
657 4263 840 4349 apostolica
856 4284 965 4327 curam
988 4284 1107 4347 gerens
1131 4263 1171 4328 de
1191 4264 1433 4349 provisionibus
1458 4264 1673 4347 singulorum,
1698 4261 1863 4348 profusius
1887 4283 1986 4348 super
2008 4263 2082 4328 illos

426 4389 534 4433 rorem
559 4389 617 4431 sue
641 4367 881 4432 benedictionis
905 4367 1061 4447 infundit,
1096 4369 1152 4451 qui
1186 4368 1281 4449 eopia
1312 4369 1496 4431 litterarum
1530 4373 1564 4431 et
1592 4387 1718 4430 morum
1746 4367 1852 4450 gratia
1880 4367 2082 4452 precedente

428 4471 602 4536 scientiam
624 4469 789 4533 honestati
812 4470 974 4549 maritant,
998 4491 1095 4554 quam
1118 4477 1237 4554 gerunt
1259 4471 1293 4532 in
1309 4470 1424 4534 habitu
1439 4491 1520 4553 pure
1537 4470 1666 4533 mentis.
1711 4469 1809 4532 Tales
1834 4470 1930 4548 euim,
1954 4471 1986 4532 in
2010 4471 2081 4554 qui·

290 4590 349 4632 esu.
366 4595 405 4642 ra.
426 4575 487 4638 bus
511 4574 648 4638 seientia
671 4580 704 4636 et
726 4573 883 4637 honestas
907 4574 1072 4637 amicabili
1095 4574 1208 4638 federe
1233 4575 1481 4657 coniunguntur,
1505 4580 1671 4658 tamquam
1694 4573 1783 4656 ligna
1806 4593 1901 4636 secus
1924 4572 2080 4637 decursus
2134 4594 2159 4630 a·

424 4697 581 4760 aquarum
603 4677 749 4762 plantata
773 4677 1002 4740 suavissimum
1033 4676 1111 4740 dare
1136 4678 1242 4741 solent
1272 4677 1305 4740 in
1333 4683 1479 4762 tempore
1512 4697 1570 4741 suo
1594 4676 1749 4756 fructum,
1780 4676 1880 4740 verbo
1904 4678 2027 4761 pariter
2050 4683 2084 4740 et

426 4782 580 4866 exemplo
611 4781 697 4844 viam
732 4781 798 4845 vita
835 4781 1038 4866 simplicibus
1074 4781 1295 4846 ostendentes.
1357 4781 1542 4867 Eupropter
1576 4780 1730 4844 dilectum
1759 4780 1860 4844 filium
1889 4780 2082 4864 magistrum

425 4883 601 4948 Radulfum
623 4883 664 4948 de
687 4883 859 4968 Baneigni,
884 4891 1042 4948 rectorem
1059 4885 1199 4950 ecclesie
1224 4884 1336 4949 Sancti
1357 4884 1471 4964 Britii,
1501 4886 1570 4968 qui,
1601 4885 1684 4948 sieut
1705 4904 1748 4947 ex
1771 4885 1959 4948 testimonio
1981 4885 2082 4970 pluri-

426 5008 551 5052 morum
574 4987 709 5050 fratrum
732 4995 916 5051 nostrorum
945 4994 979 5051 et
1001 4987 1113 5051 dilecti
1135 4988 1194 5051 filii
1219 4984 1403 5074 R[aynerii]
1432 4987 1694 5052 vicecancellarii
1722 4987 1841 5066 nostri,
1875 4987 1966 5050 cuius
1995 4987 2082 5051 idem

426 5091 459 5154 in
482 5089 676 5155 cancellaria
698 5097 811 5154 nostra
833 5090 999 5174 obsequiis
1022 5090 1162 5154 fideliter
1185 5090 1370 5172 insudavit,
1394 5091 1575 5172 didicimus,
1599 5112 1639 5155 ea
1661 5111 1787 5154 morum
1811 5089 1983 5153 honestate
2007 5111 2081 5174 pre·
2134 5116 2159 5152 n.

425 5193 529 5278 fulget
550 5193 733 5258 litterarum
757 5214 874 5280 sapore
900 5193 1045 5275 condita,
1070 5194 1155 5280 quod
1178 5194 1219 5258 ad
1235 5195 1496 5260 ecclesiasticum
1519 5194 1714 5260 beneficium
1736 5192 1949 5257 obtinendum
1972 5195 2081 5277 rogari

426 5296 545 5361 debeat
580 5297 689 5382 potius
725 5319 822 5382 quam
856 5318 989 5381 rogaro,
1024 5297 1219 5362 fraternitati
1252 5305 1308 5361 tue
1340 5297 1492 5361 duximus
1516 5296 1794 5376 committendum,
1820 5319 1879 5383 per
1901 5298 2083 5383 apostolica

425 5400 484 5464 tibi
508 5401 628 5486 scripta
650 5400 863 5487 precipiendo
895 5399 1102 5482 mandantes,
1137 5401 1288 5486 quatinus
1323 5402 1354 5465 ei
1382 5401 1423 5465 de
1458 5408 1513 5466 tuo
1544 5402 1598 5466 vel
1620 5402 1727 5466 alieno
1751 5402 1784 5464 in
1808 5402 1917 5487 aliqua
1940 5402 2082 5466 ccclesia

575 5561 729 5568 -.—...-—....,
744 5565 750 5567 .
763 5563 796 5567 ,Δ-
811 5561 1016 5567 .,...----.-
1047 5562 1053 5566 ,-
1196 5562 1198 5566 .
1360 5563 1379 5566 --
1392 5563 1400 5567 -
1445 5563 1502 5566 -.-..
1520 5565 1596 5568 .——
1667 5563 1668 5568 ,
1703 5565 1736 5568 —.
1780 5563 1907 5569 —..-.
1920 5561 1977 5570 -aq

528 5658 554 5724 1)
571 5657 708 5714 Andreae.
780 5660 807 5727 2)
829 5657 958 5730 Sittidas
977 5658 1020 5712 ΙΙ.
