4494 6426
1038 373 1085 429 EX
1104 373 1260 430 Hououu
1279 373 1319 429 ΠΙ
1338 371 1518 428 REGISTRO

626 571 682 646 ·F.
711 571 883 645 illustri
909 571 1213 647 Romanorum
1241 571 1501 664 imperatori
1527 592 1700 662 semper
1727 573 1913 660 augusto

1099 698 1139 766 ct
1166 693 1263 786 regi
1288 692 1454 766 Sicilie.

556 842 701 907 Litteras
724 849 798 906 tuas
814 842 986 907 affectione
1010 848 1167 907 consueta
1183 842 1377 928 recepimus,
1401 843 1606 905 continentes
1630 838 1716 925 quod
1739 840 1956 924 quadraginta
1978 840 2103 923 galeae,

451 967 531 1030 quas
554 945 629 1010 ideo
652 945 828 1020 retinebas,
852 952 888 1010 ut
910 953 1019 1010 tecum
1041 947 1229 1026 transirent,
1252 967 1325 1009 cum
1348 944 1485 1010 duceres
1502 943 1788 1023 transfretandum,
1814 945 1924 1006 statim
1948 941 2103 1006 mandato

449 1054 560 1112 nostro
589 1055 723 1134 recepto
757 1049 790 1112 in
822 1048 923 1113 Terre
952 1048 1071 1113 Sancte
1100 1047 1280 1112 subsidium
1312 1047 1501 1128 destinasti,
1535 1069 1572 1110 ac
1606 1047 1687 1132 ipsis
1714 1045 1936 1110 venerabilem
1968 1045 2103 1108 fratrem
2156 1073 2167 1110 s

449 1157 627 1216 nostrum.
653 1179 660 1215 .
685 1151 930 1215 Cathanensem
954 1152 1159 1238 episcopum,
1184 1152 1277 1236 regui
1301 1150 1414 1215 Sicilie
1439 1151 1685 1230 cancellarium,
1710 1156 1742 1213 et
1765 1149 1909 1213 nobilern
1932 1148 2039 1212 virum
2064 1197 2070 1211 .
2095 1196 2103 1210 .

448 1255 600 1319 comitem
622 1252 819 1318 Maltensem
843 1255 1041 1319 exercitatos
1066 1256 1098 1317 in
1122 1254 1221 1318 rebus
1243 1252 1352 1318 arduis
1376 1254 1554 1340 prefecisti.
1601 1253 1687 1318 Sane
1711 1259 1839 1337 gratum
1867 1252 1963 1316 nobis
1987 1259 2040 1316 est
2063 1251 2103 1316 de

447 1357 632 1422 huiusmodi
656 1357 802 1422 subsidio
827 1360 1006 1442 galearum,
1030 1365 1081 1422 set
1105 1379 1177 1421 cum
1200 1356 1241 1420 ad
1265 1358 1457 1442 obsequium
1480 1365 1512 1422 te
1537 1357 1708 1422 devoveris
1724 1355 1801 1420 Iesu
1817 1355 1940 1420 Christi
1964 1365 1998 1420 et
2021 1357 2104 1418 iam-

448 1459 569 1525 dudum
585 1462 771 1548 specialiter
788 1463 978 1527 missionem
995 1462 1082 1526 stolii
1098 1462 1316 1547 promisisses,
1339 1483 1544 1546 nequaquam
1568 1461 1629 1524 hcc
1653 1460 1734 1524 adeo
1750 1461 1858 1525 iuerat
1873 1457 2104 1540 differendum,

448 1584 522 1626 oum
544 1562 708 1627 modicum
732 1564 774 1626 sit
797 1562 837 1627 de
863 1571 989 1644 cetero,
1018 1565 1094 1649 qnia
1117 1586 1176 1650 per
1205 1586 1351 1629 mensem
1376 1564 1546 1628 comodum
1568 1564 1769 1649 galearumr,
1800 1564 1999 1648 exquibus,
2031 1564 2103 1626 sia
2155 1584 2176 1620 a·

448 1671 503 1729 tue
527 1666 754 1751 promissionis
783 1673 930 1753 tempore
957 1668 1202 1747 transivissent,
1233 1667 1366 1751 grandis
1395 1675 1546 1754 potuerat
1573 1669 1763 1753 provenisse
1795 1667 1972 1753 profectus.
2020 1666 2103 1730 Cum

449 1775 559 1832 autem
583 1775 681 1834 exte
705 1770 847 1833 maxime
876 1770 1020 1855 pendeat
1043 1772 1212 1856 negotium
1236 1771 1337 1835 Terre
1363 1770 1499 1851 Sancte,
1524 1771 1673 1850 attende,
1697 1771 1743 1834 fili
1766 1771 1953 1848 karissime,
1977 1791 2020 1832 an
2043 1791 2103 1834 ex-

451 1871 578 1958 pediat,
608 1878 645 1936 nt
673 1873 719 1936 sic
747 1872 788 1936 ad
811 1873 933 1937 fectum
962 1874 1056 1958 regni
1080 1874 1190 1938 Sicilie
1214 1875 1430 1952 convertaris,
1464 1874 1548 1959 quod
1579 1881 1689 1937 votum
1720 1895 1785 1938 non
1815 1873 1932 1938 reddas
1960 1873 2102 1936 Domino

451 1974 513 2041 deo
536 1982 604 2040 tun.
650 1975 747 2041 Certe
772 1979 799 2040 si
823 1978 915 2041 iuxta
937 1984 1083 2042 nostrum
1107 1979 1276 2060 consilium
1293 1979 1522 2064 processisses,
1545 2000 1645 2064 prava
1669 1979 1701 2041 in
1724 1977 1848 2041 directa
1873 1983 1905 2040 et
1928 1997 2047 2062 aspera
2070 1977 2103 2039 in

448 2080 518 2142 rias
541 2080 655 2166 planas
679 2081 739 2144 tibi
762 2081 919 2152 tuissent:
949 2103 1009 2145 nec
1032 2083 1095 2145 hoc
1118 2080 1272 2160 dicimus,
1296 2088 1332 2146 ut
1355 2081 1395 2146 de
1418 2089 1531 2146 nostra
1554 2091 1677 2146 temere
1701 2081 1838 2145 scientia
1861 2101 2101 2165 presumamus,
2153 2107 2173 2142 u

450 2189 500 2246 set
522 2190 686 2268 tamquam
711 2205 754 2248 ex
770 2183 983 2248 diuturnitate
1006 2185 1162 2271 temporis
1187 2207 1301 2250 causas
1324 2186 1430 2249 varias
1456 2192 1488 2250 et
1508 2185 1654 2248 diversas
1678 2184 1814 2270 experti.
1859 2183 1923 2247 Pro
1947 2190 1980 2247 te
2004 2184 2103 2267 igitur

450 2291 563 2349 contra
586 2307 644 2349 nos
668 2287 812 2370 graviter
835 2287 1048 2362 acclamatur;
1071 2288 1190 2352 dicitnr
1213 2289 1300 2352 cuim
1321 2288 1407 2352 intra
1430 2295 1463 2351 et
1487 2294 1580 2352 extra
1601 2287 1782 2351 Romanam
1807 2286 1991 2366 eeclesiam,
2015 2285 2102 2370 quod

448 2388 539 2451 illum
563 2388 605 2452 ad
627 2411 800 2475 personam
823 2395 911 2454 tuam
936 2390 1115 2456 habeamus
1137 2392 1306 2468 affectum,
1336 2399 1371 2455 ut
1400 2399 1512 2455 contra
1535 2391 1643 2455 Deum
1671 2399 1704 2454 et
1726 2391 1894 2474 negotium
1918 2411 2013 2453 suum
2036 2412 2102 2454 non

448 2490 634 2556 dubitemus
658 2493 718 2556 tibi
741 2491 886 2573 deferre,
917 2495 1046 2579 iamque
1070 2493 1195 2558 adhoc
1220 2501 1351 2559 ventum
1376 2501 1440 2572 est,
1467 2500 1504 2558 nt
1527 2494 1708 2558 iudicemus
1731 2515 1790 2557 nos
1814 2514 1887 2557 esse
1911 2493 2100 2579 perplexos,

449 2617 519 2661 cum
537 2597 666 2662 deferre
690 2598 750 2661 tibi
769 2620 827 2683 pre
849 2597 1024 2662 dilectione
1048 2599 1148 2663 nimia
1170 2599 1352 2680 suademur,
1376 2608 1409 2664 et
1430 2597 1470 2662 de
1492 2600 1624 2682 negotio
1643 2585 1747 2662 crucis
1767 2596 1898 2661 solliciti
1915 2597 2098 2660 necessita·
2148 2623 2169 2658 a·

448 2705 515 2763 tem
538 2701 713 2764 recolimus
737 2702 849 2787 populi
874 2701 1062 2766 Christiani.
1109 2702 1263 2766 Ceterum
1288 2701 1462 2788 postulasti
1485 2723 1504 2764 a
1526 2703 1631 2780 uobis,
1656 2709 1691 2764 ut
1714 2701 1937 2786 predicatores
1961 2702 2099 2785 aliquos,

448 2804 504 2888 qui
526 2803 694 2868 exhortari
717 2803 877 2869 deberent
900 2807 981 2870 alios
1013 2805 1054 2869 ad
1077 2806 1353 2870 transfretandum
1377 2813 1503 2887 tecum,
1533 2806 1674 2890 dirigere
1698 2805 1922 2890 dignaremur,
1951 2814 2003 2870 set
2027 2828 2100 2870 cum

448 2909 603 2975 debueris
627 2910 661 2972 in
683 2909 836 2973 instantis
859 2911 981 2974 mensis
1005 2909 1145 2995 Augusti
1174 2911 1326 2997 passagio
1356 2910 1585 2988 transfretare,
1618 2910 1790 2974 ridiculum
1814 2916 1879 2990 est,
1912 2909 1938 2972 si
1968 2908 2009 2972 de
2038 2909 2100 2973 hoc

448 3012 641 3077 intellexisti
665 3013 834 3098 passagio,
863 3020 896 3077 et
925 3014 952 3078 si
982 3014 1022 3078 de
1053 3015 1133 3096 alio,
1163 3036 1262 3098 quare
1291 3013 1324 3077 id
1352 3015 1384 3076 in
1415 3014 1532 3077 litteris
1563 3014 1746 3099 exprimere
1777 3012 1956 3077 noluistil?
1997 3012 2100 3076 Porro

448 3115 581 3180 attende
604 3115 660 3195 fili,
684 3135 725 3179 ne
749 3114 934 3204 decipiaris,
959 3118 1034 3182 dum
1060 3119 1166 3183 credis
1190 3118 1357 3205 decipere;
1385 3139 1509 3202 nosque
1533 3124 1667 3202 proptor
1690 3117 1751 3181 hoc
1775 3117 1987 3181 serenitatem
2010 3123 2099 3180 tuam
2148 3137 2169 3174 u

449 3239 618 3283 monemus
650 3224 684 3283 et
709 3219 877 3284 hortamur
903 3228 1044 3300 attente,
1074 3222 1225 3306 quatinus
1255 3229 1365 3285 votum
1401 3220 1518 3285 reddas
1543 3220 1713 3283 Altissimo
1745 3218 1831 3303 quod
1858 3219 1994 3293 vovisti,
2025 3241 2100 3284 nam

448 3322 579 3386 mentiri
607 3321 679 3387 Deo
708 3345 897 3409 possumus,
930 3325 1037 3409 ipsum
1071 3345 1149 3388 vcro
1180 3325 1294 3388 tallere
1327 3345 1393 3387 non
1426 3325 1584 3387 valemus.
1643 3323 1687 3385 Et
1715 3322 1846 3408 quidem
1877 3323 2100 3387 venerabilem

448 3424 581 3489 fratrem
616 3431 762 3490 nostrum
796 3475 804 3489 .
835 3478 842 3493 .
871 3428 1060 3513 episcopum
1091 3426 1313 3502 Ostiensem¹,
1347 3447 1500 3510 magnum
1536 3433 1568 3490 et
1602 3426 1744 3512 speciale
1778 3427 1917 3490 ecclesie
1949 3427 2100 3490 Romane

448 3528 646 3608 membrum,
676 3549 748 3592 cum
773 3530 952 3593 venerabili
975 3532 1074 3595 tratre
1099 3537 1209 3594 nostro
1237 3578 1244 3592 .
1269 3578 1277 3593 .
1300 3529 1427 3614 Regino
1452 3530 1630 3615 episcopo²
1657 3536 1791 3615 propter
1812 3528 1874 3592 hoc
1897 3529 2046 3593 misimus
2071 3532 2102 3593 in

447 3631 601 3696 Tusciam
641 3638 674 3696 et
713 3633 914 3718 provinciam
952 3633 1157 3697 Lombardic.
1226 3633 1284 3697 Set
1323 3638 1357 3697 et
1395 3632 1532 3697 dilectus
1572 3633 1658 3696 filius
1694 3633 1851 3716 magister
1888 3630 2098 3720 Olouradusl,
2147 3657 2168 3694 u

448 3735 637 3820 capellanus
670 3742 703 3800 ct
731 3737 982 3822 penitentiarius
1013 3745 1142 3817 noster,
1175 3735 1362 3821 specialiter
1388 3757 1446 3821 pro
1479 3737 1583 3800 crucis
1611 3737 1744 3820 negotio
1775 3737 1837 3800 tuit
1866 3759 1886 3800 a
1907 3737 2004 3802 nobis
2028 3757 2101 3801 cum

446 3837 594 3924 pluribus
618 3839 691 3903 aliis
714 3839 748 3902 in
771 3839 965 3903 Teutoniam
988 3839 1182 3904 destinatus.
1226 3840 1369 3903 Litteras
1399 3841 1515 3919 ctiam,
1544 3861 1624 3925 quas
1656 3839 1697 3903 ad
1719 3840 1863 3925 prelatos
1887 3842 2100 3905 ecclesiarum

447 3961 506 4026 pro
531 3939 647 4005 eodem
670 3941 803 4026 negotio
828 3941 924 4006 sedes
941 3943 1124 4029 apostolica
1146 3942 1331 4023 destinavit,
1354 3964 1459 4029 nuper
1482 3944 1619 4007 fecimus
1638 3943 1795 4020 innovari,
1818 3948 1855 4006 ut
1870 3943 2100 4007 insistentibus

446 4043 540 4107 verbi
563 4044 665 4108 crucis
689 4044 910 4109 exhortationi
933 4047 1069 4130 prelatis
1093 4046 1207 4111 fideles
1231 4046 1349 4111 fortius
1372 4045 1413 4110 ad
1437 4046 1538 4111 Terre
1556 4045 1675 4109 Sancte
1699 4045 1882 4110 subsidium
1905 4047 2098 4111 animentur.

552 4145 628 4211 Dat.
651 4146 806 4212 Lateran.
830 4147 915 4211 XIII
939 4148 1014 4214 Kal.
1037 4149 1122 4235 Aug.
1147 4171 1232 4213 anuo
1256 4150 1379 4234 quinto.

1231 4531 1314 4603 178.

554 4622 742 4716 Honorius
764 4652 831 4717 ΙΙΙ
842 4673 935 4732 popu
950 4652 1153 4736 F[riderico]
1176 4651 1391 4715 Rouiouorum
1414 4652 1596 4732 iuipcrotori
1620 4652 1757 4716 scribtus
1779 4651 1816 4716 dc
1837 4654 1958 4735 nepot-io
1983 4655 2098 4719 Terror

444 4752 580 4818 Sanctae
611 4757 827 4835 conqueritur,
867 4755 949 4836 quod
986 4756 1052 4836 apso
1088 4755 1305 4821 Christianum
1343 4756 1511 4819 exercitum
1545 4756 1699 4836 pollicitis
1727 4756 1894 4842 fefdterit,
1930 4777 2098 4840 procosque

443 4857 627 4936 srmuaddit
647 4860 760 4938 netues,
783 4859 866 4940 quod
886 4859 929 4923 ud
950 4860 1110 4924 ctcctioues
1125 4859 1323 4924 ecclesiarum
1345 4860 1380 4922 iu
1396 4879 1489 4941 repro
1510 4878 1566 4923 suo
1587 4859 1767 4923 uocantium
1782 4879 1896 4925 uranus
1911 4861 2098 4938 exterruerat,-

442 4960 645 5052 priritcpium¹
662 4963 908 5028 renuntiationis
930 4963 1012 5044 quod
1032 4963 1130 5027 edidit
1152 4967 1307 5042 occureret,
1329 4968 1496 5046 ruouctquc,
1519 4969 1554 5026 ut
1575 4987 1596 5029 u
1619 4968 1708 5027 touta
1731 4965 1900 5029 terricritete
1922 4965 2061 5028 desistet.

1734 5070 1828 5142 1221,
1851 5068 1935 5150 Athy.
1958 5071 2012 5132 21.
2146 5091 2169 5126 so

546 5167 619 5221 Heu.
638 5167 697 5222 ΙΙΙ
717 5168 784 5237 Rep.
812 5169 868 5222 Vol.
887 5168 954 5234 111,
979 5175 1047 5236 155;
1070 5169 1132 5223 Lib.
1157 5169 1208 5234 VI,
1227 5174 1249 5222 1.
1294 5169 1399 5222 Prrtzii
1420 5171 1557 5239 eaeuapter
1576 5170 1761 5239 suppleamus
1780 5187 1814 5224 ea
1833 5169 1929 5241 Rayu.
1947 5173 2021 5225 Arra.
2039 5168 2098 5223 eccl.

443 5268 469 5306 n.
504 5257 564 5315 22,
655 5285 690 5292 -
731 5295 737 5309 .

489 5258 503 5306 1
543 5257 772 5411 hairddehieq.
793 5345 876 5396 6703.

548 5549 570 5616 ¹)
589 5551 629 5602 hic
648 5553 718 5602 lours
736 5553 891 5617 depretiatus
909 5560 952 5602 eet.
1035 5548 1060 5616 ¹³)
1079 5551 1234 5602 voluistilt.

547 5670 574 5740 1)
593 5669 771 5738 Hupotiuum.
841 5671 868 5736 2)
888 5669 1013 5725 Nicoloo.
