4590 6366
1005 379 1053 434 EX
1072 378 1257 436 GREGORIO
1277 379 1316 434 IX
1335 375 1518 433 REGIS'I'RO
1548 413 1549 416 =

613 613 963 685 Instrumentum
990 633 1125 703 super
1149 611 1410 685 iuramentis
1437 610 1638 702 prestitis
1658 631 1686 702 a
1713 609 1921 681 senatore

760 738 802 806 et
828 723 1100 806 officialibus
1128 733 1219 806 suis
1248 754 1383 825 super
1409 753 1515 823 pace
1544 731 1775 803 servanda.

548 883 589 946 In
618 883 749 946 nomine
773 881 916 945 Domini.
963 881 1059 945 Anno
1083 881 1257 946 Dominice
1285 882 1466 945 nativitatis
1489 879 1772 960 M⁰GG⁰XXX⁰V,
1803 877 2022 964 pontificatus
2048 875 2110 938 do-

442 987 521 1050 mini
545 984 697 1068 Gregorii
721 1006 805 1070 pape
829 985 906 1048 noni
929 1007 1014 1048 anno
1037 1006 1142 1064 nono,
1174 984 1353 1049 indictione
1376 983 1477 1062 VIII,
1510 1005 1622 1048 mense
1646 983 1764 1060 Madii‚
1797 982 1850 1046 die
1874 981 1972 1045 XVI.
2023 979 2111 1043 Cum

441 1089 681 1174 longinquitate
705 1089 862 1173 temporis
886 1110 949 1169 res,
974 1096 1064 1152 certa
1086 1090 1263 1174 preteritis,
1287 1089 1404 1152 futuris
1429 1088 1590 1152 interdum
1613 1088 1760 1152 venitin
1785 1087 1930 1167 dubium,
1956 1085 2108 1148 humane
2195 1087 2198 1098 ’

443 1193 638 1257 conditionis
663 1193 783 1257 affectu
806 1191 931 1256 utiliter
954 1193 1096 1256 accessit
1119 1193 1284 1256 autentica
1304 1193 1462 1279 scripture
1479 1192 1679 1277 suffragium,
1702 1213 1763 1277 per
1786 1211 1883 1276 quam
1900 1197 2109 1276 prorogatur

442 1297 483 1360 ad
515 1301 665 1382 posteros
697 1296 776 1360 facti
803 1298 961 1361 memoria
991 1304 1024 1360 et
1051 1298 1260 1383 presentibus
1291 1298 1409 1361 clarius
1441 1296 1640 1382 providetur.
1694 1295 1774 1360 Inde
1810 1302 1878 1374 est,
1913 1293 2006 1380 quod
2042 1316 2109 1378 ego

442 1399 594 1463 Matheus
618 1400 708 1464 Petri
732 1400 871 1481 Iudicis,
904 1408 1016 1465 sancte
1039 1401 1187 1465 Romane
1212 1402 1351 1464 ecclesie
1381 1401 1586 1478 scriniarius,
1615 1400 1790 1464 attendens
1819 1421 1858 1463 ea
1890 1419 1955 1482 que
1990 1420 2107 1463 coram

443 1525 495 1567 me
519 1510 659 1587 aguntur
682 1525 778 1589 posse
803 1505 975 1589 aliquando
1000 1505 1131 1568 sinistra
1152 1506 1424 1591 interpretatione
1441 1504 1605 1584 confundi,
1630 1505 1693 1568 nisi
1711 1504 1831 1568 fuerint
1847 1503 1930 1566 actis
1955 1504 2108 1588 publicis

443 1606 607 1686 devoluta,
629 1615 666 1670 nt
688 1629 788 1692 super
809 1609 913 1691 gestis
937 1609 984 1672 rei
1008 1609 1129 1672 veritas
1153 1608 1282 1694 plenius
1306 1608 1480 1686 elucescat,
1505 1608 1626 1671 idoneo
1651 1609 1833 1696 iuramenta
1856 1628 1875 1670 a
1899 1606 2106 1691 subscriptis

444 1711 595 1795 personis
625 1711 765 1796 prestita
793 1732 892 1796 super
920 1733 1001 1797 pace
1026 1712 1107 1775 inita
1136 1713 1222 1775 inter
1248 1711 1422 1776 ecclesiam
1447 1719 1479 1775 et
1502 1711 1669 1775 Romanos
1693 1717 1839 1796 tempore
1863 1710 1991 1772 domini
2016 1708 2107 1773 Gre-

444 1814 528 1898 gorii
550 1826 657 1898 pape³
679 1812 729 1875 IX
753 1820 786 1876 ct
808 1812 931 1877 domini
955 1814 1075 1897 Angeli
1091 1813 1324 1878 Malabranceb
1350 1815 1511 1878 senatoris
1534 1813 1634 1877 Urbis
1658 1813 1827 1888 servanda,
1851 1819 1970 1896 rogatu
1998 1833 2107 1876 vene-

445 1916 596 1980 rabilium
625 1923 753 2002 patrum
782 1915 986 1980 dominorum
1010 1929 1081 1980 ...⁰
1107 1915 1291 2003 1011100010]
1318 1918 1357 1982 (10
1382 1917 1543 1982 Columna
1566 1925 1599 1981 01
1623 1915 1803 2003 Stephani‘l
1828 1916 2107 2001 presbyterorum

444 2019 657 2083 cardinalium
681 2040 739 2104 pro
763 2019 872 2083 futura
895 2021 1053 2084 memoria
1076 2028 1110 2084 et
1133 2021 1248 2083 maiori
1272 2021 1401 2084 cautela
1423 2021 1563 2106 publicis
1587 2021 1706 2084 litteris
1729 2018 1883 2083 mandare
1909 2021 2034 2084 curavi.

555 2122 628 2186 Vidi
651 2143 791 2206 namque
815 2130 849 2186 ct
871 2122 911 2186 ad
934 2124 996 2187 hoc
1021 2125 1209 2209 specialiter
1225 2131 1360 2188 vocatus
1383 2124 1516 2188 interfui
1541 2131 1574 2188 et
1597 2123 1717 2203 audivi,
1741 2121 1828 2207 quod
1851 2121 1972 2207 prelati
1997 2144 2105 2187 vene-

445 2226 565 2290 rabiles
591 2224 774 2289 cardinales
805 2227 990 2311 petiverunt
1019 2248 1038 2289 a
1069 2226 1199 2290 domino
1222 2228 1352 2311 Angelo
1377 2227 1589 2291 Malabrance
1617 2233 1769 2292 senatore
1791 2226 1890 2290 Urbis
1914 2235 1948 2290 et
1977 2228 2106 2312 populo

443 2329 666 2393 Romanorum
688 2329 729 2392 ad
752 2350 867 2393 sonum
891 2351 1048 2416 campane
1072 2331 1203 2416 publice
1227 2332 1261 2394 10
1285 2330 1448 2417 Capitolio
1472 2337 1691 2415 congregato,
1714 2338 1751 2394 ut
1774 2330 1844 2415 ipse
1868 2336 2005 2395 senator
2028 2352 2108 2394 cum

444 2432 640 2497 officialibus
670 2434 738 2496 suis
770 2439 803 2496 ct
833 2455 917 2497 unns
949 2435 981 2498 in
1015 2435 1125 2499 anima
1154 2435 1299 2498 omnium
1330 2437 1453 2498 iuraret
1482 2455 1597 2520 pacem
1621 2434 1735 2520 initam
1758 2434 1843 2498 inter
1865 2434 2045 2498 ecclesiam
2071 2441 2109 2498 et

443 2535 608 2598 Romanos
633 2557 765 2600 servare
790 2543 823 2600 01
846 2537 935 2600 00110
958 2537 1053 2602 modo
1071 2539 1308 2603 contravenire.
1352 2537 1449 2602 Unde
1469 2538 1619 2602 dominus
1644 2543 1776 2601 senator
1798 2547 1952 2623 presente
1976 2537 2106 2624 populo

445 2645 478 2701 et
514 2639 715 2703 acclamante
751 2638 790 2702 de
828 2640 981 2704 mandato
1017 2643 1121 2727 ipsius
1156 2643 1257 2726 elegit
1292 2643 1506 2707 Laurentium
1542 2643 1700 2706 Iohannis
1734 2641 1838 2705 Βο111ο
1870 2642 2105 2705 senescalcum
2158 2663 2184 2700 aa

445 2749 589 2820 senatus,
613 2742 668 2824 qui
692 2742 724 2804 in
748 2741 834 2805 huno
857 2742 988 2806 moduni
1012 2745 1144 2807 iuravit:

552 2843 625 2927 Ego
640 2843 836 2908 Laurentius
860 2846 956 2909 tactis
980 2848 1197 2911 saerosanctis
1222 2849 1403 2933 evangeliis
1428 2849 1468 2913 (10
1492 2850 1644 2915 mandato
1670 2857 1704 2916 et
1726 2850 1961 2914 acclamatione
1986 2851 2106 2935 populi

445 2946 480 3008 in
508 2946 616 3008 anima
645 2947 789 3010 omnium
819 2948 889 3012 iuro
921 2970 1035 3033 pacem
1067 2951 1180 3013 initam
1209 2952 1296 3015 inter
1329 2953 1504 3016 ecclesiam
1539 2961 1572 3018 01
1602 2954 1769 3018 Romanos
1797 2960 1944 3039 tempore
1975 2952 2106 3017 domini

446 3046 599 3133 Gregorii
622 3069 706 3134 pape
724 3048 774 3112 IX
798 3056 831 3113 et
846 3051 967 3134 Angeli
984 3052 1194 3117 Malabrance
1220 3055 1381 3118 senatoris
1398 3055 1498 3119 Urbis
1524 3078 1656 3120 servare
1679 3065 1711 3120 et
1734 3058 1824 3121 nullo
1847 3055 1942 3120 modo
1967 3065 2105 3120 contra-

447 3152 568 3217 venire.
614 3150 687 3216 Act.
712 3153 745 3215 10
770 3151 984 3239 Compitalia,
1008 3155 1091 3219 XVI
1114 3155 1166 3220 die
1191 3156 1362 3236 Mercurii,
1386 3159 1522 3223 mensor
1549 3159 1676 3240 Madio,
1700 3162 1733 3224 10
1757 3159 1870 3245 vigilia
1892 3161 2102 3225 ascensionis
2157 3180 2182 3219 00

445 3253 588 3334 Domini,
612 3263 766 3340 presente
789 3259 909 3342 populo
934 3265 967 3321 01
991 3257 1030 3322 (10
1056 3260 1159 3343 100100
1183 3259 1346 3325 mandato.
1454 3301 1459 3316 .

552 3358 636 3422 Item
660 3358 775 3422 eodem
799 3359 852 3425 die
874 3360 941 3425 vidi
971 3368 1004 3425 01
1038 3362 1169 3426 interlui
1200 3371 1233 3427 et
1262 3364 1393 3445 audivi,
1424 3366 1509 3449 quod
1539 3366 1691 3431 dominus
1714 3368 1863 3453 Angelus
1888 3366 2105 3430 Malabrance

446 3469 577 3526 senator
607 3461 706 3526 Urbis
738 3484 796 3548 pro
833 3484 915 3548 pace
946 3464 1106 3528 servanda
1139 3467 1170 3528 in
1202 3465 1263 3529 hac
1300 3467 1406 3530 forma
1436 3469 1570 3532 iuravit:
1609 3468 1680 3553 Ego
1712 3470 1859 3553 Angelus
1888 3469 2106 3535 Malabranca

443 3566 524 3628 sicut
545 3566 674 3644 sapro1.
720 3567 839 3630 Actum
863 3573 915 3629 est
944 3566 1006 3630 hoc
1029 3568 1115 3654 apud
1140 3568 1295 3633 Sanctum
1320 3569 1521 3656 Stephanum
1552 3573 1586 3635 in
1609 3572 1702 3636 Celio
1726 3571 1838 3636 Monte
1868 3574 1902 3636 10
1930 3575 2105 3659 presentia

444 3667 647 3733 dominorum
675 3671 913 3734 venerabilium
949 3672 1164 3757 episcopi‘et
1193 3673 1421 3752 cardinalium,
1459 3675 1509 3740 his
1546 3677 1644 3740 etiam
1680 3676 1907 3761 presentibus,
1941 3676 2103 3742 videlicet
2157 3702 2182 3740 aa

444 3773 575 3836 domino
599 3771 731 3837 Matheo
756 3773 891 3854 Rubeo,
922 3776 1021 3840 Petro
1046 3776 1227 3842 Sarraceno
1256 3777 1296 3842 de
1319 3778 1527 3859 Andreottis,
1559 3779 1740 3844 Octaviano
1769 3789 1889 3866 nepote
1922 3779 2012 3860 eins,
2044 3779 2104 3844 Io-

443 3877 570 3940 hanness
596 3876 717 3939 Giuthii
742 3875 782 3941 de
806 3876 955 3958 Molaria,
981 3880 1113 3963 Angelo
1137 3880 1176 3944 R.
1202 3880 1242 3944 do
1268 3880 1373 3967 Spose
1398 3889 1431 3945 et
1454 3883 1601 3968 pluribus
1625 3884 1710 3947 aliis.

552 3979 636 4043 Item
661 3979 775 4043 eodem
798 3978 850 4044 die
876 3989 909 4044 et
932 3983 1004 4046 loco
1030 4004 1139 4046 coram
1163 3985 1317 4070 predictis
1341 3986 1482 4051 testibus
1506 3987 1655 4051 dominus
1681 3988 1848 4052 Romanus
1865 3988 2101 4053 Bonaventure

444 4084 644 4148 vestararius
675 4081 776 4146 Urbis
808 4085 904 4148 tactis
943 4089 1160 4151 sacrosanctis
1196 4089 1377 4172 evangeliis
1407 4087 1526 4176 superh
1557 4091 1644 4154 dicta
1676 4114 1756 4177 pace
1788 4092 1948 4157 servanda
1978 4092 2103 4156 inravit

443 4187 636 4272 simpliciter
658 4186 691 4248 in
714 4185 774 4249 hac
798 4186 918 4250 forma:
943 4187 1014 4272 Ego
1037 4193 1091 4254 etc.
1115 4191 1196 4254 sicat
1216 4211 1315 4271 supra
1339 4229 1380 4239 —
1402 4194 1552 4259 violetur.
2154 4217 2180 4256 rs

550 4289 635 4352 Item
666 4287 780 4352 eodem
812 4289 865 4355 (110
893 4295 946 4354 otc.
976 4291 1127 4358 dominus
1154 4295 1276 4359 Paulus
1309 4296 1479 4362 Laurentii
1506 4299 1669 4384 palatinus
1699 4298 1800 4364 iudex
1828 4299 1947 4363 iuravit
1975 4297 2100 4362 dictam

443 4413 559 4479 pacem
582 4391 642 4455 sub
667 4390 783 4455 cadem
806 4392 919 4456 forma.

550 4495 636 4558 Item
669 4494 787 4558 Petrus
822 4496 1062 4577 Bartholomei,
1097 4499 1215 4564 Petrus
1250 4500 1419 4566 Obicionis
1453 4503 1618 4582 Malermi,
1654 4504 1816 4568 Iohannes
1850 4504 1940 4568 Petri
1970 4504 2100 4584 Basilii,

443 4597 596 4662 Matheus
613 4597 770 4660 Iohannis
789 4598 935 4682 Georgii,
960 4603 1120 4665 scriniarii
1143 4603 1279 4688 palatini
1303 4610 1356 4671 ctc.
1403 4607 1475 4671 Act.
1500 4607 1532 4670 in
1556 4608 1678 4692 palatio
1703 4607 1866 4692 Capitolii,
1890 4608 1942 4672 die
1966 4608 2100 4691 XVIII,

427 4699 571 4766 mensei
601 4701 722 4781 Medio,
745 4705 954 4787 presentibus
978 4711 1030 4771 etc.
2156 4734 2183 4772 (0

552 4804 636 4868 Item
659 4804 781 4869 Paulus
805 4805 926 4886 Goiuli,
957 4809 1079 4872 Paulus
1103 4809 1260 4874 Iohannis
1283 4811 1324 4876 de
1347 4813 1492 4892 Matheo,
1516 4812 1655 4878 Iacobus
1679 4815 1770 4879 Petri
1792 4814 1972 4900 Maynardi,
1996 4814 2099 4880 Nico-

443 4911 514 4974 laus
543 4909 682 4990 Iudeus,
709 4909 866 4974 Nicolaus
896 4911 1052 4975 Iohannis
1079 4912 1230 4995 Romuli,
1262 4915 1421 4980 Meliosus
1445 4916 1485 4980 de
1509 4917 1731 4981 Trantiberim
1761 4925 1980 4984 assectatores
2008 4919 2101 4984 iura-

442 5020 561 5078 verunt
584 5013 735 5078 similiter
756 5013 876 5078 dictam
899 5035 1015 5099 pacem
1039 5037 1170 5081 servare
1195 5018 1279 5081 siout
1302 5019 1452 5102 dominus
1475 5020 1644 5085 Romanus
1667 5021 1906 5087 vestarariusk.

548 5271 570 5338 ¹)
589 5291 652 5340 pape
675 5273 743 5323 deest
761 5291 803 5338 op.
822 5273 857 5324 Η.
955 5273 978 5340 1)
1000 5277 1066 5342 Ang.
1092 5277 1281 5330 Malabrancam
1300 5278 1335 5328 H.
1433 5278 1455 5344 ‘l
1472 5281 1509 5330 110
1530 5281 1565 5331 Η.
1571 5300 1580 5341 ,·
1606 5283 1673 5333 deaat
1693 5300 1786 5334 tamnen
1808 5284 1918 5349 episcopi
1940 5283 2100 5335 Parmensis.

442 5353 465 5424 ¹¹)
484 5355 643 5426 Stephanum
661 5356 696 5408 H.
762 5359 784 5422 ⁸)
803 5361 863 5410 Billi
880 5361 916 5411 Η.
985 5360 1007 5426 f)
1027 5364 1109 5413 medio
1127 5363 1163 5413 Η.
1231 5363 1254 5428 ⁸)
1274 5366 1362 5414 100001
1381 5365 1416 5415 Η.
1490 5365 1513 5432 1)
1532 5385 1609 5435 supra
1627 5368 1663 5418 H.
1744 5368 1916 5432 Ι110011οΗ.
1986 5367 2011 5431 ¹¹)
2029 5387 2099 5433 quae
2155 5367 2182 5404 ⁴⁵

440 5451 580 5507 sequamur
597 5460 628 5493 aa
646 5443 796 5509 apographo
815 5444 909 5496 Perlzii
931 5447 969 5497 ito
983 5449 1169 5513 proponimus,
1195 5459 1223 5500 at
1245 5450 1336 5500 ididem
1357 5451 1487 5516 lepanbrr,
1514 5471 1570 5504 000(
1588 5464 1703 5504 warram
1721 5456 1834 5514 sormam
1851 5465 1971 5505 nolanam
1989 5455 2101 5509 chrono-

441 5531 582 5596 logicamrm
604 5531 669 5580 sicrrt
686 5531 807 5583 lroctcnnc
824 5549 854 5583 ca·
872 5533 908 5584 H.
927 5535 1056 5586 restituere
1076 5553 1126 5586 ((00
1141 5537 1277 5604 poscimur.
1312 5538 1376 5587 Item
1394 5555 1440 5589 ruo
1459 5541 1513 5590 loco
1532 5558 1630 5612 seraper
1648 5541 1803 5594 addidimus.

546 5647 572 5716 1)
590 5665 616 5704 n.
642 5647 707 5706 VII.
