4596 6406
450 401 513 466 678
1027 390 1074 448 EX
1093 387 1268 447 Guuoouu
1287 389 1326 446 lX
1344 388 1525 446 REGIS'I'RO

452 573 561 638 divino
584 573 701 635 timore
725 566 912 656 postposito
928 565 1179 653 dampnabiliter
1195 565 1404 648 adheserunt,
1427 565 1614 631 Raeanates
1630 564 1764 629 eosdem
1781 565 1954 631 afficiendo
1970 563 2113 629 dirersis

451 676 577 741 iniuriis
607 681 640 739 et
669 672 904 758 multiplicibus
937 671 1158 744 nocumentis,
1194 670 1381 734 Auximeua
1415 669 1511 736 sedes
1543 691 1616 733 ourn
1646 670 1796 734 omnibus
1827 672 1894 736 suis
1923 670 2055 735 iuribus
2080 677 2114 733 et

453 779 656 866 pertiuentiis
679 775 903 841 transferatur.
947 774 1071 837 Verum
1095 794 1167 836 curn
1191 773 1269 838 dicti
1291 772 1478 838 Racanates
1505 773 1648 859 quinque
1676 773 1766 837 milia
1794 774 1951 839 librarum
1984 774 2112 839 usualis

452 888 583 948 moneto
600 881 653 946 vel
675 879 903 966 possessiones
920 878 1040 942 valoris
1065 875 1214 942 eiusdem
1236 898 1295 963 pro
1317 875 1460 941 dotanda
1482 876 1592 940 futura
1615 876 1795 942 cathedrali
1819 880 1963 944 ecelesia
1986 879 2110 943 libera-

452 987 529 1051 liter
560 985 736 1050 offerentes
768 983 975 1070 promittant,
1011 979 1098 1066 quod
1132 981 1236 1044 velint
1269 978 1422 1044 edificare
1454 980 1568 1045 domos
1598 1002 1657 1066 pro
1690 982 1844 1068 episcopo
1878 989 1911 1048 et
1939 982 2111 1047 canonicis
2174 994 2185 1032 ι

454 1095 650 1174 oportunus,
684 1087 895 1164 mandemus,
934 1085 1086 1169 quatinus
1119 1083 1299 1148 seeundum
1331 1083 1440 1147 datam
1475 1083 1533 1147 tibi
1563 1105 1582 1148 a
1610 1083 1683 1148 Deo
1713 1085 1905 1150 industriam
1935 1085 2113 1172 providere

455 1192 605 1267 studeas,
633 1199 670 1256 ut
700 1192 762 1278 ipsi
790 1190 832 1254 ad
858 1191 920 1254 hoe
944 1188 1163 1252 adiectionem
1187 1187 1327 1267 faciant,
1351 1186 1391 1250 de
1416 1208 1480 1272 qua
1503 1186 1580 1251 dicti
1604 1189 1780 1274 episeopus
1804 1195 1838 1254 et
1861 1191 2011 1254 canonici
2035 1209 2113 1275 pro-

455 1317 551 1361 cessu
574 1296 730 1381 temporis
753 1293 931 1358 honorifico
951 1293 1082 1356 valeant
1099 1292 1285 1370 sustentari,
1309 1291 1451 1355 maxime
1469 1312 1542 1354 eum
1560 1290 1697 1356 durante
1713 1313 1904 1376 guerrarum
1920 1293 2114 1357 discrimine

454 1422 519 1465 non
542 1401 647 1486 possit
669 1399 841 1486 provenire
858 1397 899 1461 de
914 1397 1014 1477 facili,
1038 1395 1125 1481 quod
1143 1396 1302 1460 bonorum
1316 1396 1502 1460 Auximano
1520 1397 1661 1460 ecclesie
1678 1397 1922 1482 possessiouem
1937 1397 2113 1483 pacificam

454 1503 586 1567 valeant
608 1502 756 1588 adipisci.
803 1503 957 1566 Ceterum
973 1501 1155 1565 venerabili
1178 1500 1269 1564 fratri
1291 1507 1404 1565 nostro
1429 1551 1462 1566 ..
1484 1501 1639 1587 episcopo
1656 1501 1919 1564 Humauatensi¹
1943 1521 2004 1586 pro
2028 1501 2113 1581 iure,
2165 1511 2189 1547 ¹⁰

455 1606 542 1692 quod
564 1607 597 1669 in
626 1613 732 1668 cestro
756 1605 923 1668 Racanate
954 1603 1110 1668 habuisse
1142 1603 1338 1684 dinoscitur,
1370 1603 1411 1667 de
1441 1604 1549 1688 aliqua
1576 1611 1669 1690 parte
1701 1603 1843 1668 diocesis
1866 1603 2057 1669 Auximaue
2082 1613 2116 1669 et

456 1709 498 1774 de
521 1709 631 1794 aliqua
653 1715 747 1794 parte
772 1708 917 1772 eiusdem
940 1706 1083 1772 diocesis
1107 1707 1314 1771 Anconitane
1346 1707 1486 1771 ecclesie
1517 1707 1735 1772 concedendis
1768 1707 1920 1772 diseretio
1951 1715 2009 1774 tua
2037 1731 2115 1795 pro·

457 1812 583 1893 videat,
607 1818 704 1898 prout
726 1812 845 1876 viderit
869 1812 1046 1898 expedire,
1069 1812 1148 1875 villa
1173 1811 1376 1890 Auximana,
1400 1810 1562 1896 quondam
1587 1812 1737 1891 civitate,
1768 1832 1842 1875 cum
1863 1813 1990 1897 reliqua
2019 1820 2116 1898 parte

456 1916 558 2002 ipsius
583 1915 724 1979 diocesis
747 1915 833 1980 dicte
850 1914 1070 1980 Recanatensi
1089 1916 1230 1980 ecclesie
1255 1921 1431 1980 reservata.
1480 1913 1646 1994 Ceterum,
1671 1913 1757 1998 quod
1774 1936 1874 2003 super
1895 1915 1956 1981 hoc
1981 1915 2115 1996 seceris,

456 2020 551 2084 nobis
576 2019 789 2104 quamcitius
813 2019 937 2105 poteris
961 2025 1015 2083 tue
1039 2019 1157 2083 litteris
1182 2019 1378 2083 sinceritatis
1409 2040 1572 2104 exponas,
1606 2025 1643 2083 ut
1670 2018 1711 2082 ad
1739 2018 1985 2084 concedendum
2010 2021 2115 2106 prini-

457 2124 579 2208 legium
602 2123 725 2186 nuntiis
749 2121 910 2187 dictorum
933 2121 1149 2186 Raeanatium
1172 2129 1306 2208 propter
1328 2121 1391 2185 hoc
1415 2120 1527 2185 sedern
1543 2123 1757 2208 apostolicam
1770 2122 1906 2188 adituris
1923 2123 2117 2209 expeditius

457 2228 637 2312 procedere
661 2227 839 2291 valeamus.
1203 2251 1205 2253 ·

565 2347 641 2412 Dat.
666 2346 820 2412 Lateran.
843 2346 914 2410 IIII
935 2347 1020 2411 Non.
1043 2346 1128 2426 Iulii,
1152 2367 1237 2410 anno
1260 2345 1372 2411 XIIII.

1081 2623 1493 2631 ...-———-—.-——

1244 2935 1329 3008 780.

569 3046 759 3158 Greyorine
781 3076 837 3140 IX
855 3096 942 3156 popo
966 3075 1153 3160 [imperto]
1174 3075 1211 3139 de
1233 3075 1434 3158 Montelonqo
1460 3076 1661 3154 subdiacono,
1682 3078 1868 3157 apostolieae
1896 3077 1980 3140 sedis
2009 3079 2121 3160 lcyalo,

460 3179 568 3243 solbit
589 3199 620 3242 ae
642 3179 816 3260 episcopam
837 3177 1042 3256 Viccntinum,
1065 3179 1119 3260 qni
1139 3199 1198 3259 pro
1220 3199 1253 3242 eo
1276 3179 1358 3259 quod
1379 3180 1414 3241 in
1434 3180 1615 3260 praesentio
1634 3180 1795 3245 Friderr'ci
1817 3180 1893 3244 dicti
1916 3180 2122 3260 imperatoris
2172 3201 2198 3240 ao

459 3283 588 3347 mersam
610 3283 815 3360 celebraverit,
838 3282 878 3346 nb
900 3282 1183 3364 officiosuspensns
1195 3281 1301 3361 suerit,
1324 3281 1505 3360 absolvissc3
1529 3283 1659 3348 mandet
1674 3285 1711 3362 ei,
1736 3286 1771 3346 ut
1785 3283 1947 3347 decustrr'e
1961 3284 2122 3364 iaqrriral,

461 3407 541 3467 quac
562 3385 643 3450 idem
664 3385 797 3449 Erelino
819 3385 953 3465 aliisque
975 3385 1153 3466 assentasse
1174 3383 1308 3450 dicatur.
1792 3388 1885 3464 1210,
1908 3386 1972 3449 Iul.
1997 3390 2028 3450 7.

566 3502 1303 3578 Qmmmmmfflfflm

541 3720 584 3793 G.
614 3721 665 3793 de
692 3719 983 3809 Montelongo
1012 3715 1286 3789 subdiacono
1315 3721 1355 3789 et
1382 3716 1559 3790 notario
1588 3723 1765 3803 nostre,
1793 3717 2047 3809 apostolice

1133 3837 1443 3930 mmwm
2176 3865 2202 3904 a

569 3989 731 4074 Percepto
756 3987 926 4053 exrelatu
949 3985 1152 4071 quorundam
1178 4007 1217 4050 ao
1241 4007 1283 4051 ex
1306 3987 1425 4051 litteris
1448 3987 1645 4061 venerabilis
1669 3986 1778 4051 fratris
1799 3988 1902 4051 nostri
1919 4038 1926 4053 .
1945 4036 1952 4051 .
1970 3988 2123 4073 episcopi

463 4092 639 4171 Vioentini,
665 4091 749 4176 quod
773 4091 861 4177 ipse,
884 4088 1051 4154 Friderieo
1075 4089 1161 4154 dieto
1186 4091 1383 4176 imperatore
1407 4091 1439 4153 in
1462 4090 1548 4154 festo
1571 4089 1805 4177 pentecostes²
1829 4092 1969 4155 intrante
1993 4089 2122 4155 Vieen-

462 4196 564 4260 tinam
594 4195 787 4276 eeclesiam,
817 4194 961 4258 amisse
986 4214 1082 4278 quam
1106 4194 1171 4257 iam
1193 4194 1405 4258 inchoaverat
1427 4193 1651 4259 celebratione
1674 4214 1740 4258 non
1763 4193 1907 4274 destitit,
1934 4195 2122 4259 venerabili

462 4299 554 4363 fratri
586 4304 698 4362 nostro
727 4346 764 4361 ..
796 4297 953 4383 episeopo
988 4295 1199 4361 Castellauo³
1234 4304 1267 4360 et
1300 4296 1419 4360 dilecto
1452 4297 1520 4361 filio
1555 4298 1714 4381 magistro
1748 4297 1930 4362 Benedioto
1964 4298 2120 4384 scriptori

461 4408 584 4480 nostro,
608 4408 684 4465 tunc
706 4401 739 4464 in
762 4401 827 4465 illis
850 4400 998 4485 partibus
1022 4400 1211 4478 constituto,
1235 4400 1355 4464 nostris
1373 4399 1491 4463 littoris
1509 4398 1658 4464 dedimus
1675 4401 1708 4464 iu
1724 4400 1897 4478 mandatis,
1921 4407 1957 4464 ut
1973 4400 2119 4466 eundem

462 4505 503 4568 ab
527 4504 635 4568 officio
660 4511 693 4568 et
713 4503 874 4569 beneficio
896 4524 955 4589 pro
979 4504 1164 4568 temeritate
1180 4502 1366 4588 huiusmodi
1382 4503 1454 4590 ipso
1470 4504 1541 4569 iure
1558 4525 1765 4592 suspensum,
1789 4504 1876 4588 quod
1891 4504 1974 4568 intra
1990 4511 2120 4570 certum

461 4607 636 4671 terminum
652 4613 796 4670 nostram
812 4606 919 4670 adiret
935 4607 1145 4692 presentiam,
1169 4612 1406 4682 ammonereut;
1430 4607 1575 4693 alioquin
1594 4607 1628 4672 iu
1646 4629 1720 4672 euru
1738 4628 1780 4671 ex
1798 4615 1874 4672 trine
1892 4609 2119 4672 exeommuni-

464 4710 601 4774 cationis
625 4710 821 4775 sententiam
845 4711 1100 4796 promulgarent.
1146 4711 1223 4796 Ipse
1247 4711 1380 4796 quidem
1403 4709 1445 4774 ad
1467 4710 1681 4776 monitionem
1697 4709 1883 4776 huiusmodi
1900 4731 1935 4775 se
1951 4710 2121 4778 humiliter

462 4820 574 4877 nostro
610 4813 799 4899 conspectui
828 4822 1076 4899 representans,
1109 4813 1142 4877 in
1177 4815 1422 4880 exeusationem
1458 4835 1550 4879 suam
1583 4821 1775 4879 reverenter
1807 4813 1977 4900 proposuit
2005 4836 2120 4880 coram

462 4918 576 4996 nobis,
610 4917 696 5004 quod
724 4939 797 4981 eum
830 4920 1102 5005 metropolitanus
1133 4920 1233 4983 suus⁴
1261 4925 1294 4984 et
1323 4919 1454 5006 quidam
1483 4920 1540 4984 alii
1573 4919 1692 5006 prelati
1725 4919 1918 4983 comitantes
1952 4920 2119 5005 prefatum

462 5021 663 5085 Fridericum
686 5042 752 5085 una
776 5043 887 5086 seeum
912 5023 945 5086 in
968 5023 1040 5109 ipsa
1063 5022 1204 5087 ecclesia
1227 5021 1344 5088 divinis
1367 5025 1594 5089 interfuissent
1617 5023 1749 5101 officiis,
1782 5023 1872 5107 ipse,
1897 5023 1949 5086 eui
1973 5023 2120 5088 nondum

462 5125 548 5210 quod
572 5127 689 5190 vitaret
713 5125 853 5190 eundern
877 5125 983 5190 luerat
1006 5127 1206 5204 nuntiatum,
1239 5126 1280 5189 ab
1303 5126 1446 5192 inchoati
1474 5128 1703 5215 prosecutione
1727 5125 1825 5190 olficii
1847 5125 1972 5210 absque
1996 5125 2118 5189 rubore

463 5235 496 5292 et
519 5228 710 5292 confusione
735 5249 794 5293 sua
816 5229 976 5295 desistere
1001 5251 1067 5293 nou
1090 5227 1242 5296 audebat.
1288 5230 1412 5296 Verum
1437 5253 1510 5298 cum
1540 5233 1612 5319 ipse
1643 5231 1765 5297 dudum
1787 5236 1922 5316 propter
1943 5230 2006 5294 boc
2030 5230 2120 5316 apud

463 5330 574 5394 sedem
603 5331 817 5416 apostolicam
845 5333 1041 5396 constitutus
1070 5334 1297 5419 suspensionis
1321 5357 1439 5421 penam
1466 5338 1500 5400 in
1527 5337 1629 5400 multa
1659 5335 1819 5422 patientia
1847 5333 2011 5413 tolerarit,
2046 5354 2120 5413 nos,

462 5674 548 5728 A]
566 5590 593 5686 ll
613 5590 721 5643 Iacobo.
826 5589 854 5656 2)
873 5608 899 5644 a.
917 5593 1001 5660 1239,
1027 5591 1098 5645 Mai.
1118 5597 1168 5648 15.-
1194 5593 1232 5660 cf.
1255 5608 1282 5646 ιι.
1308 5595 1372 5647 763.
1476 5593 1503 5656 3)
1523 5593 1614 5646 Petro.
1718 5593 1746 5661 4)
1765 5591 1934 5646 Berttoldaa
1951 5590 2119 5659 patriarcha
2174 5607 2203 5646 ec

489 5691 535 5744 qur
549 5691 675 5744 effrenare.
