<?xml version="1.0" encoding="UTF-8"?>
<!DOCTYPE html PUBLIC "-//W3C//DTD XHTML 1.0 Transitional//EN"
    "http://www.w3.org/TR/xhtml1/DTD/xhtml1-transitional.dtd">
<html xmlns="http://www.w3.org/1999/xhtml" xml:lang="en" lang="en">
 <head>
  <title>
</title>
<meta http-equiv="Content-Type" content="text/html;charset=utf-8" />
  <meta name='ocr-system' content='tesseract 3.04.00' />
  <meta name='ocr-capabilities' content='ocr_page ocr_carea ocr_par ocr_line ocrx_word'/>
</head>
<body>
  <div class='ocr_page' id='page_1' title='image "./monumentagerman00peipgoog/monumentagerman00peipgoog_0433.png"; bbox 0 0 4604 6420; ppageno 0'>
   <div class='ocr_carea' id='block_1_1' title="bbox 1030 383 1527 442">
    <p class='ocr_par' dir='ltr' id='par_1_1' title="bbox 1030 383 1527 442">
     <span class='ocr_line' id='line_1_1' title="bbox 1030 383 1527 442; baseline -0.002 -1"><span class='ocrx_word' id='word_1_1' title='bbox 1030 385 1079 441; x_wconf 83' lang='lat' dir='ltr'><strong>EX</strong></span> <span class='ocrx_word' id='word_1_2' title='bbox 1097 383 1272 442; x_wconf 67' lang='lat' dir='ltr'><strong>cumcun</strong></span> <span class='ocrx_word' id='word_1_3' title='bbox 1289 385 1328 440; x_wconf 85' lang='lat' dir='ltr'><strong>IX</strong></span> <span class='ocrx_word' id='word_1_4' title='bbox 1346 383 1527 440; x_wconf 74' lang='lat' dir='ltr'><strong>umusuno</strong></span> 
     </span>
    </p>
   </div>
   <div class='ocr_carea' id='block_1_2' title="bbox 1235 699 1321 774">
    <p class='ocr_par' dir='ltr' id='par_1_2' title="bbox 1235 699 1321 774">
     <span class='ocr_line' id='line_1_2' title="bbox 1235 699 1321 774; baseline 0.035 -3"><span class='ocrx_word' id='word_1_5' title='bbox 1235 699 1321 774; x_wconf 67' lang='lat'>512.</span> 
     </span>
    </p>
   </div>
   <div class='ocr_carea' id='block_1_3' title="bbox 447 813 2108 1128">
    <p class='ocr_par' dir='ltr' id='par_1_3' title="bbox 447 813 2108 1128">
     <span class='ocr_line' id='line_1_3' title="bbox 558 813 2108 928; baseline 0 -20"><span class='ocrx_word' id='word_1_6' title='bbox 558 813 750 924; x_wconf 67' lang='lat' dir='ltr'><strong>Gregorius</strong></span> <span class='ocrx_word' id='word_1_7' title='bbox 772 841 829 906; x_wconf 90' lang='lat' dir='ltr'><strong>IX</strong></span> <span class='ocrx_word' id='word_1_8' title='bbox 851 862 939 923; x_wconf 79' lang='lat' dir='ltr'><strong>popo</strong></span> <span class='ocrx_word' id='word_1_9' title='bbox 964 841 1197 928; x_wconf 80' lang='lat' dir='ltr'><strong>[El-Ascbrol]</strong></span> <span class='ocrx_word' id='word_1_10' title='bbox 1225 841 1390 907; x_wconf 68' lang='lat' dir='ltr'><strong>somonam.</strong></span> <span class='ocrx_word' id='word_1_11' title='bbox 1413 840 1565 907; x_wconf 81' lang='lat' dir='ltr'><strong>Doamscc&#39;</strong></span> <span class='ocrx_word' id='word_1_12' title='bbox 1590 841 1742 920; x_wconf 84' lang='lat' dir='ltr'><strong>bortatur,</strong></span> <span class='ocrx_word' id='word_1_13' title='bbox 1771 845 1807 906; x_wconf 84' lang='lat' dir='ltr'><strong>at</strong></span> <span class='ocrx_word' id='word_1_14' title='bbox 1834 844 1955 924; x_wconf 80' lang='lat' dir='ltr'><strong>[ratres</strong></span> <span class='ocrx_word' id='word_1_15' title='bbox 1984 844 2108 909; x_wconf 80' lang='lat' dir='ltr'><strong>ordinis</strong></span> 
     </span>
     <span class='ocr_line' id='line_1_4' title="bbox 447 942 2107 1028; baseline -0.001 -14"><span class='ocrx_word' id='word_1_16' title='bbox 447 949 615 1014; x_wconf 73' lang='lat' dir='ltr'><strong>Minorem</strong></span> <span class='ocrx_word' id='word_1_17' title='bbox 636 946 680 1011; x_wconf 87' lang='lat' dir='ltr'><strong>od</strong></span> <span class='ocrx_word' id='word_1_18' title='bbox 696 946 801 1026; x_wconf 62' lang='lat' dir='ltr'><strong>bream</strong></span> <span class='ocrx_word' id='word_1_19' title='bbox 816 965 879 1026; x_wconf 79' lang='lat' dir='ltr'><strong>pro</strong></span> <span class='ocrx_word' id='word_1_20' title='bbox 900 963 959 1010; x_wconf 82' lang='lat' dir='ltr'><strong>saa</strong></span> <span class='ocrx_word' id='word_1_21' title='bbox 980 949 1010 1009; x_wconf 86' lang='lat' dir='ltr'><strong>ct</strong></span> <span class='ocrx_word' id='word_1_22' title='bbox 1028 964 1156 1009; x_wconf 83' lang='lat' dir='ltr'><strong>suorum</strong></span> <span class='ocrx_word' id='word_1_23' title='bbox 1178 942 1279 1008; x_wconf 83' lang='lat' dir='ltr'><strong>celate</strong></span> <span class='ocrx_word' id='word_1_24' title='bbox 1294 943 1424 1008; x_wconf 81' lang='lat' dir='ltr'><strong>directos</strong></span> <span class='ocrx_word' id='word_1_25' title='bbox 1446 943 1577 1008; x_wconf 72' lang='lat' dir='ltr'><em>libenter</em></span> <span class='ocrx_word' id='word_1_26' title='bbox 1590 944 1743 1025; x_wconf 70' lang='lat' dir='ltr'><strong>susmpiat</strong></span> <span class='ocrx_word' id='word_1_27' title='bbox 1763 949 1793 1010; x_wconf 88' lang='lat' dir='ltr'><strong>ct</strong></span> <span class='ocrx_word' id='word_1_28' title='bbox 1806 946 1974 1028; x_wconf 70' lang='lat' dir='ltr'><strong>diligenter</strong></span> <span class='ocrx_word' id='word_1_29' title='bbox 1985 947 2107 1012; x_wconf 83' lang='lat' dir='ltr'><strong>audiat.</strong></span> 
     </span>
     <span class='ocr_line' id='line_1_5' title="bbox 1731 1050 2020 1128; baseline 0.003 -14"><span class='ocrx_word' id='word_1_30' title='bbox 1731 1051 1826 1128; x_wconf 81' lang='lat'><strong>1233,</strong></span> <span class='ocrx_word' id='word_1_31' title='bbox 1847 1050 1942 1116; x_wconf 84' lang='lat' dir='ltr'><strong>Febr.</strong></span> <span class='ocrx_word' id='word_1_32' title='bbox 1967 1053 2020 1115; x_wconf 88' lang='lat'><strong>15.</strong></span> 
     </span>
    </p>
   </div>
   <div class='ocr_carea' id='block_1_4' title="bbox 444 1145 2108 1408">
    <p class='ocr_par' dir='ltr' id='par_1_4' title="bbox 444 1145 2108 1408">
     <span class='ocr_line' id='line_1_6' title="bbox 553 1145 2108 1240; baseline 0.002 -16"><span class='ocrx_word' id='word_1_33' title='bbox 553 1169 636 1238; x_wconf 71' lang='lat' dir='ltr'><strong>Grec.</strong></span> <span class='ocrx_word' id='word_1_34' title='bbox 654 1168 704 1222; x_wconf 85' lang='lat' dir='ltr'><strong>IX</strong></span> <span class='ocrx_word' id='word_1_35' title='bbox 720 1167 785 1236; x_wconf 70' lang='lat' dir='ltr'><strong>Rae.</strong></span> <span class='ocrx_word' id='word_1_36' title='bbox 805 1167 866 1222; x_wconf 86' lang='lat' dir='ltr'><strong>Lib.</strong></span> <span class='ocrx_word' id='word_1_37' title='bbox 890 1166 943 1232; x_wconf 86' lang='lat' dir='ltr'><strong>Vl,</strong></span> <span class='ocrx_word' id='word_1_38' title='bbox 964 1170 1029 1222; x_wconf 81' lang='lat'><em>295.</em></span> <span class='ocrx_word' id='word_1_39' title='bbox 1065 1167 1186 1221; x_wconf 79' lang='lat' dir='ltr'><strong>Eds&#39;mas</strong></span> <span class='ocrx_word' id='word_1_40' title='bbox 1201 1167 1274 1221; x_wconf 80' lang='lat' dir='ltr'><strong>banc</strong></span> <span class='ocrx_word' id='word_1_41' title='bbox 1298 1167 1441 1236; x_wconf 76' lang='lat' dir='ltr'><strong>epistolam</strong></span> <span class='ocrx_word' id='word_1_42' title='bbox 1463 1182 1498 1222; x_wconf 81' lang='lat' dir='ltr'><strong>ec</strong></span> <span class='ocrx_word' id='word_1_43' title='bbox 1515 1167 1609 1236; x_wconf 69' lang='lat' dir='ltr'><strong>Rapa.</strong></span> <span class='ocrx_word' id='word_1_44' title='bbox 1628 1169 1781 1222; x_wconf 74' lang='lat' dir='ltr'><strong>Anartoi.</strong></span> <span class='ocrx_word' id='word_1_45' title='bbox 1803 1187 1830 1224; x_wconf 87' lang='lat' dir='ltr'><strong>a.</strong></span> <span class='ocrx_word' id='word_1_46' title='bbox 1848 1173 1934 1238; x_wconf 78' lang='lat'><strong>1233,</strong></span> <span class='ocrx_word' id='word_1_47' title='bbox 1956 1176 1973 1237; x_wconf 88' lang='lat'><em>§</em></span> <span class='ocrx_word' id='word_1_48' title='bbox 1990 1145 2108 1240; x_wconf 67' lang='lat'><strong>16-22,</strong></span> 
     </span>
     <span class='ocr_line' id='line_1_7' title="bbox 444 1251 1817 1327; baseline -0.001 -16"><span class='ocrx_word' id='word_1_49' title='bbox 444 1259 554 1327; x_wconf 84' lang='lat' dir='ltr'><strong>portem</strong></span> <span class='ocrx_word' id='word_1_50' title='bbox 571 1257 724 1322; x_wconf 74' lang='lat' dir='ltr'><strong><em>extremam,</em></strong></span> <span class='ocrx_word' id='word_1_51' title='bbox 742 1270 824 1324; x_wconf 80' lang='lat' dir='ltr'><strong>quom</strong></span> <span class='ocrx_word' id='word_1_52' title='bbox 842 1253 941 1318; x_wconf 69' lang='lat' dir='ltr'><strong>omisd,</strong></span> <span class='ocrx_word' id='word_1_53' title='bbox 960 1253 1090 1308; x_wconf 61' lang='lat' dir='ltr'><strong>mades</strong></span> <span class='ocrx_word' id='word_1_54' title='bbox 1109 1269 1143 1307; x_wconf 79' lang='lat' dir='ltr'><strong>aa</strong></span> <span class='ocrx_word' id='word_1_55' title='bbox 1166 1251 1316 1323; x_wconf 72' lang='lat' dir='ltr'><strong>Woddiay,</strong></span> <span class='ocrx_word' id='word_1_56' title='bbox 1334 1255 1406 1306; x_wconf 75' lang='lat' dir='ltr'><strong>Aac.</strong></span> <span class='ocrx_word' id='word_1_57' title='bbox 1424 1252 1496 1307; x_wconf 83' lang='lat' dir='ltr'><strong>Mirr.</strong></span> <span class='ocrx_word' id='word_1_58' title='bbox 1514 1258 1534 1309; x_wconf 85' lang='lat' dir='ltr'><strong>t.</strong></span> <span class='ocrx_word' id='word_1_59' title='bbox 1552 1253 1597 1317; x_wconf 89' lang='grc' dir='ltr'><strong>ΙΙ,</strong></span> <span class='ocrx_word' id='word_1_60' title='bbox 1611 1270 1642 1323; x_wconf 78' lang='grc' dir='ltr'><strong>ρ.</strong></span> <span class='ocrx_word' id='word_1_61' title='bbox 1662 1255 1714 1308; x_wconf 77' lang='grc'><strong>314</strong></span> <span class='ocrx_word' id='word_1_62' title='bbox 1732 1255 1817 1325; x_wconf 70' lang='lat' dir='ltr'><em>[WJ.</em></span> 
     </span>
     <span class='ocr_line' id='line_1_8' title="bbox 552 1339 877 1408; baseline -0.003 -13"><span class='ocrx_word' id='word_1_63' title='bbox 552 1340 689 1405; x_wconf 72' lang='lat' dir='ltr'><strong>Pertinet,</strong></span> <span class='ocrx_word' id='word_1_64' title='bbox 707 1339 773 1408; x_wconf 73' lang='lat' dir='ltr'><strong>Ray.</strong></span> <span class='ocrx_word' id='word_1_65' title='bbox 793 1341 877 1394; x_wconf 84' lang='lat'><strong><em>9093.</em></strong></span> 
     </span>
    </p>
   </div>
   <div class='ocr_carea' id='block_1_5' title="bbox 741 1531 1811 1626">
    <p class='ocr_par' dir='ltr' id='par_1_5' title="bbox 741 1531 1811 1626">
     <span class='ocr_line' id='line_1_9' title="bbox 741 1531 1811 1626; baseline 0.002 -18"><span class='ocrx_word' id='word_1_66' title='bbox 741 1533 936 1608; x_wconf 86' lang='lat' dir='ltr'><strong>Soldano</strong></span> <span class='ocrx_word' id='word_1_67' title='bbox 962 1533 1163 1610; x_wconf 86' lang='lat' dir='ltr'><strong>Damasci</strong></span> <span class='ocrx_word' id='word_1_68' title='bbox 1188 1535 1302 1609; x_wconf 88' lang='lat' dir='ltr'><strong>viam</strong></span> <span class='ocrx_word' id='word_1_69' title='bbox 1329 1554 1570 1626; x_wconf 78' lang='lat' dir='ltr'>agnoscere</span> <span class='ocrx_word' id='word_1_70' title='bbox 1596 1531 1811 1610; x_wconf 80' lang='lat' dir='ltr'><strong>veritatis</strong></span> 
     </span>
    </p>
   </div>
   <div class='ocr_carea' id='block_1_6' title="bbox 451 1681 2105 1877">
    <p class='ocr_par' dir='ltr' id='par_1_6' title="bbox 451 1681 2105 1877">
     <span class='ocr_line' id='line_1_10' title="bbox 559 1681 2105 1771; baseline 0.001 -20"><span class='ocrx_word' id='word_1_71' title='bbox 559 1685 700 1751; x_wconf 74' lang='lat' dir='ltr'><strong>Ueientis</strong></span> <span class='ocrx_word' id='word_1_72' title='bbox 725 1683 863 1749; x_wconf 77' lang='lat' dir='ltr'><strong>altitudo</strong></span> <span class='ocrx_word' id='word_1_73' title='bbox 887 1683 1015 1749; x_wconf 90' lang='lat' dir='ltr'><strong>consilii</strong></span> <span class='ocrx_word' id='word_1_74' title='bbox 1040 1690 1074 1749; x_wconf 88' lang='lat' dir='ltr'><strong>et</strong></span> <span class='ocrx_word' id='word_1_75' title='bbox 1102 1685 1263 1750; x_wconf 86' lang='lat' dir='ltr'><strong>immensa</strong></span> <span class='ocrx_word' id='word_1_76' title='bbox 1285 1683 1471 1768; x_wconf 80' lang='lat' dir='ltr'><strong>benignitas</strong></span> <span class='ocrx_word' id='word_1_77' title='bbox 1494 1681 1560 1747; x_wconf 89' lang='lat' dir='ltr'><strong>Dei</strong></span> <span class='ocrx_word' id='word_1_78' title='bbox 1591 1683 1718 1748; x_wconf 83' lang='lat' dir='ltr'><strong>excelsi</strong></span> <span class='ocrx_word' id='word_1_79' title='bbox 1740 1683 1802 1749; x_wconf 92' lang='lat' dir='ltr'><strong>boc</strong></span> <span class='ocrx_word' id='word_1_80' title='bbox 1830 1684 1918 1752; x_wconf 90' lang='lat' dir='ltr'><strong>iuter</strong></span> <span class='ocrx_word' id='word_1_81' title='bbox 1939 1687 2105 1771; x_wconf 86' lang='lat' dir='ltr'><strong>universa,</strong></span> 
     </span>
     <span class='ocr_line' id='line_1_11' title="bbox 451 1771 2104 1877; baseline 0 -22"><span class='ocrx_word' id='word_1_82' title='bbox 451 1811 515 1876; x_wconf 91' lang='lat' dir='ltr'><strong>que</strong></span> <span class='ocrx_word' id='word_1_83' title='bbox 531 1771 687 1867; x_wconf 88' lang='lat' dir='ltr'><strong>condidit,</strong></span> <span class='ocrx_word' id='word_1_84' title='bbox 711 1786 861 1852; x_wconf 82' lang='lat' dir='ltr'><strong>rationali</strong></span> <span class='ocrx_word' id='word_1_85' title='bbox 877 1792 1002 1852; x_wconf 87' lang='lat' dir='ltr'><strong>tantum</strong></span> <span class='ocrx_word' id='word_1_86' title='bbox 1019 1793 1167 1852; x_wconf 78' lang='lat' dir='ltr'>creature</span> <span class='ocrx_word' id='word_1_87' title='bbox 1184 1786 1358 1866; x_wconf 88' lang='lat' dir='ltr'><strong>concessit,</strong></span> <span class='ocrx_word' id='word_1_88' title='bbox 1381 1792 1419 1851; x_wconf 91' lang='lat' dir='ltr'><strong>ot</strong></span> <span class='ocrx_word' id='word_1_89' title='bbox 1441 1785 1604 1872; x_wconf 76' lang='lat' dir='ltr'><strong>sapientie</strong></span> <span class='ocrx_word' id='word_1_90' title='bbox 1620 1786 1734 1851; x_wconf 89' lang='lat' dir='ltr'><strong>oculus</strong></span> <span class='ocrx_word' id='word_1_91' title='bbox 1757 1807 1913 1875; x_wconf 88' lang='lat' dir='ltr'><strong>peropus</strong></span> <span class='ocrx_word' id='word_1_92' title='bbox 1930 1789 2104 1877; x_wconf 85' lang='lat' dir='ltr'><strong>Opificem,</strong></span> 
     </span>
    </p>
   </div>
   <div class='ocr_carea' id='block_1_7' title="bbox 2169 1263 2180 1300">
    <p class='ocr_par' dir='ltr' id='par_1_7' title="bbox 2169 1263 2180 1300">
     <span class='ocr_line' id='line_1_12' title="bbox 2169 1263 2180 1300; baseline 0 0"><span class='ocrx_word' id='word_1_93' title='bbox 2169 1263 2180 1300; x_wconf 77' lang='lat' dir='ltr'><strong>b</strong></span> 
     </span>
    </p>
   </div>
   <div class='ocr_carea' id='block_1_8' title="bbox 450 1887 2181 1982">
    <p class='ocr_par' dir='ltr' id='par_1_8' title="bbox 450 1887 2181 1982">
     <span class='ocr_line' id='line_1_13' title="bbox 450 1887 2181 1982; baseline 0 -24"><span class='ocrx_word' id='word_1_94' title='bbox 450 1914 511 1980; x_wconf 91' lang='lat' dir='ltr'><strong>per</strong></span> <span class='ocrx_word' id='word_1_95' title='bbox 534 1897 717 1958; x_wconf 89' lang='lat' dir='ltr'><strong>creaturam</strong></span> <span class='ocrx_word' id='word_1_96' title='bbox 741 1895 936 1975; x_wconf 89' lang='lat' dir='ltr'><strong>agnosceret</strong></span> <span class='ocrx_word' id='word_1_97' title='bbox 953 1888 1158 1964; x_wconf 63' lang='lat' dir='ltr'><strong>Creatorem</strong></span> <span class='ocrx_word' id='word_1_98' title='bbox 1183 1895 1218 1982; x_wconf 82' lang='lat' dir='ltr'><strong>et</strong></span> <span class='ocrx_word' id='word_1_99' title='bbox 1239 1889 1281 1955; x_wconf 87' lang='lat' dir='ltr'><strong>ad</strong></span> <span class='ocrx_word' id='word_1_100' title='bbox 1303 1889 1404 1954; x_wconf 90' lang='lat' dir='ltr'><strong>totius</strong></span> <span class='ocrx_word' id='word_1_101' title='bbox 1420 1889 1605 1974; x_wconf 73' lang='lat' dir='ltr'><strong>ignorantie</strong></span> <span class='ocrx_word' id='word_1_102' title='bbox 1620 1887 1774 1955; x_wconf 88' lang='lat' dir='ltr'><strong>tenebras</strong></span> <span class='ocrx_word' id='word_1_103' title='bbox 1798 1892 2014 1977; x_wconf 80' lang='lat' dir='ltr'><strong>expellendas</strong></span> <span class='ocrx_word' id='word_1_104' title='bbox 2036 1900 2105 1959; x_wconf 89' lang='lat' dir='ltr'><strong>tres</strong></span> <span class='ocrx_word' id='word_1_105' title='bbox 2156 1907 2181 1943; x_wconf 86' lang='lat'><strong>¹⁰</strong></span> 
     </span>
    </p>
   </div>
   <div class='ocr_carea' id='block_1_9' title="bbox 280 1990 2109 3420">
    <p class='ocr_par' dir='ltr' id='par_1_9' title="bbox 280 1990 2107 2389">
     <span class='ocr_line' id='line_1_14' title="bbox 452 1990 2105 2082; baseline -0.001 -20"><span class='ocrx_word' id='word_1_106' title='bbox 452 1993 583 2062; x_wconf 90' lang='lat' dir='ltr'><strong>ordines</strong></span> <span class='ocrx_word' id='word_1_107' title='bbox 600 1995 780 2061; x_wconf 90' lang='lat' dir='ltr'><strong>electorum</strong></span> <span class='ocrx_word' id='word_1_108' title='bbox 794 1995 885 2059; x_wconf 82' lang='lat' dir='ltr'><strong>uelut</strong></span> <span class='ocrx_word' id='word_1_109' title='bbox 905 1992 968 2057; x_wconf 89' lang='lat' dir='ltr'><strong>tria</strong></span> <span class='ocrx_word' id='word_1_110' title='bbox 984 1993 1182 2058; x_wconf 87' lang='lat' dir='ltr'><strong>candelabra</strong></span> <span class='ocrx_word' id='word_1_111' title='bbox 1203 2014 1263 2079; x_wconf 91' lang='lat' dir='ltr'><strong>per</strong></span> <span class='ocrx_word' id='word_1_112' title='bbox 1281 1991 1420 2079; x_wconf 88' lang='lat' dir='ltr'><strong>quedam</strong></span> <span class='ocrx_word' id='word_1_113' title='bbox 1437 1990 1500 2056; x_wconf 93' lang='lat' dir='ltr'><strong>sibi</strong></span> <span class='ocrx_word' id='word_1_114' title='bbox 1522 1991 1770 2059; x_wconf 77' lang='lat' dir='ltr'><strong>succedentium</strong></span> <span class='ocrx_word' id='word_1_115' title='bbox 1788 1995 1895 2081; x_wconf 88' lang='lat' dir='ltr'><strong>spatia</strong></span> <span class='ocrx_word' id='word_1_116' title='bbox 1909 2001 2105 2082; x_wconf 89' lang='lat' dir='ltr'><strong>temporum,</strong></span> 
     </span>
     <span class='ocr_line' id='line_1_15' title="bbox 451 2094 2106 2186; baseline 0 -23"><span class='ocrx_word' id='word_1_117' title='bbox 451 2097 654 2186; x_wconf 86' lang='lat' dir='ltr'><strong>patriarchas</strong></span> <span class='ocrx_word' id='word_1_118' title='bbox 681 2097 802 2184; x_wconf 91' lang='lat' dir='ltr'><strong>primo,</strong></span> <span class='ocrx_word' id='word_1_119' title='bbox 833 2095 977 2162; x_wconf 89' lang='lat' dir='ltr'><strong>secundo</strong></span> <span class='ocrx_word' id='word_1_120' title='bbox 1000 2096 1193 2182; x_wconf 88' lang='lat' dir='ltr'><strong>prophetas,</strong></span> <span class='ocrx_word' id='word_1_121' title='bbox 1225 2096 1392 2182; x_wconf 90' lang='lat' dir='ltr'><strong>apostolos</strong></span> <span class='ocrx_word' id='word_1_122' title='bbox 1416 2095 1514 2160; x_wconf 91' lang='lat' dir='ltr'><strong>tertio</strong></span> <span class='ocrx_word' id='word_1_123' title='bbox 1537 2094 1659 2160; x_wconf 85' lang='lat' dir='ltr'><strong>direxit</strong></span> <span class='ocrx_word' id='word_1_124' title='bbox 1688 2095 1722 2160; x_wconf 92' lang='lat' dir='ltr'><strong>in</strong></span> <span class='ocrx_word' id='word_1_125' title='bbox 1744 2096 1809 2161; x_wconf 87' lang='lat' dir='ltr'><strong>ria.</strong></span> <span class='ocrx_word' id='word_1_126' title='bbox 1854 2097 2106 2163; x_wconf 84' lang='lat' dir='ltr'><strong>Patriarchas&#39;a</strong></span> 
     </span>
     <span class='ocr_line' id='line_1_16' title="bbox 280 2198 2107 2288; baseline 0.001 -24"><span class='ocrx_word' id='word_1_127' title='bbox 280 2219 431 2272; x_wconf 66' lang='lat' dir='ltr'><strong>rosamo.</strong></span> <span class='ocrx_word' id='word_1_128' title='bbox 454 2223 532 2267; x_wconf 89' lang='lat' dir='ltr'><strong>ceca</strong></span> <span class='ocrx_word' id='word_1_129' title='bbox 553 2199 762 2266; x_wconf 90' lang='lat' dir='ltr'><strong>multitudiue</strong></span> <span class='ocrx_word' id='word_1_130' title='bbox 787 2205 975 2288; x_wconf 86' lang='lat' dir='ltr'><strong>separatos,</strong></span> <span class='ocrx_word' id='word_1_131' title='bbox 1005 2199 1130 2264; x_wconf 88' lang='lat' dir='ltr'><strong>iustitia</strong></span> <span class='ocrx_word' id='word_1_132' title='bbox 1156 2198 1321 2284; x_wconf 85' lang='lat' dir='ltr'><strong>insignes,</strong></span> <span class='ocrx_word' id='word_1_133' title='bbox 1352 2200 1545 2284; x_wconf 85' lang='lat' dir='ltr'><strong>augelorum</strong></span> <span class='ocrx_word' id='word_1_134' title='bbox 1568 2204 1795 2285; x_wconf 76' lang='lat' dir='ltr'><strong>susceptores,</strong></span> <span class='ocrx_word' id='word_1_135' title='bbox 1824 2198 1933 2265; x_wconf 90' lang='lat' dir='ltr'><strong>Deum</strong></span> <span class='ocrx_word' id='word_1_136' title='bbox 1956 2201 2040 2266; x_wconf 83' lang='lat' dir='ltr'><strong>facie</strong></span> <span class='ocrx_word' id='word_1_137' title='bbox 2064 2200 2107 2266; x_wconf 88' lang='lat' dir='ltr'><strong>ad</strong></span> 
     </span>
     <span class='ocr_line' id='line_1_17' title="bbox 451 2301 2107 2389; baseline 0.001 -20"><span class='ocrx_word' id='word_1_138' title='bbox 451 2304 570 2370; x_wconf 84' lang='lat' dir='ltr'><strong>faciem</strong></span> <span class='ocrx_word' id='word_1_139' title='bbox 599 2304 782 2384; x_wconf 90' lang='lat' dir='ltr'><strong>intuentes,</strong></span> <span class='ocrx_word' id='word_1_140' title='bbox 810 2303 845 2367; x_wconf 92' lang='lat' dir='ltr'><strong>iu</strong></span> <span class='ocrx_word' id='word_1_141' title='bbox 873 2301 1085 2368; x_wconf 80' lang='lat' dir='ltr'><strong>fundamento</strong></span> <span class='ocrx_word' id='word_1_142' title='bbox 1114 2301 1190 2367; x_wconf 89' lang='lat' dir='ltr'><strong>fidei</strong></span> <span class='ocrx_word' id='word_1_143' title='bbox 1219 2302 1343 2389; x_wconf 88' lang='lat' dir='ltr'><strong>posuit,</strong></span> <span class='ocrx_word' id='word_1_144' title='bbox 1376 2303 1537 2388; x_wconf 86' lang='lat' dir='ltr'><strong>scriptura</strong></span> <span class='ocrx_word' id='word_1_145' title='bbox 1568 2302 1713 2368; x_wconf 89' lang='lat' dir='ltr'><strong>dicente:</strong></span> <span class='ocrx_word' id='word_1_146' title='bbox 1745 2302 1908 2369; x_wconf 81' lang='lat' dir='ltr'><strong>‘Credidit</strong></span> <span class='ocrx_word' id='word_1_147' title='bbox 1937 2302 2107 2370; x_wconf 77' lang='lat' dir='ltr'><strong>Abraham</strong></span> 
     </span>
    </p>

    <p class='ocr_par' dir='ltr' id='par_1_10' title="bbox 308 2404 2107 2593">
     <span class='ocr_line' id='line_1_18' title="bbox 308 2404 2106 2492; baseline 0.003 -24"><span class='ocrx_word' id='word_1_148' title='bbox 308 2425 364 2471; x_wconf 73' lang='lat' dir='ltr'><strong>oon.</strong></span> <span class='ocrx_word' id='word_1_149' title='bbox 379 2430 433 2479; x_wconf 76' lang='lat' dir='ltr'><strong>ms.</strong></span> <span class='ocrx_word' id='word_1_150' title='bbox 451 2408 534 2489; x_wconf 90' lang='lat' dir='ltr'><strong>Deo,</strong></span> <span class='ocrx_word' id='word_1_151' title='bbox 558 2411 592 2472; x_wconf 91' lang='lat' dir='ltr'><strong>et</strong></span> <span class='ocrx_word' id='word_1_152' title='bbox 614 2406 675 2472; x_wconf 84' lang='lat' dir='ltr'><strong>luit</strong></span> <span class='ocrx_word' id='word_1_153' title='bbox 697 2407 729 2481; x_wconf 92' lang='lat' dir='ltr'><strong>ei</strong></span> <span class='ocrx_word' id='word_1_154' title='bbox 751 2405 793 2471; x_wconf 89' lang='lat' dir='ltr'><strong>ad</strong></span> <span class='ocrx_word' id='word_1_155' title='bbox 816 2407 973 2472; x_wconf 89' lang='lat' dir='ltr'><strong>iustitiam</strong></span> <span class='ocrx_word' id='word_1_156' title='bbox 997 2407 1214 2492; x_wconf 79' lang='lat' dir='ltr'><strong>reputatum‘3</strong></span> <span class='ocrx_word' id='word_1_157' title='bbox 1240 2412 1274 2471; x_wconf 90' lang='lat' dir='ltr'><strong>et</strong></span> <span class='ocrx_word' id='word_1_158' title='bbox 1295 2427 1373 2471; x_wconf 86' lang='lat' dir='ltr'><strong>rere</strong></span> <span class='ocrx_word' id='word_1_159' title='bbox 1397 2404 1545 2486; x_wconf 91' lang='lat' dir='ltr'><strong>credidit,</strong></span> <span class='ocrx_word' id='word_1_160' title='bbox 1569 2406 1625 2490; x_wconf 92' lang='lat' dir='ltr'><strong>qui</strong></span> <span class='ocrx_word' id='word_1_161' title='bbox 1648 2426 1721 2471; x_wconf 91' lang='lat' dir='ltr'><strong>cum</strong></span> <span class='ocrx_word' id='word_1_162' title='bbox 1743 2411 1810 2471; x_wconf 90' lang='lat' dir='ltr'><strong>tres</strong></span> <span class='ocrx_word' id='word_1_163' title='bbox 1833 2407 1921 2472; x_wconf 81' lang='lat' dir='ltr'><strong>uiros</strong></span> <span class='ocrx_word' id='word_1_164' title='bbox 1943 2415 2106 2490; x_wconf 89' lang='lat' dir='ltr'><strong>cerneret,</strong></span> 
     </span>
     <span class='ocr_line' id='line_1_19' title="bbox 420 2497 2107 2593; baseline -0.001 -17"><span class='ocrx_word' id='word_1_165' title='bbox 420 2497 421 2502; x_wconf 8' lang='grc' dir='ltr'>ἵ</span> <span class='ocrx_word' id='word_1_166' title='bbox 451 2532 549 2576; x_wconf 88' lang='lat' dir='ltr'><strong>uuam</strong></span> <span class='ocrx_word' id='word_1_167' title='bbox 572 2508 716 2575; x_wconf 81' lang='lat' dir='ltr'><strong>divinam</strong></span> <span class='ocrx_word' id='word_1_168' title='bbox 739 2509 773 2573; x_wconf 92' lang='lat' dir='ltr'><strong>iu</strong></span> <span class='ocrx_word' id='word_1_169' title='bbox 796 2509 846 2574; x_wconf 91' lang='lat' dir='ltr'><strong>cis</strong></span> <span class='ocrx_word' id='word_1_170' title='bbox 869 2509 1087 2574; x_wconf 87' lang='lat' dir='ltr'><strong>substantiam</strong></span> <span class='ocrx_word' id='word_1_171' title='bbox 1110 2508 1267 2588; x_wconf 88' lang='lat' dir='ltr'><strong>adoravit,</strong></span> <span class='ocrx_word' id='word_1_172' title='bbox 1292 2509 1385 2573; x_wconf 84' lang='lat' dir='ltr'><strong>iuxta</strong></span> <span class='ocrx_word' id='word_1_173' title='bbox 1409 2507 1496 2593; x_wconf 90' lang='lat' dir='ltr'><strong>quod</strong></span> <span class='ocrx_word' id='word_1_174' title='bbox 1518 2507 1623 2573; x_wconf 79' lang='lat' dir='ltr'><strong>Isaiae</strong></span> <span class='ocrx_word' id='word_1_175' title='bbox 1647 2507 1772 2573; x_wconf 85' lang='lat' dir='ltr'><strong>audivit</strong></span> <span class='ocrx_word' id='word_1_176' title='bbox 1787 2507 1954 2576; x_wconf 81' lang='lat' dir='ltr'><strong>Cherubin</strong></span> <span class='ocrx_word' id='word_1_177' title='bbox 1977 2510 2012 2574; x_wconf 91' lang='lat' dir='ltr'><strong>iu</strong></span> <span class='ocrx_word' id='word_1_178' title='bbox 2034 2511 2107 2575; x_wconf 90' lang='lat' dir='ltr'><strong>celo</strong></span> 
     </span>
    </p>

    <p class='ocr_par' dir='ltr' id='par_1_11' title="bbox 303 2609 2108 2905">
     <span class='ocr_line' id='line_1_20' title="bbox 338 2609 2108 2693; baseline -0.001 -13"><span class='ocrx_word' id='word_1_179' title='bbox 338 2629 376 2673; x_wconf 78' lang='lat' dir='ltr'><strong>Es-</strong></span> <span class='ocrx_word' id='word_1_180' title='bbox 391 2633 432 2682; x_wconf 67' lang='lat' dir='ltr'><strong>aa·</strong></span> <span class='ocrx_word' id='word_1_181' title='bbox 456 2613 647 2681; x_wconf 86' lang='lat' dir='ltr'><strong>clamantia:</strong></span> <span class='ocrx_word' id='word_1_182' title='bbox 687 2611 860 2692; x_wconf 84' lang='lat' dir='ltr'><strong>‘Sanctus,</strong></span> <span class='ocrx_word' id='word_1_183' title='bbox 899 2617 1051 2691; x_wconf 72' lang='lat' dir='ltr'><strong>sanemus,</strong></span> <span class='ocrx_word' id='word_1_184' title='bbox 1093 2617 1242 2693; x_wconf 86' lang='lat' dir='ltr'><strong>sauctus,</strong></span> <span class='ocrx_word' id='word_1_185' title='bbox 1288 2609 1439 2676; x_wconf 91' lang='lat' dir='ltr'><strong>dominus</strong></span> <span class='ocrx_word' id='word_1_186' title='bbox 1476 2609 1569 2676; x_wconf 90' lang='lat' dir='ltr'><strong>Deus</strong></span> <span class='ocrx_word' id='word_1_187' title='bbox 1608 2609 1754 2676; x_wconf 83' lang='lat' dir='ltr'><strong>Sabaoth</strong></span> <span class='ocrx_word' id='word_1_188' title='bbox 1763 2613 1781 2692; x_wconf 86' lang='lat'><strong>‘,</strong></span> <span class='ocrx_word' id='word_1_189' title='bbox 1820 2612 1951 2678; x_wconf 86' lang='lat' dir='ltr'><strong>dicente</strong></span> <span class='ocrx_word' id='word_1_190' title='bbox 1984 2612 2108 2678; x_wconf 82' lang='lat' dir='ltr'><strong>David:</strong></span> 
     </span>
     <span class='ocr_line' id='line_1_21' title="bbox 303 2713 2108 2796; baseline 0.003 -20"><span class='ocrx_word' id='word_1_191' title='bbox 303 2732 363 2776; x_wconf 75' lang='lat' dir='ltr'><strong>esu.</strong></span> <span class='ocrx_word' id='word_1_192' title='bbox 377 2738 432 2785; x_wconf 79' lang='lat' dir='ltr'><strong>sca.</strong></span> <span class='ocrx_word' id='word_1_193' title='bbox 453 2717 651 2784; x_wconf 78' lang='lat' dir='ltr'><strong>‘Benedicat</strong></span> <span class='ocrx_word' id='word_1_194' title='bbox 673 2737 733 2780; x_wconf 91' lang='lat' dir='ltr'><strong>nos</strong></span> <span class='ocrx_word' id='word_1_195' title='bbox 754 2713 858 2796; x_wconf 89' lang='lat' dir='ltr'><strong>Deus,</strong></span> <span class='ocrx_word' id='word_1_196' title='bbox 886 2713 979 2780; x_wconf 92' lang='lat' dir='ltr'><strong>Deus</strong></span> <span class='ocrx_word' id='word_1_197' title='bbox 1001 2722 1124 2796; x_wconf 89' lang='lat' dir='ltr'><strong>noster,</strong></span> <span class='ocrx_word' id='word_1_198' title='bbox 1153 2713 1329 2780; x_wconf 89' lang='lat' dir='ltr'><strong>benedicat</strong></span> <span class='ocrx_word' id='word_1_199' title='bbox 1351 2736 1410 2779; x_wconf 92' lang='lat' dir='ltr'><strong>uos</strong></span> <span class='ocrx_word' id='word_1_200' title='bbox 1434 2713 1537 2793; x_wconf 90' lang='lat' dir='ltr'><strong>Deus,</strong></span> <span class='ocrx_word' id='word_1_201' title='bbox 1561 2717 1596 2778; x_wconf 90' lang='lat' dir='ltr'><strong>ot</strong></span> <span class='ocrx_word' id='word_1_202' title='bbox 1617 2721 1766 2779; x_wconf 88' lang='lat' dir='ltr'><strong>metuant</strong></span> <span class='ocrx_word' id='word_1_203' title='bbox 1788 2735 1863 2780; x_wconf 90' lang='lat' dir='ltr'><strong>eum</strong></span> <span class='ocrx_word' id='word_1_204' title='bbox 1886 2735 2000 2781; x_wconf 88' lang='lat' dir='ltr'><strong>omues</strong></span> <span class='ocrx_word' id='word_1_205' title='bbox 2023 2717 2108 2783; x_wconf 87' lang='lat' dir='ltr'><strong>fines</strong></span> 
     </span>
     <span class='ocr_line' id='line_1_22' title="bbox 452 2816 2108 2905; baseline 0.001 -21"><span class='ocrx_word' id='word_1_206' title='bbox 452 2821 566 2898; x_wconf 86' lang='lat' dir='ltr'><strong>torre&#39;,</strong></span> <span class='ocrx_word' id='word_1_207' title='bbox 595 2839 668 2884; x_wconf 91' lang='lat' dir='ltr'><strong>cum</strong></span> <span class='ocrx_word' id='word_1_208' title='bbox 699 2823 750 2882; x_wconf 90' lang='lat' dir='ltr'><strong>ter</strong></span> <span class='ocrx_word' id='word_1_209' title='bbox 772 2822 905 2882; x_wconf 83' lang='lat' dir='ltr'><strong>sauctus</strong></span> <span class='ocrx_word' id='word_1_210' title='bbox 934 2823 969 2882; x_wconf 91' lang='lat' dir='ltr'><strong>et</strong></span> <span class='ocrx_word' id='word_1_211' title='bbox 996 2823 1048 2882; x_wconf 90' lang='lat' dir='ltr'><strong>ter</strong></span> <span class='ocrx_word' id='word_1_212' title='bbox 1068 2817 1160 2884; x_wconf 91' lang='lat' dir='ltr'><strong>Deus</strong></span> <span class='ocrx_word' id='word_1_213' title='bbox 1184 2818 1227 2883; x_wconf 92' lang='lat' dir='ltr'><strong>sit</strong></span> <span class='ocrx_word' id='word_1_214' title='bbox 1247 2839 1308 2905; x_wconf 91' lang='lat' dir='ltr'><strong>pro</strong></span> <span class='ocrx_word' id='word_1_215' title='bbox 1336 2838 1550 2903; x_wconf 88' lang='lat' dir='ltr'><strong>personarum</strong></span> <span class='ocrx_word' id='word_1_216' title='bbox 1580 2837 1716 2883; x_wconf 87' lang='lat' dir='ltr'><strong>numero</strong></span> <span class='ocrx_word' id='word_1_217' title='bbox 1744 2819 1904 2905; x_wconf 88' lang='lat' dir='ltr'><strong>positum,</strong></span> <span class='ocrx_word' id='word_1_218' title='bbox 1937 2816 2108 2885; x_wconf 88' lang='lat' dir='ltr'><strong>‘domiuus</strong></span> 
     </span>
    </p>

    <p class='ocr_par' dir='ltr' id='par_1_12' title="bbox 452 2920 2109 3215">
     <span class='ocr_line' id='line_1_23' title="bbox 453 2920 2105 3007; baseline -0.001 -18"><span class='ocrx_word' id='word_1_219' title='bbox 453 2923 545 2989; x_wconf 88' lang='lat' dir='ltr'><strong>Deus</strong></span> <span class='ocrx_word' id='word_1_220' title='bbox 569 2921 740 3002; x_wconf 83' lang='lat' dir='ltr'><strong>Sabaoth&#39;,</strong></span> <span class='ocrx_word' id='word_1_221' title='bbox 769 2927 803 2986; x_wconf 89' lang='lat' dir='ltr'><strong>et</strong></span> <span class='ocrx_word' id='word_1_222' title='bbox 825 2924 988 2985; x_wconf 85' lang='lat' dir='ltr'><strong>‘metuant</strong></span> <span class='ocrx_word' id='word_1_223' title='bbox 1010 2943 1085 2986; x_wconf 91' lang='lat' dir='ltr'><strong>eum</strong></span> <span class='ocrx_word' id='word_1_224' title='bbox 1108 2943 1222 2987; x_wconf 90' lang='lat' dir='ltr'><strong>omues</strong></span> <span class='ocrx_word' id='word_1_225' title='bbox 1245 2923 1327 2986; x_wconf 86' lang='lat' dir='ltr'><strong>fines</strong></span> <span class='ocrx_word' id='word_1_226' title='bbox 1350 2923 1453 2987; x_wconf 85' lang='lat' dir='ltr'><strong>terre&#39;</strong></span> <span class='ocrx_word' id='word_1_227' title='bbox 1482 2942 1542 3007; x_wconf 91' lang='lat' dir='ltr'><strong>pro</strong></span> <span class='ocrx_word' id='word_1_228' title='bbox 1566 2921 1711 2986; x_wconf 91' lang='lat' dir='ltr'><strong>essentie</strong></span> <span class='ocrx_word' id='word_1_229' title='bbox 1734 2920 1860 2987; x_wconf 88' lang='lat' dir='ltr'><strong>unitate</strong></span> <span class='ocrx_word' id='word_1_230' title='bbox 1883 2920 2105 3004; x_wconf 89' lang='lat' dir='ltr'><strong>subiunctum,</strong></span> 
     </span>
     <span class='ocr_line' id='line_1_24' title="bbox 453 3022 2107 3110; baseline 0 -19"><span class='ocrx_word' id='word_1_231' title='bbox 453 3025 653 3091; x_wconf 80' lang='lat' dir='ltr'><strong>attribuente</strong></span> <span class='ocrx_word' id='word_1_232' title='bbox 677 3023 838 3108; x_wconf 88' lang='lat' dir='ltr'><strong>scriptura</strong></span> <span class='ocrx_word' id='word_1_233' title='bbox 852 3022 943 3088; x_wconf 87' lang='lat' dir='ltr'><strong>Patri</strong></span> <span class='ocrx_word' id='word_1_234' title='bbox 963 3024 1156 3110; x_wconf 88' lang='lat' dir='ltr'><strong>potentiam,</strong></span> <span class='ocrx_word' id='word_1_235' title='bbox 1180 3023 1374 3109; x_wconf 89' lang='lat' dir='ltr'><strong>sapientiem</strong></span> <span class='ocrx_word' id='word_1_236' title='bbox 1390 3023 1486 3102; x_wconf 85' lang='lat' dir='ltr'><strong>Filio,</strong></span> <span class='ocrx_word' id='word_1_237' title='bbox 1510 3030 1544 3088; x_wconf 90' lang='lat' dir='ltr'><strong>et</strong></span> <span class='ocrx_word' id='word_1_238' title='bbox 1560 3023 1697 3109; x_wconf 84' lang='lat' dir='ltr'><strong>Spiritui</strong></span> <span class='ocrx_word' id='word_1_239' title='bbox 1721 3029 1834 3089; x_wconf 86' lang='lat' dir='ltr'><strong>sancto</strong></span> <span class='ocrx_word' id='word_1_240' title='bbox 1856 3024 2107 3110; x_wconf 85' lang='lat' dir='ltr'><strong>benignitatem,</strong></span> 
     </span>
     <span class='ocr_line' id='line_1_25' title="bbox 452 3125 2109 3215; baseline 0.001 -23"><span class='ocrx_word' id='word_1_241' title='bbox 452 3127 654 3215; x_wconf 86' lang='lat' dir='ltr'><strong>proprietate</strong></span> <span class='ocrx_word' id='word_1_242' title='bbox 677 3126 839 3211; x_wconf 87' lang='lat' dir='ltr'><strong>mysterii,</strong></span> <span class='ocrx_word' id='word_1_243' title='bbox 870 3147 944 3191; x_wconf 87' lang='lat' dir='ltr'><strong>cum</strong></span> <span class='ocrx_word' id='word_1_244' title='bbox 973 3127 1016 3192; x_wconf 91' lang='lat' dir='ltr'><strong>sit</strong></span> <span class='ocrx_word' id='word_1_245' title='bbox 1043 3127 1204 3213; x_wconf 88' lang='lat' dir='ltr'><strong>potentia,</strong></span> <span class='ocrx_word' id='word_1_246' title='bbox 1236 3125 1399 3214; x_wconf 88' lang='lat' dir='ltr'><strong>sapientia</strong></span> <span class='ocrx_word' id='word_1_247' title='bbox 1422 3132 1455 3191; x_wconf 93' lang='lat' dir='ltr'><strong>et</strong></span> <span class='ocrx_word' id='word_1_248' title='bbox 1481 3126 1666 3212; x_wconf 88' lang='lat' dir='ltr'><strong>benignitas</strong></span> <span class='ocrx_word' id='word_1_249' title='bbox 1696 3148 1761 3192; x_wconf 89' lang='lat' dir='ltr'><strong>una</strong></span> <span class='ocrx_word' id='word_1_250' title='bbox 1789 3127 1899 3206; x_wconf 88' lang='lat' dir='ltr'><strong>trium,</strong></span> <span class='ocrx_word' id='word_1_251' title='bbox 1931 3127 2016 3193; x_wconf 91' lang='lat' dir='ltr'><strong>sicut</strong></span> <span class='ocrx_word' id='word_1_252' title='bbox 2043 3129 2109 3215; x_wconf 92' lang='lat' dir='ltr'><strong>ipsi</strong></span> 
     </span>
    </p>

    <p class='ocr_par' dir='ltr' id='par_1_13' title="bbox 454 3227 2108 3420">
     <span class='ocr_line' id='line_1_26' title="bbox 454 3227 2108 3315; baseline 0 -19"><span class='ocrx_word' id='word_1_253' title='bbox 454 3237 530 3297; x_wconf 90' lang='lat' dir='ltr'><strong>sunt</strong></span> <span class='ocrx_word' id='word_1_254' title='bbox 563 3250 673 3294; x_wconf 86' lang='lat' dir='ltr'><strong>ouum.</strong></span> <span class='ocrx_word' id='word_1_255' title='bbox 717 3227 846 3294; x_wconf 89' lang='lat' dir='ltr'><strong>Deinde</strong></span> <span class='ocrx_word' id='word_1_256' title='bbox 878 3229 1055 3315; x_wconf 87' lang='lat' dir='ltr'><strong>prophetas</strong></span> <span class='ocrx_word' id='word_1_257' title='bbox 1089 3251 1132 3294; x_wconf 84' lang='lat' dir='ltr'><strong>ex</strong></span> <span class='ocrx_word' id='word_1_258' title='bbox 1166 3229 1376 3296; x_wconf 88' lang='lat' dir='ltr'><strong>Hebreorum</strong></span> <span class='ocrx_word' id='word_1_259' title='bbox 1406 3229 1545 3315; x_wconf 88' lang='lat' dir='ltr'><strong>populo,</strong></span> <span class='ocrx_word' id='word_1_260' title='bbox 1581 3229 1635 3315; x_wconf 93' lang='lat' dir='ltr'><strong>qui</strong></span> <span class='ocrx_word' id='word_1_261' title='bbox 1663 3228 1834 3311; x_wconf 90' lang='lat' dir='ltr'><strong>credebat,</strong></span> <span class='ocrx_word' id='word_1_262' title='bbox 1869 3231 2011 3311; x_wconf 91' lang='lat' dir='ltr'><strong>electos,</strong></span> <span class='ocrx_word' id='word_1_263' title='bbox 2042 3230 2108 3297; x_wconf 90' lang='lat' dir='ltr'><strong>lide</strong></span> 
     </span>
     <span class='ocr_line' id='line_1_27' title="bbox 457 3331 2108 3420; baseline 0.001 -22"><span class='ocrx_word' id='word_1_264' title='bbox 457 3354 618 3412; x_wconf 89' lang='lat' dir='ltr'><strong>summos,</strong></span> <span class='ocrx_word' id='word_1_265' title='bbox 652 3332 825 3397; x_wconf 83' lang='lat' dir='ltr'><strong>sanctitate</strong></span> <span class='ocrx_word' id='word_1_266' title='bbox 853 3333 1035 3420; x_wconf 86' lang='lat' dir='ltr'><strong>pollentes,</strong></span> <span class='ocrx_word' id='word_1_267' title='bbox 1069 3331 1258 3398; x_wconf 89' lang='lat' dir='ltr'><strong>claudentes</strong></span> <span class='ocrx_word' id='word_1_268' title='bbox 1290 3339 1324 3398; x_wconf 90' lang='lat' dir='ltr'><strong>et</strong></span> <span class='ocrx_word' id='word_1_269' title='bbox 1352 3339 1539 3399; x_wconf 88' lang='lat' dir='ltr'><strong>reserantes</strong></span> <span class='ocrx_word' id='word_1_270' title='bbox 1569 3332 1771 3399; x_wconf 89' lang='lat' dir='ltr'><strong>orationibus</strong></span> <span class='ocrx_word' id='word_1_271' title='bbox 1798 3333 1921 3411; x_wconf 83' lang='lat' dir='ltr'><strong>celum,</strong></span> <span class='ocrx_word' id='word_1_272' title='bbox 1954 3341 2108 3401; x_wconf 87' lang='lat' dir='ltr'><strong>curantes</strong></span> 
     </span>
    </p>
   </div>
   <div class='ocr_carea' id='block_1_10' title="bbox 453 3435 2178 3523">
    <p class='ocr_par' dir='ltr' id='par_1_14' title="bbox 453 3435 2178 3523">
     <span class='ocr_line' id='line_1_28' title="bbox 453 3435 2178 3523; baseline -0.003 -22"><span class='ocrx_word' id='word_1_273' title='bbox 453 3436 658 3502; x_wconf 88' lang='lat' dir='ltr'><strong>infirmitates</strong></span> <span class='ocrx_word' id='word_1_274' title='bbox 674 3435 841 3499; x_wconf 89' lang='lat' dir='ltr'><strong>homiuum</strong></span> <span class='ocrx_word' id='word_1_275' title='bbox 865 3443 899 3502; x_wconf 89' lang='lat' dir='ltr'><strong>et</strong></span> <span class='ocrx_word' id='word_1_276' title='bbox 915 3437 1114 3502; x_wconf 89' lang='lat' dir='ltr'><strong>suscitantes</strong></span> <span class='ocrx_word' id='word_1_277' title='bbox 1136 3457 1273 3522; x_wconf 89' lang='lat' dir='ltr'><strong>corpora</strong></span> <span class='ocrx_word' id='word_1_278' title='bbox 1288 3442 1499 3516; x_wconf 87' lang='lat' dir='ltr'><strong>mortuorum,</strong></span> <span class='ocrx_word' id='word_1_279' title='bbox 1522 3442 1599 3523; x_wconf 88' lang='lat' dir='ltr'><strong>post</strong></span> <span class='ocrx_word' id='word_1_280' title='bbox 1612 3437 1731 3523; x_wconf 90' lang='lat' dir='ltr'><strong>legem,</strong></span> <span class='ocrx_word' id='word_1_281' title='bbox 1755 3458 1851 3522; x_wconf 90' lang='lat' dir='ltr'><strong>quam</strong></span> <span class='ocrx_word' id='word_1_282' title='bbox 1873 3448 1952 3523; x_wconf 75' lang='lat' dir='ltr'><strong>per⁸</strong></span> <span class='ocrx_word' id='word_1_283' title='bbox 1965 3436 2106 3522; x_wconf 85' lang='lat' dir='ltr'><strong>Moysen</strong></span> <span class='ocrx_word' id='word_1_284' title='bbox 2173 3485 2178 3496; x_wconf 89' lang='lat'><strong><em>.</em></strong></span> 
     </span>
    </p>
   </div>
   <div class='ocr_carea' id='block_1_11' title="bbox 299 3537 2110 5477">
    <p class='ocr_par' dir='ltr' id='par_1_15' title="bbox 454 3537 2108 3730">
     <span class='ocr_line' id='line_1_29' title="bbox 454 3537 2108 3626; baseline 0.001 -22"><span class='ocrx_word' id='word_1_285' title='bbox 454 3537 567 3620; x_wconf 89' lang='lat' dir='ltr'><strong>edidit,</strong></span> <span class='ocrx_word' id='word_1_286' title='bbox 589 3539 680 3603; x_wconf 82' lang='lat' dir='ltr'><strong>velut</strong></span> <span class='ocrx_word' id='word_1_287' title='bbox 702 3538 847 3624; x_wconf 88' lang='lat' dir='ltr'><strong>parietes</strong></span> <span class='ocrx_word' id='word_1_288' title='bbox 864 3537 985 3604; x_wconf 89' lang='lat' dir='ltr'><strong>edificii</strong></span> <span class='ocrx_word' id='word_1_289' title='bbox 1001 3540 1229 3626; x_wconf 88' lang='lat' dir='ltr'><strong>consurgentis</strong></span> <span class='ocrx_word' id='word_1_290' title='bbox 1253 3541 1368 3606; x_wconf 87' lang='lat' dir='ltr'><strong>erexit.</strong></span> <span class='ocrx_word' id='word_1_291' title='bbox 1413 3540 1650 3626; x_wconf 87' lang='lat' dir='ltr'><strong>Apostolorum</strong></span> <span class='ocrx_word' id='word_1_292' title='bbox 1667 3561 1746 3605; x_wconf 83' lang='lat' dir='ltr'><strong>vero</strong></span> <span class='ocrx_word' id='word_1_293' title='bbox 1763 3561 1891 3605; x_wconf 89' lang='lat' dir='ltr'><strong>sacrum</strong></span> <span class='ocrx_word' id='word_1_294' title='bbox 1906 3539 2108 3626; x_wconf 87' lang='lat' dir='ltr'><strong>perfectum·</strong></span> 
     </span>
     <span class='ocr_line' id='line_1_30' title="bbox 455 3640 1430 3730; baseline -0.001 -23"><span class='ocrx_word' id='word_1_295' title='bbox 455 3663 518 3729; x_wconf 86' lang='lat' dir='ltr'><strong>que</strong></span> <span class='ocrx_word' id='word_1_296' title='bbox 540 3661 712 3706; x_wconf 87' lang='lat' dir='ltr'><strong>numerum</strong></span> <span class='ocrx_word' id='word_1_297' title='bbox 735 3640 930 3727; x_wconf 88' lang='lat' dir='ltr'><strong>superduxit</strong></span> <span class='ocrx_word' id='word_1_298' title='bbox 953 3643 987 3707; x_wconf 93' lang='lat' dir='ltr'><strong>in</strong></span> <span class='ocrx_word' id='word_1_299' title='bbox 1010 3643 1120 3728; x_wconf 90' lang='lat' dir='ltr'><strong>operis</strong></span> <span class='ocrx_word' id='word_1_300' title='bbox 1145 3644 1430 3730; x_wconf 90' lang='lat' dir='ltr'><strong>complementum.</strong></span> 
     </span>
    </p>

    <p class='ocr_par' dir='ltr' id='par_1_16' title="bbox 560 3742 2108 3832">
     <span class='ocr_line' id='line_1_31' title="bbox 560 3742 2108 3832; baseline 0.001 -25"><span class='ocrx_word' id='word_1_301' title='bbox 560 3742 605 3807; x_wconf 81' lang='lat' dir='ltr'><strong>Et</strong></span> <span class='ocrx_word' id='word_1_302' title='bbox 635 3744 775 3830; x_wconf 90' lang='lat' dir='ltr'><strong>primum</strong></span> <span class='ocrx_word' id='word_1_303' title='bbox 807 3745 940 3832; x_wconf 90' lang='lat' dir='ltr'><strong>quidem</strong></span> <span class='ocrx_word' id='word_1_304' title='bbox 975 3745 1136 3811; x_wconf 88' lang='lat' dir='ltr'><strong>luminare</strong></span> <span class='ocrx_word' id='word_1_305' title='bbox 1171 3746 1287 3810; x_wconf 89' lang='lat' dir='ltr'><strong>talium</strong></span> <span class='ocrx_word' id='word_1_306' title='bbox 1318 3745 1572 3831; x_wconf 90' lang='lat' dir='ltr'><strong>promissionum</strong></span> <span class='ocrx_word' id='word_1_307' title='bbox 1606 3745 1784 3831; x_wconf 91' lang='lat' dir='ltr'><strong>sponsione</strong></span> <span class='ocrx_word' id='word_1_308' title='bbox 1819 3745 1998 3812; x_wconf 91' lang='lat' dir='ltr'><strong>succendit.</strong></span> <span class='ocrx_word' id='word_1_309' title='bbox 2055 3744 2108 3810; x_wconf 87' lang='lat' dir='ltr'><strong>Ad</strong></span> 
     </span>
    </p>

    <p class='ocr_par' dir='ltr' id='par_1_17' title="bbox 299 3847 2108 4244">
     <span class='ocr_line' id='line_1_32' title="bbox 454 3847 2108 3934; baseline 0.001 -22"><span class='ocrx_word' id='word_1_310' title='bbox 454 3847 631 3929; x_wconf 84' lang='lat' dir='ltr'><strong>Abraham,</strong></span> <span class='ocrx_word' id='word_1_311' title='bbox 654 3868 809 3932; x_wconf 88' lang='lat' dir='ltr'><strong>magnum</strong></span> <span class='ocrx_word' id='word_1_312' title='bbox 831 3853 958 3934; x_wconf 87' lang='lat' dir='ltr'><strong>patrem</strong></span> <span class='ocrx_word' id='word_1_313' title='bbox 981 3847 1199 3913; x_wconf 91' lang='lat' dir='ltr'><strong>multitudinis</strong></span> <span class='ocrx_word' id='word_1_314' title='bbox 1222 3848 1380 3933; x_wconf 89' lang='lat' dir='ltr'><strong>gentium,</strong></span> <span class='ocrx_word' id='word_1_315' title='bbox 1403 3848 1436 3912; x_wconf 91' lang='lat' dir='ltr'><strong>in</strong></span> <span class='ocrx_word' id='word_1_316' title='bbox 1460 3847 1552 3912; x_wconf 90' lang='lat' dir='ltr'><strong>cuius</strong></span> <span class='ocrx_word' id='word_1_317' title='bbox 1576 3869 1674 3912; x_wconf 90' lang='lat' dir='ltr'><strong>carue</strong></span> <span class='ocrx_word' id='word_1_318' title='bbox 1698 3848 1777 3913; x_wconf 89' lang='lat' dir='ltr'><strong>lecit</strong></span> <span class='ocrx_word' id='word_1_319' title='bbox 1800 3848 1981 3913; x_wconf 88' lang='lat' dir='ltr'><strong>consistere</strong></span> <span class='ocrx_word' id='word_1_320' title='bbox 2003 3854 2108 3914; x_wconf 88' lang='lat' dir='ltr'><strong>testa·</strong></span> 
     </span>
     <span class='ocr_line' id='line_1_33' title="bbox 312 3950 2106 4036; baseline 0.002 -25"><span class='ocrx_word' id='word_1_321' title='bbox 312 3968 367 4011; x_wconf 74' lang='lat' dir='ltr'><strong>een.</strong></span> <span class='ocrx_word' id='word_1_322' title='bbox 383 3971 436 4018; x_wconf 73' lang='lat' dir='ltr'><strong>nc.</strong></span> <span class='ocrx_word' id='word_1_323' title='bbox 455 3957 614 4016; x_wconf 90' lang='lat' dir='ltr'><strong>mentum:</strong></span> <span class='ocrx_word' id='word_1_324' title='bbox 654 3950 707 4015; x_wconf 85' lang='lat' dir='ltr'><strong>‘Iu</strong></span> <span class='ocrx_word' id='word_1_325' title='bbox 734 3952 797 4032; x_wconf 85' lang='lat' dir='ltr'><strong>te&#39;,</strong></span> <span class='ocrx_word' id='word_1_326' title='bbox 831 3951 950 4035; x_wconf 89' lang='lat' dir='ltr'><strong>iuquit,</strong></span> <span class='ocrx_word' id='word_1_327' title='bbox 992 3951 1244 4018; x_wconf 88' lang='lat' dir='ltr'><strong>‘benedicentur</strong></span> <span class='ocrx_word' id='word_1_328' title='bbox 1287 3953 1441 4016; x_wconf 90' lang='lat' dir='ltr'><strong>universe</strong></span> <span class='ocrx_word' id='word_1_329' title='bbox 1481 3951 1694 4036; x_wconf 89' lang='lat' dir='ltr'><strong>cognationes</strong></span> <span class='ocrx_word' id='word_1_330' title='bbox 1736 3951 1852 4017; x_wconf 85' lang='lat' dir='ltr'><strong>terre&#39;.</strong></span> <span class='ocrx_word' id='word_1_331' title='bbox 1906 3950 1961 4016; x_wconf 86' lang='lat' dir='ltr'><strong>Ad</strong></span> <span class='ocrx_word' id='word_1_332' title='bbox 1997 3951 2106 4016; x_wconf 90' lang='lat' dir='ltr'><strong>Isaac:</strong></span> 
     </span>
     <span class='ocr_line' id='line_1_34' title="bbox 299 4052 2107 4140; baseline 0.002 -23"><span class='ocrx_word' id='word_1_333' title='bbox 299 4071 354 4113; x_wconf 77' lang='lat' dir='ltr'><strong>oon.</strong></span> <span class='ocrx_word' id='word_1_334' title='bbox 368 4073 436 4121; x_wconf 74' lang='lat' dir='ltr'><strong>aare·</strong></span> <span class='ocrx_word' id='word_1_335' title='bbox 455 4052 717 4120; x_wconf 91' lang='lat' dir='ltr'><strong>‘Benediceutur</strong></span> <span class='ocrx_word' id='word_1_336' title='bbox 739 4055 772 4118; x_wconf 91' lang='lat' dir='ltr'><strong>in</strong></span> <span class='ocrx_word' id='word_1_337' title='bbox 796 4054 922 4119; x_wconf 90' lang='lat' dir='ltr'><strong>semiue</strong></span> <span class='ocrx_word' id='word_1_338' title='bbox 946 4060 1002 4119; x_wconf 92' lang='lat' dir='ltr'><strong>tuo</strong></span> <span class='ocrx_word' id='word_1_339' title='bbox 1025 4055 1168 4140; x_wconf 89' lang='lat' dir='ltr'><strong>geutes&#39;.</strong></span> <span class='ocrx_word' id='word_1_340' title='bbox 1217 4053 1270 4119; x_wconf 85' lang='lat' dir='ltr'><strong>Ad</strong></span> <span class='ocrx_word' id='word_1_341' title='bbox 1291 4054 1390 4120; x_wconf 88' lang='lat' dir='ltr'><strong>Iacob</strong></span> <span class='ocrx_word' id='word_1_342' title='bbox 1413 4075 1507 4134; x_wconf 86' lang='lat' dir='ltr'><strong>vero,</strong></span> <span class='ocrx_word' id='word_1_343' title='bbox 1539 4054 1594 4138; x_wconf 90' lang='lat' dir='ltr'><strong>qui</strong></span> <span class='ocrx_word' id='word_1_344' title='bbox 1616 4075 1677 4140; x_wconf 88' lang='lat' dir='ltr'><strong>per</strong></span> <span class='ocrx_word' id='word_1_345' title='bbox 1699 4052 1871 4120; x_wconf 90' lang='lat' dir='ltr'><strong>duodecim</strong></span> <span class='ocrx_word' id='word_1_346' title='bbox 1894 4053 1979 4118; x_wconf 87' lang='lat' dir='ltr'><strong>filios</strong></span> <span class='ocrx_word' id='word_1_347' title='bbox 2001 4054 2107 4120; x_wconf 88' lang='lat' dir='ltr'><strong>tribus</strong></span> 
     </span>
     <span class='ocr_line' id='line_1_35' title="bbox 304 4155 2106 4244; baseline -0.001 -22"><span class='ocrx_word' id='word_1_348' title='bbox 304 4181 359 4222; x_wconf 75' lang='lat' dir='ltr'><strong>oon.</strong></span> <span class='ocrx_word' id='word_1_349' title='bbox 375 4183 437 4231; x_wconf 63' lang='lat' dir='ltr'><strong>aare</strong></span> <span class='ocrx_word' id='word_1_350' title='bbox 456 4157 592 4222; x_wconf 89' lang='lat' dir='ltr'><strong>totidem</strong></span> <span class='ocrx_word' id='word_1_351' title='bbox 628 4163 662 4222; x_wconf 89' lang='lat' dir='ltr'><strong>et</strong></span> <span class='ocrx_word' id='word_1_352' title='bbox 693 4158 850 4243; x_wconf 91' lang='lat' dir='ltr'><strong>populum</strong></span> <span class='ocrx_word' id='word_1_353' title='bbox 886 4156 1119 4242; x_wconf 88' lang='lat' dir='ltr'><strong>magnitudinis</strong></span> <span class='ocrx_word' id='word_1_354' title='bbox 1153 4159 1323 4224; x_wconf 90' lang='lat' dir='ltr'><strong>innumere</strong></span> <span class='ocrx_word' id='word_1_355' title='bbox 1357 4158 1564 4244; x_wconf 84' lang='lat' dir='ltr'><strong>propagavit:</strong></span> <span class='ocrx_word' id='word_1_356' title='bbox 1600 4156 1687 4244; x_wconf 80' lang='lat' dir='ltr'><strong>‘Ego</strong></span> <span class='ocrx_word' id='word_1_357' title='bbox 1723 4156 1821 4238; x_wconf 85' lang='lat' dir='ltr'><strong>sum&#39;,</strong></span> <span class='ocrx_word' id='word_1_358' title='bbox 1855 4157 1901 4220; x_wconf 90' lang='lat' dir='ltr'><strong>ait</strong></span> <span class='ocrx_word' id='word_1_359' title='bbox 1933 4155 2106 4234; x_wconf 90' lang='lat' dir='ltr'><strong>Dominus,</strong></span> 
     </span>
    </p>

    <p class='ocr_par' dir='ltr' id='par_1_18' title="bbox 332 4235 2108 4347">
     <span class='ocr_line' id='line_1_36' title="bbox 332 4235 2108 4347; baseline 0.001 -24"><span class='ocrx_word' id='word_1_360' title='bbox 332 4235 357 4274; x_wconf 53' lang='lat' dir='ltr'><strong>&#39;t</strong></span> <span class='ocrx_word' id='word_1_361' title='bbox 371 4235 403 4276; x_wconf 76' lang='lat'><strong>¹⁴‘</strong></span> <span class='ocrx_word' id='word_1_362' title='bbox 455 4258 563 4325; x_wconf 86' lang='lat' dir='ltr'><strong>‘Deus</strong></span> <span class='ocrx_word' id='word_1_363' title='bbox 578 4258 746 4324; x_wconf 86' lang='lat' dir='ltr'><strong>Abraham</strong></span> <span class='ocrx_word' id='word_1_364' title='bbox 770 4260 872 4346; x_wconf 87' lang='lat' dir='ltr'><strong>patris</strong></span> <span class='ocrx_word' id='word_1_365' title='bbox 896 4261 944 4325; x_wconf 92' lang='lat' dir='ltr'><strong>tui</strong></span> <span class='ocrx_word' id='word_1_366' title='bbox 967 4267 1002 4326; x_wconf 93' lang='lat' dir='ltr'><strong>et</strong></span> <span class='ocrx_word' id='word_1_367' title='bbox 1022 4260 1115 4326; x_wconf 91' lang='lat' dir='ltr'><strong>Deus</strong></span> <span class='ocrx_word' id='word_1_368' title='bbox 1137 4262 1267 4337; x_wconf 86' lang='lat' dir='ltr'><strong>Isaac&#39;;</strong></span> <span class='ocrx_word' id='word_1_369' title='bbox 1291 4268 1324 4326; x_wconf 92' lang='lat' dir='ltr'><strong>et</strong></span> <span class='ocrx_word' id='word_1_370' title='bbox 1347 4267 1422 4347; x_wconf 91' lang='lat' dir='ltr'><strong>post</strong></span> <span class='ocrx_word' id='word_1_371' title='bbox 1445 4282 1563 4347; x_wconf 89' lang='lat' dir='ltr'><strong>pauca:</strong></span> <span class='ocrx_word' id='word_1_372' title='bbox 1587 4259 1803 4325; x_wconf 90' lang='lat' dir='ltr'><strong>‘Dilataberis</strong></span> <span class='ocrx_word' id='word_1_373' title='bbox 1826 4257 1867 4323; x_wconf 88' lang='lat' dir='ltr'><strong>ad</strong></span> <span class='ocrx_word' id='word_1_374' title='bbox 1890 4259 2050 4324; x_wconf 90' lang='lat' dir='ltr'><strong>orientem</strong></span> <span class='ocrx_word' id='word_1_375' title='bbox 2074 4266 2108 4324; x_wconf 91' lang='lat' dir='ltr'><strong>et</strong></span> 
     </span>
    </p>

    <p class='ocr_par' dir='ltr' id='par_1_19' title="bbox 454 4361 2106 4450">
     <span class='ocr_line' id='line_1_37' title="bbox 454 4361 2106 4450; baseline -0.001 -22"><span class='ocrx_word' id='word_1_376' title='bbox 454 4362 673 4443; x_wconf 88' lang='lat' dir='ltr'><strong>occidentem,</strong></span> <span class='ocrx_word' id='word_1_377' title='bbox 702 4363 959 4450; x_wconf 90' lang='lat' dir='ltr'><strong>septentrionem</strong></span> <span class='ocrx_word' id='word_1_378' title='bbox 983 4371 1016 4429; x_wconf 90' lang='lat' dir='ltr'><strong>et</strong></span> <span class='ocrx_word' id='word_1_379' title='bbox 1038 4365 1224 4446; x_wconf 90' lang='lat' dir='ltr'><strong>meridiem,</strong></span> <span class='ocrx_word' id='word_1_380' title='bbox 1255 4371 1288 4430; x_wconf 90' lang='lat' dir='ltr'><strong>et</strong></span> <span class='ocrx_word' id='word_1_381' title='bbox 1311 4371 1429 4430; x_wconf 90' lang='lat' dir='ltr'><strong>cuncta</strong></span> <span class='ocrx_word' id='word_1_382' title='bbox 1451 4362 1689 4430; x_wconf 90' lang='lat' dir='ltr'><strong>benedicentur</strong></span> <span class='ocrx_word' id='word_1_383' title='bbox 1709 4363 1744 4427; x_wconf 89' lang='lat' dir='ltr'><strong>in</strong></span> <span class='ocrx_word' id='word_1_384' title='bbox 1768 4368 1815 4443; x_wconf 91' lang='lat' dir='ltr'><strong>te,</strong></span> <span class='ocrx_word' id='word_1_385' title='bbox 1844 4361 1877 4425; x_wconf 92' lang='lat' dir='ltr'><strong>iu</strong></span> <span class='ocrx_word' id='word_1_386' title='bbox 1900 4366 1957 4427; x_wconf 90' lang='lat' dir='ltr'><strong>tuo</strong></span> <span class='ocrx_word' id='word_1_387' title='bbox 1981 4361 2106 4427; x_wconf 90' lang='lat' dir='ltr'><strong>semiue</strong></span> 
     </span>
    </p>

    <p class='ocr_par' dir='ltr' id='par_1_20' title="bbox 454 4463 2106 4555">
     <span class='ocr_line' id='line_1_38' title="bbox 454 4463 2106 4555; baseline 0.001 -26"><span class='ocrx_word' id='word_1_388' title='bbox 454 4463 559 4529; x_wconf 89' lang='lat' dir='ltr'><strong>tribus</strong></span> <span class='ocrx_word' id='word_1_389' title='bbox 581 4465 696 4531; x_wconf 89' lang='lat' dir='ltr'><strong>terre&#39;.</strong></span> <span class='ocrx_word' id='word_1_390' title='bbox 740 4465 840 4532; x_wconf 88' lang='lat' dir='ltr'><strong>Iacob</strong></span> <span class='ocrx_word' id='word_1_391' title='bbox 856 4488 933 4532; x_wconf 86' lang='lat' dir='ltr'><strong>vero</strong></span> <span class='ocrx_word' id='word_1_392' title='bbox 957 4468 1033 4532; x_wconf 89' lang='lat' dir='ltr'><strong>liliis</strong></span> <span class='ocrx_word' id='word_1_393' title='bbox 1057 4469 1125 4532; x_wconf 91' lang='lat' dir='ltr'><strong>suis</strong></span> <span class='ocrx_word' id='word_1_394' title='bbox 1148 4490 1209 4555; x_wconf 88' lang='lat' dir='ltr'><strong>per</strong></span> <span class='ocrx_word' id='word_1_395' title='bbox 1232 4469 1379 4554; x_wconf 89' lang='lat' dir='ltr'><strong>singulos</strong></span> <span class='ocrx_word' id='word_1_396' title='bbox 1399 4467 1610 4545; x_wconf 87' lang='lat' dir='ltr'><strong>benedicens,</strong></span> <span class='ocrx_word' id='word_1_397' title='bbox 1635 4465 1803 4554; x_wconf 89' lang='lat' dir='ltr'><strong>presentia</strong></span> <span class='ocrx_word' id='word_1_398' title='bbox 1822 4471 1973 4550; x_wconf 88' lang='lat' dir='ltr'><strong>tangens,</strong></span> <span class='ocrx_word' id='word_1_399' title='bbox 1996 4465 2106 4531; x_wconf 88' lang='lat' dir='ltr'><strong>lutura</strong></span> 
     </span>
    </p>

    <p class='ocr_par' dir='ltr' id='par_1_21' title="bbox 455 4566 2106 4657">
     <span class='ocr_line' id='line_1_39' title="bbox 455 4566 2106 4657; baseline 0.001 -27"><span class='ocrx_word' id='word_1_400' title='bbox 455 4566 675 4653; x_wconf 91' lang='lat' dir='ltr'><strong>prospiciens,</strong></span> <span class='ocrx_word' id='word_1_401' title='bbox 699 4567 746 4632; x_wconf 90' lang='lat' dir='ltr'><strong>ait</strong></span> <span class='ocrx_word' id='word_1_402' title='bbox 767 4568 808 4633; x_wconf 90' lang='lat' dir='ltr'><strong>de</strong></span> <span class='ocrx_word' id='word_1_403' title='bbox 830 4567 927 4652; x_wconf 91' lang='lat' dir='ltr'><strong>Iuda,</strong></span> <span class='ocrx_word' id='word_1_404' title='bbox 951 4591 993 4634; x_wconf 90' lang='lat' dir='ltr'><strong>ex</strong></span> <span class='ocrx_word' id='word_1_405' title='bbox 1017 4570 1109 4634; x_wconf 93' lang='lat' dir='ltr'><strong>cuius</strong></span> <span class='ocrx_word' id='word_1_406' title='bbox 1133 4578 1228 4636; x_wconf 85' lang='lat' dir='ltr'><strong>erant</strong></span> <span class='ocrx_word' id='word_1_407' title='bbox 1251 4572 1354 4657; x_wconf 90' lang='lat' dir='ltr'><strong>stirpe</strong></span> <span class='ocrx_word' id='word_1_408' title='bbox 1377 4571 1569 4636; x_wconf 88' lang='lat' dir='ltr'><strong>descensuri</strong></span> <span class='ocrx_word' id='word_1_409' title='bbox 1592 4592 1687 4656; x_wconf 90' lang='lat' dir='ltr'><strong>reges</strong></span> <span class='ocrx_word' id='word_1_410' title='bbox 1711 4569 1895 4634; x_wconf 89' lang='lat' dir='ltr'><strong>Ierusalem</strong></span> <span class='ocrx_word' id='word_1_411' title='bbox 1918 4574 1953 4633; x_wconf 88' lang='lat' dir='ltr'><strong>et</strong></span> <span class='ocrx_word' id='word_1_412' title='bbox 1975 4566 2106 4634; x_wconf 72' lang='lat' dir='ltr'><strong>modern</strong></span> 
     </span>
    </p>

    <p class='ocr_par' dir='ltr' id='par_1_22' title="bbox 299 4668 2110 4758">
     <span class='ocr_line' id='line_1_40' title="bbox 299 4668 2110 4758; baseline 0.003 -27"><span class='ocrx_word' id='word_1_413' title='bbox 299 4689 355 4732; x_wconf 71' lang='lat' dir='ltr'><strong>oon.</strong></span> <span class='ocrx_word' id='word_1_414' title='bbox 368 4693 437 4740; x_wconf 76' lang='lat' dir='ltr'><strong>carc.</strong></span> <span class='ocrx_word' id='word_1_415' title='bbox 455 4668 521 4735; x_wconf 90' lang='lat' dir='ltr'><strong>Dei</strong></span> <span class='ocrx_word' id='word_1_416' title='bbox 541 4669 639 4748; x_wconf 91' lang='lat' dir='ltr'><strong>filius,</strong></span> <span class='ocrx_word' id='word_1_417' title='bbox 663 4669 761 4735; x_wconf 91' lang='lat' dir='ltr'><strong>bomo</strong></span> <span class='ocrx_word' id='word_1_418' title='bbox 778 4669 928 4737; x_wconf 77' lang='lat' dir='ltr'><strong>Christus</strong></span> <span class='ocrx_word' id='word_1_419' title='bbox 945 4672 1050 4752; x_wconf 89' lang='lat' dir='ltr'><strong>Iesus,</strong></span> <span class='ocrx_word' id='word_1_420' title='bbox 1074 4694 1133 4758; x_wconf 91' lang='lat' dir='ltr'><strong>per</strong></span> <span class='ocrx_word' id='word_1_421' title='bbox 1154 4679 1284 4738; x_wconf 91' lang='lat' dir='ltr'><strong>uterum</strong></span> <span class='ocrx_word' id='word_1_422' title='bbox 1307 4673 1429 4738; x_wconf 88' lang='lat' dir='ltr'><strong>intacte</strong></span> <span class='ocrx_word' id='word_1_423' title='bbox 1446 4673 1582 4758; x_wconf 83' lang='lat' dir='ltr'><strong>virginis</strong></span> <span class='ocrx_word' id='word_1_424' title='bbox 1604 4673 1803 4737; x_wconf 87' lang='lat' dir='ltr'><strong>nasciturus:</strong></span> <span class='ocrx_word' id='word_1_425' title='bbox 1828 4670 1919 4736; x_wconf 88' lang='lat' dir='ltr'><strong>‘Non</strong></span> <span class='ocrx_word' id='word_1_426' title='bbox 1941 4673 2110 4738; x_wconf 77' lang='lat' dir='ltr'><strong>auferetur</strong></span> 
     </span>
    </p>

    <p class='ocr_par' dir='ltr' id='par_1_23' title="bbox 456 4768 2109 4960">
     <span class='ocr_line' id='line_1_41' title="bbox 457 4768 2109 4861; baseline 0.003 -25"><span class='ocrx_word' id='word_1_427' title='bbox 457 4777 623 4857; x_wconf 88' lang='lat' dir='ltr'><strong>sceptrum</strong></span> <span class='ocrx_word' id='word_1_428' title='bbox 645 4768 686 4837; x_wconf 91' lang='lat' dir='ltr'><strong>de</strong></span> <span class='ocrx_word' id='word_1_429' title='bbox 709 4770 793 4838; x_wconf 88' lang='lat' dir='ltr'><strong>Iuda</strong></span> <span class='ocrx_word' id='word_1_430' title='bbox 815 4781 849 4840; x_wconf 92' lang='lat' dir='ltr'><strong>et</strong></span> <span class='ocrx_word' id='word_1_431' title='bbox 870 4774 937 4839; x_wconf 86' lang='lat' dir='ltr'><strong>dux</strong></span> <span class='ocrx_word' id='word_1_432' title='bbox 960 4773 1001 4840; x_wconf 92' lang='lat' dir='ltr'><strong>de</strong></span> <span class='ocrx_word' id='word_1_433' title='bbox 1024 4775 1149 4841; x_wconf 81' lang='lat' dir='ltr'><strong>femore</strong></span> <span class='ocrx_word' id='word_1_434' title='bbox 1173 4776 1255 4858; x_wconf 90' lang='lat' dir='ltr'><strong>eius,</strong></span> <span class='ocrx_word' id='word_1_435' title='bbox 1278 4777 1384 4842; x_wconf 92' lang='lat' dir='ltr'><strong>donec</strong></span> <span class='ocrx_word' id='word_1_436' title='bbox 1407 4777 1528 4857; x_wconf 86' lang='lat' dir='ltr'><strong>veniat,</strong></span> <span class='ocrx_word' id='word_1_437' title='bbox 1551 4775 1606 4861; x_wconf 91' lang='lat' dir='ltr'><strong>qui</strong></span> <span class='ocrx_word' id='word_1_438' title='bbox 1628 4780 1785 4840; x_wconf 81' lang='lat' dir='ltr'><strong>uenturus</strong></span> <span class='ocrx_word' id='word_1_439' title='bbox 1810 4780 1872 4856; x_wconf 89' lang='lat' dir='ltr'><strong>est,</strong></span> <span class='ocrx_word' id='word_1_440' title='bbox 1895 4779 1928 4839; x_wconf 92' lang='lat' dir='ltr'><strong>et</strong></span> <span class='ocrx_word' id='word_1_441' title='bbox 1950 4774 2020 4860; x_wconf 91' lang='lat' dir='ltr'><strong>ipse</strong></span> <span class='ocrx_word' id='word_1_442' title='bbox 2045 4776 2109 4840; x_wconf 88' lang='lat' dir='ltr'><strong>erit</strong></span> 
     </span>
     <span class='ocr_line' id='line_1_42' title="bbox 456 4873 835 4960; baseline 0.011 -21"><span class='ocrx_word' id='word_1_443' title='bbox 456 4873 643 4960; x_wconf 85' lang='lat' dir='ltr'><strong>expectatio</strong></span> <span class='ocrx_word' id='word_1_444' title='bbox 667 4875 835 4959; x_wconf 89' lang='lat' dir='ltr'><strong>gentium’.</strong></span> 
     </span>
    </p>

    <p class='ocr_par' dir='ltr' id='par_1_24' title="bbox 330 4975 2110 5253">
     <span class='ocr_line' id='line_1_43' title="bbox 562 4975 2108 5066; baseline 0.003 -25"><span class='ocrx_word' id='word_1_445' title='bbox 562 4975 739 5042; x_wconf 88' lang='lat' dir='ltr'><strong>Luminare</strong></span> <span class='ocrx_word' id='word_1_446' title='bbox 776 4998 905 5064; x_wconf 90' lang='lat' dir='ltr'><strong>quoque</strong></span> <span class='ocrx_word' id='word_1_447' title='bbox 940 4979 1120 5045; x_wconf 89' lang='lat' dir='ltr'><strong>secuudum</strong></span> <span class='ocrx_word' id='word_1_448' title='bbox 1150 4984 1271 5049; x_wconf 87' lang='lat' dir='ltr'><strong>talibus</strong></span> <span class='ocrx_word' id='word_1_449' title='bbox 1303 4982 1565 5048; x_wconf 90' lang='lat' dir='ltr'><strong>testimoniorum</strong></span> <span class='ocrx_word' id='word_1_450' title='bbox 1596 4979 1779 5066; x_wconf 76' lang='lat' dir='ltr'><strong>fulgoribus</strong></span> <span class='ocrx_word' id='word_1_451' title='bbox 1811 4979 1996 5045; x_wconf 86' lang='lat' dir='ltr'><strong>illustrarit.</strong></span> <span class='ocrx_word' id='word_1_452' title='bbox 2049 4981 2108 5046; x_wconf 87' lang='lat' dir='ltr'><strong>Ait</strong></span> 
     </span>
     <span class='ocr_line' id='line_1_44' title="bbox 330 5079 2109 5171; baseline 0.002 -27"><span class='ocrx_word' id='word_1_453' title='bbox 330 5100 369 5144; x_wconf 79' lang='lat' dir='ltr'><strong>us.</strong></span> <span class='ocrx_word' id='word_1_454' title='bbox 383 5103 438 5152; x_wconf 71' lang='lat' dir='ltr'><strong>au.</strong></span> <span class='ocrx_word' id='word_1_455' title='bbox 456 5080 689 5168; x_wconf 89' lang='lat' dir='ltr'><strong>prophetarum</strong></span> <span class='ocrx_word' id='word_1_456' title='bbox 721 5080 898 5166; x_wconf 91' lang='lat' dir='ltr'><strong>precipuus</strong></span> <span class='ocrx_word' id='word_1_457' title='bbox 927 5079 1051 5146; x_wconf 88' lang='lat' dir='ltr'><strong>Isaias:</strong></span> <span class='ocrx_word' id='word_1_458' title='bbox 1087 5084 1190 5151; x_wconf 83' lang='lat' dir='ltr'><strong>‘Ecce</strong></span> <span class='ocrx_word' id='word_1_459' title='bbox 1218 5087 1310 5171; x_wconf 87' lang='lat' dir='ltr'><strong>virgo</strong></span> <span class='ocrx_word' id='word_1_460' title='bbox 1345 5085 1509 5171; x_wconf 88' lang='lat' dir='ltr'><strong>concipiet</strong></span> <span class='ocrx_word' id='word_1_461' title='bbox 1541 5089 1575 5148; x_wconf 90' lang='lat' dir='ltr'><strong>et</strong></span> <span class='ocrx_word' id='word_1_462' title='bbox 1605 5084 1712 5169; x_wconf 90' lang='lat' dir='ltr'><strong>pariet</strong></span> <span class='ocrx_word' id='word_1_463' title='bbox 1742 5082 1844 5147; x_wconf 90' lang='lat' dir='ltr'><strong>lilium</strong></span> <span class='ocrx_word' id='word_1_464' title='bbox 1876 5089 1910 5147; x_wconf 90' lang='lat' dir='ltr'><strong>et</strong></span> <span class='ocrx_word' id='word_1_465' title='bbox 1936 5082 2109 5148; x_wconf 81' lang='lat' dir='ltr'><strong>uocabitur</strong></span> 
     </span>
     <span class='ocr_line' id='line_1_45' title="bbox 342 5181 2110 5253; baseline 0.003 -9"><span class='ocrx_word' id='word_1_466' title='bbox 342 5201 576 5253; x_wconf 71' lang='lat' dir='ltr'><strong>monumen</strong></span> <span class='ocrx_word' id='word_1_467' title='bbox 599 5183 671 5248; x_wconf 90' lang='lat' dir='ltr'><strong>eius</strong></span> <span class='ocrx_word' id='word_1_468' title='bbox 694 5181 882 5249; x_wconf 84' lang='lat' dir='ltr'><strong>Emauuel&#39;.</strong></span> <span class='ocrx_word' id='word_1_469' title='bbox 927 5182 1025 5249; x_wconf 91' lang='lat' dir='ltr'><strong>Item:</strong></span> <span class='ocrx_word' id='word_1_470' title='bbox 1058 5186 1235 5253; x_wconf 82' lang='lat' dir='ltr'><strong>‘Paruulus</strong></span> <span class='ocrx_word' id='word_1_471' title='bbox 1265 5194 1362 5253; x_wconf 88' lang='lat' dir='ltr'><strong>natus</strong></span> <span class='ocrx_word' id='word_1_472' title='bbox 1391 5195 1442 5253; x_wconf 91' lang='lat' dir='ltr'><strong>est</strong></span> <span class='ocrx_word' id='word_1_473' title='bbox 1472 5185 1566 5251; x_wconf 88' lang='lat' dir='ltr'><strong>uobis</strong></span> <span class='ocrx_word' id='word_1_474' title='bbox 1595 5192 1628 5250; x_wconf 88' lang='lat' dir='ltr'><strong>et</strong></span> <span class='ocrx_word' id='word_1_475' title='bbox 1653 5184 1739 5250; x_wconf 87' lang='lat' dir='ltr'><strong>iilius</strong></span> <span class='ocrx_word' id='word_1_476' title='bbox 1762 5185 1856 5250; x_wconf 88' lang='lat' dir='ltr'><strong>datus</strong></span> <span class='ocrx_word' id='word_1_477' title='bbox 1880 5191 1933 5251; x_wconf 88' lang='lat' dir='ltr'><strong>est</strong></span> <span class='ocrx_word' id='word_1_478' title='bbox 1953 5185 2050 5250; x_wconf 89' lang='lat' dir='ltr'><strong>uobis</strong></span> <span class='ocrx_word' id='word_1_479' title='bbox 2074 5193 2110 5250; x_wconf 88' lang='lat' dir='ltr'><strong>et</strong></span> 
     </span>
    </p>

    <p class='ocr_par' dir='ltr' id='par_1_25' title="bbox 311 5284 2109 5477">
     <span class='ocr_line' id='line_1_46' title="bbox 456 5284 2108 5374; baseline 0.002 -25"><span class='ocrx_word' id='word_1_480' title='bbox 456 5286 626 5352; x_wconf 84' lang='lat' dir='ltr'><strong>vocabitur</strong></span> <span class='ocrx_word' id='word_1_481' title='bbox 646 5306 765 5351; x_wconf 90' lang='lat' dir='ltr'><strong>nomeu</strong></span> <span class='ocrx_word' id='word_1_482' title='bbox 786 5284 857 5350; x_wconf 88' lang='lat' dir='ltr'><strong>eius</strong></span> <span class='ocrx_word' id='word_1_483' title='bbox 879 5285 1090 5372; x_wconf 86' lang='lat' dir='ltr'><strong>admirabilis,</strong></span> <span class='ocrx_word' id='word_1_484' title='bbox 1114 5291 1331 5372; x_wconf 88' lang='lat' dir='ltr'><strong>consiliarius,</strong></span> <span class='ocrx_word' id='word_1_485' title='bbox 1354 5290 1446 5356; x_wconf 90' lang='lat' dir='ltr'><strong>Deus</strong></span> <span class='ocrx_word' id='word_1_486' title='bbox 1464 5289 1568 5370; x_wconf 84' lang='lat' dir='ltr'><strong>sortis,</strong></span> <span class='ocrx_word' id='word_1_487' title='bbox 1592 5293 1687 5374; x_wconf 90' lang='lat' dir='ltr'><strong>pater</strong></span> <span class='ocrx_word' id='word_1_488' title='bbox 1701 5288 1802 5353; x_wconf 82' lang='lat' dir='ltr'><strong>futuri</strong></span> <span class='ocrx_word' id='word_1_489' title='bbox 1817 5287 1931 5368; x_wconf 89' lang='lat' dir='ltr'><strong>seculi,</strong></span> <span class='ocrx_word' id='word_1_490' title='bbox 1953 5288 2108 5374; x_wconf 88' lang='lat' dir='ltr'><strong>princeps</strong></span> 
     </span>
     <span class='ocr_line' id='line_1_47' title="bbox 311 5387 2109 5477; baseline 0.002 -25"><span class='ocrx_word' id='word_1_491' title='bbox 311 5408 354 5452; x_wconf 76' lang='lat'><em>101.</em></span> <span class='ocrx_word' id='word_1_492' title='bbox 368 5411 437 5462; x_wconf 70' lang='lat' dir='ltr'><strong>aas.</strong></span> <span class='ocrx_word' id='word_1_493' title='bbox 454 5389 545 5477; x_wconf 90' lang='lat' dir='ltr'><strong>pacis</strong></span> <span class='ocrx_word' id='word_1_494' title='bbox 556 5389 573 5454; x_wconf 90' lang='lat'><strong>‘.</strong></span> <span class='ocrx_word' id='word_1_495' title='bbox 619 5387 664 5453; x_wconf 82' lang='lat' dir='ltr'><strong>nt</strong></span> <span class='ocrx_word' id='word_1_496' title='bbox 677 5387 845 5472; x_wconf 88' lang='lat' dir='ltr'><strong>Ieremias,</strong></span> <span class='ocrx_word' id='word_1_497' title='bbox 869 5392 1022 5458; x_wconf 86' lang='lat' dir='ltr'><strong>sacerdos</strong></span> <span class='ocrx_word' id='word_1_498' title='bbox 1037 5414 1080 5458; x_wconf 85' lang='lat' dir='ltr'><strong>ex</strong></span> <span class='ocrx_word' id='word_1_499' title='bbox 1096 5392 1321 5460; x_wconf 88' lang='lat' dir='ltr'><strong>sacerdotibus</strong></span> <span class='ocrx_word' id='word_1_500' title='bbox 1338 5399 1373 5458; x_wconf 90' lang='lat' dir='ltr'><strong>et</strong></span> <span class='ocrx_word' id='word_1_501' title='bbox 1393 5394 1427 5457; x_wconf 94' lang='lat' dir='ltr'><strong>in</strong></span> <span class='ocrx_word' id='word_1_502' title='bbox 1442 5391 1556 5456; x_wconf 88' lang='lat' dir='ltr'><strong>matris</strong></span> <span class='ocrx_word' id='word_1_503' title='bbox 1573 5397 1667 5454; x_wconf 93' lang='lat' dir='ltr'><strong>utero</strong></span> <span class='ocrx_word' id='word_1_504' title='bbox 1683 5395 1910 5456; x_wconf 89' lang='lat' dir='ltr'><strong>consecratus:</strong></span> <span class='ocrx_word' id='word_1_505' title='bbox 1934 5389 1980 5454; x_wconf 88' lang='lat' dir='ltr'><strong>‘N</strong></span> <span class='ocrx_word' id='word_1_506' title='bbox 1982 5411 2080 5455; x_wconf 84' lang='lat' dir='ltr'><strong>ovum</strong></span> <span class='ocrx_word' id='word_1_507' title='bbox 2089 5392 2109 5474; x_wconf 87' lang='lat'><strong>’,</strong></span> 
     </span>
    </p>
   </div>
   <div class='ocr_carea' id='block_1_12' title="bbox 565 5545 1092 5555">
    <p class='ocr_par' dir='ltr' id='par_1_26' title="bbox 565 5545 1092 5555">
     <span class='ocr_line' id='line_1_48' title="bbox 565 5545 1092 5555; baseline 0.006 -3"><span class='ocrx_word' id='word_1_508' title='bbox 565 5545 708 5552; x_wconf 66' lang='lat' dir='ltr'>..n—...—</span> <span class='ocrx_word' id='word_1_509' title='bbox 910 5547 1092 5555; x_wconf 48' lang='lat' dir='ltr'><strong>ffl—a—</strong></span> 
     </span>
    </p>
   </div>
   <div class='ocr_carea' id='block_1_13' title="bbox 560 5647 893 5719">
    <p class='ocr_par' dir='ltr' id='par_1_27' title="bbox 560 5647 893 5719">
     <span class='ocr_line' id='line_1_49' title="bbox 560 5647 893 5719; baseline 0 -20"><span class='ocrx_word' id='word_1_510' title='bbox 560 5647 582 5712; x_wconf 78' lang='lat'><strong>¹)</strong></span> <span class='ocrx_word' id='word_1_511' title='bbox 599 5663 645 5716; x_wconf 87' lang='lat' dir='ltr'><strong>per</strong></span> <span class='ocrx_word' id='word_1_512' title='bbox 662 5649 731 5703; x_wconf 81' lang='lat' dir='ltr'><strong>deest</strong></span> <span class='ocrx_word' id='word_1_513' title='bbox 747 5667 789 5719; x_wconf 72' lang='lat' dir='ltr'><strong>op.</strong></span> <span class='ocrx_word' id='word_1_514' title='bbox 808 5650 893 5718; x_wconf 73' lang='lat' dir='ltr'><strong>Rapa.</strong></span> 
     </span>
    </p>
   </div>
   <div class='ocr_carea' id='block_1_14' title="bbox 0 0 2311 6420">
    <p class='ocr_par' dir='ltr' id='par_1_28' title="bbox 0 0 2311 6420">
     <span class='ocr_line' id='line_1_50' title="bbox 0 0 2311 6420; baseline 0 0"><span class='ocrx_word' id='word_1_515' title='bbox 0 0 2311 6420; x_wconf 95' lang='lat' dir='ltr'><strong> </strong></span> 
     </span>
    </p>
   </div>
  </div>
 </body>
</html>
