4604 6420
446 433 508 504 aaa
1028 421 1076 480 ax
1095 420 1269 479 assessu
1287 419 1326 476 rx
1344 419 1524 476 asarsuao

316 605 320 612 ’
446 609 569 696 scripta
590 605 797 686 mandamus,
827 601 979 688 quatinus
1011 598 1172 686 hospitale
1202 598 1309 684 ipsum
1332 602 1559 676 manuteneas,
1590 601 1744 682 protegas
1768 602 1802 659 et
1823 590 2002 678 defendas,
2032 611 2098 663 non

445 712 639 799 permittens
670 708 755 774 illud
781 713 814 772 et
842 704 1001 791 degentes
1034 704 1067 766 in
1102 703 1173 787 ipso
1204 700 1245 764 ab
1279 698 1442 784 aliquibus
1478 698 1623 763 indebite
1651 699 1835 780 molestari,
1870 700 2098 765 molestatores

445 813 633 880 huiusmodi
655 832 715 898 per
737 829 909 876 censuram
932 804 1189 872 ecclesiasticam
1213 803 1434 888 appellatione
1459 802 1641 887 postposita
1664 801 1915 887 compescendo.

554 935 643 999 Data
664 932 827 1016 Anagnis,
849 928 883 992 II
906 928 984 992 Idus
1009 925 1126 993 Octob.
1149 944 1235 988 anno
1259 929 1364 988 sexto.

1068 1169 1327 1177 ·.—-.-..—.-—
1336 1167 1478 1174 —ffl

1231 1393 1321 1465 485.

557 1512 747 1621 (triparcos
769 1535 825 1601 IX
839 1553 931 1616 papa
952 1532 1174 1618 [Bercltotdo]
1195 1535 1333 1614 episcope
1355 1533 1583 1615 Arpeattneasi
1603 1533 1749 1612 modat,
1776 1537 1813 1597 at
1833 1553 1901 1598 acria
1925 1534 1968 1598 od
1988 1535 2099 1620 deprc-
2165 1572 2176 1608 a

447 1643 588 1710 dandam
609 1640 795 1707 sacerdotem
816 1638 863 1703 vei
890 1636 1054 1701 diaconam
1076 1635 1263 1701 haereticam
1291 1639 1428 1700 statutas
1449 1636 1659 1717 episcoporum
1680 1655 1830 1701 adamas
1852 1639 2013 1703 eoosvcairc
2034 1659 2097 1702 aaa

447 1747 558 1829 possit,
578 1746 645 1827 ipse
666 1764 734 1811 cam
758 1741 922 1807 abbatibus
942 1739 1077 1821 aliisque
1098 1738 1142 1802 ad
1162 1738 1414 1822 depredationem
1430 1739 1588 1820 procedet.
1756 1741 1851 1818 1232,
1875 1739 1938 1805 Oct.
1961 1744 2011 1806 19.

552 1865 633 1932 Grec.
651 1863 701 1918 IX
716 1863 780 1932 Rep.
802 1860 862 1917 Vol.
880 1861 938 1924 III,
956 1861 1005 1925 465
1023 1857 1087 1913 Lib.
1112 1859 1158 1922 VI,
1176 1861 1233 1912 144.

956 2107 964 2126 .
994 2108 1002 2127 .
1032 2051 1241 2144 episcopo
1269 2051 1593 2143 Argentinensi.

556 2206 630 2271 Etsi
653 2210 765 2270 eontra
787 2202 967 2268 hereticam
990 2202 1186 2288 pravitatem
1209 2201 1249 2266 ab
1273 2202 1453 2288 apostolica
1476 2201 1555 2267 sede
1578 2200 1709 2266 diversa
1730 2199 1870 2267 diversis
1893 2203 2095 2289 temporibus

450 2310 654 2376 manaverint
675 2307 842 2385 instituta,
873 2305 950 2390 quia
976 2311 1087 2370 tamen
1115 2306 1208 2370 novis
1232 2305 1386 2391 periculis
1410 2311 1461 2370 est
1489 2305 1646 2391 promptis
1675 2303 1830 2370 remediis
1854 2304 2100 2387 occurrendum,

451 2435 490 2479 eo
515 2411 602 2499 quod
625 2410 770 2477 recentia
793 2409 921 2474 soleant
943 2406 1037 2494 perdi
1059 2408 1187 2473 facilius
1211 2429 1307 2493 quam
1326 2415 1466 2488 vetusta,
1488 2407 1629 2473 libenter
1650 2407 1810 2494 adicimus
1833 2430 1893 2494 per
1913 2429 1976 2494 que
1997 2409 2100 2496 pestis

448 2518 531 2582 tanti
559 2515 756 2581 discriminis
785 2512 944 2579 deleatur.
999 2511 1197 2598 Accepimus
1226 2511 1402 2596 siquidem,
1433 2511 1519 2598 quod
1554 2533 1627 2577 eum
1654 2512 1754 2598 aliqui
1781 2512 1856 2576 laici
1886 2511 1920 2577 in
1952 2513 2099 2599 partibus

449 2619 610 2685 Teutonie
634 2617 747 2684 infecti
769 2616 918 2681 heretica
947 2617 1075 2681 macula
1097 2615 1366 2701 comprobantur,
1396 2616 1506 2680 statim
1528 2615 1570 2681 de
1600 2616 1681 2701 ipsis
1704 2614 1848 2680 vindicta
1876 2617 2015 2680 sumitur
2036 2637 2100 2702 que

449 2721 597 2787 debetur.
654 2718 738 2784 Oum
770 2739 847 2783 vero
882 2717 957 2783 inde
992 2719 1104 2784 cleriei
1138 2719 1391 2799 convineuntur,
1425 2724 1635 2784 reservantur
1666 2719 1700 2782 in
1733 2725 1901 2804 posterum
1935 2719 2100 2785 iudicandi

449 2825 623 2890 occasione
646 2819 914 2907 sollempnitatis,
943 2841 1006 2906 que
1036 2820 1215 2885 secuudum
1245 2823 1317 2887 iura
1340 2822 1496 2886 canonica
1518 2821 1618 2887 debet
1640 2822 1673 2885 in
1697 2822 1842 2906 ipsorum
1866 2821 2100 2906 degradatione

450 2927 591 3008 servari,
622 2926 734 3011 sicque
758 2923 918 3009 contingit
940 2922 1026 3009 quod
1050 2925 1152 3009 aliqui
1175 2924 1369 2989 clericorum
1392 2924 1540 2989 heretica
1562 2925 1636 2989 labe
1660 2926 1803 3009 respersi
1826 2924 2000 3010 aliquando
2023 2926 2099 2990 ulti-

449 3053 545 3097 onem
561 3031 724 3115 effugiunt
738 3029 791 3094 vel
810 3027 843 3096 in
861 3048 991 3093 carcere
1007 3030 1198 3108 moriuntur,
1223 3049 1323 3112 quare
1339 3029 1432 3094 laicis
1449 3028 1568 3100 exinde
1589 3049 1690 3114 grave
1708 3028 1898 3093 scandalum
1914 3035 2101 3114 generatur.

448 3133 670 3200 Atteudentes
708 3132 810 3217 igitur
842 3130 927 3216 quod
962 3153 1060 3218 super
1088 3132 1151 3196 hoe
1185 3133 1375 3197 clericorum
1404 3153 1563 3198 excessus
1597 3153 1636 3197 eo
1668 3139 1744 3197 suut
1775 3133 1908 3217 gravius
1943 3141 1976 3199 et
2005 3133 2101 3198 citius

451 3235 625 3322 puniendi,
654 3255 718 3321 quo
741 3234 847 3320 magis
870 3233 993 3298 debent
1015 3233 1186 3318 invigilare
1210 3235 1384 3300 virtutibus
1409 3243 1441 3300 et
1463 3236 1591 3299 avitiis
1615 3235 1798 3317 abstinere,
1827 3236 1975 3301 volentes
2000 3237 2100 3301 etiam

449 3359 627 3424 precavere
660 3357 701 3401 ne
735 3336 810 3420 quia
846 3335 998 3401 differtur
1032 3338 1214 3418 sententia,
1248 3339 1335 3403 mala
1369 3339 1516 3404 securius
1554 3338 1695 3404 audeant
1727 3345 1933 3425 perpetrare,
1971 3339 2004 3403 in
2038 3337 2100 3404 hoc

449 3441 658 3506 necessitatis
676 3439 815 3505 articulo
837 3439 897 3504 tibi
916 3439 1110 3504 auctoritate
1131 3441 1333 3526 presentium
1348 3441 1501 3506 duximus
1522 3440 1767 3526 indulgendum,
1791 3449 1827 3507 ut
1847 3464 1920 3508 cum
1940 3441 1981 3507 ad
1999 3463 2101 3507 unum

449 3543 655 3610 sacerdotem
690 3544 745 3609 rel
783 3542 956 3608 diaconum
989 3541 1234 3628 degradandum
1275 3551 1415 3609 statutus
1457 3545 1684 3630 episcoporum
1723 3567 1878 3612 numerus
1921 3546 2101 3612 seeundum

449 3648 622 3712 canonicas
657 3647 843 3712 sanctiones
875 3666 940 3710 non
972 3646 1078 3731 possit
1106 3647 1177 3712 sine
1207 3646 1398 3712 difficultate
1433 3647 1533 3711 nimia
1567 3649 1757 3731 convenire,
1791 3657 1843 3730 tu,
1879 3671 1954 3714 eum
1982 3650 2101 3735 aliquis

449 3752 587 3816 clericus
611 3751 644 3814 in
667 3750 731 3815 tuis
760 3749 909 3836 partibus
938 3748 1036 3814 fuerit
1061 3750 1229 3816 hereticus
1251 3750 1414 3836 legittimo
1439 3751 1683 3838 comprobatus,
1713 3753 1900 3817 convocatis
1923 3753 2100 3818 abbatibus
2153 3785 2179 3824 2⁵

450 3859 483 3918 et
505 3854 577 3919 aliis
601 3855 736 3940 prelatis
759 3874 798 3918 ac
821 3851 986 3936 religiosis
1009 3853 1160 3937 personis
1184 3859 1218 3918 et
1239 3853 1393 3918 litteratis
1417 3860 1473 3918 tue
1496 3853 1649 3936 diocesis,
1672 3855 1714 3920 ad
1737 3856 1883 3942 ipsorum
1907 3857 2099 3922 clericorum

449 3955 718 4041 degradationem
757 3954 954 4020 auctoritate
992 3961 1105 4020 nostra
1142 3955 1319 4042 procedas,
1358 3957 1447 4044 ipsos
1484 3958 1692 4044 postmodum
1729 3961 1922 4025 relicturusl
1959 3960 2099 4024 seculari

449 4058 569 4124 iudicio
592 4058 875 4124 animadversione
898 4055 1010 4122 debita
1032 4057 1216 4144 puniendos
1227 4059 1248 4123 ¹.

557 4178 644 4244 Data
666 4178 828 4264 Anagnia,
851 4176 933 4242 XIV
955 4176 1031 4243 Kal.
1054 4179 1261 4262 Novembris,
1284 4200 1369 4244 auno
1393 4187 1499 4245 sexto.

1072 4425 1482 4434 —.—-——--—..-..

1229 4648 1317 4722 486.

557 4756 747 4868 Gregorius
762 4785 818 4850 IX
826 4807 916 4869 papa
931 4787 1131 4853 Fridericum
1145 4786 1360 4854 Roaicrcorum
1378 4791 1593 4871 imperatorem
1609 4796 1706 4873 repat,
1729 4795 1765 4855 ut
1781 4796 1927 4873 potestati
1941 4787 2102 4878 ct‘pcpulo
2154 4821 2180 4858 eo

456 4885 642 4952 Viterliieasi
662 4887 818 4972 iniungat,
839 4895 875 4954 ct
899 4890 1069 4975 Hicesiae]
1087 4891 1266 4991 presbytero
1286 4893 1446 4958 cardinali
1466 4898 1496 4959 ct
1519 4894 1724 4979 magoaldo]
1745 4896 1837 4960 electo
1860 4896 2005 4978 Ostiensi,
2026 4922 2103 4982 qaros

448 4989 492 5053 cd
513 5009 562 5054 eos
578 5011 641 5072 pro
659 5013 736 5073 pace
758 5013 827 5058 cum
848 4991 1004 5057 Reraaais
1021 4992 1173 5077 faciende
1195 4996 1325 5073 miserit,
1348 4996 1513 5078 diligenter
1528 5001 1676 5077 pareunt,
1758 5001 1851 5077 1232,
1877 4999 1941 5065 Oct.
1963 5006 2015 5066 21.

553 5109 634 5179 (lacy.
652 5112 701 5165 IX
718 5113 789 5183 Ray.
812 5111 868 5164 Vel.
887 5110 948 5176 ΙΙΙ,
967 5115 1086 5178 44-45,·
1104 5111 1166 5167 Lib.
1188 5112 1238 5178 VI,
1257 5116 1320 5168 135.

551 5196 687 5263 Pottbaat,
704 5197 771 5267 Rea.
789 5200 871 5252 9022.

555 5469 578 5536 ⁸)
595 5471 728 5523 relicturos
746 5473 778 5522 B.
2153 5505 2178 5546 ,5

553 5605 578 5672 1)
600 5604 637 5658 Ia
656 5607 769 5660 academ
786 5607 894 5660 niodum
911 5608 1044 5677 scriptum
1063 5612 1658 5684 estarclriepieccpoSaltaburpaaat,1232,
1677 5618 1747 5670 Noe.
1766 5622 1811 5684 22,
1829 5635 1874 5686 up.
1901 5619 2100 5690 Wintelmaaa,

448 5694 520 5746 Acta
537 5690 608 5759 Imp.
627 5691 698 5744 inest.
714 5711 746 5762 p.
766 5697 829 5762 504,
846 5711 873 5747 a.
894 5697 958 5748 628.
