<?xml version="1.0" encoding="UTF-8"?>
<!DOCTYPE html PUBLIC "-//W3C//DTD XHTML 1.0 Transitional//EN"
    "http://www.w3.org/TR/xhtml1/DTD/xhtml1-transitional.dtd">
<html xmlns="http://www.w3.org/1999/xhtml" xml:lang="en" lang="en">
 <head>
  <title>
</title>
<meta http-equiv="Content-Type" content="text/html;charset=utf-8" />
  <meta name='ocr-system' content='tesseract 3.04.00' />
  <meta name='ocr-capabilities' content='ocr_page ocr_carea ocr_par ocr_line ocrx_word'/>
</head>
<body>
  <div class='ocr_page' id='page_1' title='image "./monumentagerman00peipgoog/monumentagerman00peipgoog_0370.png"; bbox 0 0 4604 6420; ppageno 0'>
   <div class='ocr_carea' id='block_1_1' title="bbox 809 349 1329 453">
    <p class='ocr_par' dir='ltr' id='par_1_1' title="bbox 809 349 1329 453">
     <span class='ocr_line' id='line_1_1' title="bbox 809 349 1329 453; baseline 0.006 -3"><span class='ocrx_word' id='word_1_1' title='bbox 809 391 1009 451; x_wconf 76' lang='lat' dir='ltr'><strong>serenasse</strong></span> <span class='ocrx_word' id='word_1_2' title='bbox 1027 349 1216 453; x_wconf 73' lang='lat' dir='ltr'><strong>emacem.</strong></span> <span class='ocrx_word' id='word_1_3' title='bbox 1254 397 1329 453; x_wconf 81' lang='lat'><strong>1231.</strong></span> 
     </span>
    </p>
   </div>
   <div class='ocr_carea' id='block_1_2' title="bbox 1030 797 1118 872">
    <p class='ocr_par' dir='ltr' id='par_1_2' title="bbox 1030 797 1118 872">
     <span class='ocr_line' id='line_1_2' title="bbox 1030 797 1118 872; baseline 0.034 -3"><span class='ocrx_word' id='word_1_4' title='bbox 1030 797 1118 872; x_wconf 78' lang='lat' dir='ltr'><strong>cna.</strong></span> 
     </span>
    </p>
   </div>
   <div class='ocr_carea' id='block_1_3' title="bbox 354 925 1900 1040">
    <p class='ocr_par' dir='ltr' id='par_1_3' title="bbox 354 925 1900 1040">
     <span class='ocr_line' id='line_1_3' title="bbox 354 925 1900 1040; baseline 0.004 -21"><span class='ocrx_word' id='word_1_5' title='bbox 354 925 545 1036; x_wconf 59' lang='lat' dir='ltr'><strong>(traaas</strong></span> <span class='ocrx_word' id='word_1_6' title='bbox 566 952 623 1018; x_wconf 86' lang='lat' dir='ltr'><strong>IX</strong></span> <span class='ocrx_word' id='word_1_7' title='bbox 639 973 726 1033; x_wconf 79' lang='lat' dir='ltr'><strong>papa</strong></span> <span class='ocrx_word' id='word_1_8' title='bbox 747 953 846 1018; x_wconf 84' lang='lat' dir='ltr'><strong>eidem</strong></span> <span class='ocrx_word' id='word_1_9' title='bbox 866 954 1004 1032; x_wconf 62' lang='lat' dir='ltr'><strong>cantat,</strong></span> <span class='ocrx_word' id='word_1_10' title='bbox 1025 973 1057 1018; x_wconf 85' lang='lat' dir='ltr'><strong>sc</strong></span> <span class='ocrx_word' id='word_1_11' title='bbox 1079 954 1203 1019; x_wconf 75' lang='lat' dir='ltr'><em>litteras</em></span> <span class='ocrx_word' id='word_1_12' title='bbox 1218 976 1280 1036; x_wconf 81' lang='lat' dir='ltr'><strong>per</strong></span> <span class='ocrx_word' id='word_1_13' title='bbox 1301 954 1441 1020; x_wconf 63' lang='lat' dir='ltr'><strong>mbatem</strong></span> <span class='ocrx_word' id='word_1_14' title='bbox 1466 936 1663 1023; x_wconf 66' lang='lat' dir='ltr'><strong>(tascer&#39;rarie⁸</strong></span> <span class='ocrx_word' id='word_1_15' title='bbox 1680 964 1900 1040; x_wconf 66' lang='lat' dir='ltr'><strong>maesectatas</strong></span> 
     </span>
    </p>
   </div>
   <div class='ocr_carea' id='block_1_4' title="bbox 242 1055 1811 1226">
    <p class='ocr_par' dir='ltr' id='par_1_4' title="bbox 242 1055 1811 1226">
     <span class='ocr_line' id='line_1_4' title="bbox 242 1055 1803 1213; baseline -0.003 -90"><span class='ocrx_word' id='word_1_16' title='bbox 242 1061 406 1142; x_wconf 71' lang='lat' dir='ltr'><strong>gratanter</strong></span> <span class='ocrx_word' id='word_1_17' title='bbox 427 1057 584 1138; x_wconf 76' lang='lat' dir='ltr'><strong><em>recepisse,</em></strong></span> <span class='ocrx_word' id='word_1_18' title='bbox 606 1055 660 1121; x_wconf 82' lang='lat' dir='ltr'><strong>scd</strong></span> <span class='ocrx_word' id='word_1_19' title='bbox 679 1075 861 1137; x_wconf 78' lang='lat' dir='ltr'><strong>responsum</strong></span> <span class='ocrx_word' id='word_1_20' title='bbox 882 1057 926 1121; x_wconf 83' lang='lat' dir='ltr'><strong>acl</strong></span> <span class='ocrx_word' id='word_1_21' title='bbox 946 1057 1038 1122; x_wconf 84' lang='lat' dir='ltr'><strong>ettad</strong></span> <span class='ocrx_word' id='word_1_22' title='bbox 1058 1061 1179 1138; x_wconf 83' lang='lat' dir='ltr'><strong>tempas</strong></span> <span class='ocrx_word' id='word_1_23' title='bbox 1199 1059 1362 1123; x_wconf 77' lang='lat' dir='ltr'><strong><em>remittere.</em></strong></span> <span class='ocrx_word' id='word_1_24' title='bbox 1527 1147 1612 1210; x_wconf 67' lang='lat'><strong><em>1231</em></strong></span> <span class='ocrx_word' id='word_1_25' title='bbox 1643 1147 1679 1212; x_wconf 73' lang='lat' dir='ltr'><strong><em>F</em></strong></span> <span class='ocrx_word' id='word_1_26' title='bbox 1691 1147 1729 1213; x_wconf 54' lang='lat' dir='ltr'><strong>br</strong></span> <span class='ocrx_word' id='word_1_27' title='bbox 1759 1150 1803 1213; x_wconf 67' lang='grc'><strong>26</strong></span> 
     </span>
     <span class='ocr_line' id='line_1_5' title="bbox 1417 1165 1811 1226; baseline -0.01 -56"><span class='ocrx_word' id='word_1_28' title='bbox 1417 1165 1420 1170; x_wconf 91' lang='grc'>,</span> <span class='ocrx_word' id='word_1_29' title='bbox 1612 1197 1622 1226; x_wconf 52' lang='lat'>‚</span> <span class='ocrx_word' id='word_1_30' title='bbox 1674 1168 1691 1212; x_wconf 58' lang='lat' dir='ltr'><strong><em>e</em></strong></span> <span class='ocrx_word' id='word_1_31' title='bbox 1729 1197 1737 1213; x_wconf 42' lang='lat'><strong>·</strong></span> <span class='ocrx_word' id='word_1_32' title='bbox 1804 1200 1811 1215; x_wconf 34' lang='grc' dir='ltr'>Ι</span> 
     </span>
    </p>
   </div>
   <div class='ocr_carea' id='block_1_5' title="bbox 181 1259 834 1418">
    <p class='ocr_par' dir='ltr' id='par_1_5' title="bbox 181 1259 834 1418">
     <span class='ocr_line' id='line_1_6' title="bbox 350 1259 834 1332; baseline 0 -14"><span class='ocrx_word' id='word_1_33' title='bbox 350 1262 434 1332; x_wconf 70' lang='lat' dir='ltr'><strong>(drap.</strong></span> <span class='ocrx_word' id='word_1_34' title='bbox 452 1261 501 1316; x_wconf 87' lang='lat' dir='ltr'><strong>IX</strong></span> <span class='ocrx_word' id='word_1_35' title='bbox 519 1261 588 1331; x_wconf 70' lang='lat' dir='ltr'><strong>Ber.</strong></span> <span class='ocrx_word' id='word_1_36' title='bbox 606 1260 668 1316; x_wconf 79' lang='lat' dir='ltr'><strong>Lib.</strong></span> <span class='ocrx_word' id='word_1_37' title='bbox 686 1259 739 1326; x_wconf 89' lang='lat' dir='ltr'><strong>IV,</strong></span> <span class='ocrx_word' id='word_1_38' title='bbox 758 1263 834 1318; x_wconf 73' lang='lat'><strong>112⁸.</strong></span> 
     </span>
     <span class='ocr_line' id='line_1_7' title="bbox 181 1346 679 1418; baseline -0.01 -13"><span class='ocrx_word' id='word_1_39' title='bbox 181 1361 193 1398; x_wconf 70' lang='lat'><strong>⁵</strong></span> <span class='ocrx_word' id='word_1_40' title='bbox 271 1385 273 1390; x_wconf 84' lang='lat'><em>·</em></span> <span class='ocrx_word' id='word_1_41' title='bbox 351 1349 489 1418; x_wconf 81' lang='lat' dir='ltr'><strong>Pcttleust,</strong></span> <span class='ocrx_word' id='word_1_42' title='bbox 507 1346 577 1418; x_wconf 70' lang='lat' dir='ltr'><strong>Rq.</strong></span> <span class='ocrx_word' id='word_1_43' title='bbox 596 1350 679 1402; x_wconf 73' lang='lat'><strong>8664.</strong></span> 
     </span>
    </p>
   </div>
   <div class='ocr_carea' id='block_1_6' title="bbox 985 1507 1149 1616">
    <p class='ocr_par' dir='ltr' id='par_1_6' title="bbox 985 1507 1149 1616">
     <span class='ocr_line' id='line_1_8' title="bbox 985 1507 1149 1616; baseline 0.012 -37"><span class='ocrx_word' id='word_1_44' title='bbox 985 1507 1149 1616; x_wconf 74' lang='lat' dir='ltr'><strong>urcem.</strong></span> 
     </span>
    </p>
   </div>
   <div class='ocr_carea' id='block_1_7' title="bbox 241 1647 1899 2876">
    <p class='ocr_par' dir='ltr' id='par_1_7' title="bbox 241 1647 1899 2876">
     <span class='ocr_line' id='line_1_9' title="bbox 350 1647 1899 1741; baseline 0.006 -24"><span class='ocrx_word' id='word_1_45' title='bbox 350 1652 535 1741; x_wconf 89' lang='lat' dir='ltr'><strong>Imperialis</strong></span> <span class='ocrx_word' id='word_1_46' title='bbox 564 1654 767 1720; x_wconf 78' lang='lat' dir='ltr'><strong>celsitudinis</strong></span> <span class='ocrx_word' id='word_1_47' title='bbox 795 1655 923 1720; x_wconf 91' lang='lat' dir='ltr'><strong>litteras</strong></span> <span class='ocrx_word' id='word_1_48' title='bbox 953 1654 1048 1719; x_wconf 89' lang='lat' dir='ltr'><strong>nobis</strong></span> <span class='ocrx_word' id='word_1_49' title='bbox 1079 1675 1138 1740; x_wconf 88' lang='lat' dir='ltr'><strong>per</strong></span> <span class='ocrx_word' id='word_1_50' title='bbox 1164 1653 1320 1720; x_wconf 89' lang='lat' dir='ltr'><strong>dilectum</strong></span> <span class='ocrx_word' id='word_1_51' title='bbox 1350 1655 1454 1721; x_wconf 90' lang='lat' dir='ltr'><strong>filium</strong></span> <span class='ocrx_word' id='word_1_52' title='bbox 1477 1705 1485 1722; x_wconf 89' lang='lat'><strong>.</strong></span> <span class='ocrx_word' id='word_1_53' title='bbox 1509 1705 1516 1720; x_wconf 94' lang='lat'><strong>.</strong></span> <span class='ocrx_word' id='word_1_54' title='bbox 1539 1657 1695 1724; x_wconf 77' lang='lat' dir='ltr'><strong>abbatem</strong></span> <span class='ocrx_word' id='word_1_55' title='bbox 1718 1647 1899 1726; x_wconf 82' lang='lat' dir='ltr'><strong>Oasemarii</strong></span> 
     </span>
     <span class='ocr_line' id='line_1_10' title="bbox 244 1756 1899 1848; baseline 0.003 -26"><span class='ocrx_word' id='word_1_56' title='bbox 244 1764 451 1843; x_wconf 88' lang='lat' dir='ltr'><strong>presentatas</strong></span> <span class='ocrx_word' id='word_1_57' title='bbox 474 1764 641 1842; x_wconf 77' lang='lat' dir='ltr'>gratanter</span> <span class='ocrx_word' id='word_1_58' title='bbox 664 1759 850 1844; x_wconf 79' lang='lat' dir='ltr'><strong>recepimus</strong></span> <span class='ocrx_word' id='word_1_59' title='bbox 874 1763 908 1822; x_wconf 90' lang='lat' dir='ltr'><strong>et</strong></span> <span class='ocrx_word' id='word_1_60' title='bbox 931 1756 1156 1822; x_wconf 80' lang='lat' dir='ltr'><strong>intelleximus</strong></span> <span class='ocrx_word' id='word_1_61' title='bbox 1179 1757 1364 1842; x_wconf 85' lang='lat' dir='ltr'><strong>diligenter,</strong></span> <span class='ocrx_word' id='word_1_62' title='bbox 1387 1759 1569 1844; x_wconf 81' lang='lat' dir='ltr'><strong>gaudentes</strong></span> <span class='ocrx_word' id='word_1_63' title='bbox 1591 1763 1625 1826; x_wconf 90' lang='lat' dir='ltr'><strong>in</strong></span> <span class='ocrx_word' id='word_1_64' title='bbox 1647 1761 1789 1828; x_wconf 91' lang='lat' dir='ltr'><strong>Domino</strong></span> <span class='ocrx_word' id='word_1_65' title='bbox 1813 1763 1899 1848; x_wconf 93' lang='lat' dir='ltr'><strong>quod</strong></span> 
     </span>
     <span class='ocr_line' id='line_1_11' title="bbox 245 1859 1898 1949; baseline 0.004 -25"><span class='ocrx_word' id='word_1_66' title='bbox 245 1880 325 1946; x_wconf 92' lang='lat' dir='ltr'><strong>erga</strong></span> <span class='ocrx_word' id='word_1_67' title='bbox 353 1881 414 1924; x_wconf 92' lang='lat' dir='ltr'><strong>nos</strong></span> <span class='ocrx_word' id='word_1_68' title='bbox 437 1867 471 1925; x_wconf 92' lang='lat' dir='ltr'><strong>et</strong></span> <span class='ocrx_word' id='word_1_69' title='bbox 492 1860 674 1925; x_wconf 76' lang='lat' dir='ltr'><strong>Romanam</strong></span> <span class='ocrx_word' id='word_1_70' title='bbox 704 1861 879 1926; x_wconf 88' lang='lat' dir='ltr'><strong>ecclesiam</strong></span> <span class='ocrx_word' id='word_1_71' title='bbox 902 1859 1049 1926; x_wconf 90' lang='lat' dir='ltr'><strong>debitum</strong></span> <span class='ocrx_word' id='word_1_72' title='bbox 1073 1861 1210 1926; x_wconf 86' lang='lat' dir='ltr'><strong>exhibes</strong></span> <span class='ocrx_word' id='word_1_73' title='bbox 1235 1861 1432 1926; x_wconf 86' lang='lat' dir='ltr'><strong>sinceritatis</strong></span> <span class='ocrx_word' id='word_1_74' title='bbox 1456 1863 1628 1947; x_wconf 83' lang='lat' dir='ltr'><strong>affectum,</strong></span> <span class='ocrx_word' id='word_1_75' title='bbox 1656 1886 1719 1949; x_wconf 93' lang='lat' dir='ltr'><strong>qno</strong></span> <span class='ocrx_word' id='word_1_76' title='bbox 1751 1867 1812 1932; x_wconf 90' lang='lat' dir='ltr'><strong>tibi</strong></span> <span class='ocrx_word' id='word_1_77' title='bbox 1833 1866 1898 1931; x_wconf 90' lang='lat' dir='ltr'><strong>Dei</strong></span> 
     </span>
     <span class='ocr_line' id='line_1_12' title="bbox 244 1961 1896 2051; baseline 0.005 -24"><span class='ocrx_word' id='word_1_78' title='bbox 244 1969 278 2028; x_wconf 87' lang='lat' dir='ltr'><strong>et</strong></span> <span class='ocrx_word' id='word_1_79' title='bbox 301 1963 470 2028; x_wconf 91' lang='lat' dir='ltr'><strong>hominum</strong></span> <span class='ocrx_word' id='word_1_80' title='bbox 498 1961 637 2049; x_wconf 78' lang='lat' dir='ltr'><strong>gratiani</strong></span> <span class='ocrx_word' id='word_1_81' title='bbox 667 1985 836 2050; x_wconf 89' lang='lat' dir='ltr'><strong>comparas</strong></span> <span class='ocrx_word' id='word_1_82' title='bbox 867 1970 900 2028; x_wconf 90' lang='lat' dir='ltr'><strong>et</strong></span> <span class='ocrx_word' id='word_1_83' title='bbox 927 1962 1091 2044; x_wconf 81' lang='lat' dir='ltr'><strong>favorem,</strong></span> <span class='ocrx_word' id='word_1_84' title='bbox 1122 1969 1155 2029; x_wconf 89' lang='lat' dir='ltr'><strong>et</strong></span> <span class='ocrx_word' id='word_1_85' title='bbox 1186 1985 1246 2028; x_wconf 93' lang='lat' dir='ltr'><strong>nos</strong></span> <span class='ocrx_word' id='word_1_86' title='bbox 1277 1963 1319 2028; x_wconf 88' lang='lat' dir='ltr'><strong>ad</strong></span> <span class='ocrx_word' id='word_1_87' title='bbox 1349 1964 1516 2051; x_wconf 86' lang='lat' dir='ltr'><strong>profectus</strong></span> <span class='ocrx_word' id='word_1_88' title='bbox 1538 1974 1613 2032; x_wconf 92' lang='lat' dir='ltr'><strong>tuos</strong></span> <span class='ocrx_word' id='word_1_89' title='bbox 1637 1968 1815 2035; x_wconf 88' lang='lat' dir='ltr'><strong>efficaciter</strong></span> <span class='ocrx_word' id='word_1_90' title='bbox 1837 1991 1896 2036; x_wconf 86' lang='lat' dir='ltr'><strong>ex·</strong></span> 
     </span>
     <span class='ocr_line' id='line_1_13' title="bbox 243 2067 1898 2160; baseline 0.004 -29"><span class='ocrx_word' id='word_1_91' title='bbox 243 2068 394 2133; x_wconf 89' lang='lat' dir='ltr'><strong>hortaris.</strong></span> <span class='ocrx_word' id='word_1_92' title='bbox 439 2067 595 2133; x_wconf 78' lang='lat' dir='ltr'><strong>Ceterum</strong></span> <span class='ocrx_word' id='word_1_93' title='bbox 611 2069 788 2133; x_wconf 84' lang='lat' dir='ltr'><strong>intellectis</strong></span> <span class='ocrx_word' id='word_1_94' title='bbox 813 2088 876 2153; x_wconf 91' lang='lat' dir='ltr'><strong>que</strong></span> <span class='ocrx_word' id='word_1_95' title='bbox 899 2067 986 2132; x_wconf 90' lang='lat' dir='ltr'><strong>idem</strong></span> <span class='ocrx_word' id='word_1_96' title='bbox 1010 2067 1113 2133; x_wconf 90' lang='lat' dir='ltr'><strong>abbas</strong></span> <span class='ocrx_word' id='word_1_97' title='bbox 1136 2067 1231 2132; x_wconf 89' lang='lat' dir='ltr'><strong>nobis</strong></span> <span class='ocrx_word' id='word_1_98' title='bbox 1255 2089 1298 2133; x_wconf 89' lang='lat' dir='ltr'><strong>ex</strong></span> <span class='ocrx_word' id='word_1_99' title='bbox 1320 2075 1414 2153; x_wconf 89' lang='lat' dir='ltr'><strong>parte</strong></span> <span class='ocrx_word' id='word_1_100' title='bbox 1437 2074 1494 2134; x_wconf 87' lang='lat' dir='ltr'><strong>tua</strong></span> <span class='ocrx_word' id='word_1_101' title='bbox 1515 2071 1590 2136; x_wconf 81' lang='lat' dir='ltr'><strong>viva</strong></span> <span class='ocrx_word' id='word_1_102' title='bbox 1612 2092 1693 2138; x_wconf 78' lang='lat' dir='ltr'><strong>voce</strong></span> <span class='ocrx_word' id='word_1_103' title='bbox 1715 2073 1898 2160; x_wconf 89' lang='lat' dir='ltr'><strong>proposuit,</strong></span> 
     </span>
     <span class='ocr_line' id='line_1_14' title="bbox 243 2169 1897 2261; baseline 0.003 -26"><span class='ocrx_word' id='word_1_104' title='bbox 243 2171 329 2236; x_wconf 91' lang='lat' dir='ltr'><strong>circa</strong></span> <span class='ocrx_word' id='word_1_105' title='bbox 350 2171 490 2257; x_wconf 89' lang='lat' dir='ltr'><strong>plurima</strong></span> <span class='ocrx_word' id='word_1_106' title='bbox 511 2171 662 2256; x_wconf 89' lang='lat' dir='ltr'><strong>occupati</strong></span> <span class='ocrx_word' id='word_1_107' title='bbox 687 2176 721 2236; x_wconf 92' lang='lat' dir='ltr'><strong>et</strong></span> <span class='ocrx_word' id='word_1_108' title='bbox 744 2170 934 2256; x_wconf 86' lang='lat' dir='ltr'><strong>specialiter</strong></span> <span class='ocrx_word' id='word_1_109' title='bbox 954 2192 1014 2256; x_wconf 90' lang='lat' dir='ltr'><strong>pro</strong></span> <span class='ocrx_word' id='word_1_110' title='bbox 1037 2171 1171 2256; x_wconf 90' lang='lat' dir='ltr'><strong>negotio</strong></span> <span class='ocrx_word' id='word_1_111' title='bbox 1195 2169 1288 2248; x_wconf 89' lang='lat' dir='ltr'><strong>fidei,</strong></span> <span class='ocrx_word' id='word_1_112' title='bbox 1311 2192 1516 2257; x_wconf 89' lang='lat' dir='ltr'><strong>nequaquam</strong></span> <span class='ocrx_word' id='word_1_113' title='bbox 1540 2174 1724 2261; x_wconf 89' lang='lat' dir='ltr'><strong>superbiis</strong></span> <span class='ocrx_word' id='word_1_114' title='bbox 1747 2176 1800 2240; x_wconf 81' lang='lat' dir='ltr'><strong>rel</strong></span> <span class='ocrx_word' id='word_1_115' title='bbox 1822 2176 1897 2241; x_wconf 89' lang='lat' dir='ltr'><strong>aliis</strong></span> 
     </span>
     <span class='ocr_line' id='line_1_15' title="bbox 242 2272 1898 2360; baseline 0.003 -22"><span class='ocrx_word' id='word_1_116' title='bbox 242 2275 275 2339; x_wconf 89' lang='lat' dir='ltr'><strong>in</strong></span> <span class='ocrx_word' id='word_1_117' title='bbox 303 2273 394 2339; x_wconf 89' lang='lat' dir='ltr'><strong>Urbe</strong></span> <span class='ocrx_word' id='word_1_118' title='bbox 425 2273 697 2340; x_wconf 88' lang='lat' dir='ltr'><strong>deliberationem</strong></span> <span class='ocrx_word' id='word_1_119' title='bbox 727 2272 850 2339; x_wconf 89' lang='lat' dir='ltr'><strong>habere</strong></span> <span class='ocrx_word' id='word_1_120' title='bbox 885 2274 1050 2359; x_wconf 91' lang='lat' dir='ltr'><strong>potuimus</strong></span> <span class='ocrx_word' id='word_1_121' title='bbox 1078 2279 1287 2360; x_wconf 77' lang='lat' dir='ltr'><strong>oportunam,</strong></span> <span class='ocrx_word' id='word_1_122' title='bbox 1318 2282 1370 2340; x_wconf 91' lang='lat' dir='ltr'><strong>set</strong></span> <span class='ocrx_word' id='word_1_123' title='bbox 1399 2297 1471 2340; x_wconf 92' lang='lat' dir='ltr'><strong>cum</strong></span> <span class='ocrx_word' id='word_1_124' title='bbox 1501 2277 1587 2341; x_wconf 90' lang='lat' dir='ltr'><strong>sicut</strong></span> <span class='ocrx_word' id='word_1_125' title='bbox 1615 2275 1758 2342; x_wconf 89' lang='lat' dir='ltr'><strong>creditur</strong></span> <span class='ocrx_word' id='word_1_126' title='bbox 1783 2284 1898 2343; x_wconf 90' lang='lat' dir='ltr'><strong>noster</strong></span> 
     </span>
     <span class='ocr_line' id='line_1_16' title="bbox 242 2375 1895 2463; baseline 0.004 -23"><span class='ocrx_word' id='word_1_127' title='bbox 242 2377 406 2442; x_wconf 85' lang='lat' dir='ltr'><strong>iudanon</strong></span> <span class='ocrx_word' id='word_1_128' title='bbox 427 2377 462 2441; x_wconf 93' lang='lat' dir='ltr'><strong>in</strong></span> <span class='ocrx_word' id='word_1_129' title='bbox 484 2378 619 2462; x_wconf 89' lang='lat' dir='ltr'><strong>longum</strong></span> <span class='ocrx_word' id='word_1_130' title='bbox 642 2375 830 2441; x_wconf 80' lang='lat' dir='ltr'><strong>differaturb</strong></span> <span class='ocrx_word' id='word_1_131' title='bbox 853 2397 1018 2461; x_wconf 87' lang='lat' dir='ltr'><strong>egressus,</strong></span> <span class='ocrx_word' id='word_1_132' title='bbox 1042 2382 1118 2441; x_wconf 89' lang='lat' dir='ltr'><strong>tunc</strong></span> <span class='ocrx_word' id='word_1_133' title='bbox 1142 2379 1266 2462; x_wconf 89' lang='lat' dir='ltr'><strong>poteris</strong></span> <span class='ocrx_word' id='word_1_134' title='bbox 1291 2377 1332 2442; x_wconf 92' lang='lat' dir='ltr'><strong>ad</strong></span> <span class='ocrx_word' id='word_1_135' title='bbox 1355 2400 1414 2443; x_wconf 91' lang='lat' dir='ltr'><strong>nos</strong></span> <span class='ocrx_word' id='word_1_136' title='bbox 1438 2385 1530 2443; x_wconf 92' lang='lat' dir='ltr'><strong>tuum</strong></span> <span class='ocrx_word' id='word_1_137' title='bbox 1551 2379 1701 2444; x_wconf 88' lang='lat' dir='ltr'><strong>nuntium</strong></span> <span class='ocrx_word' id='word_1_138' title='bbox 1717 2379 1895 2463; x_wconf 84' lang='lat' dir='ltr'><strong>destinare,</strong></span> 
     </span>
     <span class='ocr_line' id='line_1_17' title="bbox 243 2479 1894 2570; baseline 0.002 -24"><span class='ocrx_word' id='word_1_139' title='bbox 243 2483 298 2568; x_wconf 91' lang='lat' dir='ltr'><strong>qui</strong></span> <span class='ocrx_word' id='word_1_140' title='bbox 330 2487 421 2546; x_wconf 89' lang='lat' dir='ltr'><strong>tuam</strong></span> <span class='ocrx_word' id='word_1_141' title='bbox 453 2479 548 2545; x_wconf 90' lang='lat' dir='ltr'><strong>nobis</strong></span> <span class='ocrx_word' id='word_1_142' title='bbox 582 2479 799 2545; x_wconf 89' lang='lat' dir='ltr'><strong>intentionem</strong></span> <span class='ocrx_word' id='word_1_143' title='bbox 835 2501 1005 2566; x_wconf 86' lang='lat' dir='ltr'><strong>exponens</strong></span> <span class='ocrx_word' id='word_1_144' title='bbox 1038 2486 1188 2545; x_wconf 91' lang='lat' dir='ltr'><strong>nostrum</strong></span> <span class='ocrx_word' id='word_1_145' title='bbox 1221 2501 1415 2567; x_wconf 89' lang='lat' dir='ltr'><strong>responsum</strong></span> <span class='ocrx_word' id='word_1_146' title='bbox 1447 2481 1507 2547; x_wconf 92' lang='lat' dir='ltr'><strong>tibi</strong></span> <span class='ocrx_word' id='word_1_147' title='bbox 1542 2482 1672 2568; x_wconf 90' lang='lat' dir='ltr'><strong>plenius</strong></span> <span class='ocrx_word' id='word_1_148' title='bbox 1702 2485 1894 2570; x_wconf 81' lang='lat' dir='ltr'><strong>reportabit.</strong></span> 
     </span>
     <span class='ocr_line' id='line_1_18' title="bbox 242 2583 1894 2669; baseline 0.001 -20"><span class='ocrx_word' id='word_1_149' title='bbox 242 2584 378 2649; x_wconf 90' lang='lat' dir='ltr'><strong>Interim</strong></span> <span class='ocrx_word' id='word_1_150' title='bbox 401 2591 513 2650; x_wconf 89' lang='lat' dir='ltr'><strong>autem</strong></span> <span class='ocrx_word' id='word_1_151' title='bbox 535 2583 615 2665; x_wconf 90' lang='lat' dir='ltr'><strong>hiis,</strong></span> <span class='ocrx_word' id='word_1_152' title='bbox 645 2604 708 2667; x_wconf 90' lang='lat' dir='ltr'><strong>que</strong></span> <span class='ocrx_word' id='word_1_153' title='bbox 732 2583 900 2669; x_wconf 90' lang='lat' dir='ltr'><strong>predictus</strong></span> <span class='ocrx_word' id='word_1_154' title='bbox 924 2584 1027 2649; x_wconf 86' lang='lat' dir='ltr'><strong>abbas</strong></span> <span class='ocrx_word' id='word_1_155' title='bbox 1050 2604 1093 2647; x_wconf 88' lang='lat' dir='ltr'><strong>ex</strong></span> <span class='ocrx_word' id='word_1_156' title='bbox 1117 2592 1210 2669; x_wconf 89' lang='lat' dir='ltr'><strong>parte</strong></span> <span class='ocrx_word' id='word_1_157' title='bbox 1234 2591 1347 2649; x_wconf 88' lang='lat' dir='ltr'><strong>nostra</strong></span> <span class='ocrx_word' id='word_1_158' title='bbox 1369 2583 1614 2650; x_wconf 85' lang='lat' dir='ltr'><strong>mansuetudini</strong></span> <span class='ocrx_word' id='word_1_159' title='bbox 1636 2591 1692 2650; x_wconf 87' lang='lat' dir='ltr'><strong>tue</strong></span> <span class='ocrx_word' id='word_1_160' title='bbox 1715 2587 1790 2651; x_wconf 85' lang='lat' dir='ltr'><strong>viva</strong></span> <span class='ocrx_word' id='word_1_161' title='bbox 1812 2607 1894 2651; x_wconf 85' lang='lat' dir='ltr'><strong>voce</strong></span> 
     </span>
     <span class='ocr_line' id='line_1_19' title="bbox 241 2669 1894 2775; baseline 0 -23"><span class='ocrx_word' id='word_1_162' title='bbox 241 2695 419 2775; x_wconf 85' lang='lat' dir='ltr'><strong>proponet,</strong></span> <span class='ocrx_word' id='word_1_163' title='bbox 447 2687 642 2752; x_wconf 84' lang='lat' dir='ltr'><strong>fiducialiter</strong></span> <span class='ocrx_word' id='word_1_164' title='bbox 669 2687 876 2771; x_wconf 89' lang='lat' dir='ltr'><strong>acquiescas,</strong></span> <span class='ocrx_word' id='word_1_165' title='bbox 905 2692 1015 2751; x_wconf 90' lang='lat' dir='ltr'><strong>certus</strong></span> <span class='ocrx_word' id='word_1_166' title='bbox 1039 2685 1233 2772; x_wconf 80' lang='lat' dir='ltr'><strong>quadratis</strong></span> <span class='ocrx_word' id='word_1_167' title='bbox 1262 2688 1328 2751; x_wconf 92' lang='lat' dir='ltr'><strong>tuis</strong></span> <span class='ocrx_word' id='word_1_168' title='bbox 1351 2688 1493 2752; x_wconf 90' lang='lat' dir='ltr'><strong>libenter</strong></span> <span class='ocrx_word' id='word_1_169' title='bbox 1515 2669 1706 2768; x_wconf 76' lang='lat' dir='ltr'><strong>annuimus,</strong></span> <span class='ocrx_word' id='word_1_170' title='bbox 1738 2695 1894 2774; x_wconf 90' lang='lat' dir='ltr'><strong>quantum</strong></span> 
     </span>
     <span class='ocr_line' id='line_1_20' title="bbox 241 2789 831 2876; baseline -0.003 -22"><span class='ocrx_word' id='word_1_171' title='bbox 241 2811 314 2855; x_wconf 88' lang='lat' dir='ltr'><strong>cum</strong></span> <span class='ocrx_word' id='word_1_172' title='bbox 339 2791 430 2856; x_wconf 85' lang='lat' dir='ltr'><strong>salva</strong></span> <span class='ocrx_word' id='word_1_173' title='bbox 450 2810 625 2876; x_wconf 90' lang='lat' dir='ltr'><strong>possumus</strong></span> <span class='ocrx_word' id='word_1_174' title='bbox 649 2789 831 2854; x_wconf 90' lang='lat' dir='ltr'><strong>honestate.</strong></span> 
     </span>
    </p>
   </div>
   <div class='ocr_carea' id='block_1_8' title="bbox 348 2927 627 3014">
    <p class='ocr_par' dir='ltr' id='par_1_8' title="bbox 348 2927 627 3014">
     <span class='ocr_line' id='line_1_21' title="bbox 348 2927 627 3014; baseline -0.004 -23"><span class='ocrx_word' id='word_1_175' title='bbox 348 2927 436 2992; x_wconf 89' lang='lat' dir='ltr'><strong>Data</strong></span> <span class='ocrx_word' id='word_1_176' title='bbox 457 2935 493 2994; x_wconf 92' lang='lat' dir='ltr'><strong>ut</strong></span> <span class='ocrx_word' id='word_1_177' title='bbox 517 2949 627 3014; x_wconf 89' lang='lat' dir='ltr'><strong>supra.</strong></span> 
     </span>
    </p>
   </div>
   <div class='ocr_carea' id='block_1_9' title="bbox 864 3015 1275 3022">
    <p class='ocr_par' dir='ltr' id='par_1_9' title="bbox 864 3015 1275 3022">
     <span class='ocr_line' id='line_1_22' title="bbox 864 3015 1275 3022; baseline 0 0"><span class='ocrx_word' id='word_1_178' title='bbox 864 3015 1275 3022; x_wconf 53' lang='lat' dir='ltr'><strong>ffl--v-—n—</strong></span> 
     </span>
    </p>
   </div>
   <div class='ocr_carea' id='block_1_10' title="bbox 1025 3324 1113 3397">
    <p class='ocr_par' dir='ltr' id='par_1_10' title="bbox 1025 3324 1113 3397">
     <span class='ocr_line' id='line_1_23' title="bbox 1025 3324 1113 3397; baseline 0.011 -1"><span class='ocrx_word' id='word_1_179' title='bbox 1025 3324 1113 3397; x_wconf 81' lang='lat'><strong>430.</strong></span> 
     </span>
    </p>
   </div>
   <div class='ocr_carea' id='block_1_11' title="bbox 239 3457 1895 3670">
    <p class='ocr_par' dir='ltr' id='par_1_11' title="bbox 239 3457 1895 3670">
     <span class='ocr_line' id='line_1_24' title="bbox 317 3457 1895 3580; baseline -0.006 -30"><span class='ocrx_word' id='word_1_180' title='bbox 317 3527 321 3534; x_wconf 91' lang='lat'><em>·</em></span> <span class='ocrx_word' id='word_1_181' title='bbox 347 3457 538 3567; x_wconf 55' lang='lat' dir='ltr'><strong>&amp;repertus</strong></span> <span class='ocrx_word' id='word_1_182' title='bbox 559 3482 616 3548; x_wconf 86' lang='lat' dir='ltr'><strong>IX</strong></span> <span class='ocrx_word' id='word_1_183' title='bbox 632 3503 718 3564; x_wconf 80' lang='lat' dir='ltr'><strong>papa</strong></span> <span class='ocrx_word' id='word_1_184' title='bbox 740 3482 870 3548; x_wconf 68' lang='lat' dir='ltr'><strong>medem</strong></span> <span class='ocrx_word' id='word_1_185' title='bbox 891 3485 1008 3560; x_wconf 71' lang='lat' dir='ltr'><strong>morat,</strong></span> <span class='ocrx_word' id='word_1_186' title='bbox 1040 3502 1079 3546; x_wconf 85' lang='lat' dir='ltr'><strong>ne</strong></span> <span class='ocrx_word' id='word_1_187' title='bbox 1107 3500 1171 3556; x_wconf 81' lang='lat' dir='ltr'><strong>ecc,</strong></span> <span class='ocrx_word' id='word_1_188' title='bbox 1200 3479 1256 3560; x_wconf 84' lang='lat' dir='ltr'><strong>qai</strong></span> <span class='ocrx_word' id='word_1_189' title='bbox 1277 3479 1418 3580; x_wconf 84' lang='lat' dir='ltr'><strong>ecclcsiae</strong></span> <span class='ocrx_word' id='word_1_190' title='bbox 1439 3477 1656 3558; x_wconf 75' lang='lat' dir='ltr'><strong>adhaeserint,</strong></span> <span class='ocrx_word' id='word_1_191' title='bbox 1687 3476 1895 3557; x_wconf 77' lang='lat' dir='ltr'><strong>transfretare</strong></span> 
     </span>
     <span class='ocr_line' id='line_1_25' title="bbox 239 3587 411 3670; baseline -0.006 -17"><span class='ocrx_word' id='word_1_192' title='bbox 239 3587 411 3670; x_wconf 85' lang='lat' dir='ltr'><strong>compellat.</strong></span> 
     </span>
    </p>
   </div>
   <div class='ocr_carea' id='block_1_12' title="bbox 344 3664 1807 3830">
    <p class='ocr_par' dir='ltr' id='par_1_12' title="bbox 344 3664 1807 3830">
     <span class='ocr_line' id='line_1_26' title="bbox 344 3664 1807 3830; baseline -0.058 -13"><span class='ocrx_word' id='word_1_193' title='bbox 344 3759 427 3830; x_wconf 57' lang='grc' dir='ltr'><strong>(ἔτερ.</strong></span> <span class='ocrx_word' id='word_1_194' title='bbox 445 3756 495 3810; x_wconf 86' lang='lat' dir='ltr'><strong>IX</strong></span> <span class='ocrx_word' id='word_1_195' title='bbox 512 3756 581 3827; x_wconf 63' lang='lat' dir='ltr'><strong>Ray.</strong></span> <span class='ocrx_word' id='word_1_196' title='bbox 598 3754 662 3810; x_wconf 67' lang='lat' dir='ltr'><strong>Lib,</strong></span> <span class='ocrx_word' id='word_1_197' title='bbox 680 3755 733 3820; x_wconf 89' lang='lat' dir='ltr'><strong>IV,</strong></span> <span class='ocrx_word' id='word_1_198' title='bbox 751 3759 829 3810; x_wconf 75' lang='lat'><strong>1130,</strong></span> <span class='ocrx_word' id='word_1_199' title='bbox 1520 3669 1615 3747; x_wconf 82' lang='lat'><strong>1231,</strong></span> <span class='ocrx_word' id='word_1_200' title='bbox 1637 3664 1731 3730; x_wconf 84' lang='lat' dir='ltr'><strong>Febr.</strong></span> <span class='ocrx_word' id='word_1_201' title='bbox 1754 3667 1807 3732; x_wconf 84' lang='lat'><strong>26.</strong></span> 
     </span>
    </p>
   </div>
   <div class='ocr_carea' id='block_1_13' title="bbox 341 3842 1142 4043">
    <p class='ocr_par' dir='ltr' id='par_1_13' title="bbox 341 3842 1142 4043">
     <span class='ocr_line' id='line_1_27' title="bbox 341 3842 667 3912; baseline -0.009 -13"><span class='ocrx_word' id='word_1_202' title='bbox 341 3845 477 3908; x_wconf 78' lang='lat' dir='ltr'><strong>Potttast</strong></span> <span class='ocrx_word' id='word_1_203' title='bbox 496 3842 564 3912; x_wconf 71' lang='lat' dir='ltr'><strong>Rae.</strong></span> <span class='ocrx_word' id='word_1_204' title='bbox 583 3845 667 3897; x_wconf 81' lang='lat'><strong>8665.</strong></span> 
     </span>
     <span class='ocr_line' id='line_1_28' title="bbox 983 3967 1142 4043; baseline -0.013 -2"><span class='ocrx_word' id='word_1_205' title='bbox 983 3967 1142 4043; x_wconf 83' lang='lat' dir='ltr'><strong>Eidem.</strong></span> 
     </span>
    </p>
   </div>
   <div class='ocr_carea' id='block_1_14' title="bbox 237 4106 1894 5030">
    <p class='ocr_par' dir='ltr' id='par_1_14' title="bbox 237 4106 1894 5030">
     <span class='ocr_line' id='line_1_29' title="bbox 346 4106 1889 4205; baseline -0.011 -18"><span class='ocrx_word' id='word_1_206' title='bbox 346 4119 475 4195; x_wconf 85' lang='lat' dir='ltr'><strong>Quanto</strong></span> <span class='ocrx_word' id='word_1_207' title='bbox 498 4117 645 4184; x_wconf 89' lang='lat' dir='ltr'><strong>malivoli</strong></span> <span class='ocrx_word' id='word_1_208' title='bbox 667 4123 702 4184; x_wconf 89' lang='lat' dir='ltr'><strong>et</strong></span> <span class='ocrx_word' id='word_1_209' title='bbox 728 4119 899 4205; x_wconf 86' lang='lat' dir='ltr'><strong>maliloqui</strong></span> <span class='ocrx_word' id='word_1_210' title='bbox 920 4117 1036 4182; x_wconf 88' lang='lat' dir='ltr'><strong>maiori</strong></span> <span class='ocrx_word' id='word_1_211' title='bbox 1065 4121 1198 4182; x_wconf 88' lang='lat' dir='ltr'><strong>astuant</strong></span> <span class='ocrx_word' id='word_1_212' title='bbox 1220 4114 1358 4181; x_wconf 89' lang='lat' dir='ltr'><strong>libidine</strong></span> <span class='ocrx_word' id='word_1_213' title='bbox 1381 4109 1591 4192; x_wconf 87' lang='lat' dir='ltr'><strong>detrahendi,</strong></span> <span class='ocrx_word' id='word_1_214' title='bbox 1619 4115 1711 4176; x_wconf 89' lang='lat' dir='ltr'><strong>recta</strong></span> <span class='ocrx_word' id='word_1_215' title='bbox 1733 4107 1833 4174; x_wconf 90' lang='lat' dir='ltr'><strong>etiam</strong></span> <span class='ocrx_word' id='word_1_216' title='bbox 1855 4106 1889 4170; x_wconf 92' lang='lat' dir='ltr'><strong>in</strong></span> 
     </span>
     <span class='ocr_line' id='line_1_30' title="bbox 238 4209 1893 4310; baseline -0.009 -21"><span class='ocrx_word' id='word_1_217' title='bbox 238 4225 482 4310; x_wconf 84' lang='lat' dir='ltr'><strong>sugillationem</strong></span> <span class='ocrx_word' id='word_1_218' title='bbox 508 4228 653 4287; x_wconf 89' lang='lat' dir='ltr'><strong>nostram</strong></span> <span class='ocrx_word' id='word_1_219' title='bbox 687 4227 721 4287; x_wconf 92' lang='lat' dir='ltr'><strong>et</strong></span> <span class='ocrx_word' id='word_1_220' title='bbox 751 4229 841 4287; x_wconf 91' lang='lat' dir='ltr'><strong>tuam</strong></span> <span class='ocrx_word' id='word_1_221' title='bbox 864 4221 1015 4306; x_wconf 90' lang='lat' dir='ltr'><strong>nequiter</strong></span> <span class='ocrx_word' id='word_1_222' title='bbox 1041 4217 1266 4306; x_wconf 85' lang='lat' dir='ltr'><strong>depravando,</strong></span> <span class='ocrx_word' id='word_1_223' title='bbox 1294 4225 1385 4284; x_wconf 89' lang='lat' dir='ltr'><strong>tanto</strong></span> <span class='ocrx_word' id='word_1_224' title='bbox 1412 4214 1595 4283; x_wconf 86' lang='lat' dir='ltr'><strong>sinceritati</strong></span> <span class='ocrx_word' id='word_1_225' title='bbox 1623 4219 1680 4278; x_wconf 89' lang='lat' dir='ltr'><strong>tus</strong></span> <span class='ocrx_word' id='word_1_226' title='bbox 1708 4209 1893 4276; x_wconf 85' lang='lat' dir='ltr'><strong>accuratius</strong></span> 
     </span>
     <span class='ocr_line' id='line_1_31' title="bbox 238 4311 1892 4407; baseline -0.01 -14"><span class='ocrx_word' id='word_1_227' title='bbox 238 4334 290 4393; x_wconf 92' lang='lat' dir='ltr'><strong>est</strong></span> <span class='ocrx_word' id='word_1_228' title='bbox 312 4326 508 4407; x_wconf 85' lang='lat' dir='ltr'><strong>cavendum,</strong></span> <span class='ocrx_word' id='word_1_229' title='bbox 537 4347 579 4390; x_wconf 89' lang='lat' dir='ltr'><strong>ne</strong></span> <span class='ocrx_word' id='word_1_230' title='bbox 610 4325 816 4390; x_wconf 87' lang='lat' dir='ltr'><strong>occasionem</strong></span> <span class='ocrx_word' id='word_1_231' title='bbox 848 4324 907 4390; x_wconf 92' lang='lat' dir='ltr'><strong>des</strong></span> <span class='ocrx_word' id='word_1_232' title='bbox 936 4323 1001 4388; x_wconf 92' lang='lat' dir='ltr'><strong>illis</strong></span> <span class='ocrx_word' id='word_1_233' title='bbox 1025 4329 1139 4388; x_wconf 91' lang='lat' dir='ltr'><strong>contra</strong></span> <span class='ocrx_word' id='word_1_234' title='bbox 1161 4329 1334 4407; x_wconf 89' lang='lat' dir='ltr'><strong>utrumque</strong></span> <span class='ocrx_word' id='word_1_235' title='bbox 1356 4321 1488 4405; x_wconf 87' lang='lat' dir='ltr'><strong>linguas</strong></span> <span class='ocrx_word' id='word_1_236' title='bbox 1511 4315 1688 4382; x_wconf 88' lang='lat' dir='ltr'><strong>maledicas</strong></span> <span class='ocrx_word' id='word_1_237' title='bbox 1712 4311 1892 4392; x_wconf 84' lang='lat' dir='ltr'><strong>relaxandi,</strong></span> 
     </span>
     <span class='ocr_line' id='line_1_32' title="bbox 238 4414 1894 4518; baseline -0.01 -22"><span class='ocrx_word' id='word_1_238' title='bbox 238 4453 337 4518; x_wconf 86' lang='lat' dir='ltr'><strong>quam</strong></span> <span class='ocrx_word' id='word_1_239' title='bbox 365 4431 536 4515; x_wconf 90' lang='lat' dir='ltr'><strong>utriusque</strong></span> <span class='ocrx_word' id='word_1_240' title='bbox 564 4429 650 4494; x_wconf 84' lang='lat' dir='ltr'><strong>fame</strong></span> <span class='ocrx_word' id='word_1_241' title='bbox 678 4428 774 4495; x_wconf 91' lang='lat' dir='ltr'><strong>decet</strong></span> <span class='ocrx_word' id='word_1_242' title='bbox 805 4451 879 4495; x_wconf 90' lang='lat' dir='ltr'><strong>esse</strong></span> <span class='ocrx_word' id='word_1_243' title='bbox 908 4428 1084 4493; x_wconf 91' lang='lat' dir='ltr'><strong>sollicitum</strong></span> <span class='ocrx_word' id='word_1_244' title='bbox 1113 4426 1299 4490; x_wconf 85' lang='lat' dir='ltr'><strong>zelatorem.</strong></span> <span class='ocrx_word' id='word_1_245' title='bbox 1344 4421 1573 4490; x_wconf 88' lang='lat' dir='ltr'><strong>Intelleximus</strong></span> <span class='ocrx_word' id='word_1_246' title='bbox 1602 4419 1779 4507; x_wconf 89' lang='lat' dir='ltr'><strong>siquidem,</strong></span> <span class='ocrx_word' id='word_1_247' title='bbox 1806 4414 1894 4502; x_wconf 92' lang='lat' dir='ltr'><strong>quod</strong></span> 
     </span>
     <span class='ocr_line' id='line_1_33' title="bbox 238 4523 1894 4620; baseline -0.008 -22"><span class='ocrx_word' id='word_1_248' title='bbox 238 4535 313 4600; x_wconf 92' lang='lat' dir='ltr'><strong>illos</strong></span> <span class='ocrx_word' id='word_1_249' title='bbox 336 4533 376 4600; x_wconf 91' lang='lat' dir='ltr'><strong>da</strong></span> <span class='ocrx_word' id='word_1_250' title='bbox 399 4554 520 4620; x_wconf 89' lang='lat' dir='ltr'><strong>reguo,</strong></span> <span class='ocrx_word' id='word_1_251' title='bbox 548 4532 603 4618; x_wconf 93' lang='lat' dir='ltr'><strong>qui</strong></span> <span class='ocrx_word' id='word_1_252' title='bbox 623 4532 767 4598; x_wconf 88' lang='lat' dir='ltr'><strong>ecclesie</strong></span> <span class='ocrx_word' id='word_1_253' title='bbox 788 4531 1003 4611; x_wconf 88' lang='lat' dir='ltr'><strong>adheserunt,</strong></span> <span class='ocrx_word' id='word_1_254' title='bbox 1027 4528 1169 4594; x_wconf 90' lang='lat' dir='ltr'><strong>intendis</strong></span> <span class='ocrx_word' id='word_1_255' title='bbox 1193 4527 1391 4614; x_wconf 87' lang='lat' dir='ltr'><strong>compellere</strong></span> <span class='ocrx_word' id='word_1_256' title='bbox 1414 4524 1644 4606; x_wconf 85' lang='lat' dir='ltr'><strong>transfretare,</strong></span> <span class='ocrx_word' id='word_1_257' title='bbox 1676 4523 1738 4588; x_wconf 91' lang='lat' dir='ltr'><strong>boc</strong></span> <span class='ocrx_word' id='word_1_258' title='bbox 1761 4525 1813 4586; x_wconf 88' lang='lat' dir='ltr'><strong>est</strong></span> <span class='ocrx_word' id='word_1_259' title='bbox 1835 4540 1894 4586; x_wconf 89' lang='lat' dir='ltr'><strong>eos</strong></span> 
     </span>
     <span class='ocr_line' id='line_1_34' title="bbox 237 4622 1893 4720; baseline -0.01 -17"><span class='ocrx_word' id='word_1_260' title='bbox 237 4638 323 4703; x_wconf 88' lang='lat' dir='ltr'><strong>sicut</strong></span> <span class='ocrx_word' id='word_1_261' title='bbox 345 4636 409 4703; x_wconf 90' lang='lat' dir='ltr'><strong>sibi</strong></span> <span class='ocrx_word' id='word_1_262' title='bbox 428 4623 613 4703; x_wconf 67' lang='lat' dir='ltr'><strong>udatur‘et</strong></span> <span class='ocrx_word' id='word_1_263' title='bbox 634 4635 707 4700; x_wconf 84' lang='lat' dir='ltr'><strong>aliis</strong></span> <span class='ocrx_word' id='word_1_264' title='bbox 729 4635 763 4698; x_wconf 93' lang='lat' dir='ltr'><strong>in</strong></span> <span class='ocrx_word' id='word_1_265' title='bbox 786 4635 920 4700; x_wconf 88' lang='lat' dir='ltr'><strong>exilium</strong></span> <span class='ocrx_word' id='word_1_266' title='bbox 942 4634 1102 4720; x_wconf 87' lang='lat' dir='ltr'><strong>relegare,</strong></span> <span class='ocrx_word' id='word_1_267' title='bbox 1127 4652 1201 4697; x_wconf 92' lang='lat' dir='ltr'><strong>cum</strong></span> <span class='ocrx_word' id='word_1_268' title='bbox 1223 4630 1265 4696; x_wconf 91' lang='lat' dir='ltr'><strong>ad</strong></span> <span class='ocrx_word' id='word_1_269' title='bbox 1287 4630 1321 4695; x_wconf 92' lang='lat' dir='ltr'><strong>id</strong></span> <span class='ocrx_word' id='word_1_270' title='bbox 1343 4651 1386 4696; x_wconf 88' lang='lat' dir='ltr'><strong>ex</strong></span> <span class='ocrx_word' id='word_1_271' title='bbox 1409 4627 1527 4695; x_wconf 90' lang='lat' dir='ltr'><strong>minori</strong></span> <span class='ocrx_word' id='word_1_272' title='bbox 1550 4625 1727 4693; x_wconf 90' lang='lat' dir='ltr'><strong>dilectione</strong></span> <span class='ocrx_word' id='word_1_273' title='bbox 1750 4622 1893 4690; x_wconf 88' lang='lat' dir='ltr'><strong>credaris</strong></span> 
     </span>
     <span class='ocr_line' id='line_1_35' title="bbox 238 4732 1891 4824; baseline -0.01 -18"><span class='ocrx_word' id='word_1_274' title='bbox 238 4740 360 4808; x_wconf 91' lang='lat' dir='ltr'><strong>induci.</strong></span> <span class='ocrx_word' id='word_1_275' title='bbox 403 4739 455 4806; x_wconf 88' lang='lat' dir='ltr'><strong>Ne</strong></span> <span class='ocrx_word' id='word_1_276' title='bbox 478 4738 578 4824; x_wconf 89' lang='lat' dir='ltr'><strong>igitur</strong></span> <span class='ocrx_word' id='word_1_277' title='bbox 600 4743 715 4803; x_wconf 87' lang='lat' dir='ltr'><strong>contra</strong></span> <span class='ocrx_word' id='word_1_278' title='bbox 736 4758 795 4803; x_wconf 87' lang='lat' dir='ltr'><strong>eos</strong></span> <span class='ocrx_word' id='word_1_279' title='bbox 818 4737 1025 4803; x_wconf 83' lang='lat' dir='ltr'><strong>occasionem</strong></span> <span class='ocrx_word' id='word_1_280' title='bbox 1047 4755 1185 4821; x_wconf 89' lang='lat' dir='ltr'><strong>querere</strong></span> <span class='ocrx_word' id='word_1_281' title='bbox 1209 4733 1369 4815; x_wconf 82' lang='lat' dir='ltr'><strong>ridearis,</strong></span> <span class='ocrx_word' id='word_1_282' title='bbox 1399 4737 1432 4798; x_wconf 90' lang='lat' dir='ltr'><strong>et</strong></span> <span class='ocrx_word' id='word_1_283' title='bbox 1457 4751 1518 4816; x_wconf 90' lang='lat' dir='ltr'><strong>par</strong></span> <span class='ocrx_word' id='word_1_284' title='bbox 1546 4749 1752 4816; x_wconf 86' lang='lat' dir='ltr'><strong>consequeus</strong></span> <span class='ocrx_word' id='word_1_285' title='bbox 1776 4732 1891 4794; x_wconf 84' lang='lat' dir='ltr'><strong>contra</strong></span> 
     </span>
     <span class='ocr_line' id='line_1_36' title="bbox 237 4833 1891 4928; baseline -0.011 -20"><span class='ocrx_word' id='word_1_286' title='bbox 237 4865 298 4910; x_wconf 89' lang='lat' dir='ltr'><strong>nos</strong></span> <span class='ocrx_word' id='word_1_287' title='bbox 321 4849 356 4910; x_wconf 90' lang='lat' dir='ltr'><strong>et</strong></span> <span class='ocrx_word' id='word_1_288' title='bbox 378 4849 411 4909; x_wconf 89' lang='lat' dir='ltr'><strong>te</strong></span> <span class='ocrx_word' id='word_1_289' title='bbox 433 4842 563 4928; x_wconf 87' lang='lat' dir='ltr'><strong>linguas</strong></span> <span class='ocrx_word' id='word_1_290' title='bbox 586 4863 684 4908; x_wconf 90' lang='lat' dir='ltr'><strong>acuas</strong></span> <span class='ocrx_word' id='word_1_291' title='bbox 707 4839 946 4921; x_wconf 86' lang='lat' dir='ltr'><strong>detractorum,</strong></span> <span class='ocrx_word' id='word_1_292' title='bbox 975 4837 1180 4924; x_wconf 90' lang='lat' dir='ltr'><strong>imperialem</strong></span> <span class='ocrx_word' id='word_1_293' title='bbox 1209 4837 1439 4903; x_wconf 90' lang='lat' dir='ltr'><strong>celsitudinem</strong></span> <span class='ocrx_word' id='word_1_294' title='bbox 1467 4834 1648 4899; x_wconf 85' lang='lat' dir='ltr'><strong>affectuosa</strong></span> <span class='ocrx_word' id='word_1_295' title='bbox 1680 4850 1834 4916; x_wconf 88' lang='lat' dir='ltr'><strong>rogamus</strong></span> <span class='ocrx_word' id='word_1_296' title='bbox 1857 4833 1891 4891; x_wconf 92' lang='lat' dir='ltr'><strong>et</strong></span> 
     </span>
     <span class='ocr_line' id='line_1_37' title="bbox 237 4927 1891 5030; baseline -0.011 -18"><span class='ocrx_word' id='word_1_297' title='bbox 237 4967 408 5014; x_wconf 88' lang='lat' dir='ltr'><strong>monemus</strong></span> <span class='ocrx_word' id='word_1_298' title='bbox 440 4951 581 5027; x_wconf 86' lang='lat' dir='ltr'><strong>attente,</strong></span> <span class='ocrx_word' id='word_1_299' title='bbox 616 4945 769 5030; x_wconf 88' lang='lat' dir='ltr'><strong>quatinus</strong></span> <span class='ocrx_word' id='word_1_300' title='bbox 803 4943 845 5010; x_wconf 91' lang='lat' dir='ltr'><strong>ab</strong></span> <span class='ocrx_word' id='word_1_301' title='bbox 879 4942 1061 5010; x_wconf 85' lang='lat' dir='ltr'><strong>intentione</strong></span> <span class='ocrx_word' id='word_1_302' title='bbox 1094 4941 1152 5006; x_wconf 86' lang='lat' dir='ltr'><strong>tali</strong></span> <span class='ocrx_word' id='word_1_303' title='bbox 1187 4939 1370 5022; x_wconf 89' lang='lat' dir='ltr'><strong>desistens,</strong></span> <span class='ocrx_word' id='word_1_304' title='bbox 1405 4959 1462 5006; x_wconf 90' lang='lat' dir='ltr'><strong>eos</strong></span> <span class='ocrx_word' id='word_1_305' title='bbox 1496 4936 1670 5001; x_wconf 88' lang='lat' dir='ltr'><strong>occasione</strong></span> <span class='ocrx_word' id='word_1_306' title='bbox 1705 4927 1891 4997; x_wconf 91' lang='lat' dir='ltr'><strong>huiusmodi</strong></span> 
     </span>
    </p>
   </div>
   <div class='ocr_carea' id='block_1_15' title="bbox 175 5049 570 5136">
    <p class='ocr_par' dir='ltr' id='par_1_15' title="bbox 175 5049 570 5136">
     <span class='ocr_line' id='line_1_38' title="bbox 175 5049 570 5136; baseline -0.013 -16"><span class='ocrx_word' id='word_1_307' title='bbox 175 5083 186 5120; x_wconf 81' lang='lat' dir='ltr'><strong>s</strong></span> <span class='ocrx_word' id='word_1_308' title='bbox 239 5050 373 5116; x_wconf 89' lang='lat' dir='ltr'><strong>minime</strong></span> <span class='ocrx_word' id='word_1_309' title='bbox 396 5049 570 5136; x_wconf 87' lang='lat' dir='ltr'><strong>inquietes.</strong></span> 
     </span>
    </p>
   </div>
   <div class='ocr_carea' id='block_1_16' title="bbox 346 5187 627 5274">
    <p class='ocr_par' dir='ltr' id='par_1_16' title="bbox 346 5187 627 5274">
     <span class='ocr_line' id='line_1_39' title="bbox 346 5187 627 5274; baseline -0.011 -22"><span class='ocrx_word' id='word_1_310' title='bbox 346 5187 435 5253; x_wconf 85' lang='lat' dir='ltr'><strong>Data</strong></span> <span class='ocrx_word' id='word_1_311' title='bbox 457 5192 493 5252; x_wconf 91' lang='lat' dir='ltr'><strong>ut</strong></span> <span class='ocrx_word' id='word_1_312' title='bbox 515 5207 627 5274; x_wconf 87' lang='lat' dir='ltr'><strong>supra.</strong></span> 
     </span>
    </p>
   </div>
   <div class='ocr_carea' id='block_1_17' title="bbox 237 5524 1966 5700">
    <p class='ocr_par' dir='ltr' id='par_1_17' title="bbox 237 5524 1966 5700">
     <span class='ocr_line' id='line_1_40' title="bbox 344 5524 1966 5617; baseline -0.019 -14"><span class='ocrx_word' id='word_1_313' title='bbox 344 5548 368 5617; x_wconf 79' lang='lat'><strong>¹)</strong></span> <span class='ocrx_word' id='word_1_314' title='bbox 387 5550 444 5602; x_wconf 88' lang='lat' dir='ltr'><strong>Lib.</strong></span> <span class='ocrx_word' id='word_1_315' title='bbox 462 5549 507 5615; x_wconf 87' lang='lat' dir='ltr'><strong>IV,</strong></span> <span class='ocrx_word' id='word_1_316' title='bbox 526 5545 576 5599; x_wconf 74' lang='lat'><strong>114</strong></span> <span class='ocrx_word' id='word_1_317' title='bbox 595 5548 664 5599; x_wconf 71' lang='grc' dir='ltr'><strong>ΗΒ.</strong></span> <span class='ocrx_word' id='word_1_318' title='bbox 678 5565 707 5615; x_wconf 81' lang='lat' dir='ltr'><strong>p.</strong></span> <span class='ocrx_word' id='word_1_319' title='bbox 727 5551 793 5610; x_wconf 53' lang='grc' dir='ltr'><strong>Μή·</strong></span> <span class='ocrx_word' id='word_1_320' title='bbox 809 5549 843 5615; x_wconf 82' lang='lat' dir='ltr'><strong>cs.</strong></span> <span class='ocrx_word' id='word_1_321' title='bbox 861 5565 888 5598; x_wconf 84' lang='lat' dir='ltr'><strong>n.</strong></span> <span class='ocrx_word' id='word_1_322' title='bbox 905 5547 969 5610; x_wconf 75' lang='lat'><strong>423,</strong></span> <span class='ocrx_word' id='word_1_323' title='bbox 985 5552 1037 5595; x_wconf 81' lang='lat' dir='ltr'><strong>not.</strong></span> <span class='ocrx_word' id='word_1_324' title='bbox 1055 5561 1080 5594; x_wconf 88' lang='lat' dir='ltr'><strong>a.</strong></span> <span class='ocrx_word' id='word_1_325' title='bbox 1149 5537 1172 5603; x_wconf 76' lang='lat'><strong>¹’)</strong></span> <span class='ocrx_word' id='word_1_326' title='bbox 1190 5537 1318 5590; x_wconf 71' lang='lat' dir='ltr'><strong>uersatur</strong></span> <span class='ocrx_word' id='word_1_327' title='bbox 1336 5535 1368 5588; x_wconf 83' lang='lat' dir='ltr'><strong>B.</strong></span> <span class='ocrx_word' id='word_1_328' title='bbox 1445 5533 1467 5600; x_wconf 76' lang='lat'><strong>⁰)</strong></span> <span class='ocrx_word' id='word_1_329' title='bbox 1485 5533 1542 5585; x_wconf 85' lang='lat' dir='ltr'><strong>Lib.</strong></span> <span class='ocrx_word' id='word_1_330' title='bbox 1560 5531 1605 5596; x_wconf 87' lang='lat' dir='ltr'><strong>IV,</strong></span> <span class='ocrx_word' id='word_1_331' title='bbox 1624 5524 1675 5580; x_wconf 79' lang='lat'><strong>115</strong></span> <span class='ocrx_word' id='word_1_332' title='bbox 1693 5524 1762 5578; x_wconf 65' lang='lat' dir='ltr'><strong>RB.</strong></span> <span class='ocrx_word' id='word_1_333' title='bbox 1777 5543 1805 5592; x_wconf 85' lang='lat' dir='ltr'><strong>p.</strong></span> <span class='ocrx_word' id='word_1_334' title='bbox 1826 5527 1894 5588; x_wconf 73' lang='lat'><strong>2645</strong></span> <span class='ocrx_word' id='word_1_335' title='bbox 1957 5585 1966 5596; x_wconf 82' lang='lat'><strong>.</strong></span> 
     </span>
     <span class='ocr_line' id='line_1_41' title="bbox 237 5638 507 5700; baseline -0.007 -12"><span class='ocrx_word' id='word_1_336' title='bbox 237 5639 270 5700; x_wconf 79' lang='lat' dir='ltr'><strong>cs.</strong></span> <span class='ocrx_word' id='word_1_337' title='bbox 288 5653 315 5687; x_wconf 81' lang='lat' dir='ltr'><strong>a.</strong></span> <span class='ocrx_word' id='word_1_338' title='bbox 334 5638 397 5700; x_wconf 72' lang='lat'><strong>423,</strong></span> <span class='ocrx_word' id='word_1_339' title='bbox 413 5644 465 5696; x_wconf 72' lang='lat' dir='ltr'><strong>nat.</strong></span> <span class='ocrx_word' id='word_1_340' title='bbox 482 5653 507 5686; x_wconf 83' lang='lat' dir='ltr'><strong>a.</strong></span> 
     </span>
    </p>
   </div>
   <div class='ocr_carea' id='block_1_18' title="bbox 1635 5739 1688 5794">
    <p class='ocr_par' dir='ltr' id='par_1_18' title="bbox 1635 5739 1688 5794">
     <span class='ocr_line' id='line_1_42' title="bbox 1635 5739 1688 5794; baseline -0.019 0"><span class='ocrx_word' id='word_1_341' title='bbox 1635 5739 1688 5794; x_wconf 73' lang='lat'><strong>44*</strong></span> 
     </span>
    </p>
   </div>
   <div class='ocr_carea' id='block_1_19' title="bbox 0 0 2306 6420">
    <p class='ocr_par' dir='ltr' id='par_1_19' title="bbox 0 0 2306 6420">
     <span class='ocr_line' id='line_1_43' title="bbox 0 0 2306 6420; baseline 0 3"><span class='ocrx_word' id='word_1_342' title='bbox 0 0 2306 6420; x_wconf 95' lang='lat' dir='ltr'><strong> </strong></span> 
     </span>
    </p>
   </div>
  </div>
 </body>
</html>
