4596 6406
765 349 965 405 EPISTOLAE
983 351 1173 408 subucula.
1210 354 1286 408 1240.

976 652 1060 724 778.

303 763 493 873 Greqorias
508 789 563 854 IX
576 809 667 870 pepo
682 787 924 854 Bartholomaeo
945 795 975 854 ct
999 790 1122 855 Oddoni
1138 789 1309 875 fratribus,
1333 793 1451 856 civibus
1473 792 1649 872 Perusinis,
1667 797 1849 875 potestatem

191 914 213 956 a
231 891 339 994 fretra
358 894 452 958 Bono
482 894 589 957 Vicino
611 891 803 955 cubiculario
830 911 887 956 sno
913 915 1100 973 concessam,
1129 915 1191 976 qua
1210 916 1270 976 pro
1299 896 1427 960 decanis
1449 898 1598 980 irrepatis
1621 898 1702 962 bona
1723 899 1849 981 Feliei-

198 997 321 1060 natinm
346 997 541 1077 aliorumque
562 995 740 1076 sequacium
762 995 923 1060 Fridcrici
945 997 1021 1060 dicti
1042 1000 1240 1079 inperatoris
1261 1019 1369 1079 coquere
1390 1001 1433 1062 iis
1455 1000 1555 1078 liccat,
1577 1004 1750 1082 conftnnat.

1522 1107 1616 1183 1240,
1640 1104 1705 1167 Iul.
1729 1107 1759 1169 1.

129 1201 140 1239 ι
299 1183 381 1252 Grec.
400 1185 448 1237 IX
465 1184 535 1254 ch.
557 1183 616 1239 Vol.
638 1184 704 1250 VII,
723 1187 773 1251 13;
790 1184 853 1238 Lib.
871 1184 955 1252 XIV,
975 1193 1011 1240 71.

351 1379 662 1454 Bartholomeo
690 1384 735 1452 et
760 1380 934 1454 Oddoni
962 1383 1207 1474 fratribuS,
1235 1385 1413 1459 civibus
1440 1386 1684 1460 Perusinis.

300 1528 353 1593 Ex
384 1535 476 1616 parte
507 1535 618 1593 vestra
646 1528 707 1592 luit
737 1530 941 1615 propositum
971 1551 1078 1594 coram
1111 1532 1220 1612 nobis,
1257 1532 1343 1617 quod
1377 1532 1596 1617 Fuliginates,
1633 1533 1673 1598 de
1699 1533 1811 1620 Spello
1827 1535 1848 1615 ¹,

193 1633 369 1698 Mevania²
402 1641 436 1698 et
463 1632 664 1719 quorundam
698 1634 835 1698 aliorum
865 1639 1044 1698 castrorum
1080 1636 1357 1716 communitates⁸‚
1393 1657 1551 1720 sequaces
1575 1635 1734 1701 Friderici
1769 1635 1847 1701 dieti

194 1739 398 1824 imperatoris
420 1737 484 1802 Dei
508 1744 541 1801 et
564 1737 705 1800 ecclesie
721 1737 852 1816 inimici,
876 1759 975 1824 super
989 1737 1184 1824 quibusdam
1206 1739 1319 1819 vineis,
1343 1739 1639 1825 possessionibusb,
1664 1742 1844 1824 quantitate

117 1871 143 1910 ιο
194 1841 283 1906 bladi
315 1847 349 1906 et
379 1841 477 1904 rebus
510 1840 583 1904 aliis
611 1839 753 1926 dampna
779 1841 873 1904 vobis
902 1842 1043 1927 plurima
1073 1842 1272 1926 irrogarunt,
1308 1849 1442 1928 propter
1474 1842 1561 1928 quod
1589 1843 1730 1908 dilectus
1759 1844 1845 1907 filius

192 1946 292 2010 trater
318 1944 431 2008 Bonus
460 1944 598 2008 Vicinus
633 1942 854 2008 cubicularius
885 1950 998 2008 noster
1031 1945 1182 2030 capiendi
1213 1944 1254 2009 de
1288 1944 1382 2009 bonis
1419 1946 1580 2031 ipsorum,
1616 1946 1671 2031 qui
1704 1946 1847 2010 rebelles

193 2050 375 2113 existentes
408 2048 548 2112 ecclesie
576 2069 596 2110 a
625 2046 720 2110 nobis
751 2053 827 2110 sunt
856 2045 1012 2128 diffidati,
1043 2068 1146 2131 usque
1180 2048 1221 2111 ed
1252 2049 1510 2114 satisfactionem
1544 2051 1725 2136 plenariam
1756 2049 1849 2114 vobis

192 2152 307 2216 tribuit
335 2157 548 2238 potestatem,
583 2157 680 2236 prout
718 2151 750 2214 in
778 2151 897 2215 litteris
928 2150 1003 2215 inde
1036 2153 1196 2217 conlectis
1229 2155 1357 2239 plenius
1391 2154 1587 2220 continetur.
1646 2153 1716 2218 Nos
1751 2155 1851 2239 igitur

194 2257 312 2322 vestris
344 2256 472 2321 devotis
506 2256 659 2342 precibus
695 2256 860 2336 inclinati,
897 2255 983 2341 quod
1011 2278 1071 2342 per
1105 2256 1246 2322 eundem
1275 2259 1408 2323 fratrem
1436 2261 1469 2323 in
1501 2259 1562 2324 hac
1591 2265 1684 2345 parte
1713 2257 1847 2345 provide

120 2388 144 2426 n
196 2361 318 2425 tactum
343 2367 394 2425 est
417 2367 522 2424 ratum
545 2359 706 2423 babentes
731 2365 763 2422 et
786 2357 928 2438 firmum,
957 2360 1151 2423 auctoritate
1175 2362 1355 2445 apostolica
1379 2361 1606 2426 confirmamus
1631 2369 1664 2426 et
1686 2363 1848 2448 presentis

192 2465 303 2552 scripti
336 2466 519 2551 patrocinio
554 2465 802 2530 communImus.
858 2463 949 2527 Nulli
982 2485 1061 2548 ergo
1093 2502 1133 2511 -
1163 2471 1275 2528 nostre
1309 2465 1563 2530 confirmationis
1592 2473 1655 2532 etc.
1708 2465 1743 2530 si
1777 2466 1848 2551 quis

191 2576 302 2634 autem
326 2576 389 2635 stc.

299 2690 376 2756 Dat.
399 2690 554 2755 Latersn.
578 2689 652 2754 Kal.
678 2689 763 2768 Iulii,
787 2710 873 2753 anno
897 2687 1010 2752 XIIII.

813 2931 1225 2938 ——-——--—-.-—-——-.·

977 3177 1063 3250 779.

301 3289 492 3402 Greqorins
515 3315 573 3384 IX
591 3339 681 3400 papo
708 3315 911 3402 affinitates]
939 3318 1026 3381 trial-i
1048 3317 1161 3382 Sancti
1182 3315 1353 3382 Lonreistii
1379 3318 1414 3380 in
1439 3317 1561 3382 [nucina
1577 3317 1760 3402 Jncsbytero
1783 3337 1852 3381 car-

115 3436 141 3474 ²⁰
192 3424 306 3502 dincli,
328 3423 487 3488 sitarchiae
508 3424 729 3487 Aneonitonae
750 3422 875 3500 rectori,
903 3421 1048 3499 nsandei,
1078 3426 1113 3485 at
1135 3422 1233 3486 sedem
1257 3421 1457 3502 episcopalem
1479 3420 1714 3500 Ancimanam,
1731 3441 1794 3500 pro
1816 3441 1850 3484 eo

190 3527 273 3607 qaod
293 3526 429 3606 populas
450 3527 657 3591 Auximanns
678 3524 842 3589 Friderico
872 3524 953 3587 dicto
983 3526 1167 3605 imperatori
1198 3525 1390 3602 adbaeserit,
1421 3523 1464 3586 ad
1485 3524 1639 3587 civitatem
1661 3522 1852 3587 Recanatem

190 3630 332 3694 ecelesiae
351 3629 475 3710 fidelem
496 3629 680 3709 transferat.
1523 3630 1616 3704 1240,
1639 3625 1704 3691 Iul.
1727 3631 1757 3692 4.

296 3745 1034 3819 Qmmmmmmmm

302 3946 340 4018 S.
368 3941 490 4017 tituli
518 3942 666 4016 Sancti
693 3942 930 4016 Laurentii
956 3942 1000 4015 in
1026 3939 1190 4013 Lucina
1216 3940 1480 4032 presbytero
1511 3939 1746 4028 cardinali,

664 4064 864 4137 marchia
892 4063 1172 4137 Anconitane
1199 4061 1378 4134 rectori.

299 4214 395 4279 Licet
429 4213 608 4300 apostolice
643 4211 730 4276 sedis
761 4212 803 4277 ad
833 4213 894 4277 hoc
926 4233 1058 4297 semper
1088 4212 1131 4275 sit
1158 4213 1284 4276 intenta
1312 4212 1517 4297 benignitas,
1552 4219 1588 4276 ut
1616 4211 1788 4276 universos
1818 4218 1850 4276 et

192 4319 339 4404 singulos
364 4319 503 4382 ecclesie
531 4317 614 4381 filios
643 4317 873 4381 benedictione
905 4315 1087 4380 dulcedinis
1116 4321 1348 4401 prosequatur,
1378 4315 1514 4404 expedit
1538 4323 1665 4396 tumen,
1688 4321 1741 4396 ut,
1766 4317 1849 4379 sicut

190 4424 256 4487 illis
280 4443 361 4508 quos
385 4423 471 4485 inter
494 4421 583 4506 ipsos
607 4426 718 4505 gratos
742 4420 916 4487 devotione
940 4421 1060 4508 reperit
1084 4419 1277 4504 condignam
1308 4421 1448 4504 gratiam
1470 4425 1714 4505 recompensat,
1745 4420 1790 4483 sic
1815 4425 1848 4482 et

194 4547 252 4592 ees
275 4527 329 4611 qui
354 4525 461 4590 Deum
485 4525 517 4588 in
540 4525 612 4611 ipsa
644 4545 709 4589 non
733 4533 887 4590 verentur
909 4525 1075 4589 offendere
1105 4523 1192 4586 iusta
1222 4524 1337 4610 puniat
1364 4524 1499 4589 ultione.
1549 4522 1637 4586 Hinc
1660 4530 1728 4603 est,
1764 4521 1849 4609 quod

116 4650 143 4688 ss
197 4650 271 4694 eum
302 4629 412 4693 dilecti
441 4627 498 4691 filii
522 4678 556 4694 ..
579 4633 741 4720 potestas,
777 4631 947 4694 consilium
971 4637 1004 4694 et
1028 4629 1167 4714 populus
1191 4627 1429 4692 Racanatensis
1459 4628 1491 4690 in
1519 4626 1583 4691 fide
1610 4648 1647 4692 ac
1677 4627 1850 4692 devotione

192 4735 334 4800 ecclesie
357 4735 447 4798 illam
471 4731 655 4796 studuerint
678 4732 854 4799 observare
872 4734 1100 4813 constantiam,
1124 4729 1210 4816 quod
1226 4733 1330 4794 averti
1343 4731 1384 4794 ab
1401 4731 1473 4816 ipsa
1489 4732 1706 4816 nequiverint,
1731 4731 1850 4816 spretis

192 4839 341 4924 dampnis
371 4857 480 4901 rerum
513 4845 546 4900 et
574 4837 755 4922 dispendiis
790 4858 1020 4924 personarum,
1057 4858 1134 4916 nos,
1167 4835 1362 4898 arbitrantes
1396 4834 1543 4900 debitum
1578 4842 1614 4899 ut
1647 4836 1732 4898 cirea
1761 4835 1850 4920 ipsos

193 4941 331 5005 ecclesie
355 4940 594 5019 benivolentia,
626 4941 848 5006 benemeritos
875 4941 1047 5008 beneficiis
1075 4939 1226 5003 attollere
1258 4944 1430 5016 consueta,
1460 4945 1572 5023 pateat
1601 4960 1661 5023 per
1684 4938 1847 5014 effectum,

193 5043 234 5108 de
258 5045 393 5108 fratrum
424 5050 608 5107 nostrorum
641 5045 777 5108 consilio
808 5044 1046 5130 disponendum
1078 5041 1246 5117 duximus,
1281 5038 1366 5124 quod
1394 5059 1507 5102 eorum
1538 5044 1625 5102 terra
1654 5039 1850 5124 episcopalis

113 5169 139 5209 ιι
194 5147 363 5233 dignitatis
387 5153 548 5233 perpetue
572 5147 746 5212 decoretur
771 5147 912 5226 honore,
944 5155 977 5212 et
1006 5147 1048 5210 ad
1075 5147 1165 5232 ipsos
1188 5165 1208 5208 a
1230 5141 1470 5208 maledictionis
1493 5141 1568 5206 filiis
1599 5141 1722 5228 populo
1744 5139 1850 5204 Auxi-

193 5271 306 5332 mano,
336 5251 390 5336 qui
418 5249 586 5315 Friderico
616 5250 703 5316 dieto
733 5252 921 5338 imperatori
951 5250 1049 5314 fidem
1077 5257 1110 5314 et
1139 5248 1323 5312 libertatem
1353 5247 1611 5311 eeclesiasticam
1640 5244 1851 5332 persequenti

303 5411 413 5418 ...—

300 5510 323 5578 ⁸)
341 5529 414 5579 sequ.
433 5529 498 5564 com.
518 5511 549 5562 R.
643 5512 666 5580 ¹²)
683 5512 747 5582 pos'rc
765 5511 797 5563 R.

299 5651 326 5718 1)
346 5647 394 5704 lia
413 5647 598 5718 septentrione
618 5647 738 5716 Faltoni.
826 5647 854 5717 2)
874 5648 923 5701 Ee
940 5644 1078 5701 occidente
1098 5641 1217 5710 Fuliqni.
