4524 6412
744 376 943 431 EPISTOLAE
961 377 1149 433 SELEC'I'AE.
1186 380 1261 432 1227.
1770 383 1832 444 265

179 545 273 609 nobis
297 547 375 610 feeit
399 547 566 613 humiliter
589 549 784 634 supplicari,
816 557 852 614 ut
884 551 962 615 lieet
984 550 1092 614 dictus
1116 551 1340 614 ministerialis
1364 557 1397 614 et
1422 551 1503 614 socii
1526 551 1596 615 eius
1619 552 1832 616 iniustissime

179 650 347 732 provocati
381 672 416 715 se
451 651 540 716 licite
576 653 782 718 vindicantes
818 655 862 718 nil
899 655 1008 738 egisse
1045 653 1217 718 rideantur
1249 655 1385 734 iniuste,
1423 654 1500 739 quia
1530 662 1640 720 tamen
1674 655 1833 718 bonarum

179 752 337 815 mentium
361 760 412 817 est
434 754 480 819 ibi
504 757 632 840 culpam
655 778 845 841 agnoscere,
868 757 923 820 ubi
948 759 1045 843 culpa
1067 778 1131 821 non
1154 756 1225 836 fuit,
1249 756 1433 842 predictum
1453 757 1699 823 ministerialem
1723 764 1757 822 et
1780 778 1832 821 se-

181 874 300 937 quaces
324 877 400 920 suos
422 857 464 920 ab
488 860 836 924 excommunicationis
860 861 992 943 laqueo,
1020 859 1048 922 si
1077 879 1175 944 quem
1204 865 1338 944 propter
1367 859 1428 924 hoc
1457 859 1595 925 forsitan
1616 861 1832 940 incurrerunt,

180 956 364 1022 faceremus
388 960 530 1036 absolvi,
561 964 734 1047 presertim
766 963 949 1027 cumidem
972 962 1195 1026 ministerialis
1224 971 1357 1047 paratus
1382 963 1424 1027 sit
1454 969 1588 1049 propter
1610 964 1672 1028 hoo
1696 969 1835 1048 quatuor

179 1059 300 1124 milites
323 1063 391 1126 suis
414 1065 608 1150 sumptibus,
632 1066 687 1150 qni
709 1066 791 1129 alias
815 1067 891 1130 ituri
915 1087 980 1129 non
1002 1071 1125 1146 essent,
1148 1066 1182 1129 in
1198 1065 1299 1130 Terre
1318 1065 1439 1131 Sancte
1458 1066 1640 1131 subsidium
1656 1067 1832 1132 destinare.

179 1161 339 1228 Volentes
370 1166 469 1250 igitur
496 1169 543 1231 sic
566 1189 709 1232 annuere
732 1168 887 1253 precibus
921 1168 1151 1253 supplicantis,
1182 1176 1219 1230 ut
1245 1168 1387 1252 rigorem
1418 1191 1585 1234 servemus
1610 1170 1832 1235 ecclesiastice

180 1263 365 1350 discipline,
396 1268 592 1334 fraternitati
620 1278 675 1335 tue
703 1292 762 1355 per
793 1271 975 1355 apostoliea
1012 1272 1135 1356 scripta
1162 1271 1371 1350 mandamus,
1406 1273 1557 1357 quatinus
1585 1273 1643 1336 illo
1673 1273 1835 1358 premissa

181 1369 365 1453 complente
381 1371 462 1455 ipsis
477 1373 570 1437 iuxta
580 1374 717 1437 formam
734 1374 875 1437 ecclesie
892 1373 1087 1438 beneficium
1103 1374 1319 1438 absolutionis
1337 1375 1540 1460 impendens,
1556 1375 1638 1462 ipsis
1655 1375 1833 1440 secundnm

183 1470 373 1554 qualitatem
396 1480 430 1538 et
453 1478 665 1560 quantitatem
689 1477 858 1562 culparum
880 1476 1031 1560 iniungas
1054 1477 1267 1561 penitentiam
1291 1483 1538 1563 competentem.

290 1592 365 1657 Dat.
389 1593 554 1677 Laterani,
578 1597 630 1662 III
653 1597 737 1665 Non.
759 1596 895 1685 Aprilis,
920 1594 1016 1683 [anno
1040 1592 1188 1682 primo]³.

804 1889 1214 1900 ———-—.-——-..

971 2189 1056 2263 348.

299 2298 489 2408 Gaurus
509 2327 564 2391 m
581 2349 668 2408 ,ripa
689 2329 909 2414 [souma]
930 2329 1157 2408 arr-amaeam
1181 2324 1416 2408 susanam
1438 2303 1577 2400 variar,
1600 2327 1635 2386 u
1655 2322 1837 2407 [uernum]

184 2432 357 2511 episernrunr
375 2431 564 2496 Gomorraeas
586 2451 679 2511 super
699 2432 865 2516 nepotibus,
888 2453 967 2513 quae
980 2430 1145 2515 possideat,
1167 2449 1232 2493 non
1253 2429 1390 2494 rrrolestet
1411 2427 1465 2491 sed
1485 2449 1589 2492 eoram
1609 2426 1765 2490 iudicibus
1786 2427 1837 2489 ius

184 2554 276 2599 suren
291 2538 509 2616 persequatur.
1473 2533 1567 2608 1227,
1589 2529 1697 2610 April.
1720 2533 1749 2596 6.

288 2654 369 2721 (ἔτερ.
387 2654 437 2706 IX
453 2653 521 2724 Ray.
545 2655 600 2709 Vol.
619 2656 644 2724 1,
664 2653 776 2722 5;L1‘b.
795 2656 821 2716 Ι,
838 2659 883 2708 26.

288 2739 423 2804 Pontou,
442 2739 513 2811 Ray.
533 2745 614 2795 7874.

660 2919 1011 3011 archiepiscopo
1039 2917 1366 3010 Salzburgensi.

293 3063 502 3130 Venerabilis
533 3065 643 3129 frater.
663 3071 776 3130 noster
800 3113 807 3126 .
832 3115 839 3128 .
863 3065 1044 3130 Gnreensis
1073 3066 1248 3151 episcopus
1275 3065 1309 3128 in
1337 3071 1449 3129 nostra
1478 3064 1648 3150 proposuit
1673 3061 1841 3147 presentia

188 3169 385 3234 constitutus
402 3175 464 3234 etc.
479 3190 598 3254 nsque:
623 3175 880 3256 compescentes,
900 3169 1009 3235 verbis
1026 3175 1252 3254 competenter
1273 3170 1408 3233 mutatis
1417 3169 1437 3232 ¹.
1455 3211 1458 3216 -
1484 3166 1628 3253 Ideoque
1643 3163 1840 3229 fraternitati

112 3325 121 3339 .
189 3281 244 3336 tue
268 3294 326 3358 per
341 3273 522 3359 apostoliea
538 3272 660 3357 scripta
675 3270 876 3351 mandamus,
901 3280 1061 3356 quatenus
1082 3272 1213 3336 interim
1229 3273 1337 3357 ipsum
1353 3271 1544 3357 episcopum
1560 3289 1658 3354 super
1673 3265 1839 3350 regalibus

187 3377 268 3456 illis,
298 3398 435 3462 quorum
458 3375 701 3461 possessionem
725 3375 852 3440 obtinet
874 3376 926 3440 vel
950 3375 1121 3439 obtinebat
1143 3375 1374 3460 appellationis
1398 3381 1561 3459 tempore,
1584 3391 1650 3435 non
1673 3368 1839 3447 molestes,

189 3479 248 3544 sed
275 3500 384 3543 coram
413 3478 549 3564 prefatis
578 3478 740 3543 iudicibus
771 3499 953 3564 proponas,
983 3485 1021 3542 nt
1048 3478 1160 3558 decet,
1191 3499 1254 3562 que
1283 3498 1342 3563 pro
1373 3484 1429 3541 tuo
1460 3481 1493 3539 et
1521 3474 1661 3540 ecclesie
1691 3479 1745 3536 tue
1768 3471 1839 3535 iure

188 3581 310 3647 videris
333 3580 555 3668 proponenda.

296 3701 383 3767 Data
404 3702 559 3767 Lateran.
582 3699 668 3765 VIII
691 3699 739 3764 Id.
763 3699 901 3786 Aprilis,
924 3698 1021 3787 [anno
1045 3694 1193 3786 primoli.

811 3995 1222 4004 ψ

974 4288 1060 4362 349.

113 4461 138 4501 a
305 4403 495 4515 Greporius
511 4432 561 4497 IX
576 4454 663 4514 papa
685 4433 852 4497 rectoribus
869 4430 1024 4496 scrutatis
1040 4424 1247 4490 Lornbardr'ue
1267 4423 1444 4504 exprobrat,
1466 4422 1549 4504 quod
1567 4421 1605 4485 in
1620 4422 1741 4500 litteris,
1764 4440 1843 4502 quas

190 4558 284 4619 super
305 4537 512 4616 acceptatione
534 4535 713 4601 cameratae
734 4537 817 4599 inter
838 4536 923 4615 ipsos
946 4535 975 4598 et
996 4531 1213 4611 imperatorem
1240 4526 1405 4591 ordinatae
1433 4525 1495 4590 sibi
1521 4524 1708 4602 direxerint,
1736 4524 1843 4606 sieilia

189 4641 380 4706 nrarclu'onis
392 4638 629 4719 Montisserrati
646 4644 675 4704 at
693 4637 927 4721 quamplurium
948 4635 1109 4700 artatum
1130 4651 1194 4696 non
1212 4629 1353 4716 fuerint·
1373 4629 1505 4694 mandat
1525 4629 1576 4706 ir's,
1598 4631 1635 4692 ut
1656 4646 1710 4692 eas
1731 4627 1844 4690 insunt

298 4835 338 4842 ..ο-

297 4969 319 5034 ·)
337 4987 406 5020 anno
424 4970 505 5036 primo
523 4969 591 5019 deest
610 4969 636 5018 in
655 4967 686 5017 Ii.
775 4965 798 5032 b)
816 4985 884 5018 arruo
903 4969 983 5034 prime
1001 4966 1069 5016 deest
1086 4964 1114 5013 iu
1133 4963 1164 5012 B.

296 5141 321 5202 1)
341 5138 485 5208 Epistola,
508 5153 578 5204 quae
600 5137 644 5190 liic
665 5136 778 5205 citatur,
801 5135 864 5189 Lib.
886 5134 917 5197 1,
941 5139 993 5200 25,
1014 5133 1086 5187 inter
1108 5132 1212 5185 Parisii
1235 5131 1397 5199 apopraplra
1419 5145 1474 5183 nou
1497 5131 1580 5182 artat.
1638 5125 1673 5180 Ut
1697 5122 1845 5178 Huillard·

117 5237 143 5275 ro
194 5224 348 5295 Brtlroltes,
372 5225 388 5277 l.
408 5241 430 5277 c.
449 5229 466 5276 t.
486 5222 554 5286 111,
574 5240 604 5291 p.
622 5227 675 5292 20,
696 5227 751 5276 not.
768 5227 787 5276 2
804 5223 904 5289 retent,
928 5219 1054 5287 episeopo
1074 5215 1277 5280 Carcordr'ensi,
1300 5214 1396 5270 abbati
1412 5213 1573 5268 Mmarensi
1592 5217 1618 5265 et
1631 5208 1792 5278 praeposito
1813 5205 1847 5260 da

195 5308 322 5366 Garnern
341 5309 534 5379 Aquilepeusis
552 5308 669 5363 diocesia
687 5308 792 5362 directa
810 5309 881 5374 erat,
905 5309 955 5374 qur·
972 5309 1121 5362 monentur.
1147 5307 1179 5356 ut
1197 5317 1311 5356 causam
1330 5299 1482 5355 Gureenais
1500 5295 1622 5368 episcopi
1639 5301 1737 5350 curura
1754 5293 1845 5348 crebi-

192 5399 350 5467 episcopum
362 5398 598 5468 Satiaturperuem
615 5396 722 5465 repulia
741 5394 795 5448 sibi
810 5393 1000 5448 emanantem
1015 5389 1133 5445 audiant
1151 5395 1189 5455 et,
1206 5389 1232 5442 si
1244 5388 1311 5456 ficri
1326 5387 1431 5456 possit,
1455 5385 1604 5440 termiuent.
1639 5381 1772 5449 Alioquin
1788 5395 1847 5432 ram

192 5481 231 5536 ad
248 5483 337 5536 sedem
354 5484 535 5552 apostolicam
551 5482 696 5535 remittant.
734 5479 839 5534 Datum
857 5476 996 5538 Laterani,
1017 5474 1100 5529 VIII
1116 5473 1187 5528 Idus
1205 5473 1321 5542 Aprilis,
1339 5486 1414 5526 anno
1427 5471 1528 5541 primo.
1546 5499 1577 5508 -
1599 5467 1642 5535 Cf.
1661 5467 1743 5520 enam
1756 5464 1846 5535 prici-

195 5568 293 5638 tepiurn
312 5568 529 5636 ronfirruatr'onr‘r
548 5571 628 5632 1227,
645 5565 732 5619 Mart.
750 5567 787 5618 29
803 5562 1007 5631 archiepiscopo
1026 5559 1235 5632 Saltaburpensr'
1252 5559 1287 5612 ab
1308 5557 1429 5612 Hernico
1447 5556 1508 5610 VII
1522 5555 1709 5610 Rornanorum
1726 5566 1787 5619 reae
1803 5550 1846 5604 iu·

119 5677 143 5716 rs
196 5654 316 5722 dultum;
337 5651 633 5716 Huiltard·Brttcttes‚
651 5652 668 5706 l.
687 5667 709 5706 c.
727 5655 747 5705 t.
766 5649 827 5715 ΙΙΙ,
842 5665 873 5719 p.
893 5653 953 5702 312.

298 5771 361 5822 nro.
378 5771 459 5819 Porr.
477 5769 496 5820 1.
1607 5752 1642 5806 ³4
