4538 6426
403 417 422 477 2
986 413 1033 466 nx
1052 389 1208 468 nonoan
1226 411 1267 466 nr
1285 410 1466 467 anorsrao

404 587 585 668 quibuscum
603 586 704 667 possit
725 585 762 650 de
778 605 857 666 pace
885 587 933 650 uel
961 591 1069 668 treuqo
1097 586 1251 667 efficacem
1278 585 1388 649 liaberc
1414 588 1597 663 tractatuum
1624 585 1771 664 impediri
1800 584 1883 648 euim
1912 583 2065 647 bochello

403 689 577 754 subsidium
602 689 717 754 Terrae
739 689 891 767 Sanctae·
912 689 978 753 uisi
999 691 1181 767 oboedirent,
1204 689 1549 753 cuccurruuuicotiouem
1573 689 1618 752 cis
1639 689 1782 752 intentat.

1607 795 1702 871 1216,
1724 795 1797 855 autc
1819 791 1901 874 Auq.
1923 793 1977 854 23.

510 877 583 932 Heu.
602 877 660 930 III
674 878 740 946 Req.
765 878 821 932 Vol.
840 878 865 940 Ι,
884 882 914 940 4;
933 877 996 930 Lib.
1015 879 1040 944 I,
1060 883 1101 932 17.

508 963 643 1028 Potinae,
662 964 730 1034 aeq.
749 964 822 1018 Aac,
841 964 865 1028 Ι,
886 967 1126 1018 scere-asora.

476 1245 695 1318 Potestati
723 1251 764 1318 et
791 1247 960 1338 populo
987 1247 1318 1320 Mediolanensi
1345 1247 1550 1338 spiritum
1579 1245 1754 1336 consilii
1782 1245 1987 1318 sanioris

268 1414 374 1465 nsua.
515 1393 673 1458 Erexisse
697 1392 851 1457 videmini
876 1400 987 1456 contra
1011 1392 1186 1456 Dominum
1213 1414 1344 1456 manum
1368 1401 1511 1457 vestram
1535 1399 1568 1457 ct
1588 1393 1704 1457 factori
1726 1402 1837 1458 vestro
1861 1396 1954 1478 quasi
1980 1400 2067 1458 testa

269 1519 375 1570 aeres.
408 1498 449 1564 de
472 1498 580 1584 figulis
604 1497 782 1576 insultatis,
812 1495 887 1566 dum
917 1503 1088 1582 sperantes
1114 1497 1146 1560 in
1178 1497 1270 1580 equis
1295 1503 1327 1560 et
1350 1497 1510 1562 habentes
1534 1497 1684 1562 fiduciam
1715 1498 1749 1561 in
1775 1497 1957 1582 quadrigis,
1990 1499 2067 1582 quia

408 1603 509 1666 multe
533 1605 622 1680 sunt,
654 1605 687 1663 et
715 1599 748 1662 in
779 1598 956 1682 equitibus,
987 1620 1060 1662 cum
1084 1599 1241 1684 prevalidi
1266 1600 1346 1678 sint,
1377 1600 1472 1663 nimis
1496 1621 1561 1662 non
1586 1601 1757 1684 exquiritis
1781 1601 1972 1680 Dominum,
2007 1600 2065 1664 sed

244 1726 389 1776 verumne
408 1705 530 1790 ponitis
558 1723 688 1767 earnem
716 1702 884 1765 brachium
908 1708 1053 1765 vestrum
1081 1708 1114 1765 et
1142 1703 1174 1765 in
1206 1703 1275 1766 sola
1307 1703 1467 1766 confiditis
1496 1703 1704 1767 multitudine
1733 1704 1937 1771 bellatorum.
1999 1703 2065 1768 Sed

408 1827 503 1888 nunc,
527 1827 589 1891 que
613 1812 664 1870 est
684 1804 840 1868 fortitudo
863 1812 983 1882 vestra,
1006 1813 1042 1868 ut
1064 1806 1197 1890 possitis
1212 1795 1334 1869 ‘contra
1352 1804 1527 1870 Dominum
1552 1807 1706 1889 gloriari?
1752 1807 1837 1870 Num
1864 1806 1941 1892 quid
1966 1809 2065 1871 confi·

270 1931 376 1981 nasae.
408 1911 484 1975 ditis
509 1930 608 1995 super
630 1909 784 1972 baculum
813 1907 1043 1989 arundineum,
1075 1930 1291 1994 superquam
1316 1910 1369 1993 qui
1393 1910 1518 1973 innisus
1549 1909 1661 1990 fuerit,
1690 1909 1871 1995 perforabit
1898 1908 2067 1973 dexteram

270 2033 376 2084 nerse.
407 2014 601 2079 innitentis?
638 2011 804 2096 Numquid
834 2033 898 2075 non
929 2020 980 2076 ost
1006 2034 1121 2076 manus
1144 2012 1278 2076 Domini
1306 2013 1510 2077 exercituum
1542 2035 1639 2098 snper
1671 2034 1799 2076 omnem
1829 2013 2005 2099 superbum
2034 2019 2067 2076 et

407 2123 631 2201 arrogantem,
660 2121 696 2177 ut
722 2116 870 2178 incurvet
894 2116 1104 2179 eminentiam
1128 2116 1316 2180 sublimium
1339 2123 1372 2179 et
1394 2123 1581 2201 prosternat
1603 2115 1808 2180 altitudinem
1831 2116 2066 2201 superborum?

408 2220 505 2285 Certa
526 2218 581 2302 qui
603 2239 661 2282 vos
684 2217 800 2282 beatos
824 2218 944 2299 dicunt,
969 2219 1032 2303 ipsi
1050 2241 1108 2283 vos
1124 2220 1308 2305 perniciose
1326 2219 1503 2304 decipiunt,
1528 2227 1561 2284 et
1584 2221 1638 2304 qui
1661 2241 1719 2283 vos
1743 2221 1875 2300 lactant,
1899 2221 1963 2306 ipsi
1985 2220 2063 2282 insi·
2133 2273 2136 2285 .

407 2323 538 2387 diantur
561 2321 711 2404 sanguini
734 2328 767 2385 et
790 2321 914 2384 animas
931 2328 1058 2386 vostras
1082 2322 1221 2407 perdere
1246 2322 1433 2385 moliuntur.
1481 2321 1566 2386 Sana
1590 2344 1655 2385 non
1680 2329 1716 2385 ut
1739 2344 1797 2386 vos
1821 2323 2068 2402 confundamus,

411 2426 475 2490 ista
509 2424 699 2504 scribimus,
736 2425 794 2488 sed
826 2432 862 2488 ut
893 2447 951 2489 vos
985 2432 1147 2509 tamquam
1180 2425 1280 2502 tilios,
1320 2426 1347 2488 si
1381 2432 1490 2489 tamen
1528 2447 1601 2489 esso
1635 2424 1832 2490 contenditis
1868 2427 1902 2490 in
1933 2448 2068 2490 numero

254 2550 388 2602 naeus.
409 2529 567 2608 filiorum,
596 2529 796 2614 corrigamus
819 2527 851 2591 in
876 2529 991 2613 spiritu
1019 2528 1173 2591 lenitatis.
1219 2527 1317 2591 Pater
1341 2529 1427 2591 enim
1458 2549 1553 2612 quern
1583 2528 1690 2612 diligit
1713 2529 1846 2614 corripit
1878 2535 1911 2593 et
1940 2549 2070 2592 omnem

410 2632 512 2696 filium
540 2653 636 2716 quem
668 2631 786 2716 recipit
821 2637 958 2716 paterna
990 2631 1125 2694 caritate
1160 2631 1308 2714 castigat.
1365 2630 1491 2694 Scimus
1525 2632 1610 2695 onim
1641 2640 1674 2695 ct
1702 2653 1760 2717 pro
1789 2639 1878 2696 certo
1908 2639 2069 2706 tenemus,

410 2741 567 2821 quantum
589 2741 698 2820 potest
720 2734 878 2797 memoria
899 2735 1002 2798 nostri
1031 2734 1187 2818 temporis
1209 2735 1368 2812 retinere,
1406 2741 1439 2798 et
1469 2735 1515 2797 sic
1543 2735 1606 2797 fuit
1634 2735 1667 2797 in
1697 2734 1812 2798 diebus
1840 2735 1995 2819 antiquis,
2029 2757 2066 2798 ac
2139 2759 2141 2764 ’

411 2845 522 2924 patres
545 2837 648 2901 nostri
671 2838 946 2904 annuntiaverunt
968 2838 1073 2914 nobis,
1097 2838 1249 2922 qnoniam
1267 2837 1343 2900 olim
1359 2836 1523 2900 dilexistis
1542 2837 1724 2900 Romanam
1741 2838 1914 2901 ecclesiam
1932 2843 2069 2903 matrem

256 2960 333 3003 meu.
349 2947 571 3021 resvestram,
596 2941 659 3026 ipsi
686 2939 883 3005 adherentes
906 2941 940 3003 in
963 2941 1130 3026 prosperis
1163 2947 1197 3004 et
1231 2939 1392 3020 advorsis,
1421 2947 1455 3003 et
1483 2941 1511 3003 si
1539 2939 1714 3024 aliquando
1743 2941 1903 3005 flaverunt
1923 2941 2014 3006 venti
2036 2948 2071 3005 et

413 3045 547 3108 flumina
568 3043 776 3124 inundarunt,
798 3065 863 3107 non
886 3044 1096 3129 profecerunt
1119 3043 1150 3106 in
1175 3043 1295 3126 aliquo,
1319 3043 1396 3126 quia
1418 3042 1548 3106 devotio
1564 3050 1674 3107 vostra
1688 3042 1823 3107 fundata
1846 3044 1956 3108 extitit
1973 3065 2071 3130 supra

412 3155 557 3232 petram;
586 3145 662 3210 dum
685 3147 858 3232 piscatoris
881 3147 1030 3210 navicula
1052 3146 1205 3231 procellis
1230 3153 1263 3209 et
1286 3146 1472 3210 turbinibus
1497 3153 1672 3230 angeretur
1695 3154 1728 3211 ct
1750 3148 1843 3232 quasi
1866 3149 2070 3232 naufragium

411 3250 608 3336 trepidaret,
643 3272 701 3314 vos
736 3252 835 3314 eratis
870 3251 902 3314 in
935 3251 1108 3314 devotione
1143 3256 1331 3313 constantes
1364 3256 1397 3313 et
1425 3249 1458 3312 in
1490 3249 1674 3314 devotionis
1707 3252 1891 3315 constantia
1924 3251 2068 3336 gloriosi,
2122 3277 2126 3288 ·

414 3354 607 3420 dimicantes
629 3375 687 3440 pro
711 3355 853 3418 ecclesia
872 3361 1037 3438 tamquam
1055 3355 1271 3416 strenuissimi
1288 3353 1467 3416 bellatores
1489 3360 1522 3416 ct
1546 3354 1691 3439 rapinam
1707 3354 1867 3418 bonorum
1888 3361 2070 3419 vestrorum

415 3480 487 3523 cum
503 3457 624 3543 gaudio
640 3465 880 3544 supportantes.
926 3458 990 3522 Sed
1008 3480 1103 3538 nunc,
1120 3458 1192 3542 quis
1210 3478 1267 3520 vos
1284 3457 1456 3520 fascinavit
1471 3457 1602 3520 veritati
1621 3478 1687 3520 non
1702 3457 1858 3522 obedire?
1882 3457 2071 3533 Nescimus;

414 3563 567 3626 hmemus
590 3568 710 3640 autem,
734 3583 786 3637 ne,
810 3562 895 3624 sicut
909 3560 1040 3646 publice
1058 3560 1185 3640 dicitnr,
1209 3566 1242 3623 et
1265 3559 1389 3623 utinam
1405 3580 1470 3623 non
1487 3559 1529 3622 sit
1544 3564 1671 3623 verum!
1695 3560 1790 3624 radix
1806 3561 1928 3624 infecta
1943 3582 2070 3625 veneno

259 3683 337 3727 nitra.
352 3665 560 3734 r,1s.heretice
584 3665 752 3750 pravitatis
774 3665 809 3727 in
831 3685 966 3748 germen
989 3665 1127 3749 pullulet
1151 3664 1339 3742 toxicatum,
1364 3670 1397 3727 ct
1424 3684 1495 3727 cum
1520 3663 1616 3727 arbor
1637 3665 1724 3727 mala
1745 3684 1812 3727 non
1834 3664 1939 3749 possit
1960 3664 2070 3728 facere

260 3784 338 3830 natm.
352 3768 539 3838 r,rs.fructus
561 3767 681 3847 bonos,
709 3767 750 3832 de
773 3768 874 3854 spinis
898 3789 977 3831 uvas
1001 3774 1034 3832 et
1057 3767 1097 3831 de
1120 3767 1249 3831 tribulis
1272 3768 1352 3830 ficus
1382 3768 1538 3850 colligere
1567 3789 1631 3832 non
1654 3769 1827 3854 possimus.
1871 3767 1974 3832 Porro
1997 3789 2071 3832 cum

416 3871 555 3958 populus
572 3871 775 3936 Christianus
799 3872 948 3956 accingat
971 3893 1006 3936 se
1030 3871 1072 3935 ad
1094 3872 1234 3956 prelium
1249 3871 1382 3935 Domini
1404 3871 1618 3957 preliandum,
1642 3894 1699 3936 vos
1722 3871 1816 3955 quasi
1836 3871 1994 3956 precipui,
2017 3871 2073 3955 qui

415 3976 535 4038 multos
563 3973 645 4038 alios
675 3975 864 4060 corrupistis
891 3974 1058 4060 exemplo,
1089 3974 1189 4038 Terre
1215 3973 1332 4038 Sancte
1366 3974 1546 4037 subsidium
1572 3975 1751 4060 impeditis,
1784 3979 1954 4038 moventes
1983 3995 2073 4038 arma

417 4083 530 4143 contra
553 4077 777 4159 Christianos,
806 4078 905 4142 immo
929 4079 1037 4142 verius
1062 4084 1174 4141 contra
1198 4075 1381 4152 Christum,
1406 4077 1612 4141 destruentes
1635 4078 1809 4156 ecelesias,
1833 4077 2072 4142 exheredantes

418 4181 548 4245 orfanos
572 4188 605 4246 et
628 4181 786 4266 pupillos,
820 4188 980 4267 ponentes
1010 4182 1097 4244 viros
1126 4181 1159 4244 in
1192 4201 1247 4244 ore
1278 4179 1395 4264 gladii,
1432 4187 1465 4243 et
1498 4187 1663 4266 postremo
1690 4180 1879 4265 redigentes
1909 4179 2018 4244 omnia
2040 4180 2072 4243 in

417 4284 560 4348 cinerem
586 4290 619 4347 et
641 4283 795 4346 favillam.
841 4283 1055 4347 Considerate
1079 4284 1178 4368 igitur
1201 4289 1233 4346 et
1249 4283 1408 4347 advertite
1429 4283 1614 4366 diligenter,
1638 4284 1714 4367 quia
1737 4303 1776 4347 ex
1800 4282 1863 4347 hiis
1887 4304 1949 4367 que
1973 4283 2071 4366 agitis

419 4390 530 4450 erecta
545 4386 672 4450 cervice
687 4386 839 4450 inceditis
856 4393 969 4449 contra
986 4384 1104 4462 Deum,
1121 4391 1154 4448 et
1169 4384 1311 4470 superbo
1330 4386 1424 4448 oculo
1440 4391 1472 4448 et
1489 4386 1666 4450 insatiabili
1682 4385 1779 4450 corde
1796 4387 1901 4472 ipsum
1916 4384 2074 4450 videmini

421 4488 633 4569 subsannare,
657 4489 754 4552 immo
779 4488 874 4553 etde
899 4488 992 4552 vobis
1016 4487 1136 4551 dicitur
1159 4509 1177 4551 a
1200 4487 1406 4572 quibusdam,
1431 4489 1507 4572 quia
1531 4489 1683 4574 superbia
1698 4496 1808 4553 vestra
1831 4495 1864 4553 et
1887 4488 2075 4572 arrogantia

420 4596 454 4654 et
477 4589 657 4675 indignatio
681 4598 732 4655 est
754 4593 827 4678 plus
851 4614 946 4677 quarn
970 4591 1132 4676 fortitudo
1149 4592 1287 4672 vestra,
1302 4601 1334 4656 et
1362 4591 1436 4654 ideo
1467 4592 1572 4675 gloria
1595 4593 1747 4677 superbie
1777 4599 1941 4677 tamquam
1969 4592 2075 4676 gloria

418 4694 635 4758 mercennarii
663 4693 839 4760 auferetur.
889 4694 973 4766 Quia
1003 4695 1101 4779 igitur
1132 4695 1286 4780 superbia
1311 4694 1453 4758 hominis
1483 4695 1547 4759 cito
1577 4697 1694 4759 transit
1723 4702 1755 4760 et
1784 4697 1917 4780 spiritus
1940 4694 2075 4759 Domini

420 4796 596 4880 requiescit
626 4819 725 4881 super
752 4797 907 4863 humilem
931 4807 964 4862 et
987 4799 1150 4884 quietum,
1179 4799 1396 4864 humiliemini
1426 4799 1486 4862 sub
1510 4801 1636 4884 potenti
1657 4820 1756 4864 manu
1777 4799 1856 4880 Dei,
1889 4805 1922 4864 et
1945 4820 2075 4863 omnem

419 4899 549 4978 fastum,
574 4920 703 4964 omnem
726 4922 894 4965 rancorem
918 4901 983 4964 odii
1006 4900 1207 4966 dimittentes
1232 4902 1399 4966 desistatis
1425 4903 1579 4989 prosequi
1603 4902 1824 4982 Christianos,
1854 4909 1887 4966 ot
1916 4901 2076 4966 habentes

421 5003 461 5068 ad
485 5003 622 5067 dilectos
654 5003 739 5067 filios
761 5003 943 5090 Papienses
967 5011 1000 5068 ot
1022 5004 1186 5069 adiutores
1219 5005 1363 5090 ipsorum
1393 5013 1538 5070 mutuam
1568 5007 1754 5086 caritatem,
1784 5012 1897 5069 contra
1925 5027 1981 5070 eos
2010 5026 2076 5068 non

420 5106 604 5193 procedatis
633 5106 666 5170 in
697 5106 809 5170 hostili
837 5106 877 5171 de
907 5113 1017 5171 cetero
1046 5107 1218 5184 vastitate,
1254 5115 1288 5172 et
1317 5107 1469 5191 quoniam
1499 5130 1557 5172 vos
1583 5109 1711 5172 sincera
1733 5109 1867 5173 caritate
1891 5107 2078 5203 dileximus,

422 5211 497 5274 dum
521 5231 669 5274 essemus
691 5210 724 5273 in
747 5209 864 5273 minori
894 5210 1001 5273 officio
1034 5210 1217 5290 constituti,
1249 5217 1282 5274 et
1305 5211 1392 5274 circa
1413 5210 1570 5275 honorem
1594 5211 1713 5274 civium
1737 5219 1918 5275 vestrorum
1948 5210 2076 5274 labora-

421 5315 526 5377 vimus
544 5312 728 5398 diligenter,
751 5313 835 5376 sicut
849 5313 939 5377 novit
954 5313 1092 5377 dilectus
1109 5362 1116 5375 .
1136 5361 1143 5376 .
1160 5313 1286 5377 electus
1303 5315 1438 5377 vester¹
1462 5321 1496 5378 et
1511 5314 1659 5399 plerique
1682 5321 1853 5394 noverunt,
1876 5314 1930 5399 qui
1945 5314 2076 5377 titulum
2128 5330 2153 5368 ⁴⁵
2245 5387 2257 5408 .

423 5416 557 5481 honoris
580 5417 777 5502 aliquotiens
801 5416 911 5501 adepti
934 5421 1010 5480 sunt
1032 5422 1143 5479 nostro
1168 5415 1275 5479 studio
1298 5415 1482 5498 mediante,
1515 5418 1763 5482 universitatem
1786 5424 1926 5481 vestram
1957 5417 2076 5481 oxhor-

526 5675 553 5742 ll
573 5673 715 5731 Hmricus
733 5674 766 5728 de
786 5674 893 5730 Satara.
