4448 6420
416 405 477 474 228
1003 403 1051 460 EX
1069 403 1225 462 aenean
1243 403 1283 461 111
1302 401 1482 461 neaerae

415 579 643 666 episeoporum
685 585 736 645 est
771 581 1034 666 consanguineus
1071 586 1105 646 et
1138 581 1186 646 eis
1222 581 1256 644 in
1290 601 1388 645 onere
1422 601 1460 644 ao
1494 580 1617 644 honore
1652 580 1830 661 suecessit,
1873 580 2065 666 sanguinem

416 682 581 765 sitiebant,
605 705 705 770 quare
728 705 794 748 non
817 693 888 750 erat
910 685 974 750 sibi
991 705 1142 750 securum
1157 682 1315 749 accedere
1337 683 1379 748 ad
1396 684 1561 748 civitatem
1584 682 1636 747 rel
1659 682 1817 748 diocesim
1832 683 2065 769 Maguntinam,

415 807 488 850 cum
511 786 592 851 dicti
618 788 847 854 malefactores
871 795 983 854 essent
1005 788 1046 853 de
1070 788 1194 853 diocesi
1217 795 1251 853 et
1273 788 1398 852 familia
1419 787 1615 853 venerabilis
1637 786 1747 851 fratris
1770 788 1873 853 nostri
1896 838 1903 852 .
1927 838 1936 855 .
1958 789 2064 854 arohi-

414 891 561 978 episcopi
587 891 786 977 Magantini:
816 914 876 958 nos
904 893 1055 958 nolentes
1084 898 1210 957 tantum
1239 892 1342 956 virum
1373 892 1495 977 exponi
1523 889 1640 975 gladiis
1662 890 1851 976 impiorum,
1880 891 1988 958 eidem
2015 894 2064 956 iu-

414 991 592 1077 dulsimus,
619 1001 657 1059 ut
679 1003 814 1062 vocatus
845 1017 865 1060 a
890 995 1039 1082 predicto
1062 995 1309 1081 archiepiscopo
1332 993 1583 1080 metropolitano
1607 1014 1666 1058 suo
1689 992 1731 1057 ad
1754 994 1927 1060 concilium
1949 997 2002 1061 vel
2025 995 2066 1060 ad

414 1097 480 1161 alia
502 1098 614 1164 venire
630 1099 848 1184 personaliter
870 1120 935 1163 non
959 1105 1104 1184 cogatur,
1128 1104 1179 1162 set
1202 1103 1353 1162 teneatur
1375 1117 1410 1162 se
1433 1118 1493 1183 per
1515 1097 1700 1183 solempnes
1724 1102 1758 1161 et
1778 1096 1914 1164 idoneos
1935 1099 2067 1163 nuntios

415 1207 625 1284 presentare,
658 1204 833 1288 presertim
861 1223 935 1267 oum
962 1201 1025 1266 hoc
1052 1201 1141 1266 idem
1168 1200 1396 1287 predecessori
1424 1223 1483 1265 suo
1509 1200 1628 1265 fuisset
1655 1222 1675 1264 a
1705 1200 1784 1267 sede
1813 1201 2003 1288 apostolica,
2031 1210 2068 1268 ut

415 1305 628 1390 proponebat,
652 1305 824 1372 indultum.
864 1305 988 1371 Verum
1012 1304 1099 1369 idem
1122 1304 1388 1391 archiepiscopus
1412 1310 1446 1369 et
1469 1304 1647 1390 capitulum
1664 1304 1893 1389 Maguntinum
1914 1307 2068 1391 querulas

416 1404 457 1470 ad
479 1428 539 1472 nos
563 1409 690 1474 litteras
714 1409 937 1491 destinarunt,
970 1409 1056 1495 quod
1085 1409 1191 1473 dietrrs
1216 1409 1389 1494 episcopus
1413 1409 1640 1474 occasionibus
1670 1429 1735 1473 non
1758 1408 1845 1473 veris
1869 1415 1921 1473 set
1942 1408 2067 1473 frivolis

415 1511 631 1576 mendicatis³
660 1535 695 1579 se
730 1513 924 1578 subtrahere
954 1513 1069 1577 nititur
1101 1511 1142 1576 ab
1178 1510 1367 1576 obedientia
1395 1511 1536 1576 ecclesie
1563 1510 1763 1596 Magnetine.
1821 1511 1952 1576 Arserit
1978 1512 2066 1577 enim
2117 1533 2139 1570 ιο

416 1633 578 1679 excusans
601 1613 653 1697 se,
681 1615 767 1701 quod
790 1617 915 1681 nullum
937 1616 1039 1702 ipsius
1063 1615 1211 1701 episcopi
1234 1615 1426 1700 sanguinem
1449 1614 1614 1678 sitientem
1636 1615 1691 1679 vel
1712 1634 1804 1679 reum
1826 1615 1881 1678 rel
1902 1615 2069 1680 conscium

416 1716 507 1780 necis
531 1717 775 1802 predecessoris
807 1720 895 1783 illius
928 1718 1070 1784 tenuerit
1091 1719 1146 1783 vel
1173 1724 1287 1782 teneat
1313 1717 1346 1781 in
1376 1715 1495 1803 oppido
1518 1717 1571 1782 vel
1597 1717 1631 1781 in
1654 1715 1760 1782 domo.
1804 1716 1936 1782 Adiecit
1958 1718 2068 1798 etiam,

417 1818 503 1901 qnod
525 1819 612 1885 idem
636 1822 811 1910 episeopus
827 1822 1040 1908 Maguntiam,
1056 1820 1290 1900 Wormaoiam,
1313 1819 1518 1884 Frankevort
1541 1825 1575 1884 et
1598 1820 1663 1885 alia
1682 1820 1790 1885 vicina
1811 1821 1894 1902 loca,
1918 1839 1981 1904 que
2005 1820 2068 1884 sibi

416 1921 495 1986 dicit
518 1944 592 1988 esse
616 1931 779 2011 suspecta,
803 1947 882 2011 sepe
906 1923 987 1989 adiit
1010 1925 1081 1988 sine
1104 1929 1204 2004 metu,
1227 1923 1353 1987 habens
1376 1944 1476 1987 uuum
1499 1922 1540 1987 de
1564 1923 1668 2009 ipsius
1691 1923 1839 2010 episcopi
1855 1921 2068 2004 occisoribus,

415 2024 657 2093 Theodericum
682 2029 722 2095 de
739 2029 837 2114 Mogo
858 2023 1006 2109 seilicet,
1031 2027 1208 2114 specialem
1231 2026 1442 2092 secretarium
1466 2033 1500 2092 et
1522 2027 1671 2091 amioum.
1717 2026 1826 2101 Quare
1848 2027 1937 2093 idem
1959 2030 2065 2094 archi-

416 2129 589 2216 episcopus
613 2132 707 2198 uobis
731 2132 898 2197 humiliter
920 2131 1133 2219 supplicavit,
1161 2136 1198 2194 ut
1224 2130 1303 2194 licet
1331 2130 1457 2194 duobus
1482 2128 1772 2217 predecessoribus
1796 2130 1898 2216 ipsius
1922 2132 2068 2218 episcopi

415 2231 478 2297 hoe
508 2233 606 2298 fuerit
636 2256 679 2299 cx
707 2255 807 2300 causa
836 2234 947 2299 forsan
982 2233 1164 2313 indultum,
1198 2254 1240 2298 ne
1272 2239 1382 2298 tamen
1412 2235 1614 2300 continuatio
1637 2233 1679 2300 ad
1702 2236 1969 2321 consequentiam
1992 2257 2067 2322 per-

415 2335 577 2419 trahatur,
611 2337 864 2424 indulgentiam,
894 2360 991 2425 quam
1015 2359 1094 2425 sepe
1117 2337 1224 2402 dietus
1247 2337 1422 2424 episcopus
1445 2359 1505 2425 per
1528 2337 1630 2402 falsas
1657 2323 1951 2404 adinventiones
1973 2339 2067 2404 nobis

416 2441 565 2521 extorsit,
588 2442 723 2528 provide
742 2451 944 2524 revocantes,
967 2464 1033 2507 non
1055 2447 1245 2528 pateremur
1259 2441 1485 2526 Maguntiuam
1500 2441 1673 2507 ecclesiam
1696 2443 1849 2507 mutilari.
1893 2442 1925 2506 N
1927 2465 1944 2508 e
1968 2443 2068 2528 igitur

415 2544 511 2609 alteri
533 2546 672 2630 gratiam
694 2548 728 2611 in
751 2548 886 2612 alterius
915 2547 1066 2611 iniuriam
1095 2545 1204 2611 lacere
1233 2545 1417 2626 videamur,
1446 2544 1638 2612 discretioni
1660 2553 1768 2612 vestre
1797 2568 1857 2632 per
1884 2547 2065 2633 apostolica
2114 2569 2124 2606 r

417 2639 538 2732 scripta
553 2648 754 2732 mandamus,
779 2651 933 2738 quatinus
957 2649 1160 2734 inquirentes
1177 2670 1277 2734 super
1297 2648 1361 2714 hiis
1379 2648 1570 2734 diligentius
1586 2649 1769 2731 veritatem,
1794 2650 1821 2714 si
1837 2650 2067 2736 cognoveritis,

416 2749 502 2833 quod
533 2751 640 2817 dictus
672 2754 846 2840 episcopus
877 2773 992 2818 secure
1014 2751 1124 2816 valeat
1151 2751 1192 2815 ad
1222 2753 1397 2817 eeclesiam
1424 2751 1649 2839 Maguntiuam
1678 2751 1853 2830 accedere,
1887 2752 2066 2840 predictam

416 2851 653 2939 indulgentiam
681 2857 809 2922 sublato
838 2855 1068 2944 appellationis
1097 2855 1267 2920 obstaculo
1297 2856 1469 2921 revocetis.
1518 2855 1673 2941 Alioquin
1701 2877 1776 2921 eum
1804 2857 1851 2921 uti
1879 2878 1938 2921 sua
1960 2857 2066 2921 indul-

415 2957 527 3040 gentia
548 2960 755 3045 permittatis,
778 2961 825 3025 ita
846 2967 956 3025 tamen
972 2958 1061 3044 quod
1083 2958 1124 3023 ad
1148 2981 1226 3025 suos
1249 2981 1312 3024 non
1329 2966 1475 3024 transeat
1491 2979 1711 3024 successores.
1749 2957 1868 3024 Testes
1883 2996 1936 3025 -.
1974 2957 2067 3032 Quod

415 3082 443 3124 er
465 3082 531 3125 non
553 3083 666 3129 omnes
689 3101 740 3128 -.

523 3182 600 3248 Dat.
623 3183 778 3250 Lateran.
801 3184 906 3250 Nonis
929 3183 1027 3266 Iunii,
1050 3204 1136 3249 anno
1159 3183 1297 3250 decimo.

1035 3480 1446 3490 Q

1194 3757 1281 3831 301.

524 3868 712 3964 Honorius
743 3897 811 3964 ΙΙΙ
833 3919 925 3981 papa
956 3896 1159 3963 Frtdcrieum
1190 3895 1405 3962 Romanorum
1435 3897 1651 3979 imperatorem
1683 3903 1788 3982 repat,
1826 3903 1862 3964 at
1894 3898 2066 3964 Hearicam

414 4002 551 4066 mmitem
573 4001 610 4066 de
632 4001 753 4068 Sutria
774 4002 950 4083 compellat,
974 4004 1009 4065 rat
1030 3999 1273 4086 [Waldernaro]
1298 4001 1365 4082 rcpr'
1386 3999 1516 4066 Danaae
1537 4003 1684 4068 restituat
1704 4002 1823 4067 obsides
1844 4007 1874 4066 et
1889 4005 2066 4084 peccabat,

414 4124 509 4185 qaam
539 4103 579 4168 ab
610 4103 678 4186 ipso
711 4124 770 4186 pro
802 4104 943 4170 libertate
975 4103 1140 4184 receperit,
1177 4121 1276 4185 omae
1310 4123 1379 4168 eam
1415 4123 1508 4185 saper
1545 4104 1697 4169 solutione
1729 4105 1875 4170 residuae
1906 4108 2067 4172 molestare

412 4210 603 4285 praesuma.
1734 4211 1828 4287 1226,
1850 4208 1926 4274 Ian.
1951 4212 1981 4274 9.
2114 4240 2147 4276 a·

518 4325 591 4380 Hoa.
610 4327 662 4379 III
678 4324 747 4396 Ray.
771 4325 828 4380 Vol.
852 4323 881 4390 V,
900 4328 954 4380 135
961 4347 968 4390 ;
986 4327 1047 4381 Lib.
1067 4326 1104 4392 X,
1124 4329 1187 4380 302.

517 4410 654 4477 Potttast,
672 4411 739 4480 Rea.
759 4415 841 4466 7584.

500 4621 745 4713 thiderico,
776 4624 942 4700 illustri
968 4623 1267 4699 Romanorum
1295 4623 1549 4717 imperatori
1581 4647 1753 4719 semper
1779 4633 1992 4720 augusto,

1103 4746 1193 4840 regi
1220 4745 1384 4820 Sicilie.

501 4892 604 4959 Varia
627 4899 712 4976 sunt,
736 4915 799 4980 que
820 4894 944 4960 debent
966 4900 1056 4960 tuam
1072 4896 1401 4983 circumspectionem
1422 4894 1578 4963 iuducere
1601 4897 1643 4962 ad
1665 4898 1811 4965 favorem
1834 4900 2011 4966 karissimo
2034 4902 2067 4966 in
2117 4935 2140 4974 ³,
2155 4910 2222 4960 :J

416 4993 547 5061 Christo
570 4997 637 5062 filio
660 5005 771 5063 nostro
796 5050 802 5064 .
828 5048 835 5064 .
859 4999 980 5064 illustri
1001 4999 1072 5085 regi
1094 4998 1193 5066 Datie
1217 4999 1472 5086 impendendum
1496 5022 1595 5088 super
1617 5000 1698 5067 duro
1721 5024 1808 5078 casu,
1832 5004 1866 5068 in
1890 5025 1988 5090 quem
2012 5027 2071 5092 per

414 5098 553 5165 Haurioi
570 5102 697 5167 eomitis
713 5101 755 5167 de
772 5101 914 5168 Zuerio.h
936 5103 1070 5168 vassalli
1093 5104 1143 5169 sui
1160 5104 1330 5190 perfidiam
1351 5105 1496 5169 noscitur
1518 5103 1682 5172 incidisse.
1727 5106 1873 5172 Primum
1897 5114 1959 5190 est,
1983 5108 2069 5193 quod

414 5203 486 5289 ipse
509 5225 570 5270 rex
592 5204 652 5269 tibi
674 5204 715 5270 ad
738 5205 1001 5271 exhortationem
1023 5209 1203 5293 apostolice
1227 5207 1316 5274 sedis
1340 5207 1458 5283 astitit,
1488 5207 1573 5272 sicut
1602 5208 1704 5288 nosti,
1735 5215 1884 5296 tempore
1909 5219 2069 5297 oportuno

416 5315 449 5370 et
473 5307 619 5372 studiose
642 5307 684 5373 ad
707 5315 799 5373 tuum
821 5309 980 5375 honorem
1004 5317 1037 5376 et
1060 5311 1294 5377 exaltationem
1316 5310 1467 5377 intendit.
1515 5309 1702 5376 Secundum
1725 5318 1791 5394 est,
1816 5312 1905 5398 quod
1926 5313 2014 5379 inter
2036 5322 2069 5379 te

414 5429 453 5472 ac
475 5409 583 5496 ipsum
605 5432 718 5497 regem
740 5414 920 5478 amicabilis
937 5414 1212 5480 confederationis
1228 5415 1396 5479 vinculum
1410 5414 1608 5496 intercessit,
1631 5415 1717 5480 sicut
1738 5416 1772 5480 in
1795 5418 1861 5480 tuis
1878 5418 2068 5503 patentibus
2118 5441 2202 5487 aas

436 5777 438 5782 ,
520 5704 543 5773 ⁸)
562 5708 598 5758 ito
617 5707 649 5758 B.
730 5704 754 5772 ¹³)
772 5709 863 5760 Zneric
879 5708 910 5760 Il.
