4590 6366
461 377 524 444 516
1037 369 1085 429 EX
1103 359 1284 430 GREGORH¹
1298 365 1337 428 1X
1355 363 1535 428 assutae

460 549 628 616 dissonum
645 543 686 614 ¹et
708 547 812 614 actori
833 537 964 612 iustitie
976 541 1109 634 penitus
1126 547 1292 612 inimicum
1309 545 1442 632 indigne
1460 546 1604 632 gerimus
1628 551 1661 610 ct
1684 539 1869 610 omnimode
1886 543 2124 633 reprobamus,

463 653 503 718 de
527 655 615 719 invio
637 654 833 719 discriminis
856 652 1036 739 prudenter
1058 659 1092 717 et
1119 653 1299 718 efficaciter
1322 652 1362 716 ad
1390 651 1595 716 rectitudinis
1619 639 1770 715 semitam
1793 650 1926 715 sublato
1951 648 2124 714 tarditatis

462 756 632 821 obstaculo
655 756 834 832 reducatis;
865 756 977 820 solerti
1001 755 1109 820 studio
1132 761 1362 842 procurantes,
1392 754 1479 840 quod
1511 754 1552 818 ab
1574 753 1705 840 incepta
1727 755 1913 819 temeritate
1939 753 2123 829 desistens,

463 880 558 945 quam
581 860 718 924 ulterius
741 859 893 945 protendi
916 859 1067 923 nolumus
1092 857 1150 923 sed
1174 857 1311 934 succidi,
1342 858 1518 944 presertim
1541 878 1614 921 cum
1637 857 1688 921 his
1712 857 1883 943 potissime
1907 855 2123 942 temporibus

460 985 519 1049 pro
550 985 705 1028 succursu
736 962 837 1027 Terre
867 961 986 1027 Sancte
1014 962 1135 1027 debeat
1168 964 1201 1026 in
1229 983 1311 1048 paee
1339 961 1495 1026 constitui
1527 961 1725 1025 universitas
1756 959 1901 1024 fidelium
1935 960 2122 1037 nationum,
2185 997 2196 1034 5

461 1065 600 1130 festinus
623 1066 664 1129 ad
687 1065 897 1130 obtinendam
919 1066 1022 1151 patris
1039 1065 1305 1130 benedictionem
1328 1072 1361 1130 et
1383 1064 1521 1150 gratiam
1537 1063 1736 1147 accingatur,
1760 1063 1867 1148 impiis
1892 1063 2123 1148 colligationi-

461 1169 540 1251 bus,
564 1192 645 1256 quas
669 1177 782 1235 eontra
810 1171 917 1255 ipsum
940 1169 1171 1234 damnabiliter
1195 1171 1314 1235 fecisse
1338 1169 1550 1254 dignoscitur,
1574 1168 1753 1233 dissolutis.
1798 1167 1944 1247 Verum,
1967 1171 2008 1229 ut
2031 1164 2122 1250 quod

461 1267 604 1359 petimus
635 1294 674 1338 eo
707 1274 836 1338 facilius
865 1280 1084 1358 consequatur
1114 1273 1288 1353 effectum,
1319 1293 1383 1357 quo
1412 1271 1524 1334 vacuis
1552 1271 1734 1355 aliquorum
1766 1269 2022 1356 exceptionibus
2056 1288 2124 1331 non

463 1377 609 1441 extiterit
646 1377 854 1462 impeditum,
888 1396 1018 1456 omnes,
1054 1376 1109 1459 qui
1146 1383 1259 1441 contra
1290 1377 1507 1440 iuramentum
1539 1374 1706 1439 fidelitatis
1740 1372 1886 1462 predicto
1924 1372 2122 1458 imperatori

461 1481 634 1566 prestitum
666 1480 793 1567 prefato
830 1478 933 1543 nobili
964 1479 1156 1543 iuramentis
1185 1479 1332 1565 prestitis
1361 1477 1579 1560 adheserunt,
1608 1476 1761 1541 duximus
1791 1475 2031 1556 absolvendos,
2062 1475 2123 1538 illa
2172 1509 2196 1547 10

461 1581 553 1646 irrita
575 1582 803 1648 decernentes.

570 1701 647 1767 Dat.
669 1702 808 1783 Perusii,
830 1700 885 1766 III
908 1701 987 1767 Idus
1010 1701 1132 1785 Martii,
1155 1723 1240 1766 anno
1263 1700 1358 1767 VIII.

1082 1981 1493 1990 ——-—--—-—-

1243 2257 1329 2329 631.

570 2385 760 2496 &repertus
790 2413 847 2478 IX
872 2435 959 2494 papa
987 2412 1185 2498 [Siqq‘rido]
1217 2414 1355 2494 episeopo
1383 2412 1623 2493 Ratisponeasi,
1656 2410 1831 2512 ¹imperial-is
1864 2411 1959 2474 aulae
1994 2412 2121 2476 cancel-

356 2574 360 2579 .
461 2517 551 2594 torto,
573 2516 713 2594 arandat,
735 2519 771 2580 ut
785 2516 1007 2601 [Hernmaao]
1022 2515 1243 2597 Herblpoleasr'
1258 2520 1287 2580 et
1300 2515 1479 2600 [Sibotoai]
1496 2515 1689 2598 Augusteum
1711 2515 1860 2596 episcopm
1881 2519 1911 2577 et
1930 2515 2124 2600 [Conrado]

428 2677 430 2682 ,
461 2621 569 2685 abbati
582 2619 746 2698 Fuldensi,
769 2621 825 2701 qui
838 2619 977 2684 Hearico
998 2623 1108 2683 eontra
1127 2621 1342 2699 imperatorem
1363 2624 1488 2701 patrem
1509 2621 1576 2683 ciue
1597 2619 1740 2700 aequiter
1753 2617 1954 2695 adhaereant,
1975 2617 2123 2684 districte
2175 2646 2197 2683 n

462 2723 620 2804 iniungat,
643 2724 679 2783 ut
700 2721 792 2804 iufra
816 2720 893 2785 duos
916 2740 1034 2785 menses
1056 2722 1123 2785 sedi
1144 2723 1329 2803 apostolieae
1351 2741 1383 2786 se
1406 2725 1652 2802 repraesentent;
1680 2721 1822 2802 alioquin
1844 2740 1895 2784 eos
1916 2720 1961 2783 ad
1982 2721 2020 2783 o'd
2041 2742 2124 2786 eom-

458 2825 567 2905 pellat.
616 2822 758 2887 Mandat
778 2828 963 2904 praeterea,
1000 2828 1036 2887 ut
1063 2823 1344 2909 Dleqenlvardum]
1372 2824 1410 2888 de
1437 2824 1547 2907 Houpe
1582 2830 1612 2888 et
1645 2824 1819 2890 Walterum
1853 2823 1890 2886 de
1922 2823 2123 2907 Tamaebcrp,

462 2925 626 2990 canonicos
640 2925 888 3006 Herbe'poleases,
910 2927 965 3006 qui
980 2925 1199 2992 Mediolanum
1222 2933 1331 2993 eontra
1345 2928 1561 3008 temeratorem
1583 2928 1707 3004 iverint,
1730 2925 1773 2989 ad
1787 2927 2006 3005 praesentum
2028 2949 2124 2992 auam

463 3029 568 3092 venire
592 3030 761 3110 eorapellut.
810 3028 859 3114 Of.
882 3050 914 3095 a.
940 3031 1013 3096 630.

1729 3115 1822 3192 1235,
1843 3113 1946 3180 Mart.
1970 3119 2025 3181 13.
2172 3151 2198 3189 ῃ

567 3196 651 3270 Grep.
669 3199 719 3251 IX
735 3199 803 3270 ch.
826 3199 883 3253 Vol.
901 3198 956 3268 IV,
974 3203 1045 3266 2593
1063 3199 1126 3253 Lio.
1151 3199 1235 3265 VIII,
1253 3204 1316 3254 462.

566 3284 702 3348 Pottlraat
721 3285 790 3353 Rep.
809 3288 890 3339 9854.

603 3535 611 3552 .
641 3535 650 3553 .
680 3480 886 3573 episeopo
913 3480 1255 3572 Ratisponensi,
1283 3480 1536 3572 imperialis
1562 3479 1663 3553 aule
1692 3480 1974 3555 cancellaria.

571 3624 606 3690 si
634 3629 795 3714 assumpti
825 3629 859 3693 in
887 3637 1009 3694 sortem
1035 3628 1187 3710 Domini,
1216 3636 1253 3694 ut
1282 3651 1344 3714 que
1376 3637 1451 3693 sunt
1477 3629 1686 3693 tenebrarum
1715 3629 1872 3714 effugiant
1900 3638 1935 3694 et
1966 3631 2008 3695 ab
2039 3634 2119 3698 aliis

463 3729 579 3794 eadem
608 3729 746 3795 doceant
772 3732 907 3813 evitari,
938 3739 1084 3798 errantes
1116 3734 1149 3796 in
1176 3734 1263 3797 invio
1295 3733 1433 3819 reprobe
1463 3731 1641 3797 voluntatis
1670 3732 1785 3798 relicto
1813 3733 1943 3797 tramite
1976 3736 2118 3800 rationis
2172 3760 2198 3798 ιι

461 3823 798 3918 favore'dampnabili
820 3841 1074 3920 prosequantur,
1106 3840 1196 3899 tanto
1232 3835 1372 3919 graviori
1405 3835 1516 3899 dolore
1544 3835 1723 3918 tangimur,
1756 3843 1896 3920 quanto⁸
1924 3838 1957 3902 in
1987 3838 2119 3904 eisdem

463 3936 602 4002 dilectas
625 3936 699 4002 Deo
723 3939 861 4002 virtutes
886 3940 1114 4025 amplectimur
1137 3946 1171 4004 et
1193 3939 1326 4003 inimica
1348 3939 1427 4003 vitia
1451 3938 1661 4004 detestamur.
1707 3939 1796 4004 Hinc
1820 3947 1880 4020 est,
1904 3940 2001 4025 quod,
2027 3944 2119 4006 sieut

462 4041 619 4105 mirantes
641 4042 833 4127 accepimus
858 4048 891 4106 et
914 4044 1086 4108 referimus
1111 4041 1304 4124 conturbati,
1327 4064 1401 4106 cum
1423 4042 1631 4106 venerabiles
1655 4041 1773 4106 fratres
1796 4044 1900 4107 no'stri
1922 4093 1930 4107 .
1956 4093 1963 4107 .
1987 4044 2117 4109 Herbi-

462 4144 607 4228 polensis
638 4152 672 4208 et
701 4192 709 4207 .
734 4195 741 4211 .
767 4144 989 4230 Augustensis
1023 4147 1170 4233 episcopi
1197 4167 1236 4211 ac
1265 4198 1271 4211 .
1297 4197 1304 4212 .
1334 4145 1437 4209 abbas
1460 4144 1670 4224 Vultuensis,
1702 4144 1873 4210 advertere
1902 4148 2118 4233 negligentes

463 4246 550 4330 quod
572 4247 653 4330 ipsis
675 4247 839 4332 inquirere
862 4271 978 4334 pacem
1000 4271 1038 4314 ac
1060 4251 1213 4336 persequi
1238 4249 1414 4328 debeatur,
1441 4269 1620 4334 proposse
1644 4247 1785 4312 fideliter
1806 4249 1995 4315 desudando
2019 4261 2055 4317 ut
2080 4257 2116 4320 in
2170 4281 2198 4319 so

462 4349 624 4414 Teutonie
648 4351 796 4436 partibus
820 4373 906 4416 nova
928 4354 1075 4419 scandali
1098 4354 1235 4420 materia
1257 4375 1322 4417 ιιοιι
1346 4358 1533 4437 consurgat,
1565 4351 1685 4417 dilecto
1708 4352 1775 4416 filio
1799 4354 1901 4418 nobili
1925 4355 1993 4419 viro
2017 4357 2117 4422 Heu-

462 4453 547 4531 rico,
579 4453 739 4517 carissimi
769 4455 803 4517 in
827 4455 956 4522 Christo
980 4459 1039 4522 filii
1061 4459 1166 4528 nostri
1189 4457 1348 4522 I'riderici
1372 4463 1433 4522 etc.
1458 4463 1549 4536 nato,
1581 4455 1651 4539 qui,
1680 4462 1834 4540 tanquam
1857 4463 1979 4524 statuta
2001 4460 2116 4527 divine

462 4555 546 4639 legis
571 4554 660 4619 odiat
683 4562 716 4620 et
738 4556 810 4621 iura
831 4565 947 4624 nature
972 4567 1197 4648 contempnat,
1222 4582 1257 4625 se
1281 4560 1470 4645 imperatori
1493 4558 1620 4645 pretato
1644 4560 1838 4645 opposuisse
1861 4562 2013 4646 nequiter
2035 4585 2115 4648 per-

462 4656 604 4739 hibetur,
628 4658 777 4724 dicautur
800 4668 913 4727 contra
938 4685 1067 4730 omnem
1090 4666 1256 4730 hominem
1278 4664 1470 4729 iuramentis
1492 4663 1639 4748 prestitis
1661 4663 1841 4745 adhesisse,
1865 4685 1936 4744 uos,
1959 4667 2116 4732 nolentes

462 4761 683 4826 temeritatem
698 4763 888 4828 huiusmodi
911 4767 971 4831 sub
995 4767 1124 4831 silentio
1149 4774 1183 4832 et
1206 4766 1327 4852 absque
1345 4766 1489 4831 vindicta
1511 4765 1623 4830 debita
1642 4767 1812 4852 preterire,
1834 4773 1870 4832 ut
1892 4768 1956 4852 ipsi
1979 4768 2020 4834 de
2043 4777 2115 4836 tam
2170 4795 2196 4834 rs

462 4863 600 4928 notabili
622 4864 938 4951 defectupeniteant
962 4876 995 4932 et
1017 4870 1074 4933 alii
1096 4876 1258 4956 temptare
1283 4871 1403 4935 similia
1424 4891 1489 4933 non
1505 4876 1705 4954 presumant,
1730 4869 1875 4934 districte
1898 4873 2116 4958 precipiendo

462 4965 664 5048 mandamus,
688 4969 839 5053 quatinus
863 4971 1018 5056 inquisita
1041 4994 1139 5058 super
1161 4974 1332 5058 premissis
1349 4972 1539 5057 diligentius
1561 4973 1711 5052 veritate,
1735 4974 1762 5036 si
1784 4994 1854 5037 rem
1877 4975 2043 5041 inveneris
2067 4979 2118 5043 ita

463 5091 553 5152 esse,
583 5073 663 5158 ipsis
694 5073 832 5139 tirmiter
854 5098 897 5140 ex
919 5082 1012 5161 parte
1036 5082 1149 5140 nostra
1172 5077 1338 5160 iniungas,
1368 5084 1405 5140 ut
1433 5076 1518 5140 infra
1540 5073 1622 5138 duos
1646 5097 1777 5141 menses
1800 5083 1874 5163 post
1897 5080 2116 5146 monitionem

462 5180 553 5237 tuam
577 5177 741 5261 recepturi
763 5199 822 5263 pro
845 5178 972 5242 meritis
997 5200 1032 5244 se
1055 5181 1244 5268 conspectui
1267 5181 1447 5266 apostolico
1471 5186 1711 5264 representant.
1754 5179 1910 5264 Alioquin
1934 5202 1991 5246 eos
2015 5183 2057 5248 ad
2082 5186 2119 5251 id

461 5279 653 5343 auctoritate
676 5285 789 5344 nostra
813 5285 964 5345 cessante
987 5283 1208 5368 appellatione
1232 5285 1421 5370 compellas.
1467 5281 1621 5347 Ceterum
1642 5281 1683 5344 D.
1706 5284 1908 5368 prepositum
1930 5284 1972 5349 de
1989 5285 2116 5374 Houge
2169 5317 2198 5358 so

462 5387 495 5443 et
518 5379 705 5448 Walterum
730 5381 770 5447 de
793 5382 1003 5466 Taneberch,
1033 5387 1206 5450 canonicos
1229 5385 1509 5472 Herbipolenses,
1537 5385 1594 5470 qui
1616 5383 1839 5449 Mediolanum
1869 5393 1984 5452 contra
2007 5390 2117 5477 impe-
