<?xml version="1.0" encoding="UTF-8"?>
<!DOCTYPE html PUBLIC "-//W3C//DTD XHTML 1.0 Transitional//EN"
    "http://www.w3.org/TR/xhtml1/DTD/xhtml1-transitional.dtd">
<html xmlns="http://www.w3.org/1999/xhtml" xml:lang="en" lang="en">
 <head>
  <title>
</title>
<meta http-equiv="Content-Type" content="text/html;charset=utf-8" />
  <meta name='ocr-system' content='tesseract 3.04.00' />
  <meta name='ocr-capabilities' content='ocr_page ocr_carea ocr_par ocr_line ocrx_word'/>
</head>
<body>
  <div class='ocr_page' id='page_1' title='image "./monumentagerman00peipgoog/monumentagerman00peipgoog_0049.png"; bbox 0 0 4538 6426; ppageno 0'>
   <div class='ocr_carea' id='block_1_1' title="bbox 420 371 1557 452">
    <p class='ocr_par' dir='ltr' id='par_1_1' title="bbox 420 371 1557 452">
     <span class='ocr_line' id='line_1_1' title="bbox 420 371 1557 452; baseline 0 -16"><span class='ocrx_word' id='word_1_1' title='bbox 420 391 461 452; x_wconf 81' lang='lat'>26</span> <span class='ocrx_word' id='word_1_2' title='bbox 1005 382 1052 436; x_wconf 83' lang='lat' dir='ltr'>nx</span> <span class='ocrx_word' id='word_1_3' title='bbox 1072 381 1228 436; x_wconf 82' lang='lat' dir='ltr'>uoxonn</span> <span class='ocrx_word' id='word_1_4' title='bbox 1248 383 1288 436; x_wconf 87' lang='lat' dir='ltr'>ru</span> <span class='ocrx_word' id='word_1_5' title='bbox 1306 381 1486 436; x_wconf 81' lang='lat' dir='ltr'>anersruo</span> <span class='ocrx_word' id='word_1_6' title='bbox 1556 371 1557 374; x_wconf 69' lang='lat'><em>&#39;</em></span> 
     </span>
    </p>
   </div>
   <div class='ocr_carea' id='block_1_2' title="bbox 419 554 2183 3109">
    <p class='ocr_par' dir='ltr' id='par_1_2' title="bbox 419 554 2183 3006">
     <span class='ocr_line' id='line_1_2' title="bbox 420 554 2072 644; baseline -0.004 -20"><span class='ocrx_word' id='word_1_7' title='bbox 420 559 654 626; x_wconf 88' lang='lat' dir='ltr'>monasterium</span> <span class='ocrx_word' id='word_1_8' title='bbox 685 559 807 644; x_wconf 91' lang='lat' dir='ltr'>ipsum,</span> <span class='ocrx_word' id='word_1_9' title='bbox 841 563 878 620; x_wconf 94' lang='lat' dir='ltr'>ut</span> <span class='ocrx_word' id='word_1_10' title='bbox 906 556 1028 620; x_wconf 91' lang='lat' dir='ltr'>dictum</span> <span class='ocrx_word' id='word_1_11' title='bbox 1057 561 1121 632; x_wconf 87' lang='lat' dir='ltr'>est,</span> <span class='ocrx_word' id='word_1_12' title='bbox 1157 555 1198 618; x_wconf 93' lang='lat' dir='ltr'>ad</span> <span class='ocrx_word' id='word_1_13' title='bbox 1227 556 1440 642; x_wconf 92' lang='lat' dir='ltr'>apostolicam</span> <span class='ocrx_word' id='word_1_14' title='bbox 1469 555 1580 620; x_wconf 91' lang='lat' dir='ltr'>sedem</span> <span class='ocrx_word' id='word_1_15' title='bbox 1611 555 1773 640; x_wconf 79' lang='lat' dir='ltr'>pertineat</span> <span class='ocrx_word' id='word_1_16' title='bbox 1803 554 2005 641; x_wconf 80' lang='lat' dir='ltr'>specialiter,</span> <span class='ocrx_word' id='word_1_17' title='bbox 2036 560 2072 618; x_wconf 93' lang='lat' dir='ltr'>tu</span> 
     </span>
     <span class='ocr_line' id='line_1_3' title="bbox 419 657 2072 746; baseline -0.004 -20"><span class='ocrx_word' id='word_1_18' title='bbox 419 663 678 727; x_wconf 90' lang='lat' dir='ltr'>iurisdictionem</span> <span class='ocrx_word' id='word_1_19' title='bbox 700 681 861 746; x_wconf 91' lang='lat' dir='ltr'>usurpans</span> <span class='ocrx_word' id='word_1_20' title='bbox 884 658 1064 723; x_wconf 76' lang='lat' dir='ltr'>indebitam</span> <span class='ocrx_word' id='word_1_21' title='bbox 1087 659 1121 721; x_wconf 93' lang='lat' dir='ltr'>in</span> <span class='ocrx_word' id='word_1_22' title='bbox 1144 658 1275 738; x_wconf 89' lang='lat' dir='ltr'>eodem,</span> <span class='ocrx_word' id='word_1_23' title='bbox 1306 661 1339 724; x_wconf 92' lang='lat' dir='ltr'>in</span> <span class='ocrx_word' id='word_1_24' title='bbox 1363 659 1521 744; x_wconf 89' lang='lat' dir='ltr'>quosdam</span> <span class='ocrx_word' id='word_1_25' title='bbox 1551 657 1728 722; x_wconf 89' lang='lat' dir='ltr'>monachos</span> <span class='ocrx_word' id='word_1_26' title='bbox 1751 659 1822 721; x_wconf 91' lang='lat' dir='ltr'>eins</span> <span class='ocrx_word' id='word_1_27' title='bbox 1847 659 2072 722; x_wconf 87' lang='lat' dir='ltr'>exeommuni-</span> 
     </span>
     <span class='ocr_line' id='line_1_4' title="bbox 421 759 2070 849; baseline -0.004 -19"><span class='ocrx_word' id='word_1_28' title='bbox 421 767 558 830; x_wconf 76' lang='lat' dir='ltr'>cationis</span> <span class='ocrx_word' id='word_1_29' title='bbox 582 764 779 829; x_wconf 83' lang='lat' dir='ltr'>sententiam</span> <span class='ocrx_word' id='word_1_30' title='bbox 802 785 861 849; x_wconf 91' lang='lat' dir='ltr'>pro</span> <span class='ocrx_word' id='word_1_31' title='bbox 883 772 938 825; x_wconf 89' lang='lat' dir='ltr'>tue</span> <span class='ocrx_word' id='word_1_32' title='bbox 962 761 1140 824; x_wconf 83' lang='lat' dir='ltr'>voluntatis</span> <span class='ocrx_word' id='word_1_33' title='bbox 1164 761 1300 824; x_wconf 88' lang='lat' dir='ltr'>arbitrio</span> <span class='ocrx_word' id='word_1_34' title='bbox 1323 763 1538 847; x_wconf 84' lang='lat' dir='ltr'>promulgasti</span> <span class='ocrx_word' id='word_1_35' title='bbox 1567 767 1642 846; x_wconf 89' lang='lat' dir='ltr'>post</span> <span class='ocrx_word' id='word_1_36' title='bbox 1670 761 1924 847; x_wconf 88' lang='lat' dir='ltr'>appellationem</span> <span class='ocrx_word' id='word_1_37' title='bbox 1946 759 1987 824; x_wconf 88' lang='lat' dir='ltr'>ad</span> <span class='ocrx_word' id='word_1_38' title='bbox 2010 781 2070 824; x_wconf 91' lang='lat' dir='ltr'>nos</span> 
     </span>
     <span class='ocr_line' id='line_1_5' title="bbox 420 863 2071 953; baseline -0.003 -21"><span class='ocrx_word' id='word_1_39' title='bbox 420 869 566 953; x_wconf 90' lang='lat' dir='ltr'>legitime</span> <span class='ocrx_word' id='word_1_40' title='bbox 582 867 796 931; x_wconf 90' lang='lat' dir='ltr'>interiectam.</span> <span class='ocrx_word' id='word_1_41' title='bbox 842 863 989 948; x_wconf 84' lang='lat' dir='ltr'>Cumque</span> <span class='ocrx_word' id='word_1_42' title='bbox 1006 864 1065 927; x_wconf 92' lang='lat' dir='ltr'>tibi</span> <span class='ocrx_word' id='word_1_43' title='bbox 1090 885 1187 948; x_wconf 88' lang='lat' dir='ltr'>super</span> <span class='ocrx_word' id='word_1_44' title='bbox 1209 863 1272 926; x_wconf 88' lang='lat' dir='ltr'>hiis</span> <span class='ocrx_word' id='word_1_45' title='bbox 1289 863 1504 928; x_wconf 82' lang='lat' dir='ltr'>direxerimus</span> <span class='ocrx_word' id='word_1_46' title='bbox 1523 865 1643 948; x_wconf 88' lang='lat' dir='ltr'>scripta</span> <span class='ocrx_word' id='word_1_47' title='bbox 1661 869 1781 944; x_wconf 89' lang='lat' dir='ltr'>nostra,</span> <span class='ocrx_word' id='word_1_48' title='bbox 1806 864 1915 948; x_wconf 89' lang='lat' dir='ltr'>qualia</span> <span class='ocrx_word' id='word_1_49' title='bbox 1931 863 2071 927; x_wconf 80' lang='lat' dir='ltr'>vidimus</span> 
     </span>
     <span class='ocr_line' id='line_1_6' title="bbox 421 967 2137 1058; baseline -0.004 -21"><span class='ocrx_word' id='word_1_50' title='bbox 421 972 596 1058; x_wconf 87' lang='lat' dir='ltr'>expedire,</span> <span class='ocrx_word' id='word_1_51' title='bbox 627 978 663 1035; x_wconf 92' lang='lat' dir='ltr'>tu</span> <span class='ocrx_word' id='word_1_52' title='bbox 695 971 789 1055; x_wconf 87' lang='lat' dir='ltr'>culpe</span> <span class='ocrx_word' id='word_1_53' title='bbox 812 971 940 1054; x_wconf 91' lang='lat' dir='ltr'>culpam</span> <span class='ocrx_word' id='word_1_54' title='bbox 969 975 1002 1033; x_wconf 90' lang='lat' dir='ltr'>et</span> <span class='ocrx_word' id='word_1_55' title='bbox 1034 974 1256 1052; x_wconf 91' lang='lat' dir='ltr'>contemptum</span> <span class='ocrx_word' id='word_1_56' title='bbox 1285 969 1486 1054; x_wconf 88' lang='lat' dir='ltr'>contemptui</span> <span class='ocrx_word' id='word_1_57' title='bbox 1515 967 1755 1052; x_wconf 78' lang='lat' dir='ltr'>superaddens,</span> <span class='ocrx_word' id='word_1_58' title='bbox 1786 967 1914 1031; x_wconf 88' lang='lat' dir='ltr'>litteras</span> <span class='ocrx_word' id='word_1_59' title='bbox 1942 974 2071 1031; x_wconf 89' lang='lat' dir='ltr'>nostras</span> <span class='ocrx_word' id='word_1_60' title='bbox 2126 985 2137 1020; x_wconf 76' lang='lat' dir='ltr'>e</span> 
     </span>
     <span class='ocr_line' id='line_1_7' title="bbox 420 1070 2074 1160; baseline -0.002 -22"><span class='ocrx_word' id='word_1_61' title='bbox 420 1075 567 1160; x_wconf 90' lang='lat' dir='ltr'>recipere</span> <span class='ocrx_word' id='word_1_62' title='bbox 584 1073 819 1160; x_wconf 81' lang='lat' dir='ltr'>contempsisti,</span> <span class='ocrx_word' id='word_1_63' title='bbox 843 1071 929 1155; x_wconf 94' lang='lat' dir='ltr'>quod</span> <span class='ocrx_word' id='word_1_64' title='bbox 952 1071 1065 1154; x_wconf 93' lang='lat' dir='ltr'>utique</span> <span class='ocrx_word' id='word_1_65' title='bbox 1086 1071 1193 1134; x_wconf 88' lang='lat' dir='ltr'>facere</span> <span class='ocrx_word' id='word_1_66' title='bbox 1214 1070 1346 1134; x_wconf 90' lang='lat' dir='ltr'>minime</span> <span class='ocrx_word' id='word_1_67' title='bbox 1370 1071 1551 1150; x_wconf 88' lang='lat' dir='ltr'>debuisses,</span> <span class='ocrx_word' id='word_1_68' title='bbox 1576 1072 1673 1134; x_wconf 90' lang='lat' dir='ltr'>etiam</span> <span class='ocrx_word' id='word_1_69' title='bbox 1698 1072 1725 1134; x_wconf 92' lang='lat' dir='ltr'>si</span> <span class='ocrx_word' id='word_1_70' title='bbox 1744 1092 1891 1135; x_wconf 91' lang='lat' dir='ltr'>essemus</span> <span class='ocrx_word' id='word_1_71' title='bbox 1907 1071 2074 1134; x_wconf 87' lang='lat' dir='ltr'>inminori</span> 
     </span>
     <span class='ocr_line' id='line_1_8' title="bbox 421 1173 2074 1263; baseline -0.003 -22"><span class='ocrx_word' id='word_1_72' title='bbox 421 1177 528 1241; x_wconf 88' lang='lat' dir='ltr'>officio</span> <span class='ocrx_word' id='word_1_73' title='bbox 546 1179 724 1256; x_wconf 88' lang='lat' dir='ltr'>constituti,</span> <span class='ocrx_word' id='word_1_74' title='bbox 747 1177 921 1263; x_wconf 88' lang='lat' dir='ltr'>presertim</span> <span class='ocrx_word' id='word_1_75' title='bbox 937 1175 1086 1238; x_wconf 87' lang='lat' dir='ltr'>recolens</span> <span class='ocrx_word' id='word_1_76' title='bbox 1103 1174 1193 1236; x_wconf 90' lang='lat' dir='ltr'>illum</span> <span class='ocrx_word' id='word_1_77' title='bbox 1210 1173 1355 1237; x_wconf 89' lang='lat' dir='ltr'>caritatis</span> <span class='ocrx_word' id='word_1_78' title='bbox 1372 1175 1525 1237; x_wconf 83' lang='lat' dir='ltr'>affectum</span> <span class='ocrx_word' id='word_1_79' title='bbox 1543 1195 1638 1257; x_wconf 89' lang='lat' dir='ltr'>quem</span> <span class='ocrx_word' id='word_1_80' title='bbox 1661 1175 1720 1238; x_wconf 88' lang='lat' dir='ltr'>tibi</span> <span class='ocrx_word' id='word_1_81' title='bbox 1744 1181 1819 1238; x_wconf 90' lang='lat' dir='ltr'>ante</span> <span class='ocrx_word' id='word_1_82' title='bbox 1835 1175 2074 1260; x_wconf 89' lang='lat' dir='ltr'>promotionem</span> 
     </span>
     <span class='ocr_line' id='line_1_9' title="bbox 420 1276 2073 1364; baseline -0.001 -22"><span class='ocrx_word' id='word_1_83' title='bbox 420 1286 565 1344; x_wconf 88' lang='lat' dir='ltr'>nostram</span> <span class='ocrx_word' id='word_1_84' title='bbox 597 1281 782 1344; x_wconf 85' lang='lat' dir='ltr'>curavimus</span> <span class='ocrx_word' id='word_1_85' title='bbox 815 1280 984 1344; x_wconf 88' lang='lat' dir='ltr'>exhibere.</span> <span class='ocrx_word' id='word_1_86' title='bbox 1015 1307 1016 1310; x_wconf 39' lang='lat'>¹</span> <span class='ocrx_word' id='word_1_87' title='bbox 1042 1276 1126 1340; x_wconf 84' lang='lat' dir='ltr'>Vide</span> <span class='ocrx_word' id='word_1_88' title='bbox 1158 1278 1186 1340; x_wconf 88' lang='lat' dir='ltr'>ai</span> <span class='ocrx_word' id='word_1_89' title='bbox 1218 1276 1326 1340; x_wconf 85' lang='lat' dir='ltr'>fecisti</span> <span class='ocrx_word' id='word_1_90' title='bbox 1359 1277 1444 1362; x_wconf 92' lang='lat' dir='ltr'>quod</span> <span class='ocrx_word' id='word_1_91' title='bbox 1474 1277 1756 1364; x_wconf 89' lang='lat' dir='ltr'>archiepiscopum</span> <span class='ocrx_word' id='word_1_92' title='bbox 1784 1278 1907 1356; x_wconf 92' lang='lat' dir='ltr'>decuit,</span> <span class='ocrx_word' id='word_1_93' title='bbox 1940 1278 2015 1342; x_wconf 88' lang='lat' dir='ltr'>vide</span> <span class='ocrx_word' id='word_1_94' title='bbox 2046 1279 2073 1341; x_wconf 92' lang='lat' dir='ltr'>si</span> 
     </span>
     <span class='ocr_line' id='line_1_10' title="bbox 422 1379 2073 1467; baseline -0.001 -22"><span class='ocrx_word' id='word_1_95' title='bbox 422 1383 616 1466; x_wconf 84' lang='lat' dir='ltr'>promissam</span> <span class='ocrx_word' id='word_1_96' title='bbox 639 1382 819 1467; x_wconf 92' lang='lat' dir='ltr'>apostolice</span> <span class='ocrx_word' id='word_1_97' title='bbox 850 1380 920 1444; x_wconf 91' lang='lat' dir='ltr'>sedi</span> <span class='ocrx_word' id='word_1_98' title='bbox 949 1379 1170 1444; x_wconf 90' lang='lat' dir='ltr'>obedientiam</span> <span class='ocrx_word' id='word_1_99' title='bbox 1199 1379 1358 1443; x_wconf 84' lang='lat' dir='ltr'>inoffense</span> <span class='ocrx_word' id='word_1_100' title='bbox 1390 1381 1544 1444; x_wconf 84' lang='lat' dir='ltr'>servasti!</span> <span class='ocrx_word' id='word_1_101' title='bbox 1589 1380 1634 1443; x_wconf 92' lang='lat' dir='ltr'>Ut</span> <span class='ocrx_word' id='word_1_102' title='bbox 1656 1387 1766 1445; x_wconf 89' lang='lat' dir='ltr'>autem</span> <span class='ocrx_word' id='word_1_103' title='bbox 1788 1382 1849 1445; x_wconf 92' lang='lat' dir='ltr'>hcc</span> <span class='ocrx_word' id='word_1_104' title='bbox 1872 1380 1913 1445; x_wconf 88' lang='lat' dir='ltr'>ad</span> <span class='ocrx_word' id='word_1_105' title='bbox 1936 1402 2073 1466; x_wconf 89' lang='lat' dir='ltr'>presens</span> 
     </span>
     <span class='ocr_line' id='line_1_11' title="bbox 422 1483 2145 1570; baseline -0.002 -21"><span class='ocrx_word' id='word_1_106' title='bbox 422 1486 564 1550; x_wconf 83' lang='lat' dir='ltr'>sufficiat</span> <span class='ocrx_word' id='word_1_107' title='bbox 588 1485 790 1570; x_wconf 86' lang='lat' dir='ltr'>obiurgatio,</span> <span class='ocrx_word' id='word_1_108' title='bbox 823 1483 1020 1548; x_wconf 83' lang='lat' dir='ltr'>fraternitati</span> <span class='ocrx_word' id='word_1_109' title='bbox 1046 1490 1101 1546; x_wconf 89' lang='lat' dir='ltr'>tue</span> <span class='ocrx_word' id='word_1_110' title='bbox 1130 1504 1189 1567; x_wconf 92' lang='lat' dir='ltr'>per</span> <span class='ocrx_word' id='word_1_111' title='bbox 1215 1484 1397 1567; x_wconf 91' lang='lat' dir='ltr'>apostolica</span> <span class='ocrx_word' id='word_1_112' title='bbox 1429 1484 1550 1569; x_wconf 89' lang='lat' dir='ltr'>scripta</span> <span class='ocrx_word' id='word_1_113' title='bbox 1572 1483 1778 1562; x_wconf 89' lang='lat' dir='ltr'>mandamus,</span> <span class='ocrx_word' id='word_1_114' title='bbox 1807 1484 1958 1567; x_wconf 91' lang='lat' dir='ltr'>quatinus</span> <span class='ocrx_word' id='word_1_115' title='bbox 1988 1483 2072 1546; x_wconf 83' lang='lat' dir='ltr'>inira</span> <span class='ocrx_word' id='word_1_116' title='bbox 2139 1501 2145 1530; x_wconf 73' lang='lat'>1</span> 
     </span>
     <span class='ocr_line' id='line_1_12' title="bbox 421 1584 2073 1673; baseline -0.001 -23"><span class='ocrx_word' id='word_1_117' title='bbox 421 1608 569 1652; x_wconf 90' lang='lat' dir='ltr'>mensem</span> <span class='ocrx_word' id='word_1_118' title='bbox 610 1594 685 1673; x_wconf 88' lang='lat' dir='ltr'>post</span> <span class='ocrx_word' id='word_1_119' title='bbox 724 1587 968 1671; x_wconf 88' lang='lat' dir='ltr'>susceptionem</span> <span class='ocrx_word' id='word_1_120' title='bbox 1003 1584 1205 1669; x_wconf 87' lang='lat' dir='ltr'>presentium</span> <span class='ocrx_word' id='word_1_121' title='bbox 1242 1584 1404 1668; x_wconf 87' lang='lat' dir='ltr'>prefatum</span> <span class='ocrx_word' id='word_1_122' title='bbox 1437 1584 1651 1650; x_wconf 90' lang='lat' dir='ltr'>Woleherum</span> <span class='ocrx_word' id='word_1_123' title='bbox 1694 1608 1826 1670; x_wconf 88' lang='lat' dir='ltr'>prorsus</span> <span class='ocrx_word' id='word_1_124' title='bbox 1868 1607 2020 1650; x_wconf 88' lang='lat' dir='ltr'>amoveas</span> <span class='ocrx_word' id='word_1_125' title='bbox 2054 1607 2073 1649; x_wconf 88' lang='lat' dir='ltr'>a</span> 
     </span>
     <span class='ocr_line' id='line_1_13' title="bbox 421 1688 2072 1776; baseline -0.001 -23"><span class='ocrx_word' id='word_1_126' title='bbox 421 1690 588 1776; x_wconf 89' lang='lat' dir='ltr'>prelatura</span> <span class='ocrx_word' id='word_1_127' title='bbox 603 1691 793 1754; x_wconf 90' lang='lat' dir='ltr'>monasterii</span> <span class='ocrx_word' id='word_1_128' title='bbox 810 1691 990 1768; x_wconf 89' lang='lat' dir='ltr'>memorati,</span> <span class='ocrx_word' id='word_1_129' title='bbox 1014 1695 1047 1751; x_wconf 92' lang='lat' dir='ltr'>et</span> <span class='ocrx_word' id='word_1_130' title='bbox 1063 1688 1251 1766; x_wconf 90' lang='lat' dir='ltr'>sententias,</span> <span class='ocrx_word' id='word_1_131' title='bbox 1267 1709 1348 1771; x_wconf 89' lang='lat' dir='ltr'>quas</span> <span class='ocrx_word' id='word_1_132' title='bbox 1365 1689 1397 1752; x_wconf 93' lang='lat' dir='ltr'>in</span> <span class='ocrx_word' id='word_1_133' title='bbox 1414 1688 1578 1774; x_wconf 88' lang='lat' dir='ltr'>predictos</span> <span class='ocrx_word' id='word_1_134' title='bbox 1596 1689 1830 1753; x_wconf 88' lang='lat' dir='ltr'>subdiaconum</span> <span class='ocrx_word' id='word_1_135' title='bbox 1846 1696 1880 1754; x_wconf 92' lang='lat' dir='ltr'>et</span> <span class='ocrx_word' id='word_1_136' title='bbox 1896 1689 2072 1752; x_wconf 88' lang='lat' dir='ltr'>monachos</span> 
     </span>
     <span class='ocr_line' id='line_1_14' title="bbox 421 1791 2072 1876; baseline 0 -22"><span class='ocrx_word' id='word_1_137' title='bbox 421 1792 651 1876; x_wconf 86' lang='lat' dir='ltr'>promulgasti,</span> <span class='ocrx_word' id='word_1_138' title='bbox 685 1793 754 1856; x_wconf 89' lang='lat' dir='ltr'>siue</span> <span class='ocrx_word' id='word_1_139' title='bbox 789 1791 979 1855; x_wconf 86' lang='lat' dir='ltr'>difficultate</span> <span class='ocrx_word' id='word_1_140' title='bbox 1009 1791 1155 1866; x_wconf 88' lang='lat' dir='ltr'>relaxes,</span> <span class='ocrx_word' id='word_1_141' title='bbox 1192 1797 1248 1853; x_wconf 92' lang='lat' dir='ltr'>aut</span> <span class='ocrx_word' id='word_1_142' title='bbox 1283 1792 1380 1854; x_wconf 88' lang='lat' dir='ltr'>etiam</span> <span class='ocrx_word' id='word_1_143' title='bbox 1410 1793 1514 1855; x_wconf 90' lang='lat' dir='ltr'>nullas</span> <span class='ocrx_word' id='word_1_144' title='bbox 1550 1813 1624 1856; x_wconf 90' lang='lat' dir='ltr'>esse</span> <span class='ocrx_word' id='word_1_145' title='bbox 1661 1791 1850 1871; x_wconf 90' lang='lat' dir='ltr'>denunties,</span> <span class='ocrx_word' id='word_1_146' title='bbox 1887 1814 1959 1856; x_wconf 90' lang='lat' dir='ltr'>cum</span> <span class='ocrx_word' id='word_1_147' title='bbox 1991 1791 2072 1855; x_wconf 88' lang='lat' dir='ltr'>iam-</span> 
     </span>
     <span class='ocr_line' id='line_1_15' title="bbox 421 1894 2073 1980; baseline -0.002 -22"><span class='ocrx_word' id='word_1_148' title='bbox 421 1895 544 1958; x_wconf 91' lang='lat' dir='ltr'>dictum</span> <span class='ocrx_word' id='word_1_149' title='bbox 566 1896 800 1959; x_wconf 88' lang='lat' dir='ltr'>monasterium</span> <span class='ocrx_word' id='word_1_150' title='bbox 822 1900 987 1958; x_wconf 88' lang='lat' dir='ltr'>asseratur</span> <span class='ocrx_word' id='word_1_151' title='bbox 1011 1899 1200 1977; x_wconf 86' lang='lat' dir='ltr'>exemptum</span> <span class='ocrx_word' id='word_1_152' title='bbox 1223 1900 1256 1956; x_wconf 93' lang='lat' dir='ltr'>et</span> <span class='ocrx_word' id='word_1_153' title='bbox 1281 1894 1428 1977; x_wconf 88' lang='lat' dir='ltr'>legitima</span> <span class='ocrx_word' id='word_1_154' title='bbox 1450 1894 1576 1958; x_wconf 90' lang='lat' dir='ltr'>dicatur</span> <span class='ocrx_word' id='word_1_155' title='bbox 1598 1895 1775 1980; x_wconf 85' lang='lat' dir='ltr'>appellatio</span> <span class='ocrx_word' id='word_1_156' title='bbox 1798 1895 2011 1979; x_wconf 90' lang='lat' dir='ltr'>processisse,</span> <span class='ocrx_word' id='word_1_157' title='bbox 2034 1913 2073 1956; x_wconf 90' lang='lat' dir='ltr'>ac</span> 
     </span>
     <span class='ocr_line' id='line_1_16' title="bbox 422 1994 2071 2082; baseline 0 -22"><span class='ocrx_word' id='word_1_158' title='bbox 422 1997 581 2061; x_wconf 88' lang='lat' dir='ltr'>dictarum</span> <span class='ocrx_word' id='word_1_159' title='bbox 605 1998 801 2062; x_wconf 90' lang='lat' dir='ltr'>electionum</span> <span class='ocrx_word' id='word_1_160' title='bbox 825 2017 956 2060; x_wconf 88' lang='lat' dir='ltr'>causam</span> <span class='ocrx_word' id='word_1_161' title='bbox 981 2016 1090 2058; x_wconf 87' lang='lat' dir='ltr'>coram</span> <span class='ocrx_word' id='word_1_162' title='bbox 1113 1995 1249 2079; x_wconf 87' lang='lat' dir='ltr'>prefatis</span> <span class='ocrx_word' id='word_1_163' title='bbox 1280 1994 1441 2059; x_wconf 89' lang='lat' dir='ltr'>iudicibus</span> <span class='ocrx_word' id='word_1_164' title='bbox 1466 1998 1535 2060; x_wconf 89' lang='lat' dir='ltr'>sine</span> <span class='ocrx_word' id='word_1_165' title='bbox 1559 1997 1791 2082; x_wconf 88' lang='lat' dir='ltr'>impedimento</span> <span class='ocrx_word' id='word_1_166' title='bbox 1814 1997 1984 2082; x_wconf 88' lang='lat' dir='ltr'>permittas</span> <span class='ocrx_word' id='word_1_167' title='bbox 2007 1997 2071 2060; x_wconf 91' lang='lat' dir='ltr'>fine</span> 
     </span>
     <span class='ocr_line' id='line_1_17' title="bbox 421 2097 2183 2184; baseline -0.001 -20"><span class='ocrx_word' id='word_1_168' title='bbox 421 2101 533 2166; x_wconf 89' lang='lat' dir='ltr'>debito</span> <span class='ocrx_word' id='word_1_169' title='bbox 565 2102 749 2176; x_wconf 88' lang='lat' dir='ltr'>terminari,</span> <span class='ocrx_word' id='word_1_170' title='bbox 779 2101 919 2164; x_wconf 90' lang='lat' dir='ltr'>ecclesie</span> <span class='ocrx_word' id='word_1_171' title='bbox 950 2097 1135 2184; x_wconf 87' lang='lat' dir='ltr'>supradicte</span> <span class='ocrx_word' id='word_1_172' title='bbox 1165 2098 1342 2160; x_wconf 88' lang='lat' dir='ltr'>restituens</span> <span class='ocrx_word' id='word_1_173' title='bbox 1370 2119 1409 2161; x_wconf 90' lang='lat' dir='ltr'>ea</span> <span class='ocrx_word' id='word_1_174' title='bbox 1438 2099 1555 2183; x_wconf 91' lang='lat' dir='ltr'>quibus</span> <span class='ocrx_word' id='word_1_175' title='bbox 1585 2100 1694 2163; x_wconf 92' lang='lat' dir='ltr'>extitit</span> <span class='ocrx_word' id='word_1_176' title='bbox 1725 2101 1874 2184; x_wconf 90' lang='lat' dir='ltr'>spoliata.</span> <span class='ocrx_word' id='word_1_177' title='bbox 1918 2099 2074 2183; x_wconf 84' lang='lat' dir='ltr'>Alioquin</span> <span class='ocrx_word' id='word_1_178' title='bbox 2181 2105 2183 2108; x_wconf 80' lang='grc'><strong>’</strong></span> 
     </span>
     <span class='ocr_line' id='line_1_18' title="bbox 421 2201 2074 2280; baseline -0.002 -12"><span class='ocrx_word' id='word_1_179' title='bbox 421 2205 549 2269; x_wconf 88' lang='lat' dir='ltr'>noveris</span> <span class='ocrx_word' id='word_1_180' title='bbox 573 2226 632 2268; x_wconf 89' lang='lat' dir='ltr'>nos</span> <span class='ocrx_word' id='word_1_181' title='bbox 657 2254 663 2267; x_wconf 91' lang='lat'><strong>.</strong></span> <span class='ocrx_word' id='word_1_182' title='bbox 689 2253 696 2267; x_wconf 93' lang='lat'>.</span> <span class='ocrx_word' id='word_1_183' title='bbox 720 2204 831 2268; x_wconf 88' lang='lat' dir='ltr'>abbati</span> <span class='ocrx_word' id='word_1_184' title='bbox 855 2203 895 2266; x_wconf 91' lang='lat' dir='ltr'>de</span> <span class='ocrx_word' id='word_1_185' title='bbox 920 2202 1206 2266; x_wconf 81' lang='lat' dir='ltr'>Crelrnrsmunster</span> <span class='ocrx_word' id='word_1_186' title='bbox 1216 2202 1237 2280; x_wconf 89' lang='lat'>¹,</span> <span class='ocrx_word' id='word_1_187' title='bbox 1264 2252 1270 2265; x_wconf 94' lang='lat'><strong><em>.</em></strong></span> <span class='ocrx_word' id='word_1_188' title='bbox 1296 2251 1302 2264; x_wconf 92' lang='lat'><strong>.</strong></span> <span class='ocrx_word' id='word_1_189' title='bbox 1326 2201 1486 2266; x_wconf 91' lang='lat' dir='ltr'>dedomo</span> <span class='ocrx_word' id='word_1_190' title='bbox 1511 2205 1613 2266; x_wconf 90' lang='lat' dir='ltr'>saneti</span> <span class='ocrx_word' id='word_1_191' title='bbox 1636 2203 1802 2266; x_wconf 82' lang='lat' dir='ltr'>Floriani²</span> <span class='ocrx_word' id='word_1_192' title='bbox 1825 2209 1858 2265; x_wconf 93' lang='lat' dir='ltr'>ct</span> <span class='ocrx_word' id='word_1_193' title='bbox 1883 2250 1889 2264; x_wconf 93' lang='lat'><em>.</em></span> <span class='ocrx_word' id='word_1_194' title='bbox 1914 2251 1921 2264; x_wconf 93' lang='lat'><em>.</em></span> <span class='ocrx_word' id='word_1_195' title='bbox 1945 2201 2074 2265; x_wconf 88' lang='lat' dir='ltr'>Matshe</span> 
     </span>
     <span class='ocr_line' id='line_1_19' title="bbox 422 2303 2073 2393; baseline -0.002 -24"><span class='ocrx_word' id='word_1_196' title='bbox 422 2306 598 2393; x_wconf 89' lang='lat' dir='ltr'>prepositis</span> <span class='ocrx_word' id='word_1_197' title='bbox 623 2306 830 2370; x_wconf 84' lang='lat' dir='ltr'>Pataviensia</span> <span class='ocrx_word' id='word_1_198' title='bbox 854 2305 994 2368; x_wconf 90' lang='lat' dir='ltr'>diocesis</span> <span class='ocrx_word' id='word_1_199' title='bbox 1017 2326 1077 2388; x_wconf 90' lang='lat' dir='ltr'>per</span> <span class='ocrx_word' id='word_1_200' title='bbox 1099 2313 1226 2368; x_wconf 88' lang='lat' dir='ltr'>nostras</span> <span class='ocrx_word' id='word_1_201' title='bbox 1251 2305 1377 2368; x_wconf 87' lang='lat' dir='ltr'>litteras</span> <span class='ocrx_word' id='word_1_202' title='bbox 1393 2305 1611 2380; x_wconf 80' lang='lat' dir='ltr'>nrandavissc,</span> <span class='ocrx_word' id='word_1_203' title='bbox 1634 2312 1670 2368; x_wconf 89' lang='lat' dir='ltr'>ut</span> <span class='ocrx_word' id='word_1_204' title='bbox 1693 2314 1725 2368; x_wconf 93' lang='lat' dir='ltr'>te</span> <span class='ocrx_word' id='word_1_205' title='bbox 1748 2305 1782 2368; x_wconf 92' lang='lat' dir='ltr'>in</span> <span class='ocrx_word' id='word_1_206' title='bbox 1804 2303 1948 2368; x_wconf 89' lang='lat' dir='ltr'>mandati</span> <span class='ocrx_word' id='word_1_207' title='bbox 1971 2305 2073 2367; x_wconf 89' lang='lat' dir='ltr'>nostri</span> 
     </span>
     <span class='ocr_line' id='line_1_20' title="bbox 422 2405 2075 2492; baseline -0.002 -20"><span class='ocrx_word' id='word_1_208' title='bbox 422 2408 618 2473; x_wconf 86' lang='lat' dir='ltr'>executione</span> <span class='ocrx_word' id='word_1_209' title='bbox 643 2415 809 2487; x_wconf 91' lang='lat' dir='ltr'>cessante,</span> <span class='ocrx_word' id='word_1_210' title='bbox 838 2407 902 2492; x_wconf 90' lang='lat' dir='ltr'>ipsi</span> <span class='ocrx_word' id='word_1_211' title='bbox 931 2408 1125 2471; x_wconf 87' lang='lat' dir='ltr'>auctoritate</span> <span class='ocrx_word' id='word_1_212' title='bbox 1159 2415 1272 2471; x_wconf 88' lang='lat' dir='ltr'>nostra</span> <span class='ocrx_word' id='word_1_213' title='bbox 1295 2429 1357 2491; x_wconf 91' lang='lat' dir='ltr'>que</span> <span class='ocrx_word' id='word_1_214' title='bbox 1381 2409 1540 2492; x_wconf 90' lang='lat' dir='ltr'>premissa</span> <span class='ocrx_word' id='word_1_215' title='bbox 1570 2415 1645 2471; x_wconf 91' lang='lat' dir='ltr'>sunt</span> <span class='ocrx_word' id='word_1_216' title='bbox 1667 2407 1706 2472; x_wconf 91' lang='lat' dir='ltr'>de</span> <span class='ocrx_word' id='word_1_217' title='bbox 1730 2408 1893 2470; x_wconf 88' lang='lat' dir='ltr'>amotione</span> <span class='ocrx_word' id='word_1_218' title='bbox 1917 2405 2075 2490; x_wconf 88' lang='lat' dir='ltr'>sepedicti</span> 
     </span>
     <span class='ocr_line' id='line_1_21' title="bbox 424 2509 2153 2594; baseline -0.001 -22"><span class='ocrx_word' id='word_1_219' title='bbox 424 2509 595 2574; x_wconf 90' lang='lat' dir='ltr'>Woleheri</span> <span class='ocrx_word' id='word_1_220' title='bbox 625 2532 663 2574; x_wconf 90' lang='lat' dir='ltr'>ao</span> <span class='ocrx_word' id='word_1_221' title='bbox 691 2511 894 2575; x_wconf 84' lang='lat' dir='ltr'>relaxatione</span> <span class='ocrx_word' id='word_1_222' title='bbox 925 2511 1178 2587; x_wconf 88' lang='lat' dir='ltr'>sententiarum,</span> <span class='ocrx_word' id='word_1_223' title='bbox 1209 2531 1289 2594; x_wconf 84' lang='lat' dir='ltr'>quas</span> <span class='ocrx_word' id='word_1_224' title='bbox 1316 2511 1350 2571; x_wconf 94' lang='lat' dir='ltr'>in</span> <span class='ocrx_word' id='word_1_225' title='bbox 1377 2510 1548 2573; x_wconf 89' lang='lat' dir='ltr'>iamdictos</span> <span class='ocrx_word' id='word_1_226' title='bbox 1573 2510 1748 2574; x_wconf 90' lang='lat' dir='ltr'>monachos</span> <span class='ocrx_word' id='word_1_227' title='bbox 1778 2518 1811 2574; x_wconf 91' lang='lat' dir='ltr'>et</span> <span class='ocrx_word' id='word_1_228' title='bbox 1841 2509 2074 2572; x_wconf 88' lang='lat' dir='ltr'>subdiaconum</span> <span class='ocrx_word' id='word_1_229' title='bbox 2128 2529 2153 2564; x_wconf 68' lang='lat' dir='ltr'>:u</span> 
     </span>
     <span class='ocr_line' id='line_1_22' title="bbox 421 2611 2076 2697; baseline 0 -23"><span class='ocrx_word' id='word_1_230' title='bbox 421 2612 646 2697; x_wconf 87' lang='lat' dir='ltr'>promulgasti,</span> <span class='ocrx_word' id='word_1_231' title='bbox 672 2613 800 2676; x_wconf 91' lang='lat' dir='ltr'>sublato</span> <span class='ocrx_word' id='word_1_232' title='bbox 819 2613 995 2675; x_wconf 90' lang='lat' dir='ltr'>cuiuslibet</span> <span class='ocrx_word' id='word_1_233' title='bbox 1012 2612 1242 2697; x_wconf 87' lang='lat' dir='ltr'>appellationis</span> <span class='ocrx_word' id='word_1_234' title='bbox 1260 2619 1293 2674; x_wconf 92' lang='lat' dir='ltr'>et</span> <span class='ocrx_word' id='word_1_235' title='bbox 1304 2611 1574 2676; x_wconf 89' lang='lat' dir='ltr'>contradictionis</span> <span class='ocrx_word' id='word_1_236' title='bbox 1591 2614 1771 2690; x_wconf 86' lang='lat' dir='ltr'>obstaculo,</span> <span class='ocrx_word' id='word_1_237' title='bbox 1791 2614 1929 2677; x_wconf 88' lang='lat' dir='ltr'>veritate</span> <span class='ocrx_word' id='word_1_238' title='bbox 1946 2611 2076 2695; x_wconf 89' lang='lat' dir='ltr'>cognita</span> 
     </span>
     <span class='ocr_line' id='line_1_23' title="bbox 421 2713 2075 2799; baseline -0.002 -21"><span class='ocrx_word' id='word_1_239' title='bbox 421 2720 644 2798; x_wconf 87' lang='lat' dir='ltr'>exequentes,</span> <span class='ocrx_word' id='word_1_240' title='bbox 678 2736 716 2779; x_wconf 92' lang='lat' dir='ltr'>ac</span> <span class='ocrx_word' id='word_1_241' title='bbox 749 2715 957 2799; x_wconf 88' lang='lat' dir='ltr'>iniungentes</span> <span class='ocrx_word' id='word_1_242' title='bbox 993 2714 1187 2799; x_wconf 86' lang='lat' dir='ltr'>supradietis</span> <span class='ocrx_word' id='word_1_243' title='bbox 1223 2713 1385 2777; x_wconf 87' lang='lat' dir='ltr'>iudicibus</span> <span class='ocrx_word' id='word_1_244' title='bbox 1418 2722 1454 2778; x_wconf 93' lang='lat' dir='ltr'>ut</span> <span class='ocrx_word' id='word_1_245' title='bbox 1489 2716 1608 2780; x_wconf 88' lang='lat' dir='ltr'>nullius</span> <span class='ocrx_word' id='word_1_246' title='bbox 1640 2715 1895 2779; x_wconf 88' lang='lat' dir='ltr'>contradictione</span> <span class='ocrx_word' id='word_1_247' title='bbox 1925 2714 2075 2777; x_wconf 90' lang='lat' dir='ltr'>obstante</span> 
     </span>
     <span class='ocr_line' id='line_1_24' title="bbox 421 2816 2075 2904; baseline 0.001 -26"><span class='ocrx_word' id='word_1_248' title='bbox 421 2816 601 2902; x_wconf 89' lang='lat' dir='ltr'>procedant</span> <span class='ocrx_word' id='word_1_249' title='bbox 632 2818 664 2880; x_wconf 93' lang='lat' dir='ltr'>in</span> <span class='ocrx_word' id='word_1_250' title='bbox 689 2838 805 2898; x_wconf 91' lang='lat' dir='ltr'>causa,</span> <span class='ocrx_word' id='word_1_251' title='bbox 836 2819 929 2882; x_wconf 91' lang='lat' dir='ltr'>iuxta</span> <span class='ocrx_word' id='word_1_252' title='bbox 951 2817 1102 2881; x_wconf 89' lang='lat' dir='ltr'>traditam</span> <span class='ocrx_word' id='word_1_253' title='bbox 1134 2817 1198 2880; x_wconf 92' lang='lat' dir='ltr'>sibi</span> <span class='ocrx_word' id='word_1_254' title='bbox 1220 2817 1357 2879; x_wconf 83' lang='lat' dir='ltr'>formam</span> <span class='ocrx_word' id='word_1_255' title='bbox 1390 2839 1488 2902; x_wconf 89' lang='lat' dir='ltr'>super</span> <span class='ocrx_word' id='word_1_256' title='bbox 1517 2820 1712 2904; x_wconf 89' lang='lat' dir='ltr'>spoliatione</span> <span class='ocrx_word' id='word_1_257' title='bbox 1742 2818 1882 2882; x_wconf 88' lang='lat' dir='ltr'>ecclesie</span> <span class='ocrx_word' id='word_1_258' title='bbox 1911 2816 2075 2880; x_wconf 92' lang='lat' dir='ltr'>antedicto</span> 
     </span>
     <span class='ocr_line' id='line_1_25' title="bbox 423 2918 1989 3006; baseline 0.003 -25"><span class='ocrx_word' id='word_1_259' title='bbox 423 2918 557 2982; x_wconf 90' lang='lat' dir='ltr'>audiant</span> <span class='ocrx_word' id='word_1_260' title='bbox 579 2919 655 2983; x_wconf 91' lang='lat' dir='ltr'>hine</span> <span class='ocrx_word' id='word_1_261' title='bbox 678 2919 754 2984; x_wconf 91' lang='lat' dir='ltr'>inde</span> <span class='ocrx_word' id='word_1_262' title='bbox 778 2922 956 3006; x_wconf 89' lang='lat' dir='ltr'>proposita,</span> <span class='ocrx_word' id='word_1_263' title='bbox 981 2927 1014 2984; x_wconf 90' lang='lat' dir='ltr'>et</span> <span class='ocrx_word' id='word_1_264' title='bbox 1037 2919 1122 3004; x_wconf 94' lang='lat' dir='ltr'>quod</span> <span class='ocrx_word' id='word_1_265' title='bbox 1146 2921 1266 2983; x_wconf 90' lang='lat' dir='ltr'>iustum</span> <span class='ocrx_word' id='word_1_266' title='bbox 1290 2920 1388 2983; x_wconf 83' lang='lat' dir='ltr'>fuerit</span> <span class='ocrx_word' id='word_1_267' title='bbox 1411 2923 1632 3006; x_wconf 90' lang='lat' dir='ltr'>appellatione</span> <span class='ocrx_word' id='word_1_268' title='bbox 1656 2927 1780 2986; x_wconf 89' lang='lat' dir='ltr'>remota</span> <span class='ocrx_word' id='word_1_269' title='bbox 1802 2920 1989 2985; x_wconf 89' lang='lat' dir='ltr'>decernant.</span> 
     </span>
    </p>

    <p class='ocr_par' dir='ltr' id='par_1_3' title="bbox 530 3019 1406 3109">
     <span class='ocr_line' id='line_1_26' title="bbox 530 3019 1406 3109; baseline 0.003 -26"><span class='ocrx_word' id='word_1_270' title='bbox 530 3019 607 3087; x_wconf 90' lang='lat' dir='ltr'>Dat.</span> <span class='ocrx_word' id='word_1_271' title='bbox 630 3020 812 3103; x_wconf 80' lang='lat' dir='ltr'>Ferentini,</span> <span class='ocrx_word' id='word_1_272' title='bbox 835 3022 910 3087; x_wconf 90' lang='lat' dir='ltr'>Kal.</span> <span class='ocrx_word' id='word_1_273' title='bbox 936 3022 1118 3109; x_wconf 83' lang='lat' dir='ltr'>Septembr.</span> <span class='ocrx_word' id='word_1_274' title='bbox 1144 3043 1229 3086; x_wconf 89' lang='lat' dir='ltr'>anno</span> <span class='ocrx_word' id='word_1_275' title='bbox 1253 3021 1406 3086; x_wconf 86' lang='lat' dir='ltr'>secundo.</span> 
     </span>
    </p>
   </div>
   <div class='ocr_carea' id='block_1_3' title="bbox 1220 3626 1279 3696">
    <p class='ocr_par' dir='ltr' id='par_1_4' title="bbox 1220 3626 1279 3696">
     <span class='ocr_line' id='line_1_27' title="bbox 1220 3626 1279 3696; baseline 0 0"><span class='ocrx_word' id='word_1_276' title='bbox 1220 3626 1279 3696; x_wconf 90' lang='lat'>33.</span> 
     </span>
    </p>
   </div>
   <div class='ocr_carea' id='block_1_4' title="bbox 424 3737 2077 3956">
    <p class='ocr_par' dir='ltr' id='par_1_5' title="bbox 424 3737 2077 3956">
     <span class='ocr_line' id='line_1_28' title="bbox 535 3737 2077 3853; baseline 0.005 -23"><span class='ocrx_word' id='word_1_277' title='bbox 535 3737 722 3836; x_wconf 79' lang='lat' dir='ltr'>Honorius</span> <span class='ocrx_word' id='word_1_278' title='bbox 737 3771 803 3836; x_wconf 88' lang='lat'>111</span> <span class='ocrx_word' id='word_1_279' title='bbox 814 3793 905 3852; x_wconf 77' lang='lat' dir='ltr'>papo</span> <span class='ocrx_word' id='word_1_280' title='bbox 921 3772 1064 3852; x_wconf 79' lang='lat' dir='ltr'>capitulo</span> <span class='ocrx_word' id='word_1_281' title='bbox 1080 3771 1243 3834; x_wconf 71' lang='lat' dir='ltr'>Laeuiano-i</span> <span class='ocrx_word' id='word_1_282' title='bbox 1261 3745 1397 3836; x_wconf 69' lang='lat' dir='ltr'>coaccedit</span> <span class='ocrx_word' id='word_1_283' title='bbox 1412 3771 1569 3835; x_wconf 77' lang='lat' dir='ltr'>licentium</span> <span class='ocrx_word' id='word_1_284' title='bbox 1585 3771 1760 3835; x_wconf 79' lang='lat' dir='ltr'>celebrandi</span> <span class='ocrx_word' id='word_1_285' title='bbox 1781 3772 1899 3851; x_wconf 71' lang='lat' dir='ltr'>dioillo,</span> <span class='ocrx_word' id='word_1_286' title='bbox 1921 3795 1989 3837; x_wconf 77' lang='lat' dir='ltr'>curu</span> <span class='ocrx_word' id='word_1_287' title='bbox 2004 3795 2077 3853; x_wconf 76' lang='lat' dir='ltr'>pao:</span> 
     </span>
     <span class='ocr_line' id='line_1_29' title="bbox 424 3874 1987 3956; baseline -0.001 -15"><span class='ocrx_word' id='word_1_288' title='bbox 424 3880 506 3942; x_wconf 83' lang='lat' dir='ltr'>inter</span> <span class='ocrx_word' id='word_1_289' title='bbox 527 3878 608 3942; x_wconf 83' lang='lat' dir='ltr'>cives</span> <span class='ocrx_word' id='word_1_290' title='bbox 629 3876 812 3940; x_wconf 70' lang='lat' dir='ltr'>Loademcs</span> <span class='ocrx_word' id='word_1_291' title='bbox 833 3880 862 3938; x_wconf 87' lang='lat' dir='ltr'>ct</span> <span class='ocrx_word' id='word_1_292' title='bbox 883 3875 1056 3955; x_wconf 78' lang='lat' dir='ltr'>Papicascs</span> <span class='ocrx_word' id='word_1_293' title='bbox 1078 3875 1249 3954; x_wconf 75' lang='lat' dir='ltr'>rclbrrnala</span> <span class='ocrx_word' id='word_1_294' title='bbox 1272 3874 1322 3939; x_wconf 81' lang='lat' dir='ltr'>sit.</span> <span class='ocrx_word' id='word_1_295' title='bbox 1713 3879 1806 3953; x_wconf 77' lang='lat'>1217,</span> <span class='ocrx_word' id='word_1_296' title='bbox 1830 3875 1912 3956; x_wconf 79' lang='lat' dir='ltr'>Sept.</span> <span class='ocrx_word' id='word_1_297' title='bbox 1936 3881 1987 3940; x_wconf 84' lang='lat'>16.</span> 
     </span>
    </p>
   </div>
   <div class='ocr_carea' id='block_1_5' title="bbox 529 4011 1194 4082">
    <p class='ocr_par' dir='ltr' id='par_1_6' title="bbox 529 4011 1194 4082">
     <span class='ocr_line' id='line_1_30' title="bbox 529 4011 1194 4082; baseline -0.003 -15"><span class='ocrx_word' id='word_1_298' title='bbox 529 4014 602 4067; x_wconf 83' lang='lat' dir='ltr'>Hon.</span> <span class='ocrx_word' id='word_1_299' title='bbox 621 4013 679 4067; x_wconf 93' lang='grc' dir='ltr'>ΙΙΙ</span> <span class='ocrx_word' id='word_1_300' title='bbox 695 4012 762 4082; x_wconf 76' lang='lat' dir='ltr'>ch.</span> <span class='ocrx_word' id='word_1_301' title='bbox 789 4011 844 4065; x_wconf 89' lang='lat' dir='ltr'>Vol.</span> <span class='ocrx_word' id='word_1_302' title='bbox 864 4013 887 4076; x_wconf 91' lang='lat' dir='ltr'>I,</span> <span class='ocrx_word' id='word_1_303' title='bbox 908 4020 970 4075; x_wconf 71' lang='lat'>1543</span> <span class='ocrx_word' id='word_1_304' title='bbox 990 4011 1052 4064; x_wconf 55' lang='lat' dir='ltr'>Ilio.</span> <span class='ocrx_word' id='word_1_305' title='bbox 1073 4012 1113 4073; x_wconf 86' lang='lat' dir='ltr'>II,</span> <span class='ocrx_word' id='word_1_306' title='bbox 1134 4015 1194 4065; x_wconf 81' lang='grc'><strong>633.</strong></span> 
     </span>
    </p>
   </div>
   <div class='ocr_carea' id='block_1_6' title="bbox 1007 4274 1493 4365">
    <p class='ocr_par' dir='ltr' id='par_1_7' title="bbox 1007 4274 1493 4365">
     <span class='ocr_line' id='line_1_31' title="bbox 1007 4274 1493 4365; baseline 0.004 -18"><span class='ocrx_word' id='word_1_307' title='bbox 1007 4274 1221 4365; x_wconf 85' lang='lat' dir='ltr'>Capitulo</span> <span class='ocrx_word' id='word_1_308' title='bbox 1249 4276 1493 4350; x_wconf 87' lang='lat' dir='ltr'>Laudensi.</span> 
     </span>
    </p>
   </div>
   <div class='ocr_carea' id='block_1_7' title="bbox 532 4421 2155 4508">
    <p class='ocr_par' dir='ltr' id='par_1_8' title="bbox 532 4421 2155 4508">
     <span class='ocr_line' id='line_1_32' title="bbox 532 4421 2155 4508; baseline 0.001 -24"><span class='ocrx_word' id='word_1_309' title='bbox 532 4421 585 4485; x_wconf 83' lang='lat' dir='ltr'>Ex</span> <span class='ocrx_word' id='word_1_310' title='bbox 608 4427 700 4504; x_wconf 89' lang='lat' dir='ltr'>parte</span> <span class='ocrx_word' id='word_1_311' title='bbox 716 4426 826 4484; x_wconf 83' lang='lat' dir='ltr'>vestra</span> <span class='ocrx_word' id='word_1_312' title='bbox 842 4421 902 4484; x_wconf 84' lang='lat' dir='ltr'>fuit</span> <span class='ocrx_word' id='word_1_313' title='bbox 917 4423 1120 4507; x_wconf 89' lang='lat' dir='ltr'>propositum</span> <span class='ocrx_word' id='word_1_314' title='bbox 1137 4444 1244 4487; x_wconf 91' lang='lat' dir='ltr'>eoram</span> <span class='ocrx_word' id='word_1_315' title='bbox 1261 4425 1368 4504; x_wconf 91' lang='lat' dir='ltr'>nobis,</span> <span class='ocrx_word' id='word_1_316' title='bbox 1392 4425 1566 4508; x_wconf 86' lang='lat' dir='ltr'>quodcum</span> <span class='ocrx_word' id='word_1_317' title='bbox 1585 4423 1766 4489; x_wconf 85' lang='lat' dir='ltr'>fautoribus</span> <span class='ocrx_word' id='word_1_318' title='bbox 1782 4424 2076 4490; x_wconf 88' lang='lat' dir='ltr'>Mediolanensinm</span> <span class='ocrx_word' id='word_1_319' title='bbox 2129 4453 2155 4488; x_wconf 72' lang='lat' dir='ltr'>m</span> 
     </span>
    </p>
   </div>
   <div class='ocr_carea' id='block_1_8' title="bbox 425 4627 2156 5328">
    <p class='ocr_par' dir='ltr' id='par_1_9' title="bbox 425 4627 2156 5328">
     <span class='ocr_line' id='line_1_33' title="bbox 425 4627 2077 4714; baseline 0.003 -21"><span class='ocrx_word' id='word_1_320' title='bbox 425 4628 636 4714; x_wconf 91' lang='lat' dir='ltr'>Papiensium</span> <span class='ocrx_word' id='word_1_321' title='bbox 660 4633 778 4690; x_wconf 90' lang='lat' dir='ltr'>terram</span> <span class='ocrx_word' id='word_1_322' title='bbox 802 4627 960 4691; x_wconf 89' lang='lat' dir='ltr'>intrarent</span> <span class='ocrx_word' id='word_1_323' title='bbox 977 4649 1048 4692; x_wconf 92' lang='lat' dir='ltr'>cum</span> <span class='ocrx_word' id='word_1_324' title='bbox 1063 4628 1364 4694; x_wconf 89' lang='lat' dir='ltr'>Mediolanensibus</span> <span class='ocrx_word' id='word_1_325' title='bbox 1388 4629 1573 4708; x_wconf 88' lang='lat' dir='ltr'>antedictis,</span> <span class='ocrx_word' id='word_1_326' title='bbox 1597 4633 1684 4695; x_wconf 83' lang='lat' dir='ltr'>cives</span> <span class='ocrx_word' id='word_1_327' title='bbox 1704 4633 1815 4712; x_wconf 88' lang='lat' dir='ltr'>vestri,</span> <span class='ocrx_word' id='word_1_328' title='bbox 1838 4633 1916 4696; x_wconf 90' lang='lat' dir='ltr'>licet</span> <span class='ocrx_word' id='word_1_329' title='bbox 1938 4634 2077 4698; x_wconf 89' lang='lat' dir='ltr'>eandem</span> 
     </span>
     <span class='ocr_line' id='line_1_34' title="bbox 426 4729 2076 4820; baseline 0.003 -25"><span class='ocrx_word' id='word_1_330' title='bbox 426 4739 547 4795; x_wconf 90' lang='lat' dir='ltr'>terram</span> <span class='ocrx_word' id='word_1_331' title='bbox 569 4731 701 4794; x_wconf 92' lang='lat' dir='ltr'>minime</span> <span class='ocrx_word' id='word_1_332' title='bbox 725 4729 927 4810; x_wconf 88' lang='lat' dir='ltr'>intraverint,</span> <span class='ocrx_word' id='word_1_333' title='bbox 949 4730 1038 4814; x_wconf 92' lang='lat' dir='ltr'>ipsos</span> <span class='ocrx_word' id='word_1_334' title='bbox 1063 4736 1172 4796; x_wconf 88' lang='lat' dir='ltr'>tamen</span> <span class='ocrx_word' id='word_1_335' title='bbox 1187 4732 1368 4819; x_wconf 88' lang='lat' dir='ltr'>Papienses</span> <span class='ocrx_word' id='word_1_336' title='bbox 1392 4739 1466 4818; x_wconf 88' lang='lat' dir='ltr'>post</span> <span class='ocrx_word' id='word_1_337' title='bbox 1489 4734 1715 4798; x_wconf 88' lang='lat' dir='ltr'>inhibitionem</span> <span class='ocrx_word' id='word_1_338' title='bbox 1737 4735 1918 4820; x_wconf 89' lang='lat' dir='ltr'>predictam</span> <span class='ocrx_word' id='word_1_339' title='bbox 1941 4738 1974 4799; x_wconf 91' lang='lat' dir='ltr'>in</span> <span class='ocrx_word' id='word_1_340' title='bbox 1998 4758 2076 4800; x_wconf 90' lang='lat' dir='ltr'>eon-</span> 
     </span>
     <span class='ocr_line' id='line_1_35' title="bbox 425 4831 2078 4924; baseline 0.005 -28"><span class='ocrx_word' id='word_1_341' title='bbox 425 4835 515 4897; x_wconf 92' lang='lat' dir='ltr'>tiono</span> <span class='ocrx_word' id='word_1_342' title='bbox 539 4833 670 4918; x_wconf 89' lang='lat' dir='ltr'>publica</span> <span class='ocrx_word' id='word_1_343' title='bbox 692 4831 894 4906; x_wconf 85' lang='lat' dir='ltr'>diffiderunt;</span> <span class='ocrx_word' id='word_1_344' title='bbox 923 4840 1057 4918; x_wconf 91' lang='lat' dir='ltr'>propter</span> <span class='ocrx_word' id='word_1_345' title='bbox 1085 4833 1171 4918; x_wconf 91' lang='lat' dir='ltr'>quod</span> <span class='ocrx_word' id='word_1_346' title='bbox 1200 4838 1355 4899; x_wconf 89' lang='lat' dir='ltr'>cessastis</span> <span class='ocrx_word' id='word_1_347' title='bbox 1385 4837 1550 4901; x_wconf 88' lang='lat' dir='ltr'>humiliter</span> <span class='ocrx_word' id='word_1_348' title='bbox 1580 4858 1598 4900; x_wconf 93' lang='lat' dir='ltr'>a</span> <span class='ocrx_word' id='word_1_349' title='bbox 1626 4837 1758 4917; x_wconf 84' lang='lat' dir='ltr'>divinis,</span> <span class='ocrx_word' id='word_1_350' title='bbox 1790 4840 2012 4924; x_wconf 89' lang='lat' dir='ltr'>supplicantes</span> <span class='ocrx_word' id='word_1_351' title='bbox 2040 4849 2078 4904; x_wconf 92' lang='lat' dir='ltr'>ut</span> 
     </span>
     <span class='ocr_line' id='line_1_36' title="bbox 427 4934 2156 5021; baseline 0.004 -21"><span class='ocrx_word' id='word_1_352' title='bbox 427 4958 500 5000; x_wconf 92' lang='lat' dir='ltr'>oum</span> <span class='ocrx_word' id='word_1_353' title='bbox 524 4957 591 5021; x_wconf 87' lang='lat' dir='ltr'>pax</span> <span class='ocrx_word' id='word_1_354' title='bbox 614 4935 789 4999; x_wconf 85' lang='lat' dir='ltr'>reformata</span> <span class='ocrx_word' id='word_1_355' title='bbox 813 4935 854 4997; x_wconf 88' lang='lat' dir='ltr'>sit</span> <span class='ocrx_word' id='word_1_356' title='bbox 877 4934 963 4998; x_wconf 90' lang='lat' dir='ltr'>inter</span> <span class='ocrx_word' id='word_1_357' title='bbox 985 4936 1073 4999; x_wconf 89' lang='lat' dir='ltr'>cives</span> <span class='ocrx_word' id='word_1_358' title='bbox 1097 4937 1277 5020; x_wconf 89' lang='lat' dir='ltr'>predictos,</span> <span class='ocrx_word' id='word_1_359' title='bbox 1307 4938 1494 5003; x_wconf 90' lang='lat' dir='ltr'>celebrandi</span> <span class='ocrx_word' id='word_1_360' title='bbox 1522 4941 1687 5004; x_wconf 90' lang='lat' dir='ltr'>licentiam</span> <span class='ocrx_word' id='word_1_361' title='bbox 1715 4940 1807 5004; x_wconf 86' lang='lat' dir='ltr'>vobis</span> <span class='ocrx_word' id='word_1_362' title='bbox 1831 4941 2010 5006; x_wconf 86' lang='lat' dir='ltr'>concedere</span> <span class='ocrx_word' id='word_1_363' title='bbox 2034 4942 2075 5006; x_wconf 94' lang='lat' dir='ltr'>de</span> <span class='ocrx_word' id='word_1_364' title='bbox 2130 4967 2156 5002; x_wconf 74' lang='lat' dir='ltr'>:u</span> 
     </span>
     <span class='ocr_line' id='line_1_37' title="bbox 427 5037 2079 5130; baseline 0.005 -28"><span class='ocrx_word' id='word_1_365' title='bbox 427 5046 537 5102; x_wconf 89' lang='lat' dir='ltr'>cetero</span> <span class='ocrx_word' id='word_1_366' title='bbox 567 5037 784 5122; x_wconf 88' lang='lat' dir='ltr'>dignaremur.</span> <span class='ocrx_word' id='word_1_367' title='bbox 840 5037 909 5101; x_wconf 90' lang='lat' dir='ltr'>Nos</span> <span class='ocrx_word' id='word_1_368' title='bbox 938 5037 1038 5122; x_wconf 89' lang='lat' dir='ltr'>igitur</span> <span class='ocrx_word' id='word_1_369' title='bbox 1069 5037 1276 5105; x_wconf 89' lang='lat' dir='ltr'>devotionem</span> <span class='ocrx_word' id='word_1_370' title='bbox 1304 5049 1447 5106; x_wconf 87' lang='lat' dir='ltr'>vestram</span> <span class='ocrx_word' id='word_1_371' title='bbox 1475 5043 1509 5106; x_wconf 89' lang='lat' dir='ltr'>in</span> <span class='ocrx_word' id='word_1_372' title='bbox 1531 5043 1673 5108; x_wconf 90' lang='lat' dir='ltr'>Domino</span> <span class='ocrx_word' id='word_1_373' title='bbox 1704 5045 1985 5126; x_wconf 88' lang='lat' dir='ltr'>commendantes,</span> <span class='ocrx_word' id='word_1_374' title='bbox 2018 5067 2079 5130; x_wconf 91' lang='lat' dir='ltr'>per</span> 
     </span>
     <span class='ocr_line' id='line_1_38' title="bbox 426 5140 2079 5228; baseline 0.004 -22"><span class='ocrx_word' id='word_1_375' title='bbox 426 5141 608 5227; x_wconf 90' lang='lat' dir='ltr'>apostolica</span> <span class='ocrx_word' id='word_1_376' title='bbox 629 5141 723 5205; x_wconf 86' lang='lat' dir='ltr'>vobis</span> <span class='ocrx_word' id='word_1_377' title='bbox 747 5140 868 5226; x_wconf 91' lang='lat' dir='ltr'>scripta</span> <span class='ocrx_word' id='word_1_378' title='bbox 890 5140 1090 5223; x_wconf 88' lang='lat' dir='ltr'>mandamus,</span> <span class='ocrx_word' id='word_1_379' title='bbox 1116 5145 1268 5227; x_wconf 88' lang='lat' dir='ltr'>quatinus</span> <span class='ocrx_word' id='word_1_380' title='bbox 1293 5144 1332 5208; x_wconf 94' lang='lat' dir='ltr'>de</span> <span class='ocrx_word' id='word_1_381' title='bbox 1356 5145 1488 5208; x_wconf 91' lang='lat' dir='ltr'>licentia</span> <span class='ocrx_word' id='word_1_382' title='bbox 1510 5152 1621 5210; x_wconf 88' lang='lat' dir='ltr'>nostra</span> <span class='ocrx_word' id='word_1_383' title='bbox 1651 5147 1753 5211; x_wconf 89' lang='lat' dir='ltr'>libere</span> <span class='ocrx_word' id='word_1_384' title='bbox 1777 5147 1961 5228; x_wconf 90' lang='lat' dir='ltr'>celebretis,</span> <span class='ocrx_word' id='word_1_385' title='bbox 1984 5147 2079 5212; x_wconf 88' lang='lat' dir='ltr'>durn-</span> 
     </span>
     <span class='ocr_line' id='line_1_39' title="bbox 426 5243 1397 5328; baseline 0.003 -21"><span class='ocrx_word' id='word_1_386' title='bbox 426 5244 522 5308; x_wconf 92' lang='lat' dir='ltr'>modo</span> <span class='ocrx_word' id='word_1_387' title='bbox 544 5243 813 5328; x_wconf 90' lang='lat' dir='ltr'>impedimentum</span> <span class='ocrx_word' id='word_1_388' title='bbox 837 5244 923 5308; x_wconf 93' lang='lat' dir='ltr'>aliud</span> <span class='ocrx_word' id='word_1_389' title='bbox 947 5246 1138 5310; x_wconf 88' lang='lat' dir='ltr'>canonicum</span> <span class='ocrx_word' id='word_1_390' title='bbox 1163 5269 1227 5311; x_wconf 94' lang='lat' dir='ltr'>non</span> <span class='ocrx_word' id='word_1_391' title='bbox 1250 5248 1397 5312; x_wconf 88' lang='lat' dir='ltr'>obsistat.</span> 
     </span>
    </p>
   </div>
   <div class='ocr_carea' id='block_1_9' title="bbox 534 5345 1380 5426">
    <p class='ocr_par' dir='ltr' id='par_1_10' title="bbox 534 5345 1380 5426">
     <span class='ocr_line' id='line_1_40' title="bbox 534 5345 1380 5426; baseline 0.006 -16"><span class='ocrx_word' id='word_1_392' title='bbox 534 5345 610 5410; x_wconf 88' lang='lat' dir='ltr'>Dat.</span> <span class='ocrx_word' id='word_1_393' title='bbox 634 5346 750 5426; x_wconf 84' lang='lat' dir='ltr'>Alatri,</span> <span class='ocrx_word' id='word_1_394' title='bbox 774 5345 856 5410; x_wconf 87' lang='lat' dir='ltr'>XVI</span> <span class='ocrx_word' id='word_1_395' title='bbox 879 5346 953 5412; x_wconf 91' lang='lat' dir='ltr'>Kal.</span> <span class='ocrx_word' id='word_1_396' title='bbox 978 5347 1093 5413; x_wconf 90' lang='lat' dir='ltr'>Octob.</span> <span class='ocrx_word' id='word_1_397' title='bbox 1117 5372 1202 5415; x_wconf 92' lang='lat' dir='ltr'>anuo</span> <span class='ocrx_word' id='word_1_398' title='bbox 1226 5350 1380 5416; x_wconf 91' lang='lat' dir='ltr'>secundo.</span> 
     </span>
    </p>
   </div>
   <div class='ocr_carea' id='block_1_10' title="bbox 530 5635 979 5704">
    <p class='ocr_par' dir='ltr' id='par_1_11' title="bbox 530 5635 979 5704">
     <span class='ocr_line' id='line_1_41' title="bbox 530 5635 979 5704; baseline 0.011 -16"><span class='ocrx_word' id='word_1_399' title='bbox 530 5637 555 5704; x_wconf 95' lang='lat'>1)</span> <span class='ocrx_word' id='word_1_400' title='bbox 575 5635 709 5704; x_wconf 75' lang='lat' dir='ltr'>liudolfo.</span> <span class='ocrx_word' id='word_1_401' title='bbox 780 5638 806 5702; x_wconf 78' lang='lat'>2)</span> <span class='ocrx_word' id='word_1_402' title='bbox 825 5638 979 5693; x_wconf 82' lang='lat' dir='ltr'>Altmomro.</span> 
     </span>
    </p>
   </div>
   <div class='ocr_carea' id='block_1_11' title="bbox 0 0 2280 6420">
    <p class='ocr_par' dir='ltr' id='par_1_12' title="bbox 0 0 2280 6420">
     <span class='ocr_line' id='line_1_42' title="bbox 0 0 2280 6420; baseline 0 0"><span class='ocrx_word' id='word_1_403' title='bbox 0 0 2280 6420; x_wconf 95' lang='lat' dir='ltr'> </span> 
     </span>
    </p>
   </div>
  </div>
 </body>
</html>
