<?xml version="1.0" encoding="UTF-8"?>
<!DOCTYPE html PUBLIC "-//W3C//DTD XHTML 1.0 Transitional//EN"
    "http://www.w3.org/TR/xhtml1/DTD/xhtml1-transitional.dtd">
<html xmlns="http://www.w3.org/1999/xhtml" xml:lang="en" lang="en">
 <head>
  <title>
</title>
<meta http-equiv="Content-Type" content="text/html;charset=utf-8" />
  <meta name='ocr-system' content='tesseract 3.04.00' />
  <meta name='ocr-capabilities' content='ocr_page ocr_carea ocr_par ocr_line ocrx_word'/>
</head>
<body>
  <div class='ocr_page' id='page_1' title='image "./monumentagerman00peipgoog/monumentagerman00peipgoog_0140.png"; bbox 0 0 4494 6426; ppageno 0'>
   <div class='ocr_carea' id='block_1_1' title="bbox 675 325 1763 400">
    <p class='ocr_par' dir='ltr' id='par_1_1' title="bbox 675 325 1763 400">
     <span class='ocr_line' id='line_1_1' title="bbox 675 325 1763 400; baseline 0.016 -16"><span class='ocrx_word' id='word_1_1' title='bbox 675 325 875 384; x_wconf 74' lang='lat' dir='ltr'>Eplsuonnn</span> <span class='ocrx_word' id='word_1_2' title='bbox 892 325 1081 386; x_wconf 68' lang='lat' dir='ltr'>subucula.</span> <span class='ocrx_word' id='word_1_3' title='bbox 1114 329 1191 386; x_wconf 85' lang='grc'><strong><em>1221.</em></strong></span> <span class='ocrx_word' id='word_1_4' title='bbox 1702 335 1763 400; x_wconf 78' lang='lat' dir='ltr'>lli</span> 
     </span>
    </p>
   </div>
   <div class='ocr_carea' id='block_1_2' title="bbox 185 575 1686 773">
    <p class='ocr_par' dir='ltr' id='par_1_2' title="bbox 185 575 1686 773">
     <span class='ocr_line' id='line_1_2' title="bbox 185 575 1686 671; baseline 0.001 -18"><span class='ocrx_word' id='word_1_5' title='bbox 185 575 1686 671; x_wconf 63' lang='lat' dir='ltr'>Magmtm200nrado,cappenanoetpenuennam0‚etlohanni</span> 
     </span>
     <span class='ocr_line' id='line_1_3' title="bbox 624 693 1256 773; baseline 0.003 -2"><span class='ocrx_word' id='word_1_6' title='bbox 624 699 878 772; x_wconf 86' lang='lat' dir='ltr'>scolastico</span> <span class='ocrx_word' id='word_1_7' title='bbox 903 693 1256 773; x_wconf 84' lang='lat' dir='ltr'>Xanctonensi¹.</span> 
     </span>
    </p>
   </div>
   <div class='ocr_carea' id='block_1_3' title="bbox 47 846 1767 2275">
    <p class='ocr_par' dir='ltr' id='par_1_3' title="bbox 47 846 1767 2275">
     <span class='ocr_line' id='line_1_4' title="bbox 218 846 1764 922; baseline 0.003 -11"><span class='ocrx_word' id='word_1_8' title='bbox 218 847 304 922; x_wconf 82' lang='lat' dir='ltr'>Quia</span> <span class='ocrx_word' id='word_1_9' title='bbox 332 847 482 912; x_wconf 83' lang='lat' dir='ltr'>novimus</span> <span class='ocrx_word' id='word_1_10' title='bbox 513 868 571 912; x_wconf 83' lang='lat' dir='ltr'>vos</span> <span class='ocrx_word' id='word_1_11' title='bbox 604 868 669 911; x_wconf 88' lang='lat' dir='ltr'>una</span> <span class='ocrx_word' id='word_1_12' title='bbox 699 848 869 912; x_wconf 89' lang='lat' dir='ltr'>nobiscum</span> <span class='ocrx_word' id='word_1_13' title='bbox 901 846 942 912; x_wconf 88' lang='lat' dir='ltr'>ad</span> <span class='ocrx_word' id='word_1_14' title='bbox 976 847 1078 912; x_wconf 81' lang='lat' dir='ltr'>Terre</span> <span class='ocrx_word' id='word_1_15' title='bbox 1110 846 1230 912; x_wconf 82' lang='lat' dir='ltr'>Sancte</span> <span class='ocrx_word' id='word_1_16' title='bbox 1266 847 1448 913; x_wconf 83' lang='lat' dir='ltr'>subsidium</span> <span class='ocrx_word' id='word_1_17' title='bbox 1478 850 1556 915; x_wconf 92' lang='lat' dir='ltr'>totis</span> <span class='ocrx_word' id='word_1_18' title='bbox 1592 849 1764 917; x_wconf 81' lang='lat' dir='ltr'>desideriis</span> 
     </span>
     <span class='ocr_line' id='line_1_5' title="bbox 111 949 1763 1038; baseline 0.002 -22"><span class='ocrx_word' id='word_1_19' title='bbox 111 952 266 1038; x_wconf 84' lang='lat' dir='ltr'>aspirare,</span> <span class='ocrx_word' id='word_1_20' title='bbox 289 971 352 1036; x_wconf 89' lang='lat' dir='ltr'>que</span> <span class='ocrx_word' id='word_1_21' title='bbox 376 950 417 1014; x_wconf 88' lang='lat' dir='ltr'>ad</span> <span class='ocrx_word' id='word_1_22' title='bbox 439 949 472 1013; x_wconf 91' lang='lat' dir='ltr'>id</span> <span class='ocrx_word' id='word_1_23' title='bbox 494 951 661 1036; x_wconf 81' lang='lat' dir='ltr'>pertinent</span> <span class='ocrx_word' id='word_1_24' title='bbox 683 950 951 1037; x_wconf 72' lang='lat' dir='ltr'>promovendum,</span> <span class='ocrx_word' id='word_1_25' title='bbox 975 950 1067 1015; x_wconf 91' lang='lat' dir='ltr'>vobis</span> <span class='ocrx_word' id='word_1_26' title='bbox 1091 951 1322 1016; x_wconf 80' lang='lat' dir='ltr'>committimus</span> <span class='ocrx_word' id='word_1_27' title='bbox 1338 951 1534 1018; x_wconf 85' lang='lat' dir='ltr'>fiducialiter</span> <span class='ocrx_word' id='word_1_28' title='bbox 1556 960 1590 1019; x_wconf 91' lang='lat' dir='ltr'>et</span> <span class='ocrx_word' id='word_1_29' title='bbox 1612 954 1763 1020; x_wconf 86' lang='lat' dir='ltr'>libenter.</span> 
     </span>
     <span class='ocr_line' id='line_1_6' title="bbox 47 1054 1764 1143; baseline -0.001 -19"><span class='ocrx_word' id='word_1_30' title='bbox 47 1088 59 1124; x_wconf 76' lang='lat' dir='ltr'>a</span> <span class='ocrx_word' id='word_1_31' title='bbox 112 1055 193 1119; x_wconf 81' lang='lat' dir='ltr'>Cum</span> <span class='ocrx_word' id='word_1_32' title='bbox 215 1055 331 1140; x_wconf 89' lang='lat' dir='ltr'>igitur,</span> <span class='ocrx_word' id='word_1_33' title='bbox 363 1054 448 1118; x_wconf 93' lang='lat' dir='ltr'>sicut</span> <span class='ocrx_word' id='word_1_34' title='bbox 469 1054 673 1140; x_wconf 74' lang='lat' dir='ltr'>accepimus,</span> <span class='ocrx_word' id='word_1_35' title='bbox 705 1055 737 1118; x_wconf 96' lang='lat' dir='ltr'>in</span> <span class='ocrx_word' id='word_1_36' title='bbox 762 1055 952 1120; x_wconf 81' lang='lat' dir='ltr'>Coloniensi</span> <span class='ocrx_word' id='word_1_37' title='bbox 982 1060 1015 1119; x_wconf 89' lang='lat' dir='ltr'>et</span> <span class='ocrx_word' id='word_1_38' title='bbox 1036 1055 1210 1120; x_wconf 88' lang='lat' dir='ltr'>Bremeusi</span> <span class='ocrx_word' id='word_1_39' title='bbox 1233 1055 1409 1141; x_wconf 80' lang='lat' dir='ltr'>provinciis</span> <span class='ocrx_word' id='word_1_40' title='bbox 1436 1056 1531 1120; x_wconf 90' lang='lat' dir='ltr'>multi</span> <span class='ocrx_word' id='word_1_41' title='bbox 1559 1058 1764 1143; x_wconf 82' lang='lat' dir='ltr'>susceperint</span> 
     </span>
     <span class='ocr_line' id='line_1_7' title="bbox 112 1156 1764 1247; baseline 0.002 -25"><span class='ocrx_word' id='word_1_42' title='bbox 112 1159 239 1242; x_wconf 91' lang='lat' dir='ltr'>signum</span> <span class='ocrx_word' id='word_1_43' title='bbox 262 1157 368 1222; x_wconf 91' lang='lat' dir='ltr'>crucis</span> <span class='ocrx_word' id='word_1_44' title='bbox 393 1163 426 1220; x_wconf 88' lang='lat' dir='ltr'>et</span> <span class='ocrx_word' id='word_1_45' title='bbox 448 1156 578 1242; x_wconf 88' lang='lat' dir='ltr'>plurimi</span> <span class='ocrx_word' id='word_1_46' title='bbox 595 1158 780 1242; x_wconf 85' lang='lat' dir='ltr'>suscepturi</span> <span class='ocrx_word' id='word_1_47' title='bbox 804 1164 988 1243; x_wconf 83' lang='lat' dir='ltr'>sperentur,</span> <span class='ocrx_word' id='word_1_48' title='bbox 1012 1157 1221 1241; x_wconf 80' lang='lat' dir='ltr'>quinarium</span> <span class='ocrx_word' id='word_1_49' title='bbox 1244 1157 1393 1242; x_wconf 88' lang='lat' dir='ltr'>indigent</span> <span class='ocrx_word' id='word_1_50' title='bbox 1411 1165 1580 1245; x_wconf 86' lang='lat' dir='ltr'>apparatu,</span> <span class='ocrx_word' id='word_1_51' title='bbox 1603 1181 1662 1247; x_wconf 91' lang='lat' dir='ltr'>per</span> <span class='ocrx_word' id='word_1_52' title='bbox 1684 1181 1764 1246; x_wconf 88' lang='lat' dir='ltr'>quas</span> 
     </span>
     <span class='ocr_line' id='line_1_8' title="bbox 110 1259 1766 1348; baseline 0.004 -25"><span class='ocrx_word' id='word_1_53' title='bbox 110 1260 258 1347; x_wconf 89' lang='lat' dir='ltr'>predicte</span> <span class='ocrx_word' id='word_1_54' title='bbox 288 1265 375 1325; x_wconf 87' lang='lat' dir='ltr'>terre</span> <span class='ocrx_word' id='word_1_55' title='bbox 408 1265 498 1323; x_wconf 88' lang='lat' dir='ltr'>tanto</span> <span class='ocrx_word' id='word_1_56' title='bbox 524 1259 637 1324; x_wconf 90' lang='lat' dir='ltr'>utilius</span> <span class='ocrx_word' id='word_1_57' title='bbox 660 1266 798 1346; x_wconf 86' lang='lat' dir='ltr'>possunt</span> <span class='ocrx_word' id='word_1_58' title='bbox 826 1281 1031 1334; x_wconf 89' lang='lat' dir='ltr'>succurrere,</span> <span class='ocrx_word' id='word_1_59' title='bbox 1059 1266 1179 1345; x_wconf 90' lang='lat' dir='ltr'>quanto</span> <span class='ocrx_word' id='word_1_60' title='bbox 1208 1266 1275 1325; x_wconf 90' lang='lat' dir='ltr'>tam</span> <span class='ocrx_word' id='word_1_61' title='bbox 1304 1261 1458 1326; x_wconf 86' lang='lat' dir='ltr'>victualia</span> <span class='ocrx_word' id='word_1_62' title='bbox 1484 1284 1580 1348; x_wconf 90' lang='lat' dir='ltr'>quarn</span> <span class='ocrx_word' id='word_1_63' title='bbox 1611 1285 1701 1328; x_wconf 88' lang='lat' dir='ltr'>arma</span> <span class='ocrx_word' id='word_1_64' title='bbox 1732 1269 1766 1329; x_wconf 88' lang='lat' dir='ltr'>et</span> 
     </span>
     <span class='ocr_line' id='line_1_9' title="bbox 110 1362 1765 1451; baseline 0 -22"><span class='ocrx_word' id='word_1_65' title='bbox 110 1365 175 1429; x_wconf 86' lang='lat' dir='ltr'>alia</span> <span class='ocrx_word' id='word_1_66' title='bbox 210 1365 430 1428; x_wconf 87' lang='lat' dir='ltr'>instrumenta</span> <span class='ocrx_word' id='word_1_67' title='bbox 462 1362 583 1427; x_wconf 87' lang='lat' dir='ltr'>bellica</span> <span class='ocrx_word' id='word_1_68' title='bbox 619 1363 786 1428; x_wconf 90' lang='lat' dir='ltr'>comodius</span> <span class='ocrx_word' id='word_1_69' title='bbox 823 1364 900 1428; x_wconf 91' lang='lat' dir='ltr'>illuc</span> <span class='ocrx_word' id='word_1_70' title='bbox 928 1371 1067 1451; x_wconf 84' lang='lat' dir='ltr'>possunt</span> <span class='ocrx_word' id='word_1_71' title='bbox 1100 1364 1242 1430; x_wconf 91' lang='lat' dir='ltr'>Domino</span> <span class='ocrx_word' id='word_1_72' title='bbox 1270 1364 1444 1430; x_wconf 85' lang='lat' dir='ltr'>adiuvante</span> <span class='ocrx_word' id='word_1_73' title='bbox 1479 1365 1673 1448; x_wconf 87' lang='lat' dir='ltr'>transferre,</span> <span class='ocrx_word' id='word_1_74' title='bbox 1705 1387 1765 1432; x_wconf 92' lang='lat' dir='ltr'>nos</span> 
     </span>
     <span class='ocr_line' id='line_1_10' title="bbox 111 1466 1765 1555; baseline 0.002 -25"><span class='ocrx_word' id='word_1_75' title='bbox 111 1468 260 1532; x_wconf 84' lang='lat' dir='ltr'>solentes</span> <span class='ocrx_word' id='word_1_76' title='bbox 283 1487 340 1532; x_wconf 89' lang='lat' dir='ltr'>eos</span> <span class='ocrx_word' id='word_1_77' title='bbox 368 1467 402 1530; x_wconf 93' lang='lat' dir='ltr'>in</span> <span class='ocrx_word' id='word_1_78' title='bbox 424 1466 486 1532; x_wconf 93' lang='lat' dir='ltr'>hoc</span> <span class='ocrx_word' id='word_1_79' title='bbox 514 1467 666 1552; x_wconf 87' lang='lat' dir='ltr'>congruis</span> <span class='ocrx_word' id='word_1_80' title='bbox 694 1468 826 1532; x_wconf 79' lang='lat' dir='ltr'>auxiliis</span> <span class='ocrx_word' id='word_1_81' title='bbox 852 1467 1023 1548; x_wconf 78' lang='lat' dir='ltr'>adiuvare,</span> <span class='ocrx_word' id='word_1_82' title='bbox 1054 1467 1244 1533; x_wconf 87' lang='lat' dir='ltr'>discretioni</span> <span class='ocrx_word' id='word_1_83' title='bbox 1268 1475 1392 1550; x_wconf 81' lang='lat' dir='ltr'>vestre,</span> <span class='ocrx_word' id='word_1_84' title='bbox 1422 1467 1462 1534; x_wconf 92' lang='lat' dir='ltr'>de</span> <span class='ocrx_word' id='word_1_85' title='bbox 1486 1491 1549 1555; x_wconf 89' lang='lat' dir='ltr'>qua</span> <span class='ocrx_word' id='word_1_86' title='bbox 1570 1470 1604 1533; x_wconf 89' lang='lat' dir='ltr'>in</span> <span class='ocrx_word' id='word_1_87' title='bbox 1623 1468 1765 1534; x_wconf 91' lang='lat' dir='ltr'>Domino</span> 
     </span>
     <span class='ocr_line' id='line_1_11' title="bbox 112 1569 1766 1659; baseline 0.001 -25"><span class='ocrx_word' id='word_1_88' title='bbox 112 1571 242 1656; x_wconf 89' lang='lat' dir='ltr'>plenam</span> <span class='ocrx_word' id='word_1_89' title='bbox 265 1569 451 1635; x_wconf 87' lang='lat' dir='ltr'>obtinemus</span> <span class='ocrx_word' id='word_1_90' title='bbox 473 1569 645 1650; x_wconf 83' lang='lat' dir='ltr'>fiduciam,</span> <span class='ocrx_word' id='word_1_91' title='bbox 674 1590 733 1656; x_wconf 91' lang='lat' dir='ltr'>per</span> <span class='ocrx_word' id='word_1_92' title='bbox 756 1571 937 1657; x_wconf 90' lang='lat' dir='ltr'>apostolica</span> <span class='ocrx_word' id='word_1_93' title='bbox 965 1571 1086 1657; x_wconf 88' lang='lat' dir='ltr'>scripta</span> <span class='ocrx_word' id='word_1_94' title='bbox 1108 1570 1319 1651; x_wconf 71' lang='lat' dir='ltr'>mandamus‚&#39;</span> <span class='ocrx_word' id='word_1_95' title='bbox 1346 1572 1497 1657; x_wconf 84' lang='lat' dir='ltr'>quatinus</span> <span class='ocrx_word' id='word_1_96' title='bbox 1524 1573 1696 1659; x_wconf 88' lang='lat' dir='ltr'>pecuniam</span> <span class='ocrx_word' id='word_1_97' title='bbox 1725 1571 1766 1636; x_wconf 91' lang='lat' dir='ltr'>de</span> 
     </span>
     <span class='ocr_line' id='line_1_12' title="bbox 109 1673 1766 1761; baseline 0 -23"><span class='ocrx_word' id='word_1_98' title='bbox 109 1674 335 1761; x_wconf 88' lang='lat' dir='ltr'>redemptione</span> <span class='ocrx_word' id='word_1_99' title='bbox 360 1674 661 1759; x_wconf 82' lang='lat' dir='ltr'>crucesignatorum</span> <span class='ocrx_word' id='word_1_100' title='bbox 683 1673 828 1738; x_wconf 92' lang='lat' dir='ltr'>nondum</span> <span class='ocrx_word' id='word_1_101' title='bbox 844 1675 1016 1740; x_wconf 86' lang='lat' dir='ltr'>collectam</span> <span class='ocrx_word' id='word_1_102' title='bbox 1039 1675 1073 1738; x_wconf 93' lang='lat' dir='ltr'>in</span> <span class='ocrx_word' id='word_1_103' title='bbox 1094 1674 1251 1759; x_wconf 91' lang='lat' dir='ltr'>predictis</span> <span class='ocrx_word' id='word_1_104' title='bbox 1273 1675 1450 1761; x_wconf 83' lang='lat' dir='ltr'>provinciis</span> <span class='ocrx_word' id='word_1_105' title='bbox 1466 1676 1670 1761; x_wconf 80' lang='lat' dir='ltr'>colligentes,</span> <span class='ocrx_word' id='word_1_106' title='bbox 1694 1696 1766 1740; x_wconf 88' lang='lat' dir='ltr'>eam</span> 
     </span>
     <span class='ocr_line' id='line_1_13' title="bbox 110 1776 1766 1864; baseline 0.001 -22"><span class='ocrx_word' id='word_1_107' title='bbox 110 1777 290 1842; x_wconf 92' lang='lat' dir='ltr'>secundum</span> <span class='ocrx_word' id='word_1_108' title='bbox 323 1776 527 1863; x_wconf 85' lang='lat' dir='ltr'>providentie</span> <span class='ocrx_word' id='word_1_109' title='bbox 561 1784 670 1842; x_wconf 83' lang='lat' dir='ltr'>vestre</span> <span class='ocrx_word' id='word_1_110' title='bbox 705 1777 847 1842; x_wconf 88' lang='lat' dir='ltr'>studium</span> <span class='ocrx_word' id='word_1_111' title='bbox 882 1778 916 1841; x_wconf 94' lang='lat' dir='ltr'>in</span> <span class='ocrx_word' id='word_1_112' title='bbox 949 1777 1162 1864; x_wconf 78' lang='lat' dir='ltr'>preparandis</span> <span class='ocrx_word' id='word_1_113' title='bbox 1197 1777 1335 1841; x_wconf 89' lang='lat' dir='ltr'>navibus</span> <span class='ocrx_word' id='word_1_114' title='bbox 1369 1777 1410 1842; x_wconf 88' lang='lat' dir='ltr'>ad</span> <span class='ocrx_word' id='word_1_115' title='bbox 1446 1799 1637 1844; x_wconf 90' lang='lat' dir='ltr'>succursum</span> <span class='ocrx_word' id='word_1_116' title='bbox 1663 1778 1766 1844; x_wconf 81' lang='lat' dir='ltr'>Terre</span> 
     </span>
     <span class='ocr_line' id='line_1_14' title="bbox 110 1879 1766 1968; baseline 0.001 -24"><span class='ocrx_word' id='word_1_117' title='bbox 110 1879 230 1945; x_wconf 83' lang='lat' dir='ltr'>Sancte</span> <span class='ocrx_word' id='word_1_118' title='bbox 253 1880 381 1945; x_wconf 87' lang='lat' dir='ltr'>faciatis</span> <span class='ocrx_word' id='word_1_119' title='bbox 406 1879 567 1967; x_wconf 85' lang='lat' dir='ltr'>expendi;</span> <span class='ocrx_word' id='word_1_120' title='bbox 589 1881 747 1945; x_wconf 89' lang='lat' dir='ltr'>attentius</span> <span class='ocrx_word' id='word_1_121' title='bbox 770 1881 934 1966; x_wconf 79' lang='lat' dir='ltr'>provisuri</span> <span class='ocrx_word' id='word_1_122' title='bbox 956 1887 992 1944; x_wconf 93' lang='lat' dir='ltr'>ut</span> <span class='ocrx_word' id='word_1_123' title='bbox 1014 1881 1155 1966; x_wconf 91' lang='lat' dir='ltr'>pecunia</span> <span class='ocrx_word' id='word_1_124' title='bbox 1175 1881 1247 1966; x_wconf 87' lang='lat' dir='ltr'>ipsa</span> <span class='ocrx_word' id='word_1_125' title='bbox 1269 1882 1380 1946; x_wconf 88' lang='lat' dir='ltr'>taliter</span> <span class='ocrx_word' id='word_1_126' title='bbox 1396 1883 1600 1968; x_wconf 85' lang='lat' dir='ltr'>expendatur</span> <span class='ocrx_word' id='word_1_127' title='bbox 1623 1883 1656 1947; x_wconf 93' lang='lat' dir='ltr'>in</span> <span class='ocrx_word' id='word_1_128' title='bbox 1678 1889 1766 1948; x_wconf 92' lang='lat' dir='ltr'>terre</span> 
     </span>
     <span class='ocr_line' id='line_1_15' title="bbox 111 1981 1766 2073; baseline 0.002 -27"><span class='ocrx_word' id='word_1_129' title='bbox 111 1981 298 2069; x_wconf 87' lang='lat' dir='ltr'>supradicte</span> <span class='ocrx_word' id='word_1_130' title='bbox 317 1982 510 2069; x_wconf 77' lang='lat' dir='ltr'>profectum,</span> <span class='ocrx_word' id='word_1_131' title='bbox 535 1982 621 2068; x_wconf 94' lang='lat' dir='ltr'>quod</span> <span class='ocrx_word' id='word_1_132' title='bbox 643 2005 704 2048; x_wconf 92' lang='lat' dir='ltr'>nos</span> <span class='ocrx_word' id='word_1_133' title='bbox 721 1989 883 2069; x_wconf 88' lang='lat' dir='ltr'>concepta</span> <span class='ocrx_word' id='word_1_134' title='bbox 905 1982 946 2047; x_wconf 88' lang='lat' dir='ltr'>de</span> <span class='ocrx_word' id='word_1_135' title='bbox 971 1983 1064 2047; x_wconf 91' lang='lat' dir='ltr'>vobis</span> <span class='ocrx_word' id='word_1_136' title='bbox 1079 1981 1199 2047; x_wconf 89' lang='lat' dir='ltr'>fiducia</span> <span class='ocrx_word' id='word_1_137' title='bbox 1221 2004 1286 2048; x_wconf 91' lang='lat' dir='ltr'>non</span> <span class='ocrx_word' id='word_1_138' title='bbox 1308 1983 1478 2067; x_wconf 84' lang='lat' dir='ltr'>fraudetis,</span> <span class='ocrx_word' id='word_1_139' title='bbox 1502 1992 1553 2052; x_wconf 92' lang='lat' dir='ltr'>set</span> <span class='ocrx_word' id='word_1_140' title='bbox 1574 1986 1684 2073; x_wconf 90' lang='lat' dir='ltr'>potius</span> <span class='ocrx_word' id='word_1_141' title='bbox 1707 2007 1766 2050; x_wconf 81' lang='lat' dir='ltr'>vos</span> 
     </span>
     <span class='ocr_line' id='line_1_16' title="bbox 113 2084 1766 2175; baseline 0.002 -25"><span class='ocrx_word' id='word_1_142' title='bbox 113 2085 199 2172; x_wconf 91' lang='lat' dir='ltr'>apud</span> <span class='ocrx_word' id='word_1_143' title='bbox 221 2084 330 2150; x_wconf 90' lang='lat' dir='ltr'>Deum</span> <span class='ocrx_word' id='word_1_144' title='bbox 360 2093 394 2151; x_wconf 88' lang='lat' dir='ltr'>et</span> <span class='ocrx_word' id='word_1_145' title='bbox 425 2086 574 2152; x_wconf 87' lang='lat' dir='ltr'>homines</span> <span class='ocrx_word' id='word_1_146' title='bbox 605 2085 751 2152; x_wconf 86' lang='lat' dir='ltr'>reddetis</span> <span class='ocrx_word' id='word_1_147' title='bbox 782 2088 900 2152; x_wconf 91' lang='lat' dir='ltr'>merito</span> <span class='ocrx_word' id='word_1_148' title='bbox 930 2085 1214 2152; x_wconf 89' lang='lat' dir='ltr'>commendandos.</span> <span class='ocrx_word' id='word_1_149' title='bbox 1258 2087 1418 2152; x_wconf 90' lang='lat' dir='ltr'>Preterea</span> <span class='ocrx_word' id='word_1_150' title='bbox 1447 2094 1484 2151; x_wconf 90' lang='lat' dir='ltr'>ut</span> <span class='ocrx_word' id='word_1_151' title='bbox 1515 2088 1599 2168; x_wconf 86' lang='lat' dir='ltr'>hiis,</span> <span class='ocrx_word' id='word_1_152' title='bbox 1635 2089 1691 2175; x_wconf 93' lang='lat' dir='ltr'>qui</span> <span class='ocrx_word' id='word_1_153' title='bbox 1724 2089 1766 2153; x_wconf 89' lang='lat' dir='ltr'>de</span> 
     </span>
     <span class='ocr_line' id='line_1_17' title="bbox 112 2188 1767 2275; baseline 0.002 -21"><span class='ocrx_word' id='word_1_154' title='bbox 112 2189 259 2275; x_wconf 90' lang='lat' dir='ltr'>partibus</span> <span class='ocrx_word' id='word_1_155' title='bbox 286 2189 354 2253; x_wconf 86' lang='lat' dir='ltr'>suis</span> <span class='ocrx_word' id='word_1_156' title='bbox 381 2190 513 2275; x_wconf 89' lang='lat' dir='ltr'>navigio</span> <span class='ocrx_word' id='word_1_157' title='bbox 544 2190 607 2255; x_wconf 91' lang='lat' dir='ltr'>iter</span> <span class='ocrx_word' id='word_1_158' title='bbox 634 2190 808 2254; x_wconf 88' lang='lat' dir='ltr'>intendunt</span> <span class='ocrx_word' id='word_1_159' title='bbox 835 2191 980 2275; x_wconf 90' lang='lat' dir='ltr'>arripere</span> <span class='ocrx_word' id='word_1_160' title='bbox 1010 2189 1051 2254; x_wconf 89' lang='lat' dir='ltr'>ad</span> <span class='ocrx_word' id='word_1_161' title='bbox 1075 2189 1257 2254; x_wconf 89' lang='lat' dir='ltr'>subsidium</span> <span class='ocrx_word' id='word_1_162' title='bbox 1280 2190 1382 2255; x_wconf 77' lang='lat' dir='ltr'>&#39;l&#39;erre</span> <span class='ocrx_word' id='word_1_163' title='bbox 1407 2188 1542 2272; x_wconf 82' lang='lat' dir='ltr'>Sancte,</span> <span class='ocrx_word' id='word_1_164' title='bbox 1576 2191 1767 2257; x_wconf 88' lang='lat' dir='ltr'>dilationem</span> 
     </span>
    </p>
   </div>
   <div class='ocr_carea' id='block_1_4' title="bbox 113 2291 1766 2460">
    <p class='ocr_par' dir='ltr' id='par_1_4' title="bbox 113 2291 1766 2460">
     <span class='ocr_line' id='line_1_18' title="bbox 113 2291 1766 2380; baseline 0.001 -24"><span class='ocrx_word' id='word_1_165' title='bbox 113 2291 299 2378; x_wconf 85' lang='lat' dir='ltr'>exequendi</span> <span class='ocrx_word' id='word_1_166' title='bbox 322 2299 432 2357; x_wconf 89' lang='lat' dir='ltr'>votum</span> <span class='ocrx_word' id='word_1_167' title='bbox 459 2295 554 2358; x_wconf 86' lang='lat' dir='ltr'>iuxta</span> <span class='ocrx_word' id='word_1_168' title='bbox 576 2292 662 2379; x_wconf 92' lang='lat' dir='ltr'>quod</span> <span class='ocrx_word' id='word_1_169' title='bbox 687 2294 845 2380; x_wconf 87' lang='lat' dir='ltr'>expedire</span> <span class='ocrx_word' id='word_1_170' title='bbox 868 2293 1016 2359; x_wconf 81' lang='lat' dir='ltr'>videritis</span> <span class='ocrx_word' id='word_1_171' title='bbox 1040 2293 1247 2376; x_wconf 84' lang='lat' dir='ltr'>concedatis,</span> <span class='ocrx_word' id='word_1_172' title='bbox 1277 2293 1416 2358; x_wconf 87' lang='lat' dir='ltr'>liberam</span> <span class='ocrx_word' id='word_1_173' title='bbox 1439 2294 1532 2358; x_wconf 82' lang='lat' dir='ltr'>vobis</span> <span class='ocrx_word' id='word_1_174' title='bbox 1556 2295 1766 2361; x_wconf 88' lang='lat' dir='ltr'>concedimus</span> 
     </span>
     <span class='ocr_line' id='line_1_19' title="bbox 113 2395 313 2460; baseline 0.005 -2"><span class='ocrx_word' id='word_1_175' title='bbox 113 2395 313 2460; x_wconf 77' lang='lat' dir='ltr'>facultatem.</span> 
     </span>
    </p>
   </div>
   <div class='ocr_carea' id='block_1_5' title="bbox 220 2514 1413 2602">
    <p class='ocr_par' dir='ltr' id='par_1_5' title="bbox 220 2514 1413 2602">
     <span class='ocr_line' id='line_1_20' title="bbox 220 2514 1413 2602; baseline 0.004 -24"><span class='ocrx_word' id='word_1_176' title='bbox 220 2514 297 2578; x_wconf 87' lang='lat' dir='ltr'>Dat.</span> <span class='ocrx_word' id='word_1_177' title='bbox 320 2514 474 2580; x_wconf 88' lang='lat' dir='ltr'>Lateran.</span> <span class='ocrx_word' id='word_1_178' title='bbox 500 2514 547 2580; x_wconf 92' lang='lat' dir='ltr'>VI</span> <span class='ocrx_word' id='word_1_179' title='bbox 570 2515 653 2580; x_wconf 88' lang='lat' dir='ltr'>Non.</span> <span class='ocrx_word' id='word_1_180' title='bbox 677 2514 799 2596; x_wconf 89' lang='lat' dir='ltr'>Martii,</span> <span class='ocrx_word' id='word_1_181' title='bbox 822 2515 1032 2602; x_wconf 90' lang='lat' dir='ltr'>pontificatus</span> <span class='ocrx_word' id='word_1_182' title='bbox 1056 2515 1159 2580; x_wconf 91' lang='lat' dir='ltr'>nostri</span> <span class='ocrx_word' id='word_1_183' title='bbox 1182 2536 1267 2580; x_wconf 91' lang='lat' dir='ltr'>auno</span> <span class='ocrx_word' id='word_1_184' title='bbox 1291 2515 1413 2601; x_wconf 90' lang='lat' dir='ltr'>quinto.</span> 
     </span>
    </p>
   </div>
   <div class='ocr_carea' id='block_1_6' title="bbox 898 3107 981 3180">
    <p class='ocr_par' dir='ltr' id='par_1_6' title="bbox 898 3107 981 3180">
     <span class='ocr_line' id='line_1_21' title="bbox 898 3107 981 3180; baseline 0.012 -1"><span class='ocrx_word' id='word_1_185' title='bbox 898 3107 981 3180; x_wconf 81' lang='lat'><strong>167.</strong></span> 
     </span>
    </p>
   </div>
   <div class='ocr_carea' id='block_1_7' title="bbox 42 3221 1769 3639">
    <p class='ocr_par' dir='ltr' id='par_1_7' title="bbox 42 3221 1769 3639">
     <span class='ocr_line' id='line_1_22' title="bbox 42 3221 1769 3328; baseline -0.005 -12"><span class='ocrx_word' id='word_1_186' title='bbox 42 3289 64 3324; x_wconf 77' lang='lat' dir='ltr'>a</span> <span class='ocrx_word' id='word_1_187' title='bbox 215 3221 404 3314; x_wconf 78' lang='lat' dir='ltr'>Honorius</span> <span class='ocrx_word' id='word_1_188' title='bbox 426 3246 493 3312; x_wconf 89' lang='grc' dir='ltr'>ΙΙΙ</span> <span class='ocrx_word' id='word_1_189' title='bbox 507 3267 593 3328; x_wconf 79' lang='lat' dir='ltr'>papo</span> <span class='ocrx_word' id='word_1_190' title='bbox 616 3246 780 3327; x_wconf 74' lang='lat' dir='ltr'>confirmat</span> <span class='ocrx_word' id='word_1_191' title='bbox 795 3245 1000 3328; x_wconf 74' lang='lat' dir='ltr'>privilegiam</span> <span class='ocrx_word' id='word_1_192' title='bbox 1014 3245 1174 3310; x_wconf 69' lang='lat' dir='ltr'>Fridcricd</span> <span class='ocrx_word' id='word_1_193' title='bbox 1194 3245 1401 3326; x_wconf 60' lang='lat' dir='ltr'>imperatores,</span> <span class='ocrx_word' id='word_1_194' title='bbox 1424 3265 1484 3328; x_wconf 82' lang='lat' dir='ltr'>quo</span> <span class='ocrx_word' id='word_1_195' title='bbox 1505 3245 1657 3323; x_wconf 74' lang='lat' dir='ltr'>ccclesiae,</span> <span class='ocrx_word' id='word_1_196' title='bbox 1674 3264 1769 3325; x_wconf 80' lang='lat' dir='ltr'>pruc-</span> 
     </span>
     <span class='ocr_line' id='line_1_23' title="bbox 106 3348 1769 3438; baseline -0.007 -16"><span class='ocrx_word' id='word_1_197' title='bbox 106 3358 210 3438; x_wconf 76' lang='lat' dir='ltr'>posito</span> <span class='ocrx_word' id='word_1_198' title='bbox 231 3361 261 3420; x_wconf 85' lang='lat' dir='ltr'>ct</span> <span class='ocrx_word' id='word_1_199' title='bbox 282 3352 418 3435; x_wconf 84' lang='lat' dir='ltr'>mpitulo</span> <span class='ocrx_word' id='word_1_200' title='bbox 441 3351 585 3431; x_wconf 73' lang='lat' dir='ltr'>Accessi</span> <span class='ocrx_word' id='word_1_201' title='bbox 613 3349 761 3426; x_wconf 79' lang='lat' dir='ltr'>concedit,</span> <span class='ocrx_word' id='word_1_202' title='bbox 795 3353 830 3412; x_wconf 87' lang='lat' dir='ltr'>at</span> <span class='ocrx_word' id='word_1_203' title='bbox 854 3349 890 3412; x_wconf 82' lang='lat' dir='ltr'>in</span> <span class='ocrx_word' id='word_1_204' title='bbox 912 3349 997 3412; x_wconf 83' lang='lat' dir='ltr'>omui</span> <span class='ocrx_word' id='word_1_205' title='bbox 1024 3348 1170 3412; x_wconf 83' lang='lat' dir='ltr'>districta</span> <span class='ocrx_word' id='word_1_206' title='bbox 1190 3349 1315 3428; x_wconf 82' lang='lat' dir='ltr'>imperii</span> <span class='ocrx_word' id='word_1_207' title='bbox 1340 3349 1479 3414; x_wconf 72' lang='lat' dir='ltr'>honines</span> <span class='ocrx_word' id='word_1_208' title='bbox 1500 3349 1602 3432; x_wconf 73' lang='lat' dir='ltr'>ipsius</span> <span class='ocrx_word' id='word_1_209' title='bbox 1628 3349 1769 3412; x_wconf 78' lang='lat' dir='ltr'>cmleaiac</span> 
     </span>
     <span class='ocr_line' id='line_1_24' title="bbox 111 3450 1769 3538; baseline -0.005 -16"><span class='ocrx_word' id='word_1_210' title='bbox 111 3459 263 3526; x_wconf 72' lang='lat' dir='ltr'>atrluolio</span> <span class='ocrx_word' id='word_1_211' title='bbox 288 3455 440 3538; x_wconf 78' lang='lat' dir='ltr'>frarmcati</span> <span class='ocrx_word' id='word_1_212' title='bbox 468 3456 497 3516; x_wconf 86' lang='lat' dir='ltr'>ct</span> <span class='ocrx_word' id='word_1_213' title='bbox 525 3452 594 3515; x_wconf 81' lang='lat' dir='ltr'>viai</span> <span class='ocrx_word' id='word_1_214' title='bbox 620 3450 664 3515; x_wconf 86' lang='lat' dir='ltr'>ad</span> <span class='ocrx_word' id='word_1_215' title='bbox 694 3471 772 3532; x_wconf 81' lang='lat' dir='ltr'>opas</span> <span class='ocrx_word' id='word_1_216' title='bbox 801 3452 944 3516; x_wconf 83' lang='lat' dir='ltr'>ecclcsiae</span> <span class='ocrx_word' id='word_1_217' title='bbox 973 3455 1038 3516; x_wconf 83' lang='lat' dir='ltr'>tum</span> <span class='ocrx_word' id='word_1_218' title='bbox 1068 3471 1127 3531; x_wconf 81' lang='lat' dir='ltr'>per</span> <span class='ocrx_word' id='word_1_219' title='bbox 1163 3454 1267 3515; x_wconf 84' lang='lat' dir='ltr'>terras</span> <span class='ocrx_word' id='word_1_220' title='bbox 1293 3472 1389 3533; x_wconf 78' lang='lat' dir='ltr'>quam</span> <span class='ocrx_word' id='word_1_221' title='bbox 1409 3472 1471 3532; x_wconf 79' lang='lat' dir='ltr'>per</span> <span class='ocrx_word' id='word_1_222' title='bbox 1497 3470 1599 3532; x_wconf 83' lang='lat' dir='ltr'>aquas</span> <span class='ocrx_word' id='word_1_223' title='bbox 1626 3450 1769 3532; x_wconf 81' lang='lat' dir='ltr'>deferant</span> 
     </span>
     <span class='ocr_line' id='line_1_25' title="bbox 111 3554 1681 3639; baseline -0.007 -11"><span class='ocrx_word' id='word_1_224' title='bbox 111 3564 179 3628; x_wconf 80' lang='lat' dir='ltr'>siae</span> <span class='ocrx_word' id='word_1_225' title='bbox 202 3560 347 3637; x_wconf 75' lang='lat' dir='ltr'>tlmloaeo,</span> <span class='ocrx_word' id='word_1_226' title='bbox 367 3556 515 3639; x_wconf 68' lang='lat' dir='ltr'>passagio</span> <span class='ocrx_word' id='word_1_227' title='bbox 537 3558 594 3619; x_wconf 83' lang='lat' dir='ltr'>cat</span> <span class='ocrx_word' id='word_1_228' title='bbox 615 3556 774 3620; x_wconf 75' lang='lat' dir='ltr'>exactione</span> <span class='ocrx_word' id='word_1_229' title='bbox 796 3555 916 3636; x_wconf 77' lang='lat' dir='ltr'>aliqua.</span> <span class='ocrx_word' id='word_1_230' title='bbox 1409 3557 1504 3633; x_wconf 88' lang='grc'><strong><em>1221,</em></strong></span> <span class='ocrx_word' id='word_1_231' title='bbox 1526 3554 1628 3621; x_wconf 86' lang='lat' dir='ltr'>Mart.</span> <span class='ocrx_word' id='word_1_232' title='bbox 1651 3556 1681 3619; x_wconf 87' lang='lat'>2.</span> 
     </span>
    </p>
   </div>
   <div class='ocr_carea' id='block_1_8' title="bbox 39 3674 1476 3836">
    <p class='ocr_par' dir='ltr' id='par_1_8' title="bbox 39 3674 1476 3836">
     <span class='ocr_line' id='line_1_26' title="bbox 218 3674 891 3748; baseline -0.01 -14"><span class='ocrx_word' id='word_1_233' title='bbox 218 3680 292 3734; x_wconf 77' lang='lat' dir='ltr'>Han.</span> <span class='ocrx_word' id='word_1_234' title='bbox 311 3681 366 3732; x_wconf 88' lang='grc' dir='ltr'>ΙΙΙ</span> <span class='ocrx_word' id='word_1_235' title='bbox 379 3678 446 3748; x_wconf 69' lang='lat' dir='ltr'>neq.</span> <span class='ocrx_word' id='word_1_236' title='bbox 470 3676 527 3730; x_wconf 84' lang='lat' dir='ltr'>Vol.</span> <span class='ocrx_word' id='word_1_237' title='bbox 547 3677 606 3743; x_wconf 84' lang='grc' dir='ltr'><em>ΙΙΙ,</em></span> <span class='ocrx_word' id='word_1_238' title='bbox 625 3678 676 3742; x_wconf 81' lang='grc'>86,·</span> <span class='ocrx_word' id='word_1_239' title='bbox 695 3674 756 3730; x_wconf 83' lang='lat' dir='ltr'>Lib.</span> <span class='ocrx_word' id='word_1_240' title='bbox 780 3675 810 3739; x_wconf 88' lang='lat' dir='ltr'>V,</span> <span class='ocrx_word' id='word_1_241' title='bbox 829 3678 891 3728; x_wconf 81' lang='lat'><em>434.</em></span> 
     </span>
     <span class='ocr_line' id='line_1_27' title="bbox 39 3759 1476 3836; baseline -0.005 -16"><span class='ocrx_word' id='word_1_242' title='bbox 39 3794 64 3831; x_wconf 68' lang='lat'>25</span> <span class='ocrx_word' id='word_1_243' title='bbox 216 3765 398 3836; x_wconf 75' lang='lat' dir='ltr'>Pricilepium</span> <span class='ocrx_word' id='word_1_244' title='bbox 415 3765 506 3834; x_wconf 78' lang='lat' dir='ltr'>ipsum</span> <span class='ocrx_word' id='word_1_245' title='bbox 523 3760 610 3815; x_wconf 80' lang='lat' dir='ltr'>edidit</span> <span class='ocrx_word' id='word_1_246' title='bbox 628 3759 927 3826; x_wconf 75' lang='lat' dir='ltr'>Hudlcrd-Brdlsollea</span> <span class='ocrx_word' id='word_1_247' title='bbox 947 3760 1022 3816; x_wconf 86' lang='lat' dir='ltr'>Hiat.</span> <span class='ocrx_word' id='word_1_248' title='bbox 1040 3760 1107 3830; x_wconf 83' lang='lat' dir='ltr'>dipl.</span> <span class='ocrx_word' id='word_1_249' title='bbox 1126 3759 1207 3815; x_wconf 81' lang='lat' dir='ltr'>Frid.</span> <span class='ocrx_word' id='word_1_250' title='bbox 1227 3763 1267 3822; x_wconf 82' lang='lat' dir='ltr'>II.</span> <span class='ocrx_word' id='word_1_251' title='bbox 1286 3765 1304 3814; x_wconf 83' lang='lat' dir='ltr'>t.</span> <span class='ocrx_word' id='word_1_252' title='bbox 1324 3763 1366 3829; x_wconf 86' lang='lat' dir='ltr'>II,</span> <span class='ocrx_word' id='word_1_253' title='bbox 1382 3777 1411 3829; x_wconf 88' lang='lat' dir='ltr'>p.</span> <span class='ocrx_word' id='word_1_254' title='bbox 1431 3762 1476 3813; x_wconf 78' lang='lat'>78.</span> 
     </span>
    </p>
   </div>
   <div class='ocr_carea' id='block_1_9' title="bbox 113 3912 1769 4108">
    <p class='ocr_par' dir='ltr' id='par_1_9' title="bbox 113 3912 1769 4108">
     <span class='ocr_line' id='line_1_28' title="bbox 222 3912 1769 4002; baseline -0.006 -16"><span class='ocrx_word' id='word_1_255' title='bbox 222 3921 310 3990; x_wconf 82' lang='lat' dir='ltr'>Huic</span> <span class='ocrx_word' id='word_1_256' title='bbox 325 3918 494 4002; x_wconf 73' lang='lat' dir='ltr'>priuilapio</span> <span class='ocrx_word' id='word_1_257' title='bbox 514 3917 551 3981; x_wconf 81' lang='lat' dir='ltr'>ia</span> <span class='ocrx_word' id='word_1_258' title='bbox 570 3919 635 3998; x_wconf 65' lang='lat' dir='ltr'>&#39;iae</span> <span class='ocrx_word' id='word_1_259' title='bbox 656 3916 800 3982; x_wconf 83' lang='lat' dir='ltr'>additam</span> <span class='ocrx_word' id='word_1_260' title='bbox 822 3920 883 3982; x_wconf 81' lang='lat' dir='ltr'>est:</span> <span class='ocrx_word' id='word_1_261' title='bbox 916 3915 1116 3982; x_wconf 83' lang='lat' dir='ltr'>Confirmata</span> <span class='ocrx_word' id='word_1_262' title='bbox 1137 3916 1290 3981; x_wconf 87' lang='lat' dir='ltr'>Lateran.</span> <span class='ocrx_word' id='word_1_263' title='bbox 1311 3915 1361 3980; x_wconf 86' lang='lat' dir='ltr'>VI</span> <span class='ocrx_word' id='word_1_264' title='bbox 1383 3914 1468 3980; x_wconf 88' lang='lat' dir='ltr'>Non.</span> <span class='ocrx_word' id='word_1_265' title='bbox 1492 3912 1615 3995; x_wconf 85' lang='lat' dir='ltr'>Martii,</span> <span class='ocrx_word' id='word_1_266' title='bbox 1639 3912 1769 3999; x_wconf 92' lang='lat' dir='ltr'>pontifi·</span> 
     </span>
     <span class='ocr_line' id='line_1_29' title="bbox 113 4021 591 4108; baseline -0.015 -16"><span class='ocrx_word' id='word_1_267' title='bbox 113 4035 206 4092; x_wconf 85' lang='lat' dir='ltr'>catus</span> <span class='ocrx_word' id='word_1_268' title='bbox 229 4025 335 4090; x_wconf 89' lang='lat' dir='ltr'>nostri</span> <span class='ocrx_word' id='word_1_269' title='bbox 358 4043 442 4089; x_wconf 91' lang='lat' dir='ltr'>anuo</span> <span class='ocrx_word' id='word_1_270' title='bbox 466 4021 591 4108; x_wconf 87' lang='lat' dir='ltr'>quinto.</span> 
     </span>
    </p>
   </div>
   <div class='ocr_carea' id='block_1_10' title="bbox 113 4135 1769 4317">
    <p class='ocr_par' dir='ltr' id='par_1_10' title="bbox 113 4135 1769 4317">
     <span class='ocr_line' id='line_1_30' title="bbox 223 4135 1769 4228; baseline -0.007 -18"><span class='ocrx_word' id='word_1_271' title='bbox 223 4146 263 4210; x_wconf 94' lang='lat' dir='ltr'>In</span> <span class='ocrx_word' id='word_1_272' title='bbox 288 4145 429 4212; x_wconf 86' lang='lat' dir='ltr'>eundern</span> <span class='ocrx_word' id='word_1_273' title='bbox 450 4142 583 4208; x_wconf 91' lang='lat' dir='ltr'>modum</span> <span class='ocrx_word' id='word_1_274' title='bbox 606 4142 762 4228; x_wconf 90' lang='lat' dir='ltr'>scripturn</span> <span class='ocrx_word' id='word_1_275' title='bbox 784 4147 836 4207; x_wconf 88' lang='lat' dir='ltr'>cst</span> <span class='ocrx_word' id='word_1_276' title='bbox 857 4162 915 4228; x_wconf 93' lang='lat' dir='ltr'>pro</span> <span class='ocrx_word' id='word_1_277' title='bbox 940 4188 948 4205; x_wconf 92' lang='lat'><strong>.</strong></span> <span class='ocrx_word' id='word_1_278' title='bbox 973 4191 981 4207; x_wconf 93' lang='lat'><em>.</em></span> <span class='ocrx_word' id='word_1_279' title='bbox 1005 4139 1173 4228; x_wconf 91' lang='lat' dir='ltr'>preposito</span> <span class='ocrx_word' id='word_1_280' title='bbox 1197 4145 1231 4204; x_wconf 91' lang='lat' dir='ltr'>ct</span> <span class='ocrx_word' id='word_1_281' title='bbox 1257 4139 1400 4225; x_wconf 89' lang='lat' dir='ltr'>capitulo</span> <span class='ocrx_word' id='word_1_282' title='bbox 1422 4137 1640 4218; x_wconf 80' lang='lat' dir='ltr'>Traiectensi‚</span> <span class='ocrx_word' id='word_1_283' title='bbox 1669 4135 1769 4201; x_wconf 86' lang='lat' dir='ltr'>nichil</span> 
     </span>
     <span class='ocr_line' id='line_1_31' title="bbox 113 4249 460 4317; baseline -0.012 0"><span class='ocrx_word' id='word_1_284' title='bbox 113 4249 225 4317; x_wconf 89' lang='lat' dir='ltr'>addito</span> <span class='ocrx_word' id='word_1_285' title='bbox 247 4251 302 4315; x_wconf 81' lang='lat' dir='ltr'>vel</span> <span class='ocrx_word' id='word_1_286' title='bbox 325 4254 460 4314; x_wconf 91' lang='lat' dir='ltr'>mutato.</span> 
     </span>
    </p>
   </div>
   <div class='ocr_carea' id='block_1_11' title="bbox 736 4451 1147 4460">
    <p class='ocr_par' dir='ltr' id='par_1_11' title="bbox 736 4451 1147 4460">
     <span class='ocr_line' id='line_1_32' title="bbox 736 4451 1147 4460; baseline -0.005 0"><span class='ocrx_word' id='word_1_287' title='bbox 736 4451 1147 4460; x_wconf 80' lang='lat'>..--—-——-—-·———--——-·----</span> 
     </span>
    </p>
   </div>
   <div class='ocr_carea' id='block_1_12' title="bbox 902 4746 986 4820">
    <p class='ocr_par' dir='ltr' id='par_1_12' title="bbox 902 4746 986 4820">
     <span class='ocr_line' id='line_1_33' title="bbox 902 4746 986 4820; baseline 0 0"><span class='ocrx_word' id='word_1_288' title='bbox 902 4746 986 4820; x_wconf 87' lang='grc'><strong>168.</strong></span> 
     </span>
    </p>
   </div>
   <div class='ocr_carea' id='block_1_13' title="bbox 36 4865 1775 5177">
    <p class='ocr_par' dir='ltr' id='par_1_13' title="bbox 36 4865 1775 5177">
     <span class='ocr_line' id='line_1_34' title="bbox 36 4865 1775 4972; baseline -0.007 -14"><span class='ocrx_word' id='word_1_289' title='bbox 36 4963 39 4972; x_wconf 91' lang='lat'><em>.</em></span> <span class='ocrx_word' id='word_1_290' title='bbox 227 4865 418 4960; x_wconf 78' lang='lat' dir='ltr'>Honorius</span> <span class='ocrx_word' id='word_1_291' title='bbox 442 4889 506 4954; x_wconf 87' lang='grc' dir='ltr'>ΙΙΙ</span> <span class='ocrx_word' id='word_1_292' title='bbox 517 4907 608 4971; x_wconf 82' lang='lat' dir='ltr'>papa</span> <span class='ocrx_word' id='word_1_293' title='bbox 622 4887 791 4972; x_wconf 66' lang='lat' dir='ltr'>[Nicoma]</span> <span class='ocrx_word' id='word_1_294' title='bbox 812 4888 951 4968; x_wconf 84' lang='lat' dir='ltr'>episeopo</span> <span class='ocrx_word' id='word_1_295' title='bbox 973 4885 1152 4950; x_wconf 79' lang='lat' dir='ltr'>Tusculano</span> <span class='ocrx_word' id='word_1_296' title='bbox 1172 4887 1202 4948; x_wconf 86' lang='lat' dir='ltr'>ct</span> <span class='ocrx_word' id='word_1_297' title='bbox 1220 4881 1371 4968; x_wconf 74' lang='lat' dir='ltr'>Ethilio]</span> <span class='ocrx_word' id='word_1_298' title='bbox 1393 4881 1580 4948; x_wconf 80' lang='lat' dir='ltr'>Sanctorum</span> <span class='ocrx_word' id='word_1_299' title='bbox 1598 4881 1725 4948; x_wconf 62' lang='lat' dir='ltr'>&amp;anae</span> <span class='ocrx_word' id='word_1_300' title='bbox 1746 4886 1775 4946; x_wconf 86' lang='lat' dir='ltr'>et</span> 
     </span>
     <span class='ocr_line' id='line_1_35' title="bbox 114 4985 1774 5076; baseline -0.01 -14"><span class='ocrx_word' id='word_1_301' title='bbox 114 4995 274 5062; x_wconf 70' lang='lat' dir='ltr'>Dumium</span> <span class='ocrx_word' id='word_1_302' title='bbox 294 4995 424 5059; x_wconf 72' lang='lat' dir='ltr'>diomero</span> <span class='ocrx_word' id='word_1_303' title='bbox 438 4991 599 5056; x_wconf 79' lang='lat' dir='ltr'>cardinali</span> <span class='ocrx_word' id='word_1_304' title='bbox 620 4995 649 5056; x_wconf 86' lang='lat' dir='ltr'>et</span> <span class='ocrx_word' id='word_1_305' title='bbox 669 4989 869 5076; x_wconf 58' lang='lat' dir='ltr'>willelmo]</span> <span class='ocrx_word' id='word_1_306' title='bbox 890 4988 1142 5053; x_wconf 79' lang='lat' dir='ltr'>viccmcmllorio</span> <span class='ocrx_word' id='word_1_307' title='bbox 1156 4988 1294 5068; x_wconf 80' lang='lat' dir='ltr'>quinque</span> <span class='ocrx_word' id='word_1_308' title='bbox 1315 4985 1408 5049; x_wconf 83' lang='lat' dir='ltr'>milia</span> <span class='ocrx_word' id='word_1_309' title='bbox 1428 5003 1608 5049; x_wconf 82' lang='lat' dir='ltr'>marcarum</span> <span class='ocrx_word' id='word_1_310' title='bbox 1629 4988 1658 5047; x_wconf 87' lang='lat' dir='ltr'>ct</span> <span class='ocrx_word' id='word_1_311' title='bbox 1680 4987 1774 5048; x_wconf 85' lang='lat' dir='ltr'>totum</span> 
     </span>
     <span class='ocr_line' id='line_1_36' title="bbox 113 5087 1559 5177; baseline -0.012 -11"><span class='ocrx_word' id='word_1_312' title='bbox 113 5101 293 5166; x_wconf 67' lang='lat' dir='ltr'>messim</span> <span class='ocrx_word' id='word_1_313' title='bbox 316 5095 507 5162; x_wconf 64' lang='lat' dir='ltr'>licaoniae</span> <span class='ocrx_word' id='word_1_314' title='bbox 527 5095 680 5177; x_wconf 70' lang='lat' dir='ltr'>assignat,</span> <span class='ocrx_word' id='word_1_315' title='bbox 702 5097 739 5158; x_wconf 82' lang='lat' dir='ltr'>at</span> <span class='ocrx_word' id='word_1_316' title='bbox 759 5115 796 5156; x_wconf 85' lang='lat' dir='ltr'>ca</span> <span class='ocrx_word' id='word_1_317' title='bbox 817 5091 994 5173; x_wconf 78' lang='lat' dir='ltr'>expendant</span> <span class='ocrx_word' id='word_1_318' title='bbox 1015 5091 1059 5156; x_wconf 84' lang='lat' dir='ltr'>od</span> <span class='ocrx_word' id='word_1_319' title='bbox 1079 5089 1253 5155; x_wconf 79' lang='lat' dir='ltr'>subsidium</span> <span class='ocrx_word' id='word_1_320' title='bbox 1278 5088 1394 5154; x_wconf 78' lang='lat' dir='ltr'>Terrae</span> <span class='ocrx_word' id='word_1_321' title='bbox 1415 5087 1559 5154; x_wconf 77' lang='lat' dir='ltr'>Sanctae.</span> 
     </span>
    </p>
   </div>
   <div class='ocr_carea' id='block_1_14' title="bbox 219 5188 1683 5356">
    <p class='ocr_par' dir='ltr' id='par_1_14' title="bbox 219 5188 1683 5356">
     <span class='ocr_line' id='line_1_37' title="bbox 1389 5188 1683 5269; baseline 0.007 -14"><span class='ocrx_word' id='word_1_322' title='bbox 1389 5192 1483 5269; x_wconf 84' lang='grc'><strong><em>1221,</em></strong></span> <span class='ocrx_word' id='word_1_323' title='bbox 1505 5188 1608 5256; x_wconf 78' lang='lat' dir='ltr'>Mart.</span> <span class='ocrx_word' id='word_1_324' title='bbox 1632 5192 1683 5257; x_wconf 93' lang='grc'>11.</span> 
     </span>
     <span class='ocr_line' id='line_1_38' title="bbox 219 5277 901 5356; baseline -0.013 -14"><span class='ocrx_word' id='word_1_325' title='bbox 219 5277 901 5356; x_wconf 58' lang='lat' dir='ltr'>memmmmmm</span> 
     </span>
    </p>
   </div>
   <div class='ocr_carea' id='block_1_15' title="bbox 40 5519 1777 5690">
    <p class='ocr_par' dir='ltr' id='par_1_15' title="bbox 40 5519 1777 5690">
     <span class='ocr_line' id='line_1_39' title="bbox 40 5519 1777 5598; baseline -0.007 -12"><span class='ocrx_word' id='word_1_326' title='bbox 40 5555 65 5590; x_wconf 59' lang='lat' dir='ltr'>ss</span> <span class='ocrx_word' id='word_1_327' title='bbox 220 5529 250 5598; x_wconf 85' lang='lat'>1)</span> <span class='ocrx_word' id='word_1_328' title='bbox 276 5529 362 5580; x_wconf 78' lang='lat' dir='ltr'>Immo</span> <span class='ocrx_word' id='word_1_329' title='bbox 387 5525 550 5580; x_wconf 71' lang='lat' dir='ltr'>scholastico</span> <span class='ocrx_word' id='word_1_330' title='bbox 577 5525 729 5586; x_wconf 79' lang='lat' dir='ltr'>Xoatensi,</span> <span class='ocrx_word' id='word_1_331' title='bbox 757 5525 806 5592; x_wconf 77' lang='lat' dir='ltr'>qai</span> <span class='ocrx_word' id='word_1_332' title='bbox 833 5537 939 5578; x_wconf 72' lang='lat' dir='ltr'>meere</span> <span class='ocrx_word' id='word_1_333' title='bbox 963 5521 1140 5592; x_wconf 79' lang='lat' dir='ltr'>praedicauit</span> <span class='ocrx_word' id='word_1_334' title='bbox 1166 5521 1243 5590; x_wconf 81' lang='lat' dir='ltr'>opud</span> <span class='ocrx_word' id='word_1_335' title='bbox 1269 5521 1378 5576; x_wconf 84' lang='lat' dir='ltr'>Mosam</span> <span class='ocrx_word' id='word_1_336' title='bbox 1404 5519 1564 5588; x_wconf 74' lang='lat' dir='ltr'>inferiorem</span> <span class='ocrx_word' id='word_1_337' title='bbox 1595 5535 1621 5574; x_wconf 85' lang='lat' dir='ltr'>o.</span> <span class='ocrx_word' id='word_1_338' title='bbox 1650 5522 1717 5573; x_wconf 77' lang='grc'><strong><em>1214</em></strong></span> <span class='ocrx_word' id='word_1_339' title='bbox 1751 5524 1777 5574; x_wconf 81' lang='lat' dir='ltr'>et</span> 
     </span>
     <span class='ocr_line' id='line_1_40' title="bbox 117 5607 1568 5690; baseline -0.008 -18"><span class='ocrx_word' id='word_1_340' title='bbox 117 5614 292 5690; x_wconf 73' lang='lat' dir='ltr'>Aputspraai</span> <span class='ocrx_word' id='word_1_341' title='bbox 309 5629 337 5666; x_wconf 88' lang='lat' dir='ltr'>c.</span> <span class='ocrx_word' id='word_1_342' title='bbox 359 5617 436 5676; x_wconf 86' lang='grc'><strong><em>1215,</em></strong></span> <span class='ocrx_word' id='word_1_343' title='bbox 455 5618 486 5666; x_wconf 81' lang='lat' dir='ltr'>ut</span> <span class='ocrx_word' id='word_1_344' title='bbox 504 5612 615 5680; x_wconf 75' lang='lat' dir='ltr'>tegimus</span> <span class='ocrx_word' id='word_1_345' title='bbox 632 5609 662 5664; x_wconf 81' lang='lat' dir='ltr'>in</span> <span class='ocrx_word' id='word_1_346' title='bbox 681 5609 779 5665; x_wconf 70' lang='lat' dir='ltr'>Giton.</span> <span class='ocrx_word' id='word_1_347' title='bbox 797 5626 854 5680; x_wconf 76' lang='lat' dir='ltr'>rep.</span> <span class='ocrx_word' id='word_1_348' title='bbox 875 5609 967 5664; x_wconf 79' lang='lat' dir='ltr'>Colca.</span> <span class='ocrx_word' id='word_1_349' title='bbox 986 5607 1027 5662; x_wconf 87' lang='lat' dir='ltr'>ed.</span> <span class='ocrx_word' id='word_1_350' title='bbox 1046 5625 1064 5662; x_wconf 89' lang='lat' dir='ltr'>o</span> <span class='ocrx_word' id='word_1_351' title='bbox 1088 5608 1208 5662; x_wconf 74' lang='lat' dir='ltr'>Wairtro</span> <span class='ocrx_word' id='word_1_352' title='bbox 1226 5607 1256 5661; x_wconf 78' lang='lat' dir='ltr'>ia</span> <span class='ocrx_word' id='word_1_353' title='bbox 1274 5612 1325 5662; x_wconf 83' lang='lat' dir='ltr'>oct.</span> <span class='ocrx_word' id='word_1_354' title='bbox 1340 5623 1371 5676; x_wconf 79' lang='lat' dir='ltr'>p.</span> <span class='ocrx_word' id='word_1_355' title='bbox 1389 5609 1443 5661; x_wconf 81' lang='grc'><strong><em>192</em></strong></span> <span class='ocrx_word' id='word_1_356' title='bbox 1460 5612 1485 5660; x_wconf 86' lang='lat' dir='ltr'>et</span> <span class='ocrx_word' id='word_1_357' title='bbox 1503 5607 1568 5660; x_wconf 80' lang='lat'><strong><em>236.</em></strong></span> 
     </span>
    </p>
   </div>
   <div class='ocr_carea' id='block_1_16' title="bbox 0 0 2262 6420">
    <p class='ocr_par' dir='ltr' id='par_1_16' title="bbox 0 0 2262 6420">
     <span class='ocr_line' id='line_1_41' title="bbox 0 0 2262 6420; baseline 0 0"><span class='ocrx_word' id='word_1_358' title='bbox 0 0 2262 6420; x_wconf 95' lang='lat' dir='ltr'> </span> 
     </span>
    </p>
   </div>
  </div>
 </body>
</html>
