4604 6420
431 411 494 472 400
1013 402 1061 456 EX
1080 400 1255 456 GREGORII
1273 400 1312 454 IX
1329 397 1510 453 REGIS'I'RO

343 579 350 592 '
434 579 549 643 teucri.
596 577 632 642 Si
654 598 733 641 vero
757 576 955 662 culpabilem
978 576 1012 639 in
1034 575 1211 660 premissis¹
1230 572 1371 639 eundem
1395 571 1575 649 inveneris,
1599 571 1650 635 vel
1675 570 1830 635 indictam
1854 571 1916 634 sibi
1938 569 2089 664 purgati·

432 702 527 746 onem
551 680 738 745 iamdictam
762 687 910 765 prestare
933 700 998 743 non
1021 678 1159 763 poterit,
1189 677 1385 742 sententiam
1410 675 1653 761 suspensionis,
1680 696 1777 760 quam
1800 674 1886 740 idem
1911 673 2089 739 cardinalis

432 785 464 848 iu
499 784 623 848 dictum
657 783 848 869 episcopum
883 789 917 848 et
948 781 1106 869 quosdam
1141 781 1223 846 alios
1258 780 1430 845 occasione
1467 777 1653 842 huiusmodi
1686 777 1923 864 promulgavit,
1960 777 2089 842 taciens

432 886 666 951 inviolabiliter
704 886 887 966 observari,
934 886 1028 950 nobis
1073 883 1227 969 quicquid
1274 903 1373 968 super
1420 880 1481 945 hoc
1525 881 1650 964 tactum
1697 881 1810 960 tuerit,
1855 881 1920 945 tuis
1966 881 2088 944 litteris

432 989 564 1055 studeas
593 988 735 1054 fideliter
762 989 928 1070 intimare,
958 995 995 1053 ut
1021 984 1239 1075 procedamus
1269 985 1406 1066 exinde,
1435 991 1532 1070 prout
1562 983 1743 1050 secundum
1770 983 1879 1049 Deum
1908 984 2088 1050 viderimus

431 1092 687 1180 procedendum.

540 1212 616 1278 Dat.
639 1211 801 1298 Anagnia,
825 1211 911 1276 VIII
934 1210 1013 1276 Idus
1037 1210 1214 1277 Decembr.
1236 1231 1321 1275 auno
1346 1215 1453 1274 sexto.

638 1441 789 1516 Forma
815 1440 1158 1534 protestationis
1185 1438 1385 1512 eiusdem
1411 1439 1661 1512 iuramento
1690 1438 1879 1512 firmate.
1919 1451 1922 1460 '

540 1590 613 1674 Ego
637 1638 644 1652 .
668 1640 675 1655 .
699 1589 983 1674 Nuemburgensis
1007 1590 1182 1674 episcopus
1205 1593 1371 1673 protestor
1402 1595 1435 1651 ct
1463 1609 1591 1666 assero,
1619 1585 1706 1670 quod
1735 1609 1799 1651 uon
1822 1588 1869 1652 tui
1892 1588 1924 1651 in
1948 1588 2088 1651 consilio
2116 1655 2118 1658 ,

342 1763 345 1770 ,
432 1712 539 1776 neque
562 1693 595 1756 in
616 1692 703 1757 tacto
726 1714 786 1757 nec
809 1694 843 1756 in
867 1714 1039 1772 consensu,
1067 1691 1154 1776 quod
1176 1691 1286 1755 littere
1311 1691 1376 1766 ills,
1406 1712 1469 1774 que
1493 1691 1578 1756 lecte
1602 1692 1735 1755 fuerunt
1758 1691 1790 1754 in
1813 1697 1976 1755 conventu
1999 1688 2088 1776 apud

433 1795 632 1880 Erbipolim‚
672 1796 729 1860 ubi
768 1794 918 1860 dominus
951 1795 1218 1880 archiepiscopus
1253 1792 1573 1879 Magdeburgensis¹
1608 1801 1642 1858 ct
1682 1814 1744 1878 ego
1787 1814 1859 1858 cum
1894 1791 2089 1878 quibusdam

435 1898 601 1984 episcopis
631 1905 666 1962 et
692 1898 766 1962 eliis
794 1898 930 1983 prelatis
959 1903 993 1962 et
1025 1897 1153 1962 clericis
1182 1897 1223 1961 de
1255 1897 1408 1960 mandato
1436 1897 1561 1961 domiui
1590 1896 1722 1963 Ottonis
1755 1894 1867 1961 Sancti
1897 1895 2026 1960 Nicolai
2054 1895 2088 1958 in

434 2001 575 2067 Caruere
590 2001 740 2066 Tulliano
763 1999 891 2066 diaconi
914 2001 1102 2081 cardinalis,
1125 2008 1203 2065 tunc
1224 2001 1405 2086 apostolice
1430 2001 1518 2065 sedis
1542 1999 1656 2086 legati,
1680 2019 1948 2078 conveneramus,
1970 1999 2090 2062 fierent

434 2105 486 2169 vel
524 2105 714 2190 legerentur
751 2104 893 2185 ibidem,
936 2127 998 2171 uec
1038 2111 1136 2170 antea
1177 2103 1301 2190 aliquid
1340 2103 1415 2170 inde
1458 2105 1555 2178 scivi;
1597 2110 1631 2169 et
1676 2102 1737 2168 heo
1781 2123 1894 2167 assero
1937 2108 1972 2166 et
2016 2102 2088 2166 iuro

433 2230 508 2273 esse
531 2229 617 2273 vera.
662 2207 717 2272 Sic
748 2229 800 2273 me
823 2207 915 2273 Deus
943 2206 1077 2274 adiuvet
1106 2215 1140 2272 ct
1170 2208 1230 2272 hec
1259 2214 1372 2272 sancta
1401 2208 1583 2292 evangelie.
1629 2207 1737 2292 Super
1766 2205 1861 2290 culpa
1888 2226 1982 2286 varo,
2011 2206 2089 2290 quia

433 2316 509 2395 post
531 2332 571 2375 ea
592 2331 657 2376 nou
680 2311 880 2392 contradixi,
912 2318 945 2377 et
968 2312 1041 2376 aliis
1068 2309 1219 2376 omnibus
1242 2311 1500 2376 misericordiam
1523 2317 1665 2376 vestram
1688 2310 1826 2395 imploro
1849 2316 1883 2374 et
1905 2310 1976 2374 iuro
2000 2315 2088 2373 stare

434 2413 595 2479 mandatis
618 2415 749 2480 restris.

1053 2573 1464 2582 men-—

1221 2832 1308 2904 497.

542 2941 733 3048 Gregorius
760 2967 817 3034 IX
835 2991 925 3052 propa
950 2971 1115 3036 Friderico
1143 2971 1357 3036 Romanorum
1387 2971 1568 3052 imperatori
1595 2974 1718 3053 pretias
1744 2974 1810 3055 egit
1832 2994 1895 3054 pro
1922 2974 1976 3050 iis,
2010 2994 2091 3054 qaae

434 3071 582 3156 [Lendo]
603 3071 823 3136 Messanensis
844 3071 1100 3154 archiepiscopos,
1123 3076 1282 3156 episcopas
1307 3077 1465 3139 Troianus
1486 3079 1516 3138 et
1537 3075 1684 3156 magister
1706 3074 1820 3140 Petras
1841 3075 1878 3138 dc
1907 3074 2007 3140 Vince
2027 3077 2091 3141 sibi

432 3175 664 3254 proposuerint,
694 3195 822 3256 eumenes
843 3180 948 3258 repet,
979 3180 1015 3240 et
1036 3177 1178 3240 abdicato
1200 3179 1301 3258 spatio
1324 3178 1486 3242 tarditatis
1508 3175 1591 3258 qnod
1611 3178 1782 3258 comperit
1802 3179 1848 3242 ite
1869 3182 2088 3260 prosequetur,

433 3280 468 3340 et
489 3277 574 3342 emm
594 3277 792 3342 rectitudinis
813 3277 1012 3343 ebiomattes
1033 3279 1076 3343 od
1095 3281 1233 3361 pretiern
1255 3281 1466 3346 conversionis
1487 3281 1666 3347 accelerent.
1756 3284 1848 3360 1232,
1871 3279 1948 3348 Dec.
1971 3288 2000 3347 7.

539 3397 621 3467 (ἔτερ.
640 3397 690 3451 IX
705 3397 771 3467 Rea.
794 3398 851 3452 Vol.
870 3400 929 3464 III,
948 3403 1000 3457 55.-
1017 3397 1082 3452 Lib.
1106 3398 1153 3464 VJ,
1174 3403 1236 3453 180.

538 3679 542 3686 .
614 3609 855 3702 Fridcrico,
883 3611 1180 3686 Romanorum
1206 3612 1470 3704 imperatori
1496 3634 1673 3706 semper
1698 3620 1904 3708 augusto,

950 3732 1192 3806 Ierusalem
1220 3737 1261 3806 et
1286 3732 1438 3807 Sicilie
1465 3731 1567 3827 regi.

541 3879 595 3946 En
617 3879 681 3945 hiis
704 3902 767 3964 quc
790 3881 823 3945 iu
848 3902 903 3946 ore
927 3880 1163 3946 venerabilium
1186 3881 1322 3945 fratrum
1345 3887 1532 3947 nostrorum
1557 3883 1845 3971 ..archiepiscopi
1860 3884 2087 3956 Messanensis

434 3991 468 4050 et
491 4034 498 4049 .
516 4033 523 4048 .
542 3984 690 4070 episcopi
705 3983 839 4048 Troiani
861 4004 900 4047 ae
923 3982 1034 4050 dilecti
1057 3985 1115 4049 tilii
1138 3984 1288 4068 magistri
1302 3983 1393 4048 Petri
1409 3985 1451 4050 de
1464 3985 1592 4049 Vinee²
1616 3987 1709 4051 nobis
1734 3993 1767 4052 et
1788 3987 1909 4052 nostris
1931 3988 2087 4054 tratribus

434 4086 607 4153 referenda
633 4087 811 4174 imperialis
841 4087 952 4172 posuit
980 4087 1157 4168 celsitudo,
1190 4088 1403 4153 exultationis
1433 4086 1675 4154 multitudinem
1699 4090 1909 4176 colligentes,
1942 4093 2086 4157 celorum

434 4192 504 4276 regi
538 4190 579 4256 ad
610 4191 788 4277 gratiarum
820 4190 1021 4274 assurgimus
1054 4192 1218 4270 actiones,
1254 4189 1340 4276 quod
1371 4211 1432 4276 pro
1460 4191 1531 4254 eius
1564 4191 1705 4272 honore,
1740 4194 1795 4278 qui
1831 4200 1863 4259 te
1899 4193 1931 4258 iu
1965 4196 2087 4280 populo

433 4295 615 4381 principem
632 4293 801 4358 constituit
818 4293 1065 4380 precellentem,
1088 4292 1347 4380 magnitudinem
1363 4294 1493 4359 virtutis
1517 4302 1572 4361 tue
1596 4296 1629 4360 in
1652 4296 1715 4360 hiis
1733 4318 1890 4363 exercere
1907 4296 2086 4379 desideras,

432 4419 493 4484 per
514 4419 577 4483 que
601 4396 763 4461 Altissimi
786 4397 908 4483 gloria,
941 4396 1083 4483 dignitas
1106 4399 1247 4464 ecclesie
1272 4404 1305 4462 et
1332 4398 1461 4485 imperii
1490 4399 1675 4465 sublimitas
1698 4401 1911 4486 amplientur,
1941 4423 2087 4488 perque

434 4500 516 4568 fides
539 4501 700 4566 catholice
721 4500 831 4586 vigeat
859 4507 892 4566 et
919 4501 1066 4567 heretica
1093 4503 1236 4588 pravitas
1267 4509 1452 4578 euaneseat.
1496 4502 1623 4572 Verum
1652 4503 1729 4590 quia
1757 4526 1856 4590 super
1885 4505 1946 4570 hoo
1974 4512 2088 4572 sancto

435 4611 468 4669 et
490 4604 624 4669 salutari
646 4605 830 4691 proposito,
859 4625 987 4670 necnon
1017 4626 1116 4691 super
1142 4607 1216 4671 aliis
1249 4627 1311 4691 que
1334 4606 1544 4693 beneplacito
1568 4614 1749 4672 consonant
1773 4606 1952 4690 Creatoris,
1982 4615 2089 4675 mater

436 4707 578 4772 ecclesie
600 4706 688 4772 circe
709 4713 753 4785 te,
784 4707 886 4771 filium
908 4707 1134 4794 predilcctum,
1157 4707 1298 4774 intendit
1321 4708 1489 4775 effundere
1516 4710 1621 4795 gratie
1643 4708 1880 4798 plenitudinem
1903 4717 1937 4776 et
1957 4711 2089 4786 favoris,

434 4816 471 4874 ut
498 4830 538 4874 eo
571 4809 699 4874 facilius
727 4809 836 4897 possis
866 4809 907 4875 ad
934 4812 1002 4876 alte
1030 4811 1183 4898 provehi,
1215 4833 1278 4898 quo
1305 4813 1447 4900 pleniori
1474 4813 1590 4879 robore
1620 4819 1653 4879 te
1675 4814 1887 4900 perspexeris
1909 4814 2088 4900 pretulciri,

434 4912 645 4978 serenitatem
668 4919 757 4977 tuam
780 4928 933 5000 rogamus
956 4920 990 4979 et
1012 4914 1221 4980 obsecramur
1243 4917 1277 4981 in
1292 4916 1445 4998 Domino,
1469 4916 1502 4980 in
1525 4916 1752 4982 remissionem
1775 4917 1837 4981 tibi
1858 4917 2086 5003 peccaminum

434 5015 658 5101 iniungentes,
694 5017 847 5102 quatinus
881 5015 1032 5082 abdicato
1064 5019 1171 5104 spatio
1201 5018 1363 5096 tarditatis
1395 5019 1557 5085 deducere
1591 5040 1769 5105 procurans
1803 5020 1837 5084 in
1868 5027 1992 5101 sotum,
2022 5042 2087 5106 que

433 5121 613 5207 inspirante
636 5120 779 5187 Domino
807 5119 1018 5188 laudabiliter
1046 5123 1245 5209 concepisti,
1277 5123 1333 5188 illa
1363 5123 1408 5188 ita
1437 5127 1590 5209 potenter
1612 5129 1647 5188 et
1675 5123 1846 5208 magnifice
1868 5125 2088 5210 prosequaris,

535 5413 561 5480 1)
580 5412 718 5476 Alterius,
737 5413 1021 5483 qniirtterim,1232,
1040 5415 1099 5470 Oct.
1116 5420 1159 5479 15,
1177 5417 1304 5470 muns
1323 5418 1391 5468 eret.
1487 5415 1515 5483 2)
1534 5415 1718 5485 Imperatoria
1737 5413 1852 5485 epistola
1869 5414 1937 5469 clete
1954 5413 2090 5470 Preciana

431 5499 499 5554 Dec.
519 5501 537 5553 3
555 5499 595 5567 [n.
614 5501 682 5568 495]
701 5500 768 5555 Dec.
789 5504 806 5553 7
824 5499 969 5570 Anagniae
992 5515 1050 5556 aeae
1073 5501 1121 5555 cin
1140 5502 1247 5571 potnit·
1274 5501 1397 5570 laquear
1410 5517 1491 5571 pepe
1508 5501 1542 5555 de
1566 5502 1701 5570 legatione
1718 5517 1745 5554 n.
1765 5504 1823 5554 488
1840 5505 2046 5556 cenmoaorote
2063 5507 2090 5556 et

431 5585 466 5640 de
483 5584 542 5640 alia
559 5600 647 5639 merae
665 5586 736 5641 Neo.
755 5585 850 5651 misse,
868 5585 902 5640 de
920 5603 976 5657 qna
993 5585 1078 5656 Ryco.
1097 5586 1131 5642 de
1148 5587 1175 5643 S.
1196 5587 1285 5643 Germ.
1304 5603 1330 5641 a.
1350 5589 1430 5655 1232,
1447 5587 1496 5642 SS.
1514 5589 1532 5642 t.
1545 5588 1632 5653 XIX,
1646 5604 1678 5658 p.
1693 5589 1756 5641 369.
1769 5617 1802 5626 -
1815 5585 1936 5657 Propter
1952 5585 2089 5656 metium
2143 5595 2171 5635 ⁴⁰

433 5671 620 5726 maenam
633 5687 730 5740 precer
746 5687 814 5728 aras
831 5672 977 5744 arpennas
994 5672 1115 5726 enecat
