<?xml version="1.0" encoding="UTF-8"?>
<!DOCTYPE html PUBLIC "-//W3C//DTD XHTML 1.0 Transitional//EN"
    "http://www.w3.org/TR/xhtml1/DTD/xhtml1-transitional.dtd">
<html xmlns="http://www.w3.org/1999/xhtml" xml:lang="en" lang="en">
 <head>
  <title>
</title>
<meta http-equiv="Content-Type" content="text/html;charset=utf-8" />
  <meta name='ocr-system' content='tesseract 3.04.00' />
  <meta name='ocr-capabilities' content='ocr_page ocr_carea ocr_par ocr_line ocrx_word'/>
</head>
<body>
  <div class='ocr_page' id='page_1' title='image "./monumentagerman00peipgoog/monumentagerman00peipgoog_0463.png"; bbox 0 0 4576 6390; ppageno 0'>
   <div class='ocr_carea' id='block_1_1' title="bbox 1016 389 1517 448">
    <p class='ocr_par' dir='ltr' id='par_1_1' title="bbox 1016 389 1517 448">
     <span class='ocr_line' id='line_1_1' title="bbox 1016 389 1517 448; baseline -0.006 0"><span class='ocrx_word' id='word_1_1' title='bbox 1016 392 1064 448; x_wconf 75' lang='lat' dir='ltr'><strong>EX</strong></span> <span class='ocrx_word' id='word_1_2' title='bbox 1083 391 1258 447; x_wconf 72' lang='lat' dir='ltr'><strong>cardoun</strong></span> <span class='ocrx_word' id='word_1_3' title='bbox 1278 390 1318 444; x_wconf 85' lang='lat' dir='ltr'><strong>Ill</strong></span> <span class='ocrx_word' id='word_1_4' title='bbox 1336 389 1517 445; x_wconf 80' lang='lat' dir='ltr'><strong>REGISTRO</strong></span> 
     </span>
    </p>
   </div>
   <div class='ocr_carea' id='block_1_2' title="bbox 1238 580 1302 644">
    <p class='ocr_par' dir='ltr' id='par_1_2' title="bbox 1238 580 1302 644">
     <span class='ocr_line' id='line_1_2' title="bbox 1238 580 1302 644; baseline 0 0"><span class='ocrx_word' id='word_1_5' title='bbox 1238 580 1302 644; x_wconf 89' lang='lat' dir='ltr'>III.</span> 
     </span>
    </p>
   </div>
   <div class='ocr_carea' id='block_1_3' title="bbox 636 691 1896 894">
    <p class='ocr_par' dir='ltr' id='par_1_3' title="bbox 636 691 1896 894">
     <span class='ocr_line' id='line_1_3' title="bbox 636 691 1896 790; baseline -0.003 -14"><span class='ocrx_word' id='word_1_6' title='bbox 636 701 855 779; x_wconf 89' lang='lat' dir='ltr'><strong>Remissio</strong></span> <span class='ocrx_word' id='word_1_7' title='bbox 884 691 1180 787; x_wconf 81' lang='lat' dir='ltr'><strong>offensarum,</strong></span> <span class='ocrx_word' id='word_1_8' title='bbox 1208 719 1320 790; x_wconf 88' lang='lat' dir='ltr'><strong>quas</strong></span> <span class='ocrx_word' id='word_1_9' title='bbox 1347 697 1667 772; x_wconf 83' lang='lat' dir='ltr'><strong>commiserunt</strong></span> <span class='ocrx_word' id='word_1_10' title='bbox 1695 697 1896 773; x_wconf 86' lang='lat' dir='ltr'><strong>Gaietani</strong></span> 
     </span>
     <span class='ocr_line' id='line_1_4' title="bbox 1005 818 1508 894; baseline -0.004 0"><span class='ocrx_word' id='word_1_11' title='bbox 1005 818 1212 894; x_wconf 85' lang='lat' dir='ltr'><strong>ecclesie</strong></span> <span class='ocrx_word' id='word_1_12' title='bbox 1241 819 1508 893; x_wconf 81' lang='lat' dir='ltr'>adherendo,</span> 
     </span>
    </p>
   </div>
   <div class='ocr_carea' id='block_1_4' title="bbox 437 967 2104 2296">
    <p class='ocr_par' dir='ltr' id='par_1_4' title="bbox 437 967 2104 2296">
     <span class='ocr_line' id='line_1_5' title="bbox 545 967 2101 1056; baseline -0.004 -16"><span class='ocrx_word' id='word_1_13' title='bbox 545 973 731 1040; x_wconf 81' lang='lat' dir='ltr'><strong>Fridericus</strong></span> <span class='ocrx_word' id='word_1_14' title='bbox 756 978 818 1037; x_wconf 91' lang='lat' dir='ltr'><strong>etc.</strong></span> <span class='ocrx_word' id='word_1_15' title='bbox 843 970 998 1035; x_wconf 90' lang='lat' dir='ltr'><strong>universo</strong></span> <span class='ocrx_word' id='word_1_16' title='bbox 1028 970 1149 1056; x_wconf 93' lang='lat' dir='ltr'><strong>populo</strong></span> <span class='ocrx_word' id='word_1_17' title='bbox 1175 967 1336 1034; x_wconf 84' lang='lat' dir='ltr'><strong>Gaietano</strong></span> <span class='ocrx_word' id='word_1_18' title='bbox 1368 975 1430 1034; x_wconf 87' lang='lat' dir='ltr'><strong>etc.</strong></span> <span class='ocrx_word' id='word_1_19' title='bbox 1474 969 1612 1034; x_wconf 81' lang='lat' dir='ltr'><strong>Noverit</strong></span> <span class='ocrx_word' id='word_1_20' title='bbox 1633 968 1831 1036; x_wconf 77' lang='lat' dir='ltr'><strong>universitas</strong></span> <span class='ocrx_word' id='word_1_21' title='bbox 1854 977 1982 1051; x_wconf 89' lang='lat' dir='ltr'><strong>vestra,</strong></span> <span class='ocrx_word' id='word_1_22' title='bbox 2013 968 2101 1056; x_wconf 92' lang='lat' dir='ltr'><strong>quod</strong></span> 
     </span>
     <span class='ocr_line' id='line_1_6' title="bbox 437 1071 2099 1164; baseline -0.005 -17"><span class='ocrx_word' id='word_1_23' title='bbox 437 1103 497 1147; x_wconf 91' lang='lat' dir='ltr'><strong>nos</strong></span> <span class='ocrx_word' id='word_1_24' title='bbox 528 1078 569 1145; x_wconf 89' lang='lat' dir='ltr'><strong>ad</strong></span> <span class='ocrx_word' id='word_1_25' title='bbox 606 1098 723 1164; x_wconf 91' lang='lat' dir='ltr'><strong>preces</strong></span> <span class='ocrx_word' id='word_1_26' title='bbox 755 1083 789 1141; x_wconf 90' lang='lat' dir='ltr'><strong>et</strong></span> <span class='ocrx_word' id='word_1_27' title='bbox 816 1075 940 1139; x_wconf 86' lang='lat' dir='ltr'><strong>monita</strong></span> <span class='ocrx_word' id='word_1_28' title='bbox 970 1072 1171 1138; x_wconf 78' lang='lat' dir='ltr'><strong>sanctissimi</strong></span> <span class='ocrx_word' id='word_1_29' title='bbox 1200 1073 1235 1137; x_wconf 92' lang='lat' dir='ltr'><strong>in</strong></span> <span class='ocrx_word' id='word_1_30' title='bbox 1266 1071 1396 1138; x_wconf 83' lang='lat' dir='ltr'><strong>Christo</strong></span> <span class='ocrx_word' id='word_1_31' title='bbox 1425 1075 1527 1160; x_wconf 86' lang='lat' dir='ltr'><strong>patris</strong></span> <span class='ocrx_word' id='word_1_32' title='bbox 1559 1073 1664 1138; x_wconf 83' lang='lat' dir='ltr'><strong>nostri</strong></span> <span class='ocrx_word' id='word_1_33' title='bbox 1693 1074 1809 1138; x_wconf 89' lang='lat' dir='ltr'><strong>summi</strong></span> <span class='ocrx_word' id='word_1_34' title='bbox 1839 1074 2023 1160; x_wconf 90' lang='lat' dir='ltr'><strong>pontilicis,</strong></span> <span class='ocrx_word' id='word_1_35' title='bbox 2057 1073 2099 1139; x_wconf 92' lang='lat' dir='ltr'><strong>ob</strong></span> 
     </span>
     <span class='ocr_line' id='line_1_7' title="bbox 437 1175 2100 1268; baseline -0.004 -20"><span class='ocrx_word' id='word_1_36' title='bbox 437 1184 597 1249; x_wconf 84' lang='lat' dir='ltr'>honorem</span> <span class='ocrx_word' id='word_1_37' title='bbox 628 1182 731 1268; x_wconf 90' lang='lat' dir='ltr'><strong>ipsius</strong></span> <span class='ocrx_word' id='word_1_38' title='bbox 755 1185 788 1244; x_wconf 91' lang='lat' dir='ltr'><strong>et</strong></span> <span class='ocrx_word' id='word_1_39' title='bbox 816 1178 997 1264; x_wconf 87' lang='lat' dir='ltr'><strong>apostolice</strong></span> <span class='ocrx_word' id='word_1_40' title='bbox 1028 1175 1117 1241; x_wconf 92' lang='lat' dir='ltr'><strong>sedis</strong></span> <span class='ocrx_word' id='word_1_41' title='bbox 1146 1177 1365 1242; x_wconf 89' lang='lat' dir='ltr'><strong>reverentiam</strong></span> <span class='ocrx_word' id='word_1_42' title='bbox 1393 1199 1437 1243; x_wconf 81' lang='lat' dir='ltr'><strong>ex</strong></span> <span class='ocrx_word' id='word_1_43' title='bbox 1462 1178 1576 1243; x_wconf 89' lang='lat' dir='ltr'><strong>innata</strong></span> <span class='ocrx_word' id='word_1_44' title='bbox 1605 1178 1799 1254; x_wconf 83' lang='lat' dir='ltr'><strong>clementia,</strong></span> <span class='ocrx_word' id='word_1_45' title='bbox 1829 1198 1893 1263; x_wconf 92' lang='lat' dir='ltr'><strong>qua</strong></span> <span class='ocrx_word' id='word_1_46' title='bbox 1919 1177 2100 1264; x_wconf 86' lang='lat' dir='ltr'><strong>gloriosius</strong></span> 
     </span>
     <span class='ocr_line' id='line_1_8' title="bbox 438 1280 2101 1371; baseline -0.004 -18"><span class='ocrx_word' id='word_1_47' title='bbox 438 1287 587 1353; x_wconf 84' lang='lat' dir='ltr'><strong>ducimus</strong></span> <span class='ocrx_word' id='word_1_48' title='bbox 615 1305 751 1371; x_wconf 82' lang='lat' dir='ltr'><strong>parcere</strong></span> <span class='ocrx_word' id='word_1_49' title='bbox 781 1303 878 1368; x_wconf 87' lang='lat' dir='ltr'><strong>quarn</strong></span> <span class='ocrx_word' id='word_1_50' title='bbox 908 1281 1040 1361; x_wconf 90' lang='lat' dir='ltr'><strong>ulcisci,</strong></span> <span class='ocrx_word' id='word_1_51' title='bbox 1070 1280 1255 1367; x_wconf 84' lang='lat' dir='ltr'><strong>recepimus</strong></span> <span class='ocrx_word' id='word_1_52' title='bbox 1284 1281 1533 1346; x_wconf 89' lang='lat' dir='ltr'><strong>universitatem</strong></span> <span class='ocrx_word' id='word_1_53' title='bbox 1555 1287 1699 1345; x_wconf 89' lang='lat' dir='ltr'><strong>vestram</strong></span> <span class='ocrx_word' id='word_1_54' title='bbox 1723 1287 1757 1347; x_wconf 89' lang='lat' dir='ltr'><strong>at</strong></span> <span class='ocrx_word' id='word_1_55' title='bbox 1780 1282 1926 1367; x_wconf 90' lang='lat' dir='ltr'><strong>singulos</strong></span> <span class='ocrx_word' id='word_1_56' title='bbox 1950 1289 2101 1347; x_wconf 86' lang='lat' dir='ltr'><strong>vestrum</strong></span> 
     </span>
     <span class='ocr_line' id='line_1_9' title="bbox 439 1384 2100 1475; baseline -0.003 -20"><span class='ocrx_word' id='word_1_57' title='bbox 439 1391 472 1455; x_wconf 94' lang='lat' dir='ltr'><strong>in</strong></span> <span class='ocrx_word' id='word_1_58' title='bbox 495 1389 635 1475; x_wconf 87' lang='lat' dir='ltr'><strong>gratiam</strong></span> <span class='ocrx_word' id='word_1_59' title='bbox 657 1393 812 1464; x_wconf 88' lang='lat' dir='ltr'><strong>nostram,</strong></span> <span class='ocrx_word' id='word_1_60' title='bbox 836 1385 1042 1450; x_wconf 85' lang='lat' dir='ltr'><strong>remittentes</strong></span> <span class='ocrx_word' id='word_1_61' title='bbox 1060 1384 1153 1448; x_wconf 91' lang='lat' dir='ltr'><strong>vobis</strong></span> <span class='ocrx_word' id='word_1_62' title='bbox 1177 1384 1328 1449; x_wconf 89' lang='lat' dir='ltr'><strong>omnibus</strong></span> <span class='ocrx_word' id='word_1_63' title='bbox 1352 1391 1386 1449; x_wconf 90' lang='lat' dir='ltr'><strong>et</strong></span> <span class='ocrx_word' id='word_1_64' title='bbox 1409 1385 1546 1470; x_wconf 86' lang='lat' dir='ltr'><strong>singulis</strong></span> <span class='ocrx_word' id='word_1_65' title='bbox 1571 1405 1701 1448; x_wconf 91' lang='lat' dir='ltr'><strong>omnem</strong></span> <span class='ocrx_word' id='word_1_66' title='bbox 1718 1384 1877 1449; x_wconf 86' lang='lat' dir='ltr'><strong>offensam</strong></span> <span class='ocrx_word' id='word_1_67' title='bbox 1899 1391 1934 1449; x_wconf 90' lang='lat' dir='ltr'><strong>et</strong></span> <span class='ocrx_word' id='word_1_68' title='bbox 1957 1386 2100 1472; x_wconf 88' lang='lat' dir='ltr'><strong>culpam,</strong></span> 
     </span>
     <span class='ocr_line' id='line_1_10' title="bbox 440 1487 2100 1581; baseline -0.004 -22"><span class='ocrx_word' id='word_1_69' title='bbox 440 1514 537 1581; x_wconf 91' lang='lat' dir='ltr'><strong>quarn</strong></span> <span class='ocrx_word' id='word_1_70' title='bbox 560 1492 700 1558; x_wconf 89' lang='lat' dir='ltr'><strong>ecclesie</strong></span> <span class='ocrx_word' id='word_1_71' title='bbox 727 1487 917 1554; x_wconf 81' lang='lat' dir='ltr'><strong>adherendo</strong></span> <span class='ocrx_word' id='word_1_72' title='bbox 946 1495 1060 1552; x_wconf 88' lang='lat' dir='ltr'><strong>contra</strong></span> <span class='ocrx_word' id='word_1_73' title='bbox 1088 1509 1147 1552; x_wconf 92' lang='lat' dir='ltr'><strong>nos</strong></span> <span class='ocrx_word' id='word_1_74' title='bbox 1171 1488 1343 1553; x_wconf 88' lang='lat' dir='ltr'><strong>occasione</strong></span> <span class='ocrx_word' id='word_1_75' title='bbox 1371 1494 1444 1553; x_wconf 89' lang='lat' dir='ltr'><strong>orte</strong></span> <span class='ocrx_word' id='word_1_76' title='bbox 1475 1487 1637 1553; x_wconf 85' lang='lat' dir='ltr'><strong>discordie</strong></span> <span class='ocrx_word' id='word_1_77' title='bbox 1667 1488 1888 1553; x_wconf 90' lang='lat' dir='ltr'><strong>commisistis.</strong></span> <span class='ocrx_word' id='word_1_78' title='bbox 1934 1487 2100 1554; x_wconf 82' lang='lat' dir='ltr'><strong>Concedi-</strong></span> 
     </span>
     <span class='ocr_line' id='line_1_11' title="bbox 439 1591 2101 1682; baseline -0.002 -21"><span class='ocrx_word' id='word_1_79' title='bbox 439 1618 512 1662; x_wconf 90' lang='lat' dir='ltr'><strong>mus</strong></span> <span class='ocrx_word' id='word_1_80' title='bbox 535 1597 670 1682; x_wconf 89' lang='lat' dir='ltr'><strong>insuper</strong></span> <span class='ocrx_word' id='word_1_81' title='bbox 692 1593 787 1657; x_wconf 91' lang='lat' dir='ltr'><strong>vobis</strong></span> <span class='ocrx_word' id='word_1_82' title='bbox 810 1593 942 1678; x_wconf 89' lang='lat' dir='ltr'><strong>plenam</strong></span> <span class='ocrx_word' id='word_1_83' title='bbox 965 1592 1178 1656; x_wconf 82' lang='lat' dir='ltr'><strong>securitatem</strong></span> <span class='ocrx_word' id='word_1_84' title='bbox 1200 1591 1320 1676; x_wconf 89' lang='lat' dir='ltr'><strong>ubique</strong></span> <span class='ocrx_word' id='word_1_85' title='bbox 1350 1613 1410 1677; x_wconf 92' lang='lat' dir='ltr'><strong>per</strong></span> <span class='ocrx_word' id='word_1_86' title='bbox 1431 1592 1621 1678; x_wconf 85' lang='lat' dir='ltr'><strong>imperium,</strong></span> <span class='ocrx_word' id='word_1_87' title='bbox 1652 1612 1789 1677; x_wconf 91' lang='lat' dir='ltr'><strong>regnum</strong></span> <span class='ocrx_word' id='word_1_88' title='bbox 1811 1597 1958 1656; x_wconf 89' lang='lat' dir='ltr'><strong>nostrum</strong></span> <span class='ocrx_word' id='word_1_89' title='bbox 1984 1591 2101 1657; x_wconf 85' lang='lat' dir='ltr'><strong>Sicilie</strong></span> 
     </span>
     <span class='ocr_line' id='line_1_12' title="bbox 441 1692 2101 1784; baseline -0.003 -20"><span class='ocrx_word' id='word_1_90' title='bbox 441 1707 475 1764; x_wconf 91' lang='lat' dir='ltr'><strong>et</strong></span> <span class='ocrx_word' id='word_1_91' title='bbox 496 1705 602 1764; x_wconf 88' lang='lat' dir='ltr'><strong>totum</strong></span> <span class='ocrx_word' id='word_1_92' title='bbox 624 1718 723 1784; x_wconf 92' lang='lat' dir='ltr'><strong>posse</strong></span> <span class='ocrx_word' id='word_1_93' title='bbox 746 1702 910 1777; x_wconf 90' lang='lat' dir='ltr'><strong>nostrum,</strong></span> <span class='ocrx_word' id='word_1_94' title='bbox 943 1695 977 1758; x_wconf 92' lang='lat' dir='ltr'><strong>in</strong></span> <span class='ocrx_word' id='word_1_95' title='bbox 1000 1693 1123 1775; x_wconf 91' lang='lat' dir='ltr'><strong>eundo,</strong></span> <span class='ocrx_word' id='word_1_96' title='bbox 1153 1692 1309 1758; x_wconf 89' lang='lat' dir='ltr'><strong>morando</strong></span> <span class='ocrx_word' id='word_1_97' title='bbox 1334 1701 1367 1760; x_wconf 89' lang='lat' dir='ltr'><strong>et</strong></span> <span class='ocrx_word' id='word_1_98' title='bbox 1388 1693 1573 1774; x_wconf 87' lang='lat' dir='ltr'><strong>redeundo,</strong></span> <span class='ocrx_word' id='word_1_99' title='bbox 1604 1715 1677 1759; x_wconf 93' lang='lat' dir='ltr'><strong>cum</strong></span> <span class='ocrx_word' id='word_1_100' title='bbox 1700 1695 1921 1760; x_wconf 89' lang='lat' dir='ltr'><strong>mercimoniis</strong></span> <span class='ocrx_word' id='word_1_101' title='bbox 1945 1701 1980 1761; x_wconf 92' lang='lat' dir='ltr'><strong>et</strong></span> <span class='ocrx_word' id='word_1_102' title='bbox 2001 1695 2101 1759; x_wconf 91' lang='lat' dir='ltr'><strong>bonis</strong></span> 
     </span>
     <span class='ocr_line' id='line_1_13' title="bbox 440 1789 2102 1886; baseline -0.003 -20"><span class='ocrx_word' id='word_1_103' title='bbox 440 1803 576 1881; x_wconf 89' lang='lat' dir='ltr'><strong>vestris,</strong></span> <span class='ocrx_word' id='word_1_104' title='bbox 606 1801 640 1865; x_wconf 95' lang='lat' dir='ltr'><strong>in</strong></span> <span class='ocrx_word' id='word_1_105' title='bbox 671 1799 822 1886; x_wconf 90' lang='lat' dir='ltr'><strong>personis</strong></span> <span class='ocrx_word' id='word_1_106' title='bbox 846 1803 880 1862; x_wconf 90' lang='lat' dir='ltr'><strong>et</strong></span> <span class='ocrx_word' id='word_1_107' title='bbox 910 1797 1022 1878; x_wconf 89' lang='lat' dir='ltr'><strong>rebus,</strong></span> <span class='ocrx_word' id='word_1_108' title='bbox 1055 1804 1088 1862; x_wconf 90' lang='lat' dir='ltr'><strong>et</strong></span> <span class='ocrx_word' id='word_1_109' title='bbox 1119 1818 1192 1862; x_wconf 89' lang='lat' dir='ltr'><strong>eam</strong></span> <span class='ocrx_word' id='word_1_110' title='bbox 1215 1797 1307 1861; x_wconf 91' lang='lat' dir='ltr'><strong>vobis</strong></span> <span class='ocrx_word' id='word_1_111' title='bbox 1337 1819 1398 1883; x_wconf 91' lang='lat' dir='ltr'><strong>per</strong></span> <span class='ocrx_word' id='word_1_112' title='bbox 1428 1789 1581 1884; x_wconf 82' lang='lat' dir='ltr'><strong>patentes</strong></span> <span class='ocrx_word' id='word_1_113' title='bbox 1613 1798 1740 1864; x_wconf 83' lang='lat' dir='ltr'><strong>litteras</strong></span> <span class='ocrx_word' id='word_1_114' title='bbox 1768 1804 1898 1863; x_wconf 90' lang='lat' dir='ltr'><strong>nostras</strong></span> <span class='ocrx_word' id='word_1_115' title='bbox 1930 1799 2102 1865; x_wconf 86' lang='lat' dir='ltr'><strong>observari</strong></span> 
     </span>
     <span class='ocr_line' id='line_1_14' title="bbox 442 1899 2104 1988; baseline -0.002 -19"><span class='ocrx_word' id='word_1_116' title='bbox 442 1904 665 1969; x_wconf 70' lang='lat' dir='ltr'><strong>mandamus.¹</strong></span> <span class='ocrx_word' id='word_1_117' title='bbox 689 1901 798 1976; x_wconf 86' lang='lat' dir='ltr'><strong>Quare</strong></span> <span class='ocrx_word' id='word_1_118' title='bbox 830 1899 1021 1965; x_wconf 91' lang='lat' dir='ltr'><strong>mandamus</strong></span> <span class='ocrx_word' id='word_1_119' title='bbox 1052 1906 1087 1965; x_wconf 91' lang='lat' dir='ltr'><strong>et</strong></span> <span class='ocrx_word' id='word_1_120' title='bbox 1119 1901 1318 1987; x_wconf 85' lang='lat' dir='ltr'><strong>precipimus</strong></span> <span class='ocrx_word' id='word_1_121' title='bbox 1347 1902 1553 1967; x_wconf 85' lang='lat' dir='ltr'><strong>universitati</strong></span> <span class='ocrx_word' id='word_1_122' title='bbox 1586 1909 1710 1982; x_wconf 88' lang='lat' dir='ltr'><strong>vestre,</strong></span> <span class='ocrx_word' id='word_1_123' title='bbox 1742 1903 1893 1988; x_wconf 86' lang='lat' dir='ltr'><strong>quatinus</strong></span> <span class='ocrx_word' id='word_1_124' title='bbox 1922 1902 1956 1967; x_wconf 94' lang='lat' dir='ltr'><strong>in</strong></span> <span class='ocrx_word' id='word_1_125' title='bbox 1986 1909 2104 1966; x_wconf 88' lang='lat' dir='ltr'><strong>nostra</strong></span> 
     </span>
     <span class='ocr_line' id='line_1_15' title="bbox 441 2002 2101 2090; baseline -0.001 -18"><span class='ocrx_word' id='word_1_126' title='bbox 441 2008 616 2072; x_wconf 85' lang='lat' dir='ltr'><strong>devotione</strong></span> <span class='ocrx_word' id='word_1_127' title='bbox 645 2011 678 2072; x_wconf 88' lang='lat' dir='ltr'><strong>et</strong></span> <span class='ocrx_word' id='word_1_128' title='bbox 708 2004 866 2070; x_wconf 90' lang='lat' dir='ltr'><strong>fidelitate</strong></span> <span class='ocrx_word' id='word_1_129' title='bbox 896 2005 984 2090; x_wconf 92' lang='lat' dir='ltr'><strong>regis</strong></span> <span class='ocrx_word' id='word_1_130' title='bbox 1017 2002 1159 2069; x_wconf 83' lang='lat' dir='ltr'><strong>Conradi</strong></span> <span class='ocrx_word' id='word_1_131' title='bbox 1189 2003 1248 2067; x_wconf 87' lang='lat' dir='ltr'><strong>lilii</strong></span> <span class='ocrx_word' id='word_1_132' title='bbox 1276 2004 1398 2085; x_wconf 91' lang='lat' dir='ltr'><strong>nostri,</strong></span> <span class='ocrx_word' id='word_1_133' title='bbox 1430 2005 1482 2068; x_wconf 93' lang='lat' dir='ltr'><strong>cui</strong></span> <span class='ocrx_word' id='word_1_134' title='bbox 1512 2003 1651 2070; x_wconf 91' lang='lat' dir='ltr'><strong>eandem</strong></span> <span class='ocrx_word' id='word_1_135' title='bbox 1674 2006 1897 2070; x_wconf 86' lang='lat' dir='ltr'><strong>concessimus</strong></span> <span class='ocrx_word' id='word_1_136' title='bbox 1919 2006 2101 2086; x_wconf 88' lang='lat' dir='ltr'><strong>civitatem,</strong></span> 
     </span>
     <span class='ocr_line' id='line_1_16' title="bbox 440 2105 2102 2194; baseline -0.002 -18"><span class='ocrx_word' id='word_1_137' title='bbox 440 2110 552 2176; x_wconf 90' lang='lat' dir='ltr'><strong>taliter</strong></span> <span class='ocrx_word' id='word_1_138' title='bbox 573 2130 631 2172; x_wconf 91' lang='lat' dir='ltr'><strong>vos</strong></span> <span class='ocrx_word' id='word_1_139' title='bbox 654 2130 770 2194; x_wconf 89' lang='lat' dir='ltr'><strong>gerere</strong></span> <span class='ocrx_word' id='word_1_140' title='bbox 794 2113 827 2172; x_wconf 89' lang='lat' dir='ltr'><strong>et</strong></span> <span class='ocrx_word' id='word_1_141' title='bbox 849 2107 1029 2194; x_wconf 88' lang='lat' dir='ltr'><strong>persistere</strong></span> <span class='ocrx_word' id='word_1_142' title='bbox 1053 2105 1224 2187; x_wconf 86' lang='lat' dir='ltr'><strong>studeatis,</strong></span> <span class='ocrx_word' id='word_1_143' title='bbox 1247 2113 1283 2172; x_wconf 88' lang='lat' dir='ltr'><strong>ut</strong></span> <span class='ocrx_word' id='word_1_144' title='bbox 1305 2128 1364 2193; x_wconf 92' lang='lat' dir='ltr'><strong>per</strong></span> <span class='ocrx_word' id='word_1_145' title='bbox 1386 2107 1547 2171; x_wconf 90' lang='lat' dir='ltr'><strong>bonorum</strong></span> <span class='ocrx_word' id='word_1_146' title='bbox 1571 2128 1706 2194; x_wconf 91' lang='lat' dir='ltr'><strong>operum</strong></span> <span class='ocrx_word' id='word_1_147' title='bbox 1730 2108 1969 2174; x_wconf 85' lang='lat' dir='ltr'><strong>exhibitionem</strong></span> <span class='ocrx_word' id='word_1_148' title='bbox 1992 2109 2102 2194; x_wconf 89' lang='lat' dir='ltr'><strong>gratie</strong></span> 
     </span>
     <span class='ocr_line' id='line_1_17' title="bbox 441 2209 1543 2296; baseline -0.004 -18"><span class='ocrx_word' id='word_1_149' title='bbox 441 2219 552 2278; x_wconf 90' lang='lat' dir='ltr'><strong>nostre</strong></span> <span class='ocrx_word' id='word_1_150' title='bbox 574 2212 831 2278; x_wconf 86' lang='lat' dir='ltr'><strong>munificentiam</strong></span> <span class='ocrx_word' id='word_1_151' title='bbox 853 2210 894 2277; x_wconf 92' lang='lat' dir='ltr'><strong>de</strong></span> <span class='ocrx_word' id='word_1_152' title='bbox 916 2210 1002 2275; x_wconf 92' lang='lat' dir='ltr'><strong>bono</strong></span> <span class='ocrx_word' id='word_1_153' title='bbox 1027 2209 1060 2274; x_wconf 93' lang='lat' dir='ltr'><strong>in</strong></span> <span class='ocrx_word' id='word_1_154' title='bbox 1083 2210 1201 2274; x_wconf 89' lang='lat' dir='ltr'><strong>melius</strong></span> <span class='ocrx_word' id='word_1_155' title='bbox 1226 2210 1374 2275; x_wconf 91' lang='lat' dir='ltr'><strong>obtinere</strong></span> <span class='ocrx_word' id='word_1_156' title='bbox 1399 2211 1543 2296; x_wconf 91' lang='lat' dir='ltr'><strong>possitis.</strong></span> 
     </span>
    </p>
   </div>
   <div class='ocr_carea' id='block_1_5' title="bbox 550 2333 1303 2516">
    <p class='ocr_par' dir='ltr' id='par_1_5' title="bbox 550 2333 1303 2516">
     <span class='ocr_line' id='line_1_18' title="bbox 550 2333 714 2398; baseline -0.006 0"><span class='ocrx_word' id='word_1_157' title='bbox 550 2333 628 2398; x_wconf 89' lang='lat' dir='ltr'><strong>Dat.</strong></span> <span class='ocrx_word' id='word_1_158' title='bbox 652 2339 714 2398; x_wconf 89' lang='lat' dir='ltr'><strong>etc.</strong></span> 
     </span>
     <span class='ocr_line' id='line_1_19' title="bbox 1243 2451 1303 2516; baseline 0 -1"><span class='ocrx_word' id='word_1_159' title='bbox 1243 2451 1303 2516; x_wconf 89' lang='lat' dir='ltr'><strong>IV.</strong></span> 
     </span>
    </p>
   </div>
   <div class='ocr_carea' id='block_1_6' title="bbox 553 2568 1990 2784">
    <p class='ocr_par' dir='ltr' id='par_1_6' title="bbox 553 2568 1990 2784">
     <span class='ocr_line' id='line_1_20' title="bbox 553 2568 1990 2663; baseline -0.001 -19"><span class='ocrx_word' id='word_1_160' title='bbox 553 2569 607 2644; x_wconf 84' lang='lat' dir='ltr'><strong>Ut</strong></span> <span class='ocrx_word' id='word_1_161' title='bbox 633 2570 786 2644; x_wconf 90' lang='lat' dir='ltr'><strong>nullus</strong></span> <span class='ocrx_word' id='word_1_162' title='bbox 813 2568 1061 2644; x_wconf 86' lang='lat' dir='ltr'><strong>Gaietanos</strong></span> <span class='ocrx_word' id='word_1_163' title='bbox 1086 2570 1130 2643; x_wconf 91' lang='lat' dir='ltr'><strong>in</strong></span> <span class='ocrx_word' id='word_1_164' title='bbox 1157 2569 1365 2663; x_wconf 88' lang='lat' dir='ltr'><strong>personis</strong></span> <span class='ocrx_word' id='word_1_165' title='bbox 1390 2570 1461 2643; x_wconf 91' lang='lat' dir='ltr'><strong>vel</strong></span> <span class='ocrx_word' id='word_1_166' title='bbox 1488 2570 1626 2643; x_wconf 88' lang='lat' dir='ltr'><strong>rebus</strong></span> <span class='ocrx_word' id='word_1_167' title='bbox 1652 2591 1730 2663; x_wconf 90' lang='lat' dir='ltr'><strong>per</strong></span> <span class='ocrx_word' id='word_1_168' title='bbox 1755 2570 1990 2663; x_wconf 88' lang='lat' dir='ltr'><strong>imperium</strong></span> 
     </span>
     <span class='ocr_line' id='line_1_21' title="bbox 1005 2691 1531 2784; baseline 0 -20"><span class='ocrx_word' id='word_1_169' title='bbox 1005 2693 1078 2766; x_wconf 88' lang='lat' dir='ltr'><strong>vel</strong></span> <span class='ocrx_word' id='word_1_170' title='bbox 1103 2713 1287 2784; x_wconf 80' lang='lat' dir='ltr'><strong>regnum</strong></span> <span class='ocrx_word' id='word_1_171' title='bbox 1314 2691 1531 2765; x_wconf 83' lang='lat' dir='ltr'><strong>offendat.</strong></span> 
     </span>
    </p>
   </div>
   <div class='ocr_carea' id='block_1_7' title="bbox 318 2839 2188 4684">
    <p class='ocr_par' dir='ltr' id='par_1_7' title="bbox 318 2839 2188 4684">
     <span class='ocr_line' id='line_1_22' title="bbox 552 2839 2104 2926; baseline 0.002 -22"><span class='ocrx_word' id='word_1_172' title='bbox 552 2839 738 2907; x_wconf 83' lang='lat' dir='ltr'><strong>Fridericus</strong></span> <span class='ocrx_word' id='word_1_173' title='bbox 762 2846 824 2905; x_wconf 90' lang='lat' dir='ltr'><strong>etc.</strong></span> <span class='ocrx_word' id='word_1_174' title='bbox 847 2839 1010 2904; x_wconf 90' lang='lat' dir='ltr'><strong>universis</strong></span> <span class='ocrx_word' id='word_1_175' title='bbox 1038 2861 1099 2926; x_wconf 88' lang='lat' dir='ltr'><strong>per</strong></span> <span class='ocrx_word' id='word_1_176' title='bbox 1121 2845 1258 2926; x_wconf 88' lang='lat' dir='ltr'><strong>regnum</strong></span> <span class='ocrx_word' id='word_1_177' title='bbox 1281 2840 1395 2905; x_wconf 87' lang='lat' dir='ltr'><strong>Sicilie</strong></span> <span class='ocrx_word' id='word_1_178' title='bbox 1420 2840 1622 2919; x_wconf 83' lang='lat' dir='ltr'><strong>constitutis,</strong></span> <span class='ocrx_word' id='word_1_179' title='bbox 1654 2839 1772 2926; x_wconf 92' lang='lat' dir='ltr'><strong>quibus</strong></span> <span class='ocrx_word' id='word_1_180' title='bbox 1795 2844 1968 2926; x_wconf 90' lang='lat' dir='ltr'><strong>presentes</strong></span> <span class='ocrx_word' id='word_1_181' title='bbox 1985 2840 2104 2907; x_wconf 89' lang='lat' dir='ltr'><strong>littere</strong></span> 
     </span>
     <span class='ocr_line' id='line_1_23' title="bbox 318 2942 2105 3030; baseline -0.002 -20"><span class='ocrx_word' id='word_1_182' title='bbox 318 2975 432 3028; x_wconf 56' lang='lat' dir='ltr'><strong>mm,</strong></span> <span class='ocrx_word' id='word_1_183' title='bbox 447 2952 579 3011; x_wconf 90' lang='lat' dir='ltr'><strong>ostense</strong></span> <span class='ocrx_word' id='word_1_184' title='bbox 602 2947 739 3026; x_wconf 85' lang='lat' dir='ltr'><strong>luerint,</strong></span> <span class='ocrx_word' id='word_1_185' title='bbox 763 2943 915 3008; x_wconf 88' lang='lat' dir='ltr'><strong>fidelibus</strong></span> <span class='ocrx_word' id='word_1_186' title='bbox 939 2945 1006 3009; x_wconf 91' lang='lat' dir='ltr'><strong>suis</strong></span> <span class='ocrx_word' id='word_1_187' title='bbox 1030 2946 1169 3030; x_wconf 88' lang='lat' dir='ltr'><strong>gratiam</strong></span> <span class='ocrx_word' id='word_1_188' title='bbox 1193 2966 1284 3009; x_wconf 90' lang='lat' dir='ltr'><strong>suam</strong></span> <span class='ocrx_word' id='word_1_189' title='bbox 1308 2951 1342 3010; x_wconf 91' lang='lat' dir='ltr'><strong>et</strong></span> <span class='ocrx_word' id='word_1_190' title='bbox 1364 2945 1484 3009; x_wconf 88' lang='lat' dir='ltr'><strong>bonam</strong></span> <span class='ocrx_word' id='word_1_191' title='bbox 1507 2945 1722 3010; x_wconf 90' lang='lat' dir='ltr'><strong>voluntatem.</strong></span> <span class='ocrx_word' id='word_1_192' title='bbox 1767 2942 1853 3017; x_wconf 85' lang='lat' dir='ltr'><strong>Quia</strong></span> <span class='ocrx_word' id='word_1_193' title='bbox 1874 2943 2105 3009; x_wconf 89' lang='lat' dir='ltr'><strong>misericordia</strong></span> 
     </span>
     <span class='ocr_line' id='line_1_24' title="bbox 446 3047 2105 3135; baseline -0.001 -23"><span class='ocrx_word' id='word_1_194' title='bbox 446 3048 672 3135; x_wconf 83' lang='lat' dir='ltr'><strong>superexaltat</strong></span> <span class='ocrx_word' id='word_1_195' title='bbox 694 3047 831 3129; x_wconf 90' lang='lat' dir='ltr'><strong>iudicio,</strong></span> <span class='ocrx_word' id='word_1_196' title='bbox 864 3053 898 3111; x_wconf 90' lang='lat' dir='ltr'><strong>et</strong></span> <span class='ocrx_word' id='word_1_197' title='bbox 920 3047 982 3111; x_wconf 92' lang='lat' dir='ltr'><strong>nisi</strong></span> <span class='ocrx_word' id='word_1_198' title='bbox 1007 3048 1105 3133; x_wconf 89' lang='lat' dir='ltr'><strong>culpa</strong></span> <span class='ocrx_word' id='word_1_199' title='bbox 1128 3047 1323 3134; x_wconf 91' lang='lat' dir='ltr'><strong>precederet</strong></span> <span class='ocrx_word' id='word_1_200' title='bbox 1344 3047 1454 3111; x_wconf 90' lang='lat' dir='ltr'><strong>locum</strong></span> <span class='ocrx_word' id='word_1_201' title='bbox 1475 3048 1573 3112; x_wconf 91' lang='lat' dir='ltr'><strong>venia</strong></span> <span class='ocrx_word' id='word_1_202' title='bbox 1596 3069 1660 3112; x_wconf 92' lang='lat' dir='ltr'><strong>non</strong></span> <span class='ocrx_word' id='word_1_203' title='bbox 1683 3047 1836 3128; x_wconf 88' lang='lat' dir='ltr'><strong>haberet,</strong></span> <span class='ocrx_word' id='word_1_204' title='bbox 1866 3068 1926 3111; x_wconf 92' lang='lat' dir='ltr'><strong>nos</strong></span> <span class='ocrx_word' id='word_1_205' title='bbox 1949 3047 2105 3132; x_wconf 89' lang='lat' dir='ltr'><strong>gloriosi·</strong></span> 
     </span>
     <span class='ocr_line' id='line_1_25' title="bbox 445 3150 2107 3237; baseline -0.002 -19"><span class='ocrx_word' id='word_1_206' title='bbox 445 3173 536 3218; x_wconf 91' lang='lat' dir='ltr'><strong>orem</strong></span> <span class='ocrx_word' id='word_1_207' title='bbox 570 3151 806 3218; x_wconf 65' lang='lat' dir='ltr'><strong>decernentes*</strong></span> <span class='ocrx_word' id='word_1_208' title='bbox 835 3150 1013 3215; x_wconf 91' lang='lat' dir='ltr'><strong>vindictam</strong></span> <span class='ocrx_word' id='word_1_209' title='bbox 1047 3153 1226 3216; x_wconf 89' lang='lat' dir='ltr'><strong>clementer</strong></span> <span class='ocrx_word' id='word_1_210' title='bbox 1263 3150 1436 3235; x_wconf 89' lang='lat' dir='ltr'><strong>ignoscere</strong></span> <span class='ocrx_word' id='word_1_211' title='bbox 1471 3171 1568 3237; x_wconf 87' lang='lat' dir='ltr'><strong>quam</strong></span> <span class='ocrx_word' id='word_1_212' title='bbox 1611 3152 1696 3216; x_wconf 92' lang='lat' dir='ltr'><strong>iuste</strong></span> <span class='ocrx_word' id='word_1_213' title='bbox 1729 3151 1863 3237; x_wconf 90' lang='lat' dir='ltr'><strong>punire,</strong></span> <span class='ocrx_word' id='word_1_214' title='bbox 1896 3151 2107 3216; x_wconf 83' lang='lat' dir='ltr'><strong>universitati</strong></span> 
     </span>
     <span class='ocr_line' id='line_1_26' title="bbox 445 3253 2105 3342; baseline 0 -24"><span class='ocrx_word' id='word_1_215' title='bbox 445 3260 555 3319; x_wconf 89' lang='lat' dir='ltr'><strong>vestre</strong></span> <span class='ocrx_word' id='word_1_216' title='bbox 577 3253 730 3321; x_wconf 85' lang='lat' dir='ltr'><strong>duximus</strong></span> <span class='ocrx_word' id='word_1_217' title='bbox 757 3261 870 3321; x_wconf 90' lang='lat' dir='ltr'><strong>tenore</strong></span> <span class='ocrx_word' id='word_1_218' title='bbox 899 3255 1101 3342; x_wconf 89' lang='lat' dir='ltr'><strong>presentium</strong></span> <span class='ocrx_word' id='word_1_219' title='bbox 1123 3253 1355 3333; x_wconf 89' lang='lat' dir='ltr'><strong>intimandum,</strong></span> <span class='ocrx_word' id='word_1_220' title='bbox 1387 3255 1474 3339; x_wconf 91' lang='lat' dir='ltr'><strong>quod</strong></span> <span class='ocrx_word' id='word_1_221' title='bbox 1501 3255 1658 3341; x_wconf 90' lang='lat' dir='ltr'><strong>precibus</strong></span> <span class='ocrx_word' id='word_1_222' title='bbox 1683 3261 1717 3319; x_wconf 89' lang='lat' dir='ltr'><strong>et</strong></span> <span class='ocrx_word' id='word_1_223' title='bbox 1745 3255 1879 3319; x_wconf 88' lang='lat' dir='ltr'><strong>monitis</strong></span> <span class='ocrx_word' id='word_1_224' title='bbox 1902 3255 2105 3319; x_wconf 88' lang='lat' dir='ltr'><strong>sanctissimi</strong></span> 
     </span>
     <span class='ocr_line' id='line_1_27' title="bbox 445 3356 2106 3445; baseline 0.001 -25"><span class='ocrx_word' id='word_1_225' title='bbox 445 3358 477 3421; x_wconf 91' lang='lat' dir='ltr'><strong>in</strong></span> <span class='ocrx_word' id='word_1_226' title='bbox 507 3356 637 3423; x_wconf 82' lang='lat' dir='ltr'><strong>Christo</strong></span> <span class='ocrx_word' id='word_1_227' title='bbox 667 3359 769 3445; x_wconf 88' lang='lat' dir='ltr'><strong>patris</strong></span> <span class='ocrx_word' id='word_1_228' title='bbox 798 3359 922 3423; x_wconf 89' lang='lat' dir='ltr'><strong>domini</strong></span> <span class='ocrx_word' id='word_1_229' title='bbox 950 3358 1104 3442; x_wconf 83' lang='lat' dir='ltr'><strong>Gregorii</strong></span> <span class='ocrx_word' id='word_1_230' title='bbox 1133 3358 1251 3422; x_wconf 90' lang='lat' dir='ltr'><strong>summi</strong></span> <span class='ocrx_word' id='word_1_231' title='bbox 1285 3358 1449 3444; x_wconf 85' lang='lat' dir='ltr'><strong>pontilicis</strong></span> <span class='ocrx_word' id='word_1_232' title='bbox 1478 3359 1519 3423; x_wconf 95' lang='lat' dir='ltr'><strong>ob</strong></span> <span class='ocrx_word' id='word_1_233' title='bbox 1549 3358 1706 3424; x_wconf 90' lang='lat' dir='ltr'><strong>honorem</strong></span> <span class='ocrx_word' id='word_1_234' title='bbox 1736 3379 1830 3422; x_wconf 91' lang='lat' dir='ltr'><strong>suum</strong></span> <span class='ocrx_word' id='word_1_235' title='bbox 1859 3363 1893 3423; x_wconf 90' lang='lat' dir='ltr'><strong>ct</strong></span> <span class='ocrx_word' id='word_1_236' title='bbox 1921 3358 2106 3444; x_wconf 88' lang='lat' dir='ltr'><strong>apostolice</strong></span> 
     </span>
     <span class='ocr_line' id='line_1_28' title="bbox 446 3460 2188 3550; baseline -0.001 -25"><span class='ocrx_word' id='word_1_237' title='bbox 446 3460 533 3526; x_wconf 92' lang='lat' dir='ltr'><strong>sedis</strong></span> <span class='ocrx_word' id='word_1_238' title='bbox 557 3463 775 3527; x_wconf 87' lang='lat' dir='ltr'><strong>reverentiam</strong></span> <span class='ocrx_word' id='word_1_239' title='bbox 798 3464 851 3550; x_wconf 94' lang='lat' dir='ltr'><strong>pio</strong></span> <span class='ocrx_word' id='word_1_240' title='bbox 876 3460 1180 3528; x_wconf 88' lang='lat' dir='ltr'><strong>condescendentes</strong></span> <span class='ocrx_word' id='word_1_241' title='bbox 1204 3461 1341 3542; x_wconf 84' lang='lat' dir='ltr'><strong>affectu,</strong></span> <span class='ocrx_word' id='word_1_242' title='bbox 1365 3462 1613 3528; x_wconf 88' lang='lat' dir='ltr'><strong>universitatem</strong></span> <span class='ocrx_word' id='word_1_243' title='bbox 1638 3469 1671 3527; x_wconf 91' lang='lat' dir='ltr'><strong>ct</strong></span> <span class='ocrx_word' id='word_1_244' title='bbox 1694 3463 1841 3547; x_wconf 90' lang='lat' dir='ltr'><strong>singulos</strong></span> <span class='ocrx_word' id='word_1_245' title='bbox 1866 3460 2104 3526; x_wconf 81' lang='lat' dir='ltr'><strong>Gaietanorum</strong></span> <span class='ocrx_word' id='word_1_246' title='bbox 2186 3500 2188 3504; x_wconf 27' lang='grc' dir='ltr'><strong><em>ι</em></strong></span> 
     </span>
     <span class='ocr_line' id='line_1_29' title="bbox 445 3564 2105 3652; baseline 0 -25"><span class='ocrx_word' id='word_1_247' title='bbox 445 3565 639 3649; x_wconf 87' lang='lat' dir='ltr'><strong>ingratiam</strong></span> <span class='ocrx_word' id='word_1_248' title='bbox 661 3571 807 3630; x_wconf 91' lang='lat' dir='ltr'><strong>nostram</strong></span> <span class='ocrx_word' id='word_1_249' title='bbox 830 3566 1031 3652; x_wconf 89' lang='lat' dir='ltr'><strong>recepimus,</strong></span> <span class='ocrx_word' id='word_1_250' title='bbox 1062 3586 1105 3630; x_wconf 81' lang='lat' dir='ltr'><strong>ex</strong></span> <span class='ocrx_word' id='word_1_251' title='bbox 1133 3565 1244 3629; x_wconf 89' lang='lat' dir='ltr'><strong>innata</strong></span> <span class='ocrx_word' id='word_1_252' title='bbox 1266 3564 1441 3629; x_wconf 89' lang='lat' dir='ltr'><strong>clementia</strong></span> <span class='ocrx_word' id='word_1_253' title='bbox 1470 3565 1673 3631; x_wconf 89' lang='lat' dir='ltr'><strong>remittentes</strong></span> <span class='ocrx_word' id='word_1_254' title='bbox 1697 3565 1822 3631; x_wconf 91' lang='lat' dir='ltr'><strong>eisdem</strong></span> <span class='ocrx_word' id='word_1_255' title='bbox 1845 3586 1974 3630; x_wconf 91' lang='lat' dir='ltr'><strong>omnem</strong></span> <span class='ocrx_word' id='word_1_256' title='bbox 1998 3565 2105 3629; x_wconf 83' lang='lat' dir='ltr'><strong>offen-</strong></span> 
     </span>
     <span class='ocr_line' id='line_1_30' title="bbox 446 3667 2105 3755; baseline -0.001 -23"><span class='ocrx_word' id='word_1_257' title='bbox 446 3688 516 3732; x_wconf 89' lang='lat' dir='ltr'><strong>sam</strong></span> <span class='ocrx_word' id='word_1_258' title='bbox 540 3674 573 3733; x_wconf 91' lang='lat' dir='ltr'><strong>et</strong></span> <span class='ocrx_word' id='word_1_259' title='bbox 594 3669 737 3755; x_wconf 87' lang='lat' dir='ltr'><strong>culpem,</strong></span> <span class='ocrx_word' id='word_1_260' title='bbox 770 3690 868 3755; x_wconf 91' lang='lat' dir='ltr'><strong>quam</strong></span> <span class='ocrx_word' id='word_1_261' title='bbox 897 3669 997 3734; x_wconf 91' lang='lat' dir='ltr'><strong>iidem</strong></span> <span class='ocrx_word' id='word_1_262' title='bbox 1020 3667 1174 3734; x_wconf 85' lang='lat' dir='ltr'><strong>Gaietani</strong></span> <span class='ocrx_word' id='word_1_263' title='bbox 1204 3668 1344 3734; x_wconf 90' lang='lat' dir='ltr'><strong>ecclesie</strong></span> <span class='ocrx_word' id='word_1_264' title='bbox 1374 3667 1562 3734; x_wconf 89' lang='lat' dir='ltr'><strong>adherendo</strong></span> <span class='ocrx_word' id='word_1_265' title='bbox 1593 3676 1707 3735; x_wconf 86' lang='lat' dir='ltr'><strong>contra</strong></span> <span class='ocrx_word' id='word_1_266' title='bbox 1737 3690 1796 3734; x_wconf 92' lang='lat' dir='ltr'><strong>nos</strong></span> <span class='ocrx_word' id='word_1_267' title='bbox 1829 3667 2001 3734; x_wconf 88' lang='lat' dir='ltr'><strong>occasione</strong></span> <span class='ocrx_word' id='word_1_268' title='bbox 2032 3673 2105 3732; x_wconf 88' lang='lat' dir='ltr'><strong>orte</strong></span> 
     </span>
     <span class='ocr_line' id='line_1_31' title="bbox 446 3770 2108 3858; baseline 0 -24"><span class='ocrx_word' id='word_1_269' title='bbox 446 3770 610 3836; x_wconf 90' lang='lat' dir='ltr'><strong>discordie</strong></span> <span class='ocrx_word' id='word_1_270' title='bbox 646 3772 891 3838; x_wconf 91' lang='lat' dir='ltr'><strong>commiserunt.</strong></span> <span class='ocrx_word' id='word_1_271' title='bbox 953 3772 1112 3838; x_wconf 89' lang='lat' dir='ltr'><strong>Preterea</strong></span> <span class='ocrx_word' id='word_1_272' title='bbox 1145 3773 1277 3858; x_wconf 90' lang='lat' dir='ltr'><strong>plenam</strong></span> <span class='ocrx_word' id='word_1_273' title='bbox 1314 3773 1362 3838; x_wconf 89' lang='lat' dir='ltr'><strong>eis</strong></span> <span class='ocrx_word' id='word_1_274' title='bbox 1396 3774 1606 3839; x_wconf 87' lang='lat' dir='ltr'><strong>securitatem</strong></span> <span class='ocrx_word' id='word_1_275' title='bbox 1642 3773 1853 3838; x_wconf 88' lang='lat' dir='ltr'><strong>concedimus</strong></span> <span class='ocrx_word' id='word_1_276' title='bbox 1888 3771 2010 3856; x_wconf 92' lang='lat' dir='ltr'><strong>ubique</strong></span> <span class='ocrx_word' id='word_1_277' title='bbox 2044 3792 2108 3857; x_wconf 93' lang='lat' dir='ltr'><strong>per</strong></span> 
     </span>
     <span class='ocr_line' id='line_1_32' title="bbox 445 3873 2106 3961; baseline 0.001 -23"><span class='ocrx_word' id='word_1_278' title='bbox 445 3873 635 3961; x_wconf 88' lang='lat' dir='ltr'><strong>imperium,</strong></span> <span class='ocrx_word' id='word_1_279' title='bbox 665 3897 802 3960; x_wconf 89' lang='lat' dir='ltr'><strong>regnum</strong></span> <span class='ocrx_word' id='word_1_280' title='bbox 826 3881 860 3940; x_wconf 91' lang='lat' dir='ltr'><strong>et</strong></span> <span class='ocrx_word' id='word_1_281' title='bbox 882 3882 986 3940; x_wconf 88' lang='lat' dir='ltr'><strong>totum</strong></span> <span class='ocrx_word' id='word_1_282' title='bbox 1009 3897 1108 3960; x_wconf 90' lang='lat' dir='ltr'><strong>posse</strong></span> <span class='ocrx_word' id='word_1_283' title='bbox 1132 3883 1294 3958; x_wconf 92' lang='lat' dir='ltr'><strong>nostrum,</strong></span> <span class='ocrx_word' id='word_1_284' title='bbox 1322 3877 1356 3940; x_wconf 89' lang='lat' dir='ltr'><strong>in</strong></span> <span class='ocrx_word' id='word_1_285' title='bbox 1380 3875 1506 3955; x_wconf 85' lang='lat' dir='ltr'><strong>eundo,</strong></span> <span class='ocrx_word' id='word_1_286' title='bbox 1538 3875 1695 3942; x_wconf 90' lang='lat' dir='ltr'><strong>morando</strong></span> <span class='ocrx_word' id='word_1_287' title='bbox 1719 3883 1752 3942; x_wconf 89' lang='lat' dir='ltr'><strong>et</strong></span> <span class='ocrx_word' id='word_1_288' title='bbox 1774 3874 1941 3942; x_wconf 88' lang='lat' dir='ltr'><strong>redeundo</strong></span> <span class='ocrx_word' id='word_1_289' title='bbox 1965 3874 2106 3940; x_wconf 87' lang='lat' dir='ltr'><strong>stelias</strong></span> 
     </span>
     <span class='ocr_line' id='line_1_33' title="bbox 445 3977 2187 4067; baseline 0.003 -25"><span class='ocrx_word' id='word_1_290' title='bbox 445 3977 686 4062; x_wconf 88' lang='lat' dir='ltr'><strong>negotiationes</strong></span> <span class='ocrx_word' id='word_1_291' title='bbox 709 3983 743 4043; x_wconf 91' lang='lat' dir='ltr'><strong>et</strong></span> <span class='ocrx_word' id='word_1_292' title='bbox 771 3978 900 4063; x_wconf 86' lang='lat' dir='ltr'><strong>agenda</strong></span> <span class='ocrx_word' id='word_1_293' title='bbox 923 3979 1071 4064; x_wconf 91' lang='lat' dir='ltr'><strong>quelibet</strong></span> <span class='ocrx_word' id='word_1_294' title='bbox 1099 3979 1294 4064; x_wconf 84' lang='lat' dir='ltr'><strong>exercendo,</strong></span> <span class='ocrx_word' id='word_1_295' title='bbox 1325 3980 1598 4067; x_wconf 91' lang='lat' dir='ltr'><strong>quemadmodum</strong></span> <span class='ocrx_word' id='word_1_296' title='bbox 1626 3981 1747 4046; x_wconf 90' lang='lat' dir='ltr'><strong>habent</strong></span> <span class='ocrx_word' id='word_1_297' title='bbox 1770 3981 1826 4046; x_wconf 89' lang='lat' dir='ltr'><strong>alii</strong></span> <span class='ocrx_word' id='word_1_298' title='bbox 1848 3980 1962 4045; x_wconf 86' lang='lat' dir='ltr'><strong>fideles</strong></span> <span class='ocrx_word' id='word_1_299' title='bbox 1985 3981 2104 4045; x_wconf 88' lang='lat' dir='ltr'><strong>nostri.</strong></span> <span class='ocrx_word' id='word_1_300' title='bbox 2161 4008 2187 4048; x_wconf 78' lang='lat' dir='ltr'><strong>so</strong></span> 
     </span>
     <span class='ocr_line' id='line_1_34' title="bbox 447 4079 2107 4171; baseline 0.002 -26"><span class='ocrx_word' id='word_1_301' title='bbox 447 4079 555 4154; x_wconf 85' lang='lat' dir='ltr'><strong>Quare</strong></span> <span class='ocrx_word' id='word_1_302' title='bbox 583 4080 774 4146; x_wconf 89' lang='lat' dir='ltr'><strong>mandamus</strong></span> <span class='ocrx_word' id='word_1_303' title='bbox 804 4089 837 4148; x_wconf 89' lang='lat' dir='ltr'><strong>et</strong></span> <span class='ocrx_word' id='word_1_304' title='bbox 863 4083 1061 4168; x_wconf 88' lang='lat' dir='ltr'><strong>precipimus</strong></span> <span class='ocrx_word' id='word_1_305' title='bbox 1090 4082 1241 4148; x_wconf 87' lang='lat' dir='ltr'><strong>fidelitati</strong></span> <span class='ocrx_word' id='word_1_306' title='bbox 1271 4091 1397 4164; x_wconf 88' lang='lat' dir='ltr'><strong>vestre,</strong></span> <span class='ocrx_word' id='word_1_307' title='bbox 1427 4086 1580 4171; x_wconf 90' lang='lat' dir='ltr'><strong>quatinus</strong></span> <span class='ocrx_word' id='word_1_308' title='bbox 1608 4083 1733 4150; x_wconf 90' lang='lat' dir='ltr'><strong>eisdem</strong></span> <span class='ocrx_word' id='word_1_309' title='bbox 1757 4083 1927 4150; x_wconf 82' lang='lat' dir='ltr'><strong>Gaietanis</strong></span> <span class='ocrx_word' id='word_1_310' title='bbox 1958 4090 2107 4148; x_wconf 89' lang='lat' dir='ltr'><strong>nostram</strong></span> 
     </span>
     <span class='ocr_line' id='line_1_35' title="bbox 447 4183 2108 4274; baseline 0.002 -26"><span class='ocrx_word' id='word_1_311' title='bbox 447 4185 586 4270; x_wconf 87' lang='lat' dir='ltr'><strong>gratiam</strong></span> <span class='ocrx_word' id='word_1_312' title='bbox 614 4185 775 4250; x_wconf 89' lang='lat' dir='ltr'><strong>assecutis</strong></span> <span class='ocrx_word' id='word_1_313' title='bbox 804 4186 888 4249; x_wconf 88' lang='lat' dir='ltr'><strong>sicut</strong></span> <span class='ocrx_word' id='word_1_314' title='bbox 916 4185 989 4250; x_wconf 89' lang='lat' dir='ltr'><strong>aliis</strong></span> <span class='ocrx_word' id='word_1_315' title='bbox 1012 4183 1165 4251; x_wconf 89' lang='lat' dir='ltr'><strong>fidelibus</strong></span> <span class='ocrx_word' id='word_1_316' title='bbox 1189 4189 1310 4252; x_wconf 88' lang='lat' dir='ltr'><strong>nostris</strong></span> <span class='ocrx_word' id='word_1_317' title='bbox 1340 4207 1458 4274; x_wconf 85' lang='lat' dir='ltr'><strong>pacem</strong></span> <span class='ocrx_word' id='word_1_318' title='bbox 1488 4194 1522 4252; x_wconf 92' lang='lat' dir='ltr'><strong>et</strong></span> <span class='ocrx_word' id='word_1_319' title='bbox 1549 4188 1779 4269; x_wconf 88' lang='lat' dir='ltr'><strong>securitatem,</strong></span> <span class='ocrx_word' id='word_1_320' title='bbox 1814 4191 2018 4273; x_wconf 91' lang='lat' dir='ltr'><strong>quocumque</strong></span> <span class='ocrx_word' id='word_1_321' title='bbox 2045 4209 2108 4274; x_wconf 89' lang='lat' dir='ltr'><strong>per</strong></span> 
     </span>
     <span class='ocr_line' id='line_1_36' title="bbox 446 4287 2107 4377; baseline 0.002 -25"><span class='ocrx_word' id='word_1_322' title='bbox 446 4310 506 4353; x_wconf 90' lang='lat' dir='ltr'><strong>vos</strong></span> <span class='ocrx_word' id='word_1_323' title='bbox 529 4309 602 4353; x_wconf 90' lang='lat' dir='ltr'><strong>cum</strong></span> <span class='ocrx_word' id='word_1_324' title='bbox 625 4287 846 4353; x_wconf 89' lang='lat' dir='ltr'><strong>mercimoniis</strong></span> <span class='ocrx_word' id='word_1_325' title='bbox 871 4294 905 4354; x_wconf 90' lang='lat' dir='ltr'><strong>et</strong></span> <span class='ocrx_word' id='word_1_326' title='bbox 928 4290 1027 4354; x_wconf 91' lang='lat' dir='ltr'><strong>rebus</strong></span> <span class='ocrx_word' id='word_1_327' title='bbox 1051 4311 1164 4355; x_wconf 90' lang='lat' dir='ltr'><strong>eorum</strong></span> <span class='ocrx_word' id='word_1_328' title='bbox 1187 4290 1314 4368; x_wconf 85' lang='lat' dir='ltr'><strong>venire,</strong></span> <span class='ocrx_word' id='word_1_329' title='bbox 1338 4291 1458 4355; x_wconf 88' lang='lat' dir='ltr'><strong>morari</strong></span> <span class='ocrx_word' id='word_1_330' title='bbox 1481 4297 1516 4357; x_wconf 90' lang='lat' dir='ltr'><strong>et</strong></span> <span class='ocrx_word' id='word_1_331' title='bbox 1538 4291 1646 4357; x_wconf 91' lang='lat' dir='ltr'><strong>redire</strong></span> <span class='ocrx_word' id='word_1_332' title='bbox 1670 4292 1861 4377; x_wconf 90' lang='lat' dir='ltr'><strong>contigerit,</strong></span> <span class='ocrx_word' id='word_1_333' title='bbox 1885 4290 2023 4355; x_wconf 86' lang='lat' dir='ltr'><strong>firmiter</strong></span> <span class='ocrx_word' id='word_1_334' title='bbox 2045 4290 2107 4355; x_wconf 95' lang='lat' dir='ltr'><strong>ob-</strong></span> 
     </span>
     <span class='ocr_line' id='line_1_37' title="bbox 448 4391 2107 4481; baseline 0.002 -25"><span class='ocrx_word' id='word_1_335' title='bbox 448 4391 602 4470; x_wconf 87' lang='lat' dir='ltr'><strong>servetis,</strong></span> <span class='ocrx_word' id='word_1_336' title='bbox 631 4397 665 4455; x_wconf 90' lang='lat' dir='ltr'><strong>et</strong></span> <span class='ocrx_word' id='word_1_337' title='bbox 691 4391 799 4455; x_wconf 89' lang='lat' dir='ltr'><strong>nullus</strong></span> <span class='ocrx_word' id='word_1_338' title='bbox 831 4392 874 4456; x_wconf 88' lang='lat' dir='ltr'><strong>sit</strong></span> <span class='ocrx_word' id='word_1_339' title='bbox 902 4393 958 4477; x_wconf 94' lang='lat' dir='ltr'><strong>qui</strong></span> <span class='ocrx_word' id='word_1_340' title='bbox 986 4414 1043 4458; x_wconf 91' lang='lat' dir='ltr'><strong>eos</strong></span> <span class='ocrx_word' id='word_1_341' title='bbox 1071 4393 1106 4456; x_wconf 89' lang='lat' dir='ltr'><strong>in</strong></span> <span class='ocrx_word' id='word_1_342' title='bbox 1134 4392 1285 4477; x_wconf 92' lang='lat' dir='ltr'><strong>personis</strong></span> <span class='ocrx_word' id='word_1_343' title='bbox 1308 4394 1361 4458; x_wconf 91' lang='lat' dir='ltr'><strong>vel</strong></span> <span class='ocrx_word' id='word_1_344' title='bbox 1394 4392 1492 4458; x_wconf 88' lang='lat' dir='ltr'><strong>rebus</strong></span> <span class='ocrx_word' id='word_1_345' title='bbox 1523 4400 1648 4459; x_wconf 87' lang='lat' dir='ltr'><strong>temere</strong></span> <span class='ocrx_word' id='word_1_346' title='bbox 1678 4393 1834 4481; x_wconf 87' lang='lat' dir='ltr'><strong>impediat</strong></span> <span class='ocrx_word' id='word_1_347' title='bbox 1857 4394 1909 4458; x_wconf 91' lang='lat' dir='ltr'><strong>vel</strong></span> <span class='ocrx_word' id='word_1_348' title='bbox 1938 4394 2107 4460; x_wconf 87' lang='lat' dir='ltr'><strong>molestet.</strong></span> 
     </span>
     <span class='ocr_line' id='line_1_38' title="bbox 449 4493 2188 4583; baseline 0.002 -24"><span class='ocrx_word' id='word_1_349' title='bbox 449 4493 544 4569; x_wconf 92' lang='lat' dir='ltr'><strong>Quod</strong></span> <span class='ocrx_word' id='word_1_350' title='bbox 566 4494 622 4580; x_wconf 91' lang='lat' dir='ltr'><strong>qui</strong></span> <span class='ocrx_word' id='word_1_351' title='bbox 643 4496 891 4581; x_wconf 90' lang='lat' dir='ltr'><strong>presumpserit,</strong></span> <span class='ocrx_word' id='word_1_352' title='bbox 914 4495 1172 4582; x_wconf 89' lang='lat' dir='ltr'><strong>indignationem</strong></span> <span class='ocrx_word' id='word_1_353' title='bbox 1194 4496 1298 4560; x_wconf 90' lang='lat' dir='ltr'><strong>nostri</strong></span> <span class='ocrx_word' id='word_1_354' title='bbox 1321 4496 1471 4561; x_wconf 91' lang='lat' dir='ltr'><strong>culminis</strong></span> <span class='ocrx_word' id='word_1_355' title='bbox 1496 4518 1532 4562; x_wconf 92' lang='lat' dir='ltr'><strong>se</strong></span> <span class='ocrx_word' id='word_1_356' title='bbox 1555 4497 1685 4562; x_wconf 90' lang='lat' dir='ltr'><strong>noverit</strong></span> <span class='ocrx_word' id='word_1_357' title='bbox 1707 4498 1913 4564; x_wconf 89' lang='lat' dir='ltr'><strong>incursurum</strong></span> <span class='ocrx_word' id='word_1_358' title='bbox 1937 4505 2106 4583; x_wconf 88' lang='lat' dir='ltr'><strong>tamquam</strong></span> <span class='ocrx_word' id='word_1_359' title='bbox 2161 4522 2188 4562; x_wconf 79' lang='lat' dir='ltr'><strong>ss</strong></span> 
     </span>
     <span class='ocr_line' id='line_1_39' title="bbox 448 4585 1262 4684; baseline 0.002 -22"><span class='ocrx_word' id='word_1_360' title='bbox 448 4595 593 4662; x_wconf 88' lang='lat' dir='ltr'><strong>mandati</strong></span> <span class='ocrx_word' id='word_1_361' title='bbox 614 4599 716 4662; x_wconf 91' lang='lat' dir='ltr'><strong>nostri</strong></span> <span class='ocrx_word' id='word_1_362' title='bbox 738 4600 949 4664; x_wconf 88' lang='lat' dir='ltr'><strong>temerarium</strong></span> <span class='ocrx_word' id='word_1_363' title='bbox 973 4585 1262 4684; x_wconf 79' lang='lat' dir='ltr'><strong>transgressorem.</strong></span> 
     </span>
    </p>
   </div>
   <div class='ocr_carea' id='block_1_8' title="bbox 557 4715 722 4784">
    <p class='ocr_par' dir='ltr' id='par_1_8' title="bbox 557 4715 722 4784">
     <span class='ocr_line' id='line_1_40' title="bbox 557 4715 722 4784; baseline 0.018 -5"><span class='ocrx_word' id='word_1_364' title='bbox 557 4715 635 4782; x_wconf 91' lang='lat' dir='ltr'><strong>Dat.</strong></span> <span class='ocrx_word' id='word_1_365' title='bbox 660 4723 722 4784; x_wconf 91' lang='lat' dir='ltr'><strong>etc.</strong></span> 
     </span>
    </p>
   </div>
   <div class='ocr_carea' id='block_1_9' title="bbox 1234 4983 1321 5058">
    <p class='ocr_par' dir='ltr' id='par_1_9' title="bbox 1234 4983 1321 5058">
     <span class='ocr_line' id='line_1_41' title="bbox 1234 4983 1321 5058; baseline 0 -2"><span class='ocrx_word' id='word_1_366' title='bbox 1234 4983 1321 5058; x_wconf 77' lang='lat'><strong>543.</strong></span> 
     </span>
    </p>
   </div>
   <div class='ocr_carea' id='block_1_10' title="bbox 448 5075 2192 5501">
    <p class='ocr_par' dir='ltr' id='par_1_10' title="bbox 448 5075 2192 5398">
     <span class='ocr_line' id='line_1_42' title="bbox 559 5075 2110 5191; baseline 0.001 -19"><span class='ocrx_word' id='word_1_367' title='bbox 559 5075 750 5188; x_wconf 61' lang='lat' dir='ltr'><strong>Gregorius</strong></span> <span class='ocrx_word' id='word_1_368' title='bbox 764 5104 820 5171; x_wconf 89' lang='lat' dir='ltr'><strong>IX</strong></span> <span class='ocrx_word' id='word_1_369' title='bbox 833 5126 922 5187; x_wconf 79' lang='lat' dir='ltr'><strong>papa</strong></span> <span class='ocrx_word' id='word_1_370' title='bbox 935 5105 1180 5191; x_wconf 81' lang='lat' dir='ltr'><strong>[Bertboldum]</strong></span> <span class='ocrx_word' id='word_1_371' title='bbox 1196 5105 1419 5187; x_wconf 77' lang='lat' dir='ltr'><strong>patriarcham</strong></span> <span class='ocrx_word' id='word_1_372' title='bbox 1440 5106 1693 5188; x_wconf 79' lang='lat' dir='ltr'><strong>Aquileqienscm</strong></span> <span class='ocrx_word' id='word_1_373' title='bbox 1715 5129 1737 5172; x_wconf 88' lang='lat' dir='ltr'><strong>a</strong></span> <span class='ocrx_word' id='word_1_374' title='bbox 1758 5109 1946 5173; x_wconf 80' lang='lat' dir='ltr'><strong>iuraarcatis</strong></span> <span class='ocrx_word' id='word_1_375' title='bbox 1966 5109 2110 5188; x_wconf 68' lang='lat' dir='ltr'><strong>absoluat,</strong></span> 
     </span>
     <span class='ocr_line' id='line_1_43' title="bbox 448 5209 2111 5295; baseline 0.002 -19"><span class='ocrx_word' id='word_1_376' title='bbox 448 5231 530 5294; x_wconf 80' lang='lat' dir='ltr'><strong>qaue</strong></span> <span class='ocrx_word' id='word_1_377' title='bbox 548 5229 608 5290; x_wconf 81' lang='lat' dir='ltr'><strong>pro</strong></span> <span class='ocrx_word' id='word_1_378' title='bbox 629 5209 800 5295; x_wconf 79' lang='lat' dir='ltr'><strong>[Eqberto]</strong></span> <span class='ocrx_word' id='word_1_379' title='bbox 820 5210 960 5291; x_wconf 80' lang='lat' dir='ltr'><strong>episcopo</strong></span> <span class='ocrx_word' id='word_1_380' title='bbox 974 5209 1237 5293; x_wconf 78' lang='lat' dir='ltr'><strong>Bobcmberqcasi</strong></span> <span class='ocrx_word' id='word_1_381' title='bbox 1258 5231 1274 5274; x_wconf 85' lang='lat' dir='ltr'><strong>c</strong></span> <span class='ocrx_word' id='word_1_382' title='bbox 1296 5211 1476 5291; x_wconf 80' lang='lat' dir='ltr'><strong>captivitate</strong></span> <span class='ocrx_word' id='word_1_383' title='bbox 1498 5210 1633 5275; x_wconf 78' lang='lat' dir='ltr'><strong>Hearicr&#39;</strong></span> <span class='ocrx_word' id='word_1_384' title='bbox 1655 5211 1692 5277; x_wconf 85' lang='lat' dir='ltr'><strong>de</strong></span> <span class='ocrx_word' id='word_1_385' title='bbox 1714 5213 1924 5278; x_wconf 77' lang='lat' dir='ltr'><strong>Finlcenstcia</strong></span> <span class='ocrx_word' id='word_1_386' title='bbox 1947 5214 2111 5279; x_wconf 83' lang='lat' dir='ltr'><strong>liberando</strong></span> 
     </span>
     <span class='ocr_line' id='line_1_44' title="bbox 448 5311 2192 5398; baseline 0.002 -20"><span class='ocrx_word' id='word_1_387' title='bbox 448 5313 650 5397; x_wconf 82' lang='lat' dir='ltr'><strong>praestiterit.</strong></span> <span class='ocrx_word' id='word_1_388' title='bbox 699 5311 748 5398; x_wconf 79' lang='lat' dir='ltr'><strong>Of.</strong></span> <span class='ocrx_word' id='word_1_389' title='bbox 771 5331 802 5378; x_wconf 82' lang='lat' dir='ltr'><strong>a.</strong></span> <span class='ocrx_word' id='word_1_390' title='bbox 828 5313 901 5376; x_wconf 79' lang='lat'><strong><em>518.</em></strong></span> <span class='ocrx_word' id='word_1_391' title='bbox 1751 5318 1846 5396; x_wconf 82' lang='lat'><strong>1233,</strong></span> <span class='ocrx_word' id='word_1_392' title='bbox 1870 5316 1945 5381; x_wconf 81' lang='lat' dir='ltr'><strong>lun.</strong></span> <span class='ocrx_word' id='word_1_393' title='bbox 1968 5317 2020 5381; x_wconf 83' lang='lat'><strong>25.</strong></span> <span class='ocrx_word' id='word_1_394' title='bbox 2163 5351 2192 5392; x_wconf 72' lang='lat' dir='ltr'><strong>ss</strong></span> 
     </span>
    </p>

    <p class='ocr_par' dir='ltr' id='par_1_11' title="bbox 555 5429 1261 5501">
     <span class='ocr_line' id='line_1_45' title="bbox 555 5429 1261 5501; baseline -0.003 -14"><span class='ocrx_word' id='word_1_395' title='bbox 555 5431 639 5501; x_wconf 76' lang='lat' dir='ltr'><strong>Grep.</strong></span> <span class='ocrx_word' id='word_1_396' title='bbox 656 5431 707 5486; x_wconf 90' lang='lat' dir='ltr'><strong>IX</strong></span> <span class='ocrx_word' id='word_1_397' title='bbox 723 5429 792 5501; x_wconf 70' lang='lat' dir='ltr'><strong>Ray.</strong></span> <span class='ocrx_word' id='word_1_398' title='bbox 816 5430 874 5484; x_wconf 83' lang='lat' dir='ltr'><strong>Vol.</strong></span> <span class='ocrx_word' id='word_1_399' title='bbox 891 5429 946 5495; x_wconf 85' lang='lat' dir='ltr'><strong>IV,</strong></span> <span class='ocrx_word' id='word_1_400' title='bbox 964 5433 1013 5497; x_wconf 77' lang='lat'><strong>64;</strong></span> <span class='ocrx_word' id='word_1_401' title='bbox 1030 5429 1093 5485; x_wconf 83' lang='lat' dir='ltr'><strong>Lib.</strong></span> <span class='ocrx_word' id='word_1_402' title='bbox 1116 5431 1184 5498; x_wconf 85' lang='lat' dir='ltr'><strong>VII,</strong></span> <span class='ocrx_word' id='word_1_403' title='bbox 1201 5435 1261 5486; x_wconf 81' lang='lat'><em>221.</em></span> 
     </span>
    </p>
   </div>
   <div class='ocr_carea' id='block_1_11' title="bbox 556 5675 794 5745">
    <p class='ocr_par' dir='ltr' id='par_1_12' title="bbox 556 5675 794 5745">
     <span class='ocr_line' id='line_1_46' title="bbox 556 5675 794 5745; baseline 0 -16"><span class='ocrx_word' id='word_1_404' title='bbox 556 5677 578 5745; x_wconf 78' lang='lat'><strong>⁸)</strong></span> <span class='ocrx_word' id='word_1_405' title='bbox 597 5678 744 5732; x_wconf 76' lang='lat' dir='ltr'><strong>decernetur</strong></span> <span class='ocrx_word' id='word_1_406' title='bbox 762 5675 794 5729; x_wconf 76' lang='lat' dir='ltr'><strong>a</strong></span> 
     </span>
    </p>
   </div>
   <div class='ocr_carea' id='block_1_12' title="bbox 0 0 2305 6388">
    <p class='ocr_par' dir='ltr' id='par_1_13' title="bbox 0 0 2305 6388">
     <span class='ocr_line' id='line_1_47' title="bbox 0 0 2305 6388; baseline 0 0"><span class='ocrx_word' id='word_1_407' title='bbox 0 0 2305 6388; x_wconf 95' lang='lat' dir='ltr'><strong> </strong></span> 
     </span>
    </p>
   </div>
  </div>
 </body>
</html>
