4596 6406
753 403 952 462 EPIS'I'OLAE
970 407 1159 462 SELECTAE.
1196 406 1271 462 1239.
1779 413 1843 475 639

186 579 264 643 litor
285 580 350 642 alia
373 581 491 658 omnia,
515 601 577 664 quc
600 581 811 666 presentibus
835 579 1053 658 continentur,
1077 581 1290 668 solempniter
1305 582 1472 668 publicare
1496 603 1533 646 ac
1550 583 1706 648 nuntiare
1725 583 1845 648 curctis

189 691 222 748 ct
239 683 365 746 faciatis
382 683 478 748 simili
494 683 590 748 modo
606 705 666 770 per
680 690 807 750 vestras
825 685 974 748 civitates
992 691 1026 750 et
1041 685 1190 750 dioceses
1206 686 1366 772 publicari
1390 693 1422 750 ct
1445 685 1543 750 etiam
1568 686 1727 760 nuntiari,
1750 708 1842 750 man-

190 787 300 851 datum
324 793 469 851 nostrum
492 786 601 851 taliter
623 787 799 873 impleturi,
823 787 909 873 quod
932 787 973 852 dc
996 789 1198 874 negligentia
1220 788 1372 875 redargui
1395 789 1602 874 aliquatenus
1619 811 1684 854 non
1708 789 1842 877 possitis

193 899 227 958 ct
248 913 308 956 nos
333 898 446 956 contra
475 913 533 956 vos
564 893 645 956 alias
674 891 852 978 procedere
885 914 961 957 nou.
982 913 1145 978 cogamur.
1199 891 1352 958 Ceterum
1382 914 1455 958 cum
1486 895 1633 980 prefatus
1656 893 1842 958 Fridcricus

191 995 231 1060 de
255 995 329 1058 aliis
352 996 479 1080 magnis
504 1001 536 1059 et
558 995 711 1080 gravibus
736 996 777 1058 sit
800 995 974 1081 plurimum
998 996 1183 1076 infamatus,
1206 1018 1265 1062 nos
1289 997 1386 1062 dante
1407 997 1549 1062 Domino
1575 997 1759 1084 superbiis
1783 1019 1841 1062 suo

188 1101 260 1164 loco
285 1105 318 1163 et
341 1106 488 1186 tempore
516 1098 748 1185 procedemus,
776 1105 874 1185 prout
896 1101 928 1162 in
957 1100 1077 1164 talibus
1105 1101 1230 1185 negotii
1260 1108 1375 1165 natura
1402 1101 1559 1187 requiret.
1612 1101 1737 1166 Verum
1767 1101 1843 1186 quia

188 1203 322 1268 terroris
354 1205 479 1268 sonitus
509 1224 639 1290 semper
668 1205 773 1268 estin
801 1204 935 1268 auribus
963 1204 1153 1290 impiorum,
1182 1213 1215 1269 et
1243 1207 1341 1270 etiam
1371 1204 1499 1291 quando
1522 1226 1589 1291 pax
1612 1213 1678 1286 est,
1706 1205 1840 1270 iusidias
1855 1223 1900 1266 ruo.
1917 1229 1983 1276 aar.

191 1307 411 1392 suspicantur,
435 1328 475 1372 eo
499 1307 585 1392 quod
612 1308 742 1372 turbata
766 1307 970 1372 conscientia
993 1328 1123 1394 semper
1138 1329 1216 1372 seva
1235 1309 1405 1394 presumit,
1429 1308 1516 1374 idem
1535 1308 1732 1385 Fridericus,
1755 1310 1843 1395 prius

192 1431 287 1494 quom
325 1411 490 1475 sententia
524 1410 871 1476 excommunicationis
901 1412 968 1474 lata
996 1417 1085 1475 esset
1115 1411 1150 1474 in
1182 1411 1306 1497 ipsum,
1343 1410 1500 1496 quasdam
1533 1411 1690 1477 fratribus
1720 1413 1843 1477 nostris

190 1513 336 1578 decrevit
358 1515 486 1578 litteras
509 1515 774 1580 transmittendas
798 1536 857 1602 pro
880 1521 974 1601 parta
1001 1514 1138 1580 inferius
1161 1520 1351 1590 annotatas,
1372 1536 1442 1600 ,que
1470 1522 1546 1601 post
1575 1517 1713 1582 eandem
1742 1517 1842 1580 latam

191 1617 387 1681 sententiam
410 1617 491 1704 ipsis
514 1625 704 1705 presentata
727 1620 768 1683 ad
790 1626 935 1684 nostram
959 1625 991 1684 et
1014 1619 1191 1684 eorundem
1214 1619 1363 1684 notitiam
1385 1627 1613 1706 pervenemnt.
1654 1619 1750 1686 Unde
1766 1620 1842 1705 quia

190 1719 294 1783 voluit
316 1720 476 1785 Dominus
501 1722 629 1786 occulta
653 1722 760 1787 cordis
784 1723 855 1787 eius
879 1721 1047 1807 detegere,
1072 1723 1126 1808 qui
1149 1722 1338 1788 manifestat
1361 1723 1553 1788 abscondita
1575 1725 1784 1790 tenebramm
1808 1731 1842 1788 ct
1859 1741 1878 1788 ¹.
1892 1736 1940 1777 tor·
1954 1739 1996 1786 ab·

191 1822 336 1887 cordium
359 1831 486 1890 secreta
508 1826 647 1905 revelat,
679 1846 722 1889 ex
748 1826 893 1911 ipsarum
916 1831 1030 1890 tenore
1058 1825 1241 1891 litterarum
1270 1831 1383 1912 aperte
1407 1826 1602 1912 colligiturss,
1630 1849 1725 1913 quam
1748 1834 1843 1912 gerat

191 1925 398 1993 devotionem
413 1929 454 1992 ad
470 1927 651 1992 Romanam
668 1930 840 1994 ecclesiam
856 1935 994 1994 matrem
1010 1950 1112 2010 suam,
1129 1950 1225 2014 quam
1240 1929 1282 1992 ad
1297 1951 1457 1994 summum
1472 1930 1660 2016 pontificem
1676 1939 1710 1997 et
1724 1933 1841 1997 fratres

195 2031 266 2095 cius
289 2054 326 2097 ac
356 2032 468 2097 sedem
499 2033 712 2118 apostolicam
740 2033 958 2098 reverentiam
985 2033 1119 2111 habeat,
1144 2034 1234 2097 cuius
1257 2034 1382 2098 ratione
1409 2035 1503 2119 regni
1529 2037 1690 2101 vassallus
1713 2037 1841 2112 existit;

191 2143 305 2202 contra
328 2159 388 2202 nos
405 2138 492 2202 enim
510 2143 543 2203 ot
559 2137 649 2224 ipsos
666 2137 872 2224 conspirasse
888 2136 1027 2214 videtur,
1051 2158 1093 2200 ex
1109 2157 1172 2222 quo
1188 2143 1343 2221 quantum
1360 2144 1393 2201 et
1409 2139 1503 2222 quale
1521 2139 1644 2206 crimen
1660 2141 1841 2221 incurrerit,

191 2242 270 2307 satis
294 2249 394 2328 patet.
439 2241 529 2306 Inter
551 2249 662 2306 cetera
676 2263 764 2318 vero,
788 2262 850 2325 que
875 2263 934 2305 sua
957 2239 1144 2304 continebat
1167 2240 1316 2326 epistola,
1339 2240 1401 2305 hec
1423 2241 1629 2308 habebantur
1652 2245 1812 2308 inserta¹:

299 2345 449 2432 ‘Propter
472 2345 558 2431 quod
581 2367 646 2410 non
669 2345 802 2430 indigne
826 2344 990 2416 dolemus,
1020 2344 1047 2408 si
1075 2349 1169 2430 pater
1192 2344 1393 2430 apostolicus
1417 2344 1585 2412 offendere
1609 2353 1676 2411 tam
1699 2348 1843 2432 graviter

193 2473 252 2516 nos
276 2450 439 2530 intendat,
462 2459 498 2514 ut
521 2451 596 2514 dum
620 2451 653 2513 in
676 2455 880 2514 constantem
900 2449 1004 2513 virum
1033 2455 1099 2512 tam
1120 2447 1298 2512 vehemens
1323 2448 1420 2512 cadat
1442 2449 1570 2522 iniuria,
1595 2451 1657 2515 etsi
1680 2453 1842 2538 patienter

114 2585 125 2597 ·
191 2555 277 2620 ferre
300 2556 453 2634 velimus,
482 2554 667 2618 immanitas
690 2553 814 2639 negotii
836 2575 901 2617 non
923 2549 1120 2639 permittatl,
1150 2552 1228 2637 quin
1251 2550 1291 2616 ad
1315 2552 1474 2636 ultiones,
1498 2555 1616 2639 quibus
1639 2577 1770 2622 cesares
1794 2557 1842 2621 uti

192 2660 316 2738 solent,
351 2658 430 2723 facti
463 2659 619 2724 violentia
651 2680 710 2722 nos
742 2658 900 2744 impellat.
959 2656 1196 2720 Verumtamen
1224 2654 1301 2719 dum
1331 2656 1575 2722 consideramus
1606 2659 1841 2746 impatientiam

190 2764 401 2849 procedentis
425 2770 458 2828 et
481 2763 704 2828 difficultatem
728 2760 928 2826 attendimus
952 2759 1134 2838 offensoris,
1159 2758 1186 2822 si
1209 2781 1252 2824 ex
1275 2781 1359 2845 equo
1382 2761 1497 2826 liceret
1518 2763 1662 2849 privatas
1685 2785 1841 2830 exercere

197 2865 367 2948 vindictas,
393 2879 490 2954 quas⁰
512 2869 545 2931 in
567 2867 743 2944 hominem,
766 2887 825 2952 per
848 2886 944 2951 quem
968 2862 1157 2927 scandalum
1172 2863 1271 2940 venit,
1295 2871 1328 2928 et
1351 2864 1383 2928 in
1400 2865 1451 2929 sui
1471 2866 1647 2953 participes
1672 2869 1841 2952 sanguinis

195 2992 408 3056 compensare
431 2992 614 3056 possemus,
638 2977 674 3034 ut
696 2971 728 3033 in
751 2970 858 3056 ipsum
882 2975 915 3034 et
938 2989 1014 3032 suos
1037 2973 1231 3053 attemptata
1254 2975 1363 3032 nostre
1383 2967 1470 3033 sedis
1495 2969 1612 3034 inimic
1634 2970 1840 3052 redundaret,

114 3083 126 3122 2
194 3074 397 3138 tolerabilius
421 3073 626 3139 duceremus.
672 3073 730 3137 Set
754 3094 828 3136 cum
851 3093 911 3135 nec
935 3072 1005 3158 ipse
1028 3091 1089 3134 nec
1113 3075 1182 3134 tota
1204 3077 1338 3157 propter
1357 3071 1419 3136 hoc
1436 3094 1496 3136 sua
1510 3095 1648 3160 passura
1664 3075 1839 3161 progenies

190 3179 272 3241 tanti
308 3177 431 3256 forent,
466 3185 502 3240 ut
530 3179 658 3242 culmen
687 3177 815 3265 imperii
844 3176 967 3240 zelaret
996 3174 1153 3238 ultionem
1183 3174 1341 3260 ipsorum,
1380 3197 1517 3262 cumque
1547 3179 1634 3243 sedis
1663 3180 1840 3243 auctoritas

191 3281 327 3346 audacte
355 3282 417 3347 sibi
441 3282 533 3346 frena
556 3283 682 3348 relaxet
705 3289 739 3347 et
761 3288 809 3345 tot
831 3279 1069 3344 venerabilium
1100 3277 1236 3342 fratrum
1263 3279 1367 3343 moles
1395 3301 1470 3344 eum
1492 3281 1524 3345 in
1549 3290 1708 3368 concepta
1729 3282 1840 3348 fovere

191 3385 371 3468 pertinacia
398 3385 562 3464 videatur,
598 3386 688 3470 angit
717 3407 777 3449 nos
808 3384 915 3449 altiori
944 3388 1054 3447 mente
1083 3382 1243 3461 turbatio,
1280 3382 1366 3466 quod
1397 3383 1474 3446 dum
1501 3406 1561 3449 nos
1592 3385 1842 3452 intendamusa

192 3497 412 3574 persequente
436 3489 624 3570 defendere,
648 3495 798 3576 oporteat
820 3509 880 3553 nos
903 3487 1109 3552 defendendo
1133 3488 1263 3572 gravius
1287 3486 1454 3552 offendere
1477 3489 1687 3553 resistentes!

300 3593 337 3656 Iu
360 3593 530 3679 premissis
554 3600 665 3658 autem
694 3594 862 3679 negotium
890 3593 1031 3657 ecclesie
1054 3592 1148 3656 vobis
1176 3590 1328 3655 duximus
1358 3591 1515 3656 attentius
1539 3591 1840 3673 commendandum,

191 3704 227 3761 ut
257 3697 364 3783 ipsum
394 3704 557 3782 tamquam
586 3699 753 3785 proprium
781 3703 1008 3776 assumentes,
1043 3695 1084 3760 ad
1113 3697 1189 3761 fidei
1221 3696 1380 3761 catholice
1413 3697 1525 3774 robur,
1560 3698 1840 3762 conservationem

146 3801 151 3816 “
192 3801 413 3865 ecclesiastice
437 3802 598 3866 libertatis
623 3808 656 3866 et
678 3802 777 3866 totius
800 3800 914 3886 populi
937 3799 1117 3865 Christiani
1140 3801 1285 3886 quictem
1308 3799 1488 3864 efficaciter
1510 3798 1697 3865 intendatis.

300 3922 376 3987 Dat.
400 3921 554 3989 Lateran.
577 3923 643 3988 VII
666 3922 716 3990 Id.
739 3922 837 4011 Αρτ,2
859 3945 944 3988 anno
968 3921 1063 3986 XIII.

302 4044 340 4108 In
363 4044 503 4109 eundem
525 4045 655 4110 modum
678 4044 840 4108 antversis
857 4042 1112 4129 archiepiscopis
1130 4048 1163 4106 ct
1180 4041 1345 4128 episcopis
1361 4049 1427 4105 tam
1444 4041 1606 4126 exemptis
1623 4061 1720 4125 quam
1735 4040 1806 4104 alii
1816 4041 1840 4103 ³.

302 4165 340 4228 Iu
364 4164 502 4230 eundem
531 4165 599 4230 fere
627 4166 759 4230 modum
788 4165 938 4250 regibus,
972 4163 1127 4242 ducibus,
1157 4163 1329 4227 comitibus
1360 4168 1394 4226 et
1423 4161 1496 4226 aliis
1529 4162 1693 4227 nobilibus
1720 4183 1838 4248 usque:

194 4267 355 4340 Quocirca
384 4269 587 4333 nobilitatem
616 4275 759 4332 vestram
788 4288 959 4333 monemus
989 4273 1022 4331 et
1044 4266 1212 4330 hortamur
1237 4271 1361 4330 attente
1384 4265 1418 4328 in
1440 4263 1571 4329 donrino
1595 4264 1673 4329 Iesu
1700 4264 1841 4346 Christo,

196 4378 356 4456 quatenus
381 4372 488 4458 ipsum
510 4373 574 4435 iam
591 4373 907 4437 excommunicatum
931 4393 951 4435 a
971 4371 1064 4436 nohis
1088 4378 1121 4435 et
1145 4376 1332 4456 separatum
1355 4367 1396 4432 ab
1420 4369 1558 4433 ecclesie
1580 4369 1704 4433 unitate
1728 4367 1840 4432 curesl

194 4477 226 4539 in
250 4475 399 4540 omnihus
424 4477 563 4550 evitare,
587 4477 710 4540 nullum
735 4476 796 4540 sibi
818 4481 1005 4563 prestantes
1029 4474 1218 4552 consilium,
1242 4473 1397 4537 auxilium
1420 4473 1473 4537 vel
1496 4471 1656 4552 favorem,
1687 4473 1732 4536 lta
1755 4471 1840 4559 quod

195 4579 358 4658 affectum,
375 4601 472 4665 quem
487 4579 618 4644 habetis
634 4581 675 4644 ad
692 4581 866 4644 ecclesiam
879 4585 1017 4643 matrem
1033 4586 1186 4655 vestram,
1209 4577 1373 4662 possimus
1390 4597 1588 4662 cognoscere
1603 4598 1663 4662 per
1677 4577 1840 4646 aflectum,

195 4689 229 4746 et
250 4703 309 4746 nos
332 4683 365 4745 in
387 4684 452 4747 tuis
476 4683 750 4770 oportunitatibus
774 4683 920 4747 invenias
943 4680 1141 4746 favorabiles
1163 4685 1197 4744 et
1219 4678 1390 4764 benignos.
1436 4677 1590 4744 Cetenrm
1607 4701 1680 4744 cum
1695 4680 1840 4767 prefatus

197 4783 234 4850 F.
259 4792 321 4850 etc.
344 4807 449 4872 usque
473 4786 507 4851 in
529 4787 637 4852 linem.

302 4979 323 5044 ·)
341 4981 377 5030 ito
396 4979 488 5031 ruach.
506 4979 569 5030 Por.
588 4981 615 5030 ia
633 4997 671 5046 cp.
689 4981 734 5032 mo
751 4989 802 5032 ool.
821 4984 838 5032 3
856 4989 1066 5039 commmoratur
1083 4981 1172 5046 colligi
1189 4979 1221 5030 R.
1339 4973 1362 5042 Ι’)
1380 4980 1503 5044 pennittit
1520 4979 1567 5038 B.‚·
1583 4980 1652 5030 unds
1670 5007 1702 5014 -
1720 4980 1843 5047 periniltit

193 5067 220 5116 in
238 5083 276 5132 cp.
295 5067 381 5119 citum.
435 5084 440 5098 ·
479 5067 501 5134 θ)
520 5067 556 5117 ito
574 5067 680 5127 ibidemr
697 5085 747 5134 quc
766 5067 797 5118 Il.
895 5065 918 5132 11)
943 5066 971 5116 V·
991 5066 1029 5118 Cf.
1047 5065 1115 5116 Mea
1132 5075 1193 5117 terto
1211 5066 1238 5116 ia
1255 5065 1317 5132 Ray.
1337 5063 1458 5116 allocutae
1476 5066 1512 5114 ito
1529 5065 1654 5116 cariam.

296 5203 322 5264 1)
343 5201 384 5268 Os.
403 5203 546 5272 epistotam
563 5202 736 5272 imperatoria
749 5202 835 5256 Mart.
849 5206 884 5256 10
902 5202 1044 5271 scrr'ptam,
1062 5199 1358 5266 Hostilem-Brittones,
1375 5199 1424 5252 lc.
1437 5204 1456 5253 t.
1469 5197 1502 5266 V,
1516 5215 1547 5268 p.
1556 5201 1622 5252 283.
1692 5197 1720 5266 2)
1739 5197 1842 5268 Rapa,

114 5317 140 5356 4,
193 5288 242 5356 qui
258 5287 314 5340 duo
332 5287 489 5358 saepiuscule
505 5287 589 5342 huius
607 5288 739 5358 eptatolce
756 5303 811 5341 oon
829 5289 939 5356 integra
956 5289 1028 5340 Aoo.
1048 5289 1108 5342 suis
1125 5305 1151 5341 o.
1170 5289 1250 5349 1239,
1267 5289 1283 5350 §
1301 5289 1344 5352 13,
1363 5290 1397 5338 15
1415 5291 1441 5338 et
1459 5288 1494 5338 16
1511 5285 1639 5352 inseruit,
1657 5284 1772 5338 alterum
1789 5283 1840 5338 aad

193 5374 245 5427 VII
264 5374 303 5428 Id.
322 5375 402 5444 Apa,
421 5373 537 5426 alterum
554 5375 605 5428 sub
623 5373 687 5428 Idus
704 5374 792 5444 April.
807 5375 964 5443 proposuit.
1007 5373 1041 5428 Ut
1065 5373 1094 5424 V.
1114 5374 1152 5426 C'l.
1170 5373 1204 5425 A.
1224 5371 1299 5424 Mau
1315 5371 1394 5424 nobis
1411 5369 1580 5438 affirmott,
1598 5369 1629 5422 la
1648 5370 1717 5438 Ray.
1731 5369 1783 5423 VII
1801 5369 1840 5424 Id.

193 5461 259 5530 hpr.
278 5461 385 5528 legitur.
473 5460 500 5524 3)
518 5461 648 5530 Epistola
666 5460 788 5530 O[ttoni]
807 5459 901 5514 Sancti
920 5459 1030 5514 Nicolai
1047 5459 1077 5513 in
1096 5459 1209 5512 Carccre
1228 5457 1359 5511 Tulliano
1379 5456 1496 5512 diacono
1517 5455 1665 5518 cardinali,
1689 5455 1842 5526 apostolice

194 5546 266 5600 sedis
285 5547 387 5616 legato,
405 5545 507 5600 directa
526 5546 610 5600 tertio
628 5545 692 5600 Idus
710 5546 815 5616 Aprilis
831 5547 993 5615 consignato
1011 5551 1058 5608 est,
1076 5544 1176 5598 Mauo.
1196 5543 1289 5596 Poris.
1310 5545 1407 5598 coroa
1424 5544 1520 5598 maior.
1539 5559 1565 5597 o.
1583 5546 1655 5596 1239
1673 5541 1714 5597 cd.
1732 5541 1841 5605 mord,

194 5637 213 5688 t.
232 5633 295 5700 111,
309 5651 339 5703 p.
359 5636 422 5687 569.
461 5632 511 5686 Ea
528 5648 582 5708 qao
605 5639 723 5709 apparet
744 5649 803 5690 ooo
825 5649 914 5690 comes
934 5632 1018 5689 lctus
1041 5629 1145 5686 tenoris
1171 5629 1305 5704 eptatolaa
1329 5630 1421 5686 eodem
1444 5629 1489 5686 dtr
1512 5629 1593 5686 ἀαίαε
1611 5644 1682 5689 esar,-
1706 5628 1743 5700 cf.
1762 5628 1842 5697 fasta

116 5745 142 5792 pp
195 5719 245 5776 8th
265 5719 335 5784 Mal,
354 5725 397 5782 22·
