4524 6412
1043 396 1090 449 EX
1108 395 1283 450 GREGORII
1301 395 1338 449 lX
1357 395 1545 451 REGISTRO.

1247 691 1334 765 407.

575 803 765 915 Gregorius
780 830 835 896 IX
850 851 938 911 papo
954 831 1112 911 praelatas
1133 835 1163 895 ot
1184 831 1264 896 clerc
1285 830 1536 896 Veronensibus
1555 827 1695 906 umectat,
1720 831 1756 891 at
1776 825 1957 912 [liudulfo]
1978 829 2119 909 episcopo

466 953 523 999 sao
544 933 587 999 od
608 933 754 999 solvenda
774 933 894 1011 debila,
924 953 1004 1014 qaae
1029 937 1158 1014 propia
1185 953 1333 1012 artemam
1360 953 1429 997 cara
1456 932 1574 996 octoas
1594 931 1662 995 sais
1683 932 1783 993 ortam
1805 931 2010 1008 contraxerit,
2040 950 2119 994 conr·

462 1041 572 1118 petens
591 1036 751 1102 auxilium
771 1036 964 1117 impendant.
1029 1033 1032 1040 '
1782 1034 1875 1112 1229,
1896 1033 1976 1099 Noc.
1998 1037 2029 1096 3.

572 1155 655 1227 Greq.
674 1155 722 1209 IX
739 1155 807 1224 Rea.
832 1155 887 1209 Vol.
906 1155 932 1220 1,
951 1160 1014 1222 142;
1032 1155 1095 1209 Lio.
1115 1158 1173 1220 ΙΙΙ,
1193 1160 1238 1210 78.

572 1241 675 1310 clauco,
694 1241 768 1296 Hiat.
787 1242 822 1295 de
843 1239 963 1308 Vardua,
980 1247 998 1296 t.
1018 1244 1059 1305 ΙΙ,
1073 1258 1103 1310 p.
1124 1245 1185 1310 391,
1203 1247 1257 1296 aot.
1277 1247 1299 1295 1.

666 1455 857 1528 Prelatis
885 1458 927 1527 et
953 1453 1072 1526 clero
1099 1453 1295 1526 civitatis
1322 1457 1363 1526 et
1390 1451 1581 1525 diocesis
1606 1448 1915 1522 verdunensis

576 1600 629 1665 Ad
663 1600 833 1666 subeunda
868 1620 968 1665 onera
1000 1621 1059 1686 pro
1094 1601 1320 1665 ecclesiastica
1349 1601 1502 1665 libertate
1536 1596 1658 1664 tuenda
1690 1596 1939 1662 universitatem
1974 1604 2118 1663 vestram

468 1703 659 1789 apostolicis
681 1704 800 1768 litteris
823 1709 913 1767 tanto
938 1703 1110 1768 sollicitius
1134 1705 1319 1784 invitamus,
1343 1710 1464 1789 quanto
1486 1702 1602 1767 lortius
1625 1699 1667 1764 ad
1689 1698 1723 1763 id
1745 1700 1851 1764 teneri
1874 1720 1932 1764 vos
1956 1701 2117 1782 novimus,

469 1804 564 1870 nobis
592 1805 691 1870 etiam
719 1806 918 1886 tacentibus,
948 1825 1007 1889 per
1036 1827 1094 1870 vos
1125 1806 1225 1891 ipsos.
1281 1804 1333 1868 Ad
1363 1812 1508 1870 nostram
1535 1802 1696 1888 siquidem
1725 1800 1927 1867 audientiam
1955 1804 2116 1868 noveritis

469 1908 673 1993 pervenisse,
701 1907 787 1992 quod
806 1907 1003 1972 venerabilis
1030 1908 1132 1973 irater
1159 1914 1300 1974 noster.
1326 1958 1333 1973 .
1357 1907 1583 1973 Vardanensis
1612 1906 1786 1992 episcopus
1809 1925 1867 1991 pro
1890 1905 2117 1970 ecclesiastica

469 2008 621 2074 libertate
644 2009 766 2074 blenda
780 2030 908 2073 murum
932 2031 968 2074 se
993 2008 1194 2075 defensionis
1211 2030 1389 2095 opponens,
1412 2016 1547 2095 propter
1568 2027 1730 2093 guerram,
1753 2027 1849 2091 quam
1867 2027 1926 2092 per
1947 2007 2117 2072 biennium

469 2113 665 2198 etamplius
689 2113 883 2177 sustinuisse
906 2111 1101 2192 dinoscitur,
1132 2134 1190 2198 pro
1218 2133 1257 2177 eo
1281 2112 1368 2197 quod
1397 2113 1486 2177 cives
1517 2110 1584 2189 sui,
1615 2109 1752 2174 Henrici
1773 2109 1831 2173 tilii
1854 2109 2013 2174 Friderici
2037 2108 2117 2173 dieti
2183 2103 2186 2106 ’

469 2216 674 2301 imperatoris
697 2207 771 2280 fulti
792 2214 941 2300 potentia
963 2221 997 2279 et
1020 2215 1150 2295 favore,
1180 2236 1200 2279 a
1226 2214 1358 2280 civitate
1386 2236 1446 2279 sua
1467 2215 1575 2300 ipsum
1599 2232 1671 2277 cum
1694 2213 1836 2276 maxima
1857 2219 1949 2298 parte
1972 2219 2116 2277 vestrum

468 2339 527 2404 per
542 2318 732 2382 violentiam
753 2318 971 2405 expellentes,
995 2317 1109 2383 domos
1132 2317 1280 2384 eiusdem
1301 2326 1334 2384 et
1355 2325 1481 2383 vestras
1504 2316 1684 2396 destruere,
1707 2314 1794 2379 bona
1813 2315 1965 2402 diripere,
1987 2315 2117 2380 abbati·

469 2441 560 2485 arum
584 2420 729 2485 claustra
752 2420 957 2506 confringere
981 2427 1015 2486 et
1036 2420 1212 2486 destructis
1236 2443 1348 2487 earam
1370 2422 1508 2487 edificiis
1535 2441 1595 2505 per
1621 2417 1764 2483 medium
1792 2418 1969 2483 earundem
1992 2417 2117 2483 fossata

468 2523 619 2608 nequiter
651 2522 760 2588 facere
796 2529 1083 2609 presumpserunt,
1117 2546 1182 2589 uon
1215 2525 1344 2590 modica
1377 2525 1477 2590 subiit
1513 2544 1614 2588 onera
1647 2522 1765 2607 quibus
1798 2520 1891 2588 valde
1926 2522 2119 2610 deprimitur

469 2625 662 2692 debitorum.
709 2626 817 2700 Quare
847 2648 867 2690 a
896 2627 991 2692 nobis
1022 2627 1190 2692 humiliter
1217 2629 1410 2714 petebatur,
1441 2634 1478 2693 ut
1506 2624 1751 2692 considerantes
1782 2645 1930 2708 causam,
1965 2647 2023 2712 pro
2054 2646 2118 2710 qua

469 2727 575 2793 dictus
598 2730 773 2815 episcopus
797 2727 909 2792 debita
931 2731 1134 2794 contraxisse
1158 2729 1340 2795 dinoscitur
1363 2737 1556 2810 memorata,
1578 2750 1640 2794 nec
1662 2748 1727 2800 non
1750 2735 1784 2794 et
1807 2726 1990 2794 devotionis
2013 2729 2117 2814 ipsius

469 2839 503 2895 ot
524 2829 600 2895 fidei
622 2832 808 2918 puritatem,
831 2831 962 2896 salubre
986 2853 1084 2919 super
1106 2833 1169 2899 hoo
1186 2833 1360 2899 consilium
1383 2855 1547 2921 apponere
1568 2832 1788 2918 dignaremur.
1832 2830 1916 2896 Cum
1937 2831 2037 2916 igitur
2058 2852 2118 2896 vos

470 2953 584 2997 omues
606 2934 785 3018 negotium,
808 2954 867 3020 pro
890 2955 953 3020 quo
977 2933 1064 2999 idem
1087 2936 1262 3023 episcopus
1285 2936 1397 3002 debita
1420 2936 1583 3002 contraxit
1604 2934 1741 3021 prefata,
1764 2941 1902 3020 tangere
1919 2934 2119 3016 dinoscatur,
2168 2971 2193 3008 a

468 3036 715 3101 universitatem
737 3043 880 3102 vestram
902 3058 1073 3122 rogamus,
1103 3059 1273 3104 monemus
1296 3041 1452 3105 attentius
1476 3045 1509 3104 et
1530 3038 1711 3115 hortamur,
1741 3058 1801 3123 per
1822 3038 2004 3124 apostolica
2026 3038 2120 3103 vobis

469 3137 591 3223 scripta
612 3137 822 3224 precipiendo
845 3138 1046 3220 mandantes,
1070 3141 1221 3225 quatinus
1245 3141 1393 3227 sepefato
1416 3142 1573 3227 episcopo
1597 3146 1788 3225 competens
1810 3138 1851 3204 ad
1873 3139 1936 3205 boc
1959 3140 2119 3205 auxilium

469 3237 666 3324 impendatis
694 3240 873 3306 liberaliter
902 3247 936 3306 et
965 3241 1124 3327 benigne,
1155 3244 1437 3309 contribuentibus
1467 3243 1604 3328 singulis
1636 3243 1729 3307 iuxta
1753 3243 1901 3329 proprias
1931 3241 2118 3323 facultates,

468 3341 515 3406 ita
537 3341 624 3427 quod
655 3344 772 3428 partito
803 3342 889 3408 inter
916 3364 974 3409 vos
1004 3366 1119 3426 onere,
1149 3345 1229 3410 illud
1259 3347 1364 3411 levius
1393 3353 1523 3432 portare
1550 3347 1702 3432 possitis,
1734 3352 1767 3411 et
1789 3344 1876 3410 idem
1900 3346 2076 3431 episcopus
2098 3365 2119 3408 a

467 3445 638 3530 premissis
659 3447 767 3511 valeat
789 3446 910 3512 debitis
933 3448 1075 3513 liberari.
1119 3446 1276 3534 Alioquin
1298 3470 1371 3514 cum
1392 3449 1533 3513 nolimus
1556 3447 1617 3513 hoc
1639 3448 1867 3534 imperfectum
1889 3448 2046 3533 relinqui,
2074 3468 2117 3512 ne
2167 3480 2191 3518 ss

468 3548 529 3612 sub
553 3549 679 3614 sarcina
702 3549 885 3615 debitorum
901 3552 1066 3636 contingat
1090 3551 1306 3638 periculosius
1329 3551 1469 3639 deprimi
1491 3551 1666 3616 eeclesiam
1688 3556 1912 3633 memoratam,
1935 3551 2117 3616 venerabili

466 3650 560 3716 fratri
581 3658 694 3717 nostro
717 3704 724 3719 .
749 3702 756 3718 .
781 3653 1027 3739 archiepiscopo
1050 3652 1268 3720 Treverensi¹
1290 3656 1411 3721 nostris
1434 3654 1582 3720 dedimus
1606 3653 1722 3718 litteris
1745 3654 1779 3718 in
1803 3652 1981 3734 mandatis,
2002 3661 2039 3718 ut
2060 3675 2119 3719 vos

466 3753 562 3819 adid
584 3777 644 3841 per
666 3778 839 3822 censuram
861 3757 1119 3822 ecclesiasticam
1142 3759 1362 3844 appellatione
1387 3764 1513 3824 remota
1536 3757 1721 3842 compellat.

574 3873 661 3938 Data
682 3875 822 3957 Perusii,
844 3872 897 3938 ΙΙΙ
919 3872 1031 3938 Nonas
1054 3873 1261 3955 Novembris,
1284 3897 1369 3942 anno
1393 3877 1501 3942 tertio.

1090 4115 1500 4125 *an—...—

1250 4343 1338 4418 408.

575 4449 764 4562 Gregorius
785 4480 842 4546 IX
861 4502 951 4564 papo
972 4481 1148 4566 [Iohanni]
1175 4482 1314 4564 episcopo
1334 4481 1472 4546 Mctcasi
1489 4485 1620 4562 proptor
1647 4481 1751 4547 debito
1780 4486 1923 4552 ccclesiae
1949 4507 2025 4554 suaa
2046 4510 2117 4556 con·
2166 4523 2190 4562 a

466 4579 557 4659 cedit,
586 4585 622 4644 at
644 4581 772 4668 srrcctca
793 4571 1008 4666 beneficiorum
1028 4583 1157 4649 diocesis
1178 4604 1254 4650 suae
1280 4585 1373 4670 infra
1394 4586 1644 4668 quinquennium
1666 4589 1845 4652 vacantiam
1867 4591 1928 4655 sibi
1949 4592 2040 4657 lacot
2059 4614 2117 4674 por

466 4684 638 4748 triennium
659 4688 803 4752 retinere.
1781 4695 1874 4770 1229,
1896 4693 1975 4762 Noa.
2000 4698 2031 4762 8.

571 4801 653 4875 arey.
673 4805 722 4859 rx
739 4805 809 4877 aeq.
829 4805 888 4862 Va.
907 4807 932 4872 1,
951 4809 1018 4874 aa·
1036 4804 1098 4861 mo.
1117 4807 1176 4869 nr,
1195 4808 1242 4860 so.

1036 5070 1045 5090 .
1074 5070 1084 5087 .
1111 5014 1294 5089 Metensi
1321 5015 1541 5107 episcopa.

572 5161 654 5226 Cum
682 5162 767 5229 sicut
794 5163 980 5249 accepimus
1009 5163 1220 5249 episcopatus
1247 5169 1322 5228 tuus
1349 5170 1440 5229 tanto
1472 5171 1641 5251 prematur
1668 5185 1766 5230 onere
1796 5165 1996 5249 debitorum,
2026 5168 2113 5252 quod
2163 5189 2186 5228 a

465 5263 528 5328 nisi
550 5265 658 5349 aliquo
695 5267 840 5332 remedio
875 5267 1089 5332 subveniatur
1123 5265 1245 5345 eidem,
1286 5272 1434 5332 extrema
1471 5269 1626 5332 timeatur
1662 5268 1693 5332 ei
1732 5266 1894 5334 desolatio
1933 5271 2114 5354 imminere,

463 5368 656 5433 auctoritate
680 5369 740 5432 tibi
761 5371 963 5456 presentium
986 5368 1202 5453 indulgemus,
1225 5376 1261 5434 ut
1282 5369 1408 5436 fructus
1430 5371 1663 5437 beneficiorum
1687 5377 1742 5436 tue
1766 5371 1908 5439 diocesis
1931 5377 2114 5441 vacantium

567 5659 593 5726 1)
616 5659 778 5715 Theoderico
795 5661 836 5714 11.
