4596 6406
755 375 954 432 epistotae
972 375 1161 433 subacuta.
1198 376 1273 432 1237.

295 737 304 755 .
334 736 342 753 .
373 679 589 773 episcopo
616 681 843 772 quondam
872 679 1128 770 Mutinensi,
1156 680 1402 773 apostolice
1430 679 1549 753 sedis
1575 679 1736 772 legato.

299 831 390 894 Onus
414 833 554 917 suseepti
578 832 744 917 regiminis
768 853 827 894 nos
851 830 983 906 inducit,
1006 839 1042 895 ut
1063 853 1175 895 omnes
1192 837 1282 895 aetus
1306 837 1434 894 nostros
1451 851 1509 916 per
1532 829 1684 916 equitatis
1707 830 1840 894 semitas

191 931 384 1018 dirigentes,
408 933 525 999 delatis
549 935 590 998 ad
613 956 672 998 nos
695 934 858 1019 implicitis
882 934 1106 1019 questionibus
1130 935 1312 1021 explicatis,
1334 935 1383 996 ius
1407 954 1501 997 suum
1525 934 1640 1018 cuique
1663 931 1840 1019 postulanti

192 1038 290 1103 tribui
313 1039 480 1103 faciamus.
527 1038 608 1101 Cum
631 1039 729 1122 igitur
745 1038 948 1102 venerabiles
971 1037 1089 1102 fratres
1113 1040 1215 1102 nostri
1239 1088 1246 1103 .
1272 1088 1279 1103 .
1302 1036 1516 1118 Lubusensis,
1539 1086 1545 1100 .
1567 1087 1574 1104 .
1595 1036 1781 1116 Misnensis,
1804 1087 1839 1103 ..

128 1157 140 1194 t
194 1141 397 1207 Caminensis
422 1151 454 1206 et
482 1194 489 1208 .
515 1193 522 1208 .
550 1141 855 1226 Braudcburgensis
894 1143 1040 1228 episcopi
1075 1164 1172 1227 super
1204 1141 1358 1205 limitibus
1393 1162 1523 1204 suamm
1557 1141 1722 1205 diecesnm
1757 1141 1840 1204 sieut

190 1248 339 1311 convenit
362 1267 428 1310 non
451 1245 609 1310 distinctis
632 1247 717 1308 inter
740 1267 774 1309 se
798 1245 839 1308 ad
863 1246 1002 1309 invicem
1025 1267 1104 1330 sepe
1128 1245 1336 1325 contendant,
1358 1252 1454 1329 prout
1475 1245 1620 1309 eiusdem
1636 1243 1840 1309 Lubusensis

188 1356 377 1436 presentata
410 1349 502 1412 nobis
537 1350 649 1434 petitio
684 1350 889 1428 continebat,
920 1358 952 1413 et
981 1357 1116 1435 propter
1146 1350 1207 1413 hoe
1237 1349 1302 1434 ipsi
1333 1356 1365 1411 et
1396 1369 1507 1412 eomm
1538 1349 1676 1413 ecclesie
1700 1347 1840 1433 dampna

190 1455 302 1538 gravia
333 1455 515 1518 sustineant
544 1461 576 1516 ct
605 1453 746 1517 iacturas
770 1460 803 1516 et
832 1454 977 1539 pericula
1000 1454 1098 1516 etiam
1121 1453 1313 1538 proveniant
1340 1453 1537 1516 animarum:
1571 1474 1646 1531 nos,
1670 1451 1839 1537 cupientes

190 1558 431 1622 contentionem
462 1557 648 1620 huiusmodi
676 1558 836 1642 amputari
865 1565 897 1619 et
928 1556 1155 1641 indempnitati
1179 1548 1291 1619 eorum
1320 1577 1358 1620 ac
1382 1557 1562 1620 animarum
1585 1556 1682 1620 saluti
1704 1563 1840 1641 paterna

192 1662 364 1725 clementis
398 1659 580 1746 provideri,
612 1661 780 1744 negotium
814 1661 920 1745 ipsum
953 1669 1007 1723 tue
1040 1660 1259 1746 providentie,
1294 1658 1334 1723 de
1369 1680 1432 1743 qua
1467 1660 1598 1746 plenam
1631 1660 1664 1723 in
1699 1659 1838 1723 Domino

190 1765 341 1829 fiduciam
376 1764 575 1838 obtinemus,
610 1763 762 1827 duximus
793 1765 1074 1842 committendum,
1109 1785 1168 1849 per
1201 1763 1380 1848 apostolica
1408 1763 1465 1827 tibi
1494 1765 1613 1850 scripta
1636 1763 1838 1858 mandantes,

189 1870 340 1954 quatinus
363 1868 579 1956 personaliter
603 1868 643 1932 ad
667 1869 774 1932 iocum
797 1867 969 1940 accedens,
993 1869 1117 1930 voeatis
1141 1868 1195 1952 qui
1218 1873 1354 1952 propter
1376 1866 1437 1931 hoc
1457 1869 1577 1932 fuerint
1601 1867 1768 1948 evocandi,
1792 1868 1838 1931 sie

188 1973 351 2060 predictas
385 1972 532 2037 dioceses
568 1974 711 2058 equitate
745 1975 857 2058 previa
893 1973 1026 2059 provide
1060 1971 1198 2035 limitare
1236 1991 1409 2056 procures,
1443 1971 1576 2035 cuilibet
1612 1972 1838 2058 episcoporum

189 2078 333 2163 ipsorum
364 2097 422 2141 suo
455 2077 523 2140 iure
553 2085 696 2158 servato,
729 2097 791 2162 quo
826 2075 1003 2161 quemlibet
1026 2083 1149 2140 statuas
1177 2095 1309 2138 manere
1333 2082 1540 2156 contentum,
1570 2075 1657 2160 quod
1680 2077 1837 2141 sollicitu-

127 2219 131 2231 ·
190 2181 297 2244 dinem
322 2189 411 2244 tuam
433 2183 597 2268 possimus
622 2180 740 2244 exinde
764 2201 827 2242 uon
851 2181 1010 2243 immerito
1035 2178 1279 2246 commendare:
1303 2178 1558 2243 contradictores
1583 2187 1644 2246 ete.

296 2301 371 2365 Dat.
395 2301 545 2368 l'iterbii,
568 2300 634 2364 t'll
659 2301 735 2364 Idns
760 2299 974 2386 Septembris,
998 2323 1082 2364 anno
1106 2299 1289 2364 undecimo.

973 2773 1057 2845 713.

295 2873 486 2984 Gregorius
501 2900 556 2965 ΙΧ
574 2921 660 2982 papa
675 2898 875 2964 Fridcricam
897 2895 1111 2962 Romanorum
1133 2899 1350 2978 imperatorem
1370 2901 1466 2980 rapot,
1488 2900 1524 2960 at
1544 2917 1612 2960 acm
1634 2895 1840 2978 maccsiqaati

187 3005 347 3070 Frrraciae
382 3009 411 3068 ct
444 3005 585 3069 aliarum
607 3004 846 3086 provinciaram
874 3003 986 3082 parati
1011 3003 1076 3066 siat
1102 3003 1245 3082 maximo
1269 3001 1347 3082 festo
1377 3001 1458 3065 barti
1484 3000 1641 3065 Iohannis
1671 2999 1839 3080 Baptistae

186 3109 279 3193 [Iaca.
296 3108 357 3193 24]
378 3109 414 3171 ia
432 3109 561 3172 Terram
578 3109 727 3174 Sanctam
750 3107 896 3185 transire,
918 3107 960 3170 iis
982 3107 1017 3169 ia
1040 3107 1182 3170 oaraibas
1203 3105 1246 3169 ad
1262 3107 1447 3188 passapiam
1469 3106 1654 3187 opportunis
1674 3104 1839 3169 consiliam

108 3228 120 3266 ι’
185 3216 216 3276 ct
237 3213 395 3277 aemiliam
416 3211 592 3292 impendat;
613 3212 708 3275 mittit
729 3211 773 3274 ad
793 3231 860 3274 cam
884 3211 921 3274 dc
944 3211 1002 3274 hac
1023 3231 1056 3274 rc
1082 3210 1138 3275 Th.
1161 3211 1345 3275 ritoaacham
1366 3210 1478 3275 Sancti
1493 3209 1663 3274 Anastasii
1683 3207 1721 3272 dc
1748 3208 1837 3276 Urba.

1502 3316 1596 3393 1237,
1618 3312 1697 3379 Noe.
1721 3316 1751 3377 2.
1802 3329 1804 3334 ·

288 3437 369 3504 Grep.
382 3436 432 3488 IX
443 3435 512 3504 Rep.
531 3434 587 3487 Vol.
599 3433 630 3494 V.
642 3437 710 3502 334,·
728 3434 790 3488 Lib.
802 3435 857 3503 XI,
867 3440 931 3489 284.
958 3435 1064 3490 Paeti
1074 3435 1213 3505 exemplar
1222 3435 1408 3504 supplevimus
1418 3450 1452 3487 ea:
1462 3433 1683 3503 Rayn.a.1237,
1695 3437 1839 3498 §So-82.

291 3524 431 3590 Peithesa,
449 3523 516 3589 Rea.
535 3525 633 3575 10477.

229 3720 472 3808 FriderieO,
500 3719 801 3792 Romanorum
830 3719 1090 3812 imperatori
1117 3740 1292 3811 semper
1319 3724 1530 3811 augusto,
1553 3719 1794 3793 Ierusalem

742 3846 783 3914 et
810 3841 958 3914 Sicilie
985 3840 1078 3932 regi
1105 3839 1286 3913 illustri.

268 3989 441 4056 Inclinavit
463 3993 551 4057 celos
575 3993 607 4055 in
630 3991 787 4056 auxilium
810 3995 958 4054 nostrum
973 3988 1177 4053 descendens
1194 3989 1393 4070 Altissimus,
1417 3991 1543 4076 zelique
1561 3989 1669 4077 gladio
1685 3997 1838 4076 potenter
1854 4010 2009 4066 anenno.

185 4095 351 4159 accinctus
374 4096 480 4180 ipsum
504 4096 616 4160 elimat
639 4105 672 4160 et
696 4096 862 4160 elimatum
888 4096 1030 4176 exacuit,
1053 4101 1089 4158 ut
1105 4093 1240 4158 Terram
1258 4095 1410 4160 Sanctam
1434 4095 1475 4161 de
1497 4095 1645 4160 manibus
1661 4095 1834 4180 impiorum

185 4198 301 4284 eripiat
324 4221 362 4263 ae
386 4200 545 4284 unigeniti
570 4201 619 4264 sni
643 4200 781 4285 pedibus
804 4201 951 4264 inimicos
974 4199 1077 4288 ipsius
1107 4220 1165 4286 pro
1195 4199 1338 4264 scabello
1368 4207 1539 4285 supponat.
1588 4199 1690 4263 Porro
1721 4198 1836 4285 ipsum,
1854 4219 1919 4262 nota.
1942 4227 2008 4265 ron.

132 4385 134 4392 ,
186 4303 241 4387 qui
265 4303 326 4366 etsi
349 4303 587 4389 principaliter,
617 4325 681 4368 non
712 4311 820 4368 tamen
850 4305 938 4371 solua
961 4305 1023 4370 boc
1048 4313 1213 4370 certamen
1236 4303 1444 4389 aggreditur,
1476 4303 1643 4382 comitum,
1666 4302 1835 4380 baronum,

189 4406 331 4472 militum
350 4414 384 4470 et
407 4407 542 4471 aliorum
567 4409 867 4493 crucesignatorum
890 4409 1029 4474 Franeie
1053 4418 1087 4474 et
1109 4409 1309 4473 diversarum
1332 4409 1569 4494 provinciarum
1593 4408 1836 4472 innumerabilis

184 4510 349 4574 exereitus
374 4510 562 4588 comitatur,
593 4510 758 4575 vindicare
781 4511 1010 4597 Redemptoris
1042 4513 1095 4599 qui
1126 4514 1248 4578 effusus
1278 4519 1329 4577 est
1359 4513 1550 4597 sanguinem
1574 4520 1607 4576 ct
1628 4533 1687 4598 pro
1712 4511 1834 4576 Christi

182 4610 299 4675 iniuria
320 4620 454 4698 paratus
479 4635 606 4679 sumere
629 4615 670 4678 de
695 4614 815 4680 Christi
843 4615 992 4679 hostibus
1016 4617 1190 4690 ultionem;
1224 4617 1277 4700 qui
1307 4638 1348 4680 ne
1381 4623 1488 4680 atam
1518 4615 1640 4680 salubri
1666 4615 1834 4702 proposito

182 4717 345 4781 contraria
379 4725 412 4782 et
434 4741 590 4804 perversa
613 4727 750 4805 possent
773 4720 919 4786 demonis
942 4721 995 4783 vel
1018 4719 1157 4783 hominis
1182 4721 1392 4805 suggestione
1417 4720 1577 4800 subverti,
1606 4741 1642 4784 se
1665 4719 1707 4783 ad
1728 4727 1835 4784 trans-

184 4818 325 4885 eundum
351 4821 382 4884 in
406 4829 527 4886 terram
550 4822 731 4909 predictam
748 4825 780 4887 in
797 4824 882 4887 testo
899 4823 986 4888 beati
1004 4823 1159 4888 lobannis
1174 4823 1322 4909 Baptiste
1339 4827 1488 4909 proximo
1506 4826 1624 4904 futuro,
1648 4825 1679 4888 in
1693 4825 1835 4888 necessi-

121 4947 132 4985 s
186 4931 286 4987 tatem
310 4925 478 4990 voluntate
502 4927 686 5008 transfusa,
712 4926 831 5012 duplici
855 4928 1041 5014 obligarunt
1065 4929 1193 4992 vinculo
1216 4930 1404 5000 iuramenti;
1433 4927 1675 5015 propterquod
1698 4926 1834 4992 anobis

181 5027 343 5092 instanter
370 5031 596 5114 expostulant,
631 5038 667 5095 ut
700 5031 740 5094 ad
776 5053 889 5096 eorum
919 5033 950 5096 iu
978 5034 1115 5096 termino
1149 5032 1294 5118 predicto
1323 5033 1510 5117 passagium
1539 5031 1718 5117 apostolice
1747 5031 1834 5096 sedis

182 5131 375 5196 inclinemus
409 5141 442 5197 et
474 5140 564 5199 tuum
597 5135 748 5222 precibus
781 5135 972 5201 inducamus
1002 5159 1183 5202 assensum.
1240 5137 1351 5202 Habet
1382 5142 1492 5200 autem
1523 5135 1669 5199 favorem
1706 5134 1834 5198 illorum

182 5236 299 5320 petitio
324 5238 477 5303 comitem
502 5246 535 5302 et
559 5261 599 5302 ex
623 5261 682 5304 sua
704 5247 797 5326 parte
822 5241 852 5306 in
878 5261 971 5304 suum
994 5241 1126 5305 adducit
1157 5241 1372 5327 patrocinium
1396 5239 1572 5316 rationem,
1603 5237 1688 5322 quod
1712 5246 1833 5324 quanto

181 5340 286 5425 magis
316 5340 463 5406 differtur
494 5342 640 5428 predicte
667 5350 753 5410 terre
784 5345 979 5426 subsidium,
1011 5353 1102 5411 tauto
1131 5347 1234 5430 ipsam
1268 5343 1484 5432 periculosius
1512 5341 1665 5428 opprimit
1691 5348 1725 5405 et
1746 5341 1833 5405 vires

106 5463 133 5500 ⁴⁰
186 5445 337 5509 fortiores
362 5447 461 5510 sumit
485 5447 637 5532 impietas
660 5469 877 5534 paganorum,
902 5450 1118 5536 crucesignati
1142 5449 1252 5528 etiam,
1276 5469 1413 5533 quorum
1437 5445 1585 5533 quidam't
1607 5445 1833 5531 possessiones

558 5605 780 5613 -——---,·--
790 5607 816 5613 .-
823 5609 829 5612 ,.
1198 5607 1290 5612 —--.
1485 5605 1586 5614 *-
1598 5605 1639 5612 -..-
1646 5603 1728 5610 -ι--ι

285 5708 307 5776 ·)
326 5709 428 5776 quidem
449 5709 534 5778 Ilaya.
