<?xml version="1.0" encoding="UTF-8"?>
<!DOCTYPE html PUBLIC "-//W3C//DTD XHTML 1.0 Transitional//EN"
    "http://www.w3.org/TR/xhtml1/DTD/xhtml1-transitional.dtd">
<html xmlns="http://www.w3.org/1999/xhtml" xml:lang="en" lang="en">
 <head>
  <title>
</title>
<meta http-equiv="Content-Type" content="text/html;charset=utf-8" />
  <meta name='ocr-system' content='tesseract 3.04.00' />
  <meta name='ocr-capabilities' content='ocr_page ocr_carea ocr_par ocr_line ocrx_word'/>
</head>
<body>
  <div class='ocr_page' id='page_1' title='image "./monumentagerman00peipgoog/monumentagerman00peipgoog_0016.png"; bbox 0 0 4538 6426; ppageno 0'>
   <div class='ocr_carea' id='block_1_1' title="bbox 923 408 1851 465">
    <p class='ocr_par' dir='ltr' id='par_1_1' title="bbox 923 408 1851 465">
     <span class='ocr_line' id='line_1_1' title="bbox 923 408 1851 465; baseline 0.003 -3"><span class='ocrx_word' id='word_1_1' title='bbox 923 408 1139 464; x_wconf 77' lang='lat' dir='ltr'><strong>PRAEFATIO.</strong></span> <span class='ocrx_word' id='word_1_2' title='bbox 1813 411 1851 465; x_wconf 81' lang='lat' dir='ltr'><strong><em>XI</em></strong></span> 
     </span>
    </p>
   </div>
   <div class='ocr_carea' id='block_1_2' title="bbox 142 604 2017 5540">
    <p class='ocr_par' dir='ltr' id='par_1_2' title="bbox 183 604 1854 2396">
     <span class='ocr_line' id='line_1_2' title="bbox 189 604 1850 700; baseline 0.004 -24"><span class='ocrx_word' id='word_1_3' title='bbox 189 605 330 694; x_wconf 88' lang='lat' dir='ltr'><strong><em>relatis,</em></strong></span> <span class='ocrx_word' id='word_1_4' title='bbox 366 605 541 697; x_wconf 79' lang='lat' dir='ltr'><strong><em>appendic</em></strong></span> <span class='ocrx_word' id='word_1_5' title='bbox 571 605 612 677; x_wconf 90' lang='lat' dir='ltr'><strong><em>In</em></strong></span> <span class='ocrx_word' id='word_1_6' title='bbox 645 606 807 678; x_wconf 85' lang='lat' dir='ltr'><strong><em>eundem</em></strong></span> <span class='ocrx_word' id='word_1_7' title='bbox 839 605 994 678; x_wconf 88' lang='lat' dir='ltr'><strong><em>modurn</em></strong></span> <span class='ocrx_word' id='word_1_8' title='bbox 1028 604 1197 696; x_wconf 84' lang='lat' dir='ltr'><strong><em>incipiens</em></strong></span> <span class='ocrx_word' id='word_1_9' title='bbox 1232 606 1411 678; x_wconf 75' lang='lat' dir='ltr'><strong><em>subiuncta</em></strong></span> <span class='ocrx_word' id='word_1_10' title='bbox 1444 614 1510 697; x_wconf 86' lang='lat' dir='ltr'><strong><em>est,</em></strong></span> <span class='ocrx_word' id='word_1_11' title='bbox 1557 611 1594 678; x_wconf 81' lang='lat' dir='ltr'><strong><em>in</em></strong></span> <span class='ocrx_word' id='word_1_12' title='bbox 1629 631 1698 699; x_wconf 78' lang='lat' dir='ltr'><strong><em>qum</em></strong></span> <span class='ocrx_word' id='word_1_13' title='bbox 1730 609 1850 700; x_wconf 72' lang='lat' dir='ltr'><strong><em>peribus</em></strong></span> 
     </span>
     <span class='ocr_line' id='line_1_3' title="bbox 183 727 1851 820; baseline 0.002 -21"><span class='ocrx_word' id='word_1_14' title='bbox 183 735 371 820; x_wconf 82' lang='lat' dir='ltr'><strong><em>praetcrea</em></strong></span> <span class='ocrx_word' id='word_1_15' title='bbox 384 727 605 820; x_wconf 77' lang='lat' dir='ltr'><strong><em>principibus</em></strong></span> <span class='ocrx_word' id='word_1_16' title='bbox 623 729 760 800; x_wconf 78' lang='lat' dir='ltr'><strong><em>eaedem</em></strong></span> <span class='ocrx_word' id='word_1_17' title='bbox 781 727 914 799; x_wconf 73' lang='lat' dir='ltr'><strong><em>litterae</em></strong></span> <span class='ocrx_word' id='word_1_18' title='bbox 934 729 1058 798; x_wconf 87' lang='lat' dir='ltr'><strong><em>missae</em></strong></span> <span class='ocrx_word' id='word_1_19' title='bbox 1079 727 1159 818; x_wconf 87' lang='lat' dir='ltr'><strong><em>sint,</em></strong></span> <span class='ocrx_word' id='word_1_20' title='bbox 1173 727 1382 818; x_wconf 86' lang='lat' dir='ltr'><strong><em>perhibetur,</em></strong></span> <span class='ocrx_word' id='word_1_21' title='bbox 1395 729 1486 800; x_wconf 90' lang='lat' dir='ltr'><strong><em>inter</em></strong></span> <span class='ocrx_word' id='word_1_22' title='bbox 1500 751 1585 819; x_wconf 79' lang='lat' dir='ltr'><strong><em>quos</em></strong></span> <span class='ocrx_word' id='word_1_23' title='bbox 1599 729 1671 800; x_wconf 78' lang='lat' dir='ltr'><strong><em>(lun</em></strong></span> <span class='ocrx_word' id='word_1_24' title='bbox 1685 729 1851 802; x_wconf 86' lang='lat' dir='ltr'><strong><em>Austriae</em></strong></span> 
     </span>
     <span class='ocr_line' id='line_1_4' title="bbox 188 847 1850 942; baseline 0.002 -22"><span class='ocrx_word' id='word_1_25' title='bbox 188 851 317 920; x_wconf 74' lang='grc'><em>33333</em></span> <span class='ocrx_word' id='word_1_26' title='bbox 332 849 553 937; x_wconf 70' lang='lat' dir='ltr'><strong><em>noncupatur,</em></strong></span> <span class='ocrx_word' id='word_1_27' title='bbox 572 850 663 921; x_wconf 80' lang='lat' dir='ltr'><strong><em>uude</em></strong></span> <span class='ocrx_word' id='word_1_28' title='bbox 681 848 920 921; x_wconf 75' lang='lat' dir='ltr'><em>concludimus</em></span> <span class='ocrx_word' id='word_1_29' title='bbox 939 847 1045 919; x_wconf 90' lang='lat' dir='ltr'><strong><em>ulium</em></strong></span> <span class='ocrx_word' id='word_1_30' title='bbox 1067 849 1249 939; x_wconf 78' lang='lat' dir='ltr'><strong><em>quendam,</em></strong></span> <span class='ocrx_word' id='word_1_31' title='bbox 1262 849 1404 920; x_wconf 89' lang='lat' dir='ltr'><strong><em>minoris</em></strong></span> <span class='ocrx_word' id='word_1_32' title='bbox 1422 849 1635 922; x_wconf 65' lang='lat' dir='ltr'><strong><em>auctoritatis</em></strong></span> <span class='ocrx_word' id='word_1_33' title='bbox 1652 852 1777 942; x_wconf 85' lang='lat' dir='ltr'><strong><em>uirum,</em></strong></span> <span class='ocrx_word' id='word_1_34' title='bbox 1791 848 1850 923; x_wconf 91' lang='lat' dir='ltr'><strong><em>ab·</em></strong></span> 
     </span>
     <span class='ocr_line' id='line_1_5' title="bbox 190 967 1850 1063; baseline 0.002 -23"><span class='ocrx_word' id='word_1_35' title='bbox 190 969 436 1058; x_wconf 70' lang='lat' dir='ltr'><strong><em>breviatorem,</em></strong></span> <span class='ocrx_word' id='word_1_36' title='bbox 465 976 616 1042; x_wconf 76' lang='lat' dir='ltr'><strong><em>tenorem</em></strong></span> <span class='ocrx_word' id='word_1_37' title='bbox 650 968 814 1062; x_wconf 85' lang='lat' dir='ltr'><strong><em>epistotae</em></strong></span> <span class='ocrx_word' id='word_1_38' title='bbox 851 990 1031 1058; x_wconf 77' lang='lat' dir='ltr'><strong><em>marasse,</em></strong></span> <span class='ocrx_word' id='word_1_39' title='bbox 1059 967 1184 1060; x_wconf 89' lang='lat' dir='ltr'><strong><em>alium,</em></strong></span> <span class='ocrx_word' id='word_1_40' title='bbox 1221 971 1332 1041; x_wconf 77' lang='grc'><em>33333</em></span> <span class='ocrx_word' id='word_1_41' title='bbox 1360 970 1503 1042; x_wconf 85' lang='lat' dir='ltr'><strong><em>maimis</em></strong></span> <span class='ocrx_word' id='word_1_42' title='bbox 1524 972 1706 1063; x_wconf 79' lang='lat' dir='ltr'><strong><em>ponderis,</em></strong></span> <span class='ocrx_word' id='word_1_43' title='bbox 1736 973 1850 1043; x_wconf 81' lang='lat' dir='ltr'><strong><em>carrli-</em></strong></span> 
     </span>
     <span class='ocr_line' id='line_1_6' title="bbox 190 1090 1852 1185; baseline 0.002 -23"><span class='ocrx_word' id='word_1_44' title='bbox 190 1091 304 1164; x_wconf 88' lang='lat' dir='ltr'><strong><em>nulcm</em></strong></span> <span class='ocrx_word' id='word_1_45' title='bbox 322 1091 483 1181; x_wconf 78' lang='lat' dir='ltr'><strong><em>sortasse,</em></strong></span> <span class='ocrx_word' id='word_1_46' title='bbox 507 1091 632 1172; x_wconf 47' lang='lat' dir='ltr'><strong><em>seriem,</em></strong></span> <span class='ocrx_word' id='word_1_47' title='bbox 646 1093 831 1180; x_wconf 88' lang='lat' dir='ltr'><strong><em>nominum,</em></strong></span> <span class='ocrx_word' id='word_1_48' title='bbox 856 1090 895 1160; x_wconf 90' lang='lat' dir='ltr'><strong><em>in</em></strong></span> <span class='ocrx_word' id='word_1_49' title='bbox 916 1090 1039 1180; x_wconf 75' lang='grc'><em>333333</em></span> <span class='ocrx_word' id='word_1_50' title='bbox 1063 1096 1177 1162; x_wconf 83' lang='lat' dir='ltr'><strong><em>cortus</em></strong></span> <span class='ocrx_word' id='word_1_51' title='bbox 1196 1092 1281 1162; x_wconf 81' lang='lat' dir='ltr'><strong><em>orac</em></strong></span> <span class='ocrx_word' id='word_1_52' title='bbox 1306 1095 1525 1184; x_wconf 81' lang='lat' dir='ltr'><strong><em>capnoscitur,</em></strong></span> <span class='ocrx_word' id='word_1_53' title='bbox 1554 1095 1793 1185; x_wconf 73' lang='lat' dir='ltr'><strong><em>composuisse,</em></strong></span> <span class='ocrx_word' id='word_1_54' title='bbox 1821 1101 1852 1166; x_wconf 91' lang='lat' dir='ltr'><strong><em>et</em></strong></span> 
     </span>
     <span class='ocr_line' id='line_1_7' title="bbox 189 1211 1852 1306; baseline 0.002 -23"><span class='ocrx_word' id='word_1_55' title='bbox 189 1219 338 1304; x_wconf 78' lang='lat' dir='ltr'><strong><em>saraproe</em></strong></span> <span class='ocrx_word' id='word_1_56' title='bbox 364 1211 528 1285; x_wconf 77' lang='lat' dir='ltr'><strong><em>schedula</em></strong></span> <span class='ocrx_word' id='word_1_57' title='bbox 554 1214 594 1285; x_wconf 90' lang='lat' dir='ltr'><strong><em>in</em></strong></span> <span class='ocrx_word' id='word_1_58' title='bbox 619 1213 886 1304; x_wconf 80' lang='lat' dir='ltr'><strong><em>repistraturam</em></strong></span> <span class='ocrx_word' id='word_1_59' title='bbox 907 1217 1051 1302; x_wconf 81' lang='lat' dir='ltr'><strong><em>portata</em></strong></span> <span class='ocrx_word' id='word_1_60' title='bbox 1074 1211 1231 1302; x_wconf 88' lang='lat' dir='ltr'><strong><em>scribam,</em></strong></span> <span class='ocrx_word' id='word_1_61' title='bbox 1251 1213 1309 1303; x_wconf 77' lang='lat' dir='ltr'><strong><em>arri</em></strong></span> <span class='ocrx_word' id='word_1_62' title='bbox 1336 1213 1513 1304; x_wconf 71' lang='lat' dir='ltr'><strong><em>epistolmu</em></strong></span> <span class='ocrx_word' id='word_1_63' title='bbox 1540 1213 1602 1284; x_wconf 86' lang='lat' dir='ltr'><strong><em>sub</em></strong></span> <span class='ocrx_word' id='word_1_64' title='bbox 1629 1213 1852 1306; x_wconf 88' lang='lat' dir='ltr'><strong><em>inscriptione</em></strong></span> 
     </span>
     <span class='ocr_line' id='line_1_8' title="bbox 190 1331 1851 1426; baseline 0.001 -20"><span class='ocrx_word' id='word_1_65' title='bbox 190 1333 277 1408; x_wconf 88' lang='lat' dir='ltr'><strong><em>duci</em></strong></span> <span class='ocrx_word' id='word_1_66' title='bbox 295 1331 446 1406; x_wconf 77' lang='lat' dir='ltr'><strong><em>Austris</em></strong></span> <span class='ocrx_word' id='word_1_67' title='bbox 470 1333 626 1425; x_wconf 80' lang='lat' dir='ltr'><strong><em>chestis</em></strong></span> <span class='ocrx_word' id='word_1_68' title='bbox 643 1333 839 1422; x_wconf 82' lang='lat' dir='ltr'><strong><em>insemcerit,</em></strong></span> <span class='ocrx_word' id='word_1_69' title='bbox 858 1355 983 1404; x_wconf 81' lang='grc'><em>333333</em></span> <span class='ocrx_word' id='word_1_70' title='bbox 1003 1335 1076 1404; x_wconf 81' lang='lat' dir='ltr'><strong><em>circs</em></strong></span> <span class='ocrx_word' id='word_1_71' title='bbox 1097 1331 1197 1421; x_wconf 83' lang='lat' dir='ltr'><strong><em>infra</em></strong></span> <span class='ocrx_word' id='word_1_72' title='bbox 1214 1332 1397 1405; x_wconf 77' lang='lat' dir='ltr'><strong><em>delendum</em></strong></span> <span class='ocrx_word' id='word_1_73' title='bbox 1417 1357 1488 1407; x_wconf 85' lang='lat' dir='ltr'><strong><em>esse</em></strong></span> <span class='ocrx_word' id='word_1_74' title='bbox 1508 1334 1675 1426; x_wconf 80' lang='lat' dir='ltr'><strong><em>cffnpisse.</em></strong></span> <span class='ocrx_word' id='word_1_75' title='bbox 1715 1336 1851 1426; x_wconf 81' lang='lat' dir='ltr'><strong><em>Itaque,</em></strong></span> 
     </span>
     <span class='ocr_line' id='line_1_9' title="bbox 191 1454 1852 1549; baseline 0.001 -24"><span class='ocrx_word' id='word_1_76' title='bbox 191 1455 250 1526; x_wconf 88' lang='lat' dir='ltr'><strong><em>ubi</em></strong></span> <span class='ocrx_word' id='word_1_77' title='bbox 283 1454 406 1527; x_wconf 88' lang='lat' dir='ltr'><strong><em>litteris</em></strong></span> <span class='ocrx_word' id='word_1_78' title='bbox 440 1454 620 1548; x_wconf 75' lang='lat' dir='ltr'><strong><em>encyclicis</em></strong></span> <span class='ocrx_word' id='word_1_79' title='bbox 653 1457 796 1528; x_wconf 87' lang='lat' dir='ltr'><strong><em>nomina</em></strong></span> <span class='ocrx_word' id='word_1_80' title='bbox 828 1460 917 1526; x_wconf 91' lang='lat' dir='ltr'><strong><em>certo</em></strong></span> <span class='ocrx_word' id='word_1_81' title='bbox 950 1455 1071 1525; x_wconf 78' lang='lat' dir='ltr'><strong><em>arctim</em></strong></span> <span class='ocrx_word' id='word_1_82' title='bbox 1105 1455 1241 1525; x_wconf 81' lang='lat' dir='ltr'><strong><em>adiecta</em></strong></span> <span class='ocrx_word' id='word_1_83' title='bbox 1271 1456 1356 1544; x_wconf 89' lang='lat' dir='ltr'><strong><em>siut,</em></strong></span> <span class='ocrx_word' id='word_1_84' title='bbox 1390 1478 1431 1526; x_wconf 89' lang='lat' dir='ltr'><strong><em>ea</em></strong></span> <span class='ocrx_word' id='word_1_85' title='bbox 1464 1479 1505 1528; x_wconf 88' lang='grc'><strong><em>33</em></strong></span> <span class='ocrx_word' id='word_1_86' title='bbox 1530 1457 1649 1527; x_wconf 89' lang='lat' dir='ltr'><strong><em>tabula</em></strong></span> <span class='ocrx_word' id='word_1_87' title='bbox 1675 1457 1852 1549; x_wconf 81' lang='lat' dir='ltr'><strong><em>urtscripta</em></strong></span> 
     </span>
     <span class='ocr_line' id='line_1_10' title="bbox 190 1573 1852 1669; baseline 0.001 -21"><span class='ocrx_word' id='word_1_88' title='bbox 190 1597 261 1648; x_wconf 90' lang='lat' dir='ltr'><strong><em>esse</em></strong></span> <span class='ocrx_word' id='word_1_89' title='bbox 289 1575 468 1667; x_wconf 88' lang='lat' dir='ltr'><strong><em>probabile</em></strong></span> <span class='ocrx_word' id='word_1_90' title='bbox 503 1582 572 1664; x_wconf 89' lang='lat' dir='ltr'><strong><em>cst;</em></strong></span> <span class='ocrx_word' id='word_1_91' title='bbox 611 1577 703 1668; x_wconf 78' lang='lat' dir='ltr'><strong><em>quoa</em></strong></span> <span class='ocrx_word' id='word_1_92' title='bbox 729 1581 768 1646; x_wconf 90' lang='lat' dir='ltr'><strong><em>nt</em></strong></span> <span class='ocrx_word' id='word_1_93' title='bbox 801 1573 1029 1664; x_wconf 78' lang='lat' dir='ltr'><strong><em>accipiamus,</em></strong></span> <span class='ocrx_word' id='word_1_94' title='bbox 1057 1579 1242 1665; x_wconf 88' lang='lat' dir='ltr'><strong><em>practerea</em></strong></span> <span class='ocrx_word' id='word_1_95' title='bbox 1272 1573 1407 1648; x_wconf 86' lang='lat' dir='ltr'><strong><em>litterae</em></strong></span> <span class='ocrx_word' id='word_1_96' title='bbox 1435 1578 1477 1648; x_wconf 85' lang='lat' dir='ltr'><strong><em>cle</em></strong></span> <span class='ocrx_word' id='word_1_97' title='bbox 1498 1577 1617 1669; x_wconf 72' lang='lat' dir='ltr'><strong><em>pmma</em></strong></span> <span class='ocrx_word' id='word_1_98' title='bbox 1644 1583 1674 1649; x_wconf 90' lang='lat' dir='ltr'><strong><em>ct</em></strong></span> <span class='ocrx_word' id='word_1_99' title='bbox 1702 1577 1852 1649; x_wconf 82' lang='lat' dir='ltr'><strong><em>secunda</em></strong></span> 
     </span>
     <span class='ocr_line' id='line_1_11' title="bbox 190 1694 1853 1790; baseline 0.001 -20"><span class='ocrx_word' id='word_1_100' title='bbox 190 1697 433 1770; x_wconf 80' lang='lat' dir='ltr'><strong><em>convocatimre</em></strong></span> <span class='ocrx_word' id='word_1_101' title='bbox 460 1697 597 1770; x_wconf 89' lang='lat' dir='ltr'><strong><em>concilii</em></strong></span> <span class='ocrx_word' id='word_1_102' title='bbox 622 1721 654 1769; x_wconf 92' lang='lat' dir='ltr'><strong><em>a.</em></strong></span> <span class='ocrx_word' id='word_1_103' title='bbox 683 1699 781 1768; x_wconf 89' lang='grc'><strong><em>1241</em></strong></span> <span class='ocrx_word' id='word_1_104' title='bbox 808 1694 977 1786; x_wconf 85' lang='lat' dir='ltr'><strong><em>scriptae,</em></strong></span> <span class='ocrx_word' id='word_1_105' title='bbox 1010 1697 1140 1767; x_wconf 85' lang='grc'><em>3781</em></span> <span class='ocrx_word' id='word_1_106' title='bbox 1167 1696 1318 1786; x_wconf 84' lang='grc'><em>3785,</em></span> <span class='ocrx_word' id='word_1_107' title='bbox 1348 1719 1410 1768; x_wconf 90' lang='grc'><strong><em>333</em></strong></span> <span class='ocrx_word' id='word_1_108' title='bbox 1441 1698 1633 1786; x_wconf 73' lang='lat' dir='ltr'><strong><em>adducunt,</em></strong></span> <span class='ocrx_word' id='word_1_109' title='bbox 1666 1700 1705 1770; x_wconf 92' lang='lat' dir='ltr'><strong><em>in</em></strong></span> <span class='ocrx_word' id='word_1_110' title='bbox 1731 1697 1853 1790; x_wconf 82' lang='lat' dir='ltr'><strong><em>quibus</em></strong></span> 
     </span>
     <span class='ocr_line' id='line_1_12' title="bbox 189 1817 1853 1910; baseline 0.001 -20"><span class='ocrx_word' id='word_1_111' title='bbox 189 1821 334 1890; x_wconf 75' lang='lat' dir='ltr'><strong><em>immina</em></strong></span> <span class='ocrx_word' id='word_1_112' title='bbox 361 1839 497 1908; x_wconf 89' lang='lat' dir='ltr'><strong><em>eorum,</em></strong></span> <span class='ocrx_word' id='word_1_113' title='bbox 533 1819 582 1889; x_wconf 76' lang='lat' dir='ltr'><strong><em>act</em></strong></span> <span class='ocrx_word' id='word_1_114' title='bbox 618 1841 703 1909; x_wconf 82' lang='lat' dir='ltr'><strong><em>quos</em></strong></span> <span class='ocrx_word' id='word_1_115' title='bbox 730 1817 856 1890; x_wconf 86' lang='lat' dir='ltr'><strong><em>missae</em></strong></span> <span class='ocrx_word' id='word_1_116' title='bbox 883 1824 978 1909; x_wconf 76' lang='lat' dir='ltr'><strong><em>nont,</em></strong></span> <span class='ocrx_word' id='word_1_117' title='bbox 1011 1841 1078 1909; x_wconf 89' lang='lat' dir='ltr'><strong><em>per</em></strong></span> <span class='ocrx_word' id='word_1_118' title='bbox 1112 1817 1267 1908; x_wconf 76' lang='lat' dir='ltr'><strong><em>sinuatos</em></strong></span> <span class='ocrx_word' id='word_1_119' title='bbox 1302 1824 1415 1891; x_wconf 87' lang='lat' dir='ltr'><strong><em>terras</em></strong></span> <span class='ocrx_word' id='word_1_120' title='bbox 1444 1817 1620 1910; x_wconf 75' lang='lat' dir='ltr'><strong><em>disposita,</em></strong></span> <span class='ocrx_word' id='word_1_121' title='bbox 1653 1818 1715 1891; x_wconf 81' lang='grc'><strong><em>333</em></strong></span> <span class='ocrx_word' id='word_1_122' title='bbox 1742 1819 1853 1891; x_wconf 88' lang='lat' dir='ltr'><strong><em>titulis</em></strong></span> 
     </span>
     <span class='ocr_line' id='line_1_13' title="bbox 191 1937 1850 2032; baseline -0.001 -20"><span class='ocrx_word' id='word_1_123' title='bbox 191 1943 336 2032; x_wconf 72' lang='lat' dir='ltr'><strong><em>iusuper</em></strong></span> <span class='ocrx_word' id='word_1_124' title='bbox 354 1939 395 2012; x_wconf 94' lang='lat' dir='ltr'><strong><em>In</em></strong></span> <span class='ocrx_word' id='word_1_125' title='bbox 420 1937 590 2027; x_wconf 84' lang='lat' dir='ltr'><strong><em>Francia,</em></strong></span> <span class='ocrx_word' id='word_1_126' title='bbox 614 1938 824 2028; x_wconf 84' lang='lat' dir='ltr'><strong><em>Provincia,</em></strong></span> <span class='ocrx_word' id='word_1_127' title='bbox 840 1939 975 2032; x_wconf 79' lang='lat' dir='ltr'><strong><em>Anglia</em></strong></span> <span class='ocrx_word' id='word_1_128' title='bbox 989 1946 1048 2012; x_wconf 88' lang='lat' dir='ltr'><strong><em>etc.</em></strong></span> <span class='ocrx_word' id='word_1_129' title='bbox 1068 1939 1311 2030; x_wconf 88' lang='lat' dir='ltr'><strong><em>comprehensa</em></strong></span> <span class='ocrx_word' id='word_1_130' title='bbox 1331 1945 1421 2011; x_wconf 87' lang='lat' dir='ltr'><strong><em>sunt.</em></strong></span> <span class='ocrx_word' id='word_1_131' title='bbox 1468 1939 1588 2032; x_wconf 79' lang='lat' dir='ltr'><strong><em>Neque</em></strong></span> <span class='ocrx_word' id='word_1_132' title='bbox 1606 1963 1687 2012; x_wconf 88' lang='lat' dir='ltr'><strong><em>uero</em></strong></span> <span class='ocrx_word' id='word_1_133' title='bbox 1707 1961 1850 2031; x_wconf 89' lang='lat' dir='ltr'><strong><em>semper,</em></strong></span> 
     </span>
     <span class='ocr_line' id='line_1_14' title="bbox 191 2059 1854 2154; baseline -0.001 -20"><span class='ocrx_word' id='word_1_134' title='bbox 191 2085 271 2134; x_wconf 92' lang='lat' dir='ltr'><strong><em>cum</em></strong></span> <span class='ocrx_word' id='word_1_135' title='bbox 303 2063 422 2152; x_wconf 77' lang='lat' dir='ltr'><strong><em>forma</em></strong></span> <span class='ocrx_word' id='word_1_136' title='bbox 454 2059 617 2152; x_wconf 85' lang='lat' dir='ltr'><strong><em>epistolae</em></strong></span> <span class='ocrx_word' id='word_1_137' title='bbox 647 2061 837 2154; x_wconf 78' lang='lat' dir='ltr'><strong><em>encyclicae</em></strong></span> <span class='ocrx_word' id='word_1_138' title='bbox 870 2067 1086 2151; x_wconf 79' lang='lat' dir='ltr'><strong><em>statueretur,</em></strong></span> <span class='ocrx_word' id='word_1_139' title='bbox 1123 2059 1168 2149; x_wconf 89' lang='lat' dir='ltr'><strong><em>ii,</em></strong></span> <span class='ocrx_word' id='word_1_140' title='bbox 1207 2061 1253 2131; x_wconf 81' lang='lat' dir='ltr'><strong><em>aa</em></strong></span> <span class='ocrx_word' id='word_1_141' title='bbox 1291 2084 1374 2152; x_wconf 79' lang='lat' dir='ltr'><strong><em>quos</em></strong></span> <span class='ocrx_word' id='word_1_142' title='bbox 1405 2063 1572 2133; x_wconf 81' lang='lat' dir='ltr'><strong><em>mittenda</em></strong></span> <span class='ocrx_word' id='word_1_143' title='bbox 1606 2067 1698 2149; x_wconf 84' lang='lat' dir='ltr'><strong><em>erut,</em></strong></span> <span class='ocrx_word' id='word_1_144' title='bbox 1738 2083 1854 2134; x_wconf 88' lang='lat' dir='ltr'><strong><em>omncs</em></strong></span> 
     </span>
     <span class='ocr_line' id='line_1_15' title="bbox 190 2181 1854 2284; baseline 0 -30"><span class='ocrx_word' id='word_1_145' title='bbox 190 2181 296 2254; x_wconf 75' lang='lat' dir='ltr'><strong><em>simei</em></strong></span> <span class='ocrx_word' id='word_1_146' title='bbox 322 2181 600 2274; x_wconf 67' lang='lat' dir='ltr'><strong><em>desiccabuntur,</em></strong></span> <span class='ocrx_word' id='word_1_147' title='bbox 632 2184 717 2274; x_wconf 81' lang='lat' dir='ltr'><strong><em>qnia</em></strong></span> <span class='ocrx_word' id='word_1_148' title='bbox 739 2183 811 2255; x_wconf 87' lang='lat' dir='ltr'><strong><em>alio</em></strong></span> <span class='ocrx_word' id='word_1_149' title='bbox 835 2189 985 2284; x_wconf 87' lang='lat' dir='ltr'><strong><em>tempore</em></strong></span> <span class='ocrx_word' id='word_1_150' title='bbox 1003 2184 1049 2254; x_wconf 85' lang='lat' dir='ltr'><strong><em>act</em></strong></span> <span class='ocrx_word' id='word_1_151' title='bbox 1068 2181 1176 2253; x_wconf 90' lang='lat' dir='ltr'><strong><em>alium</em></strong></span> <span class='ocrx_word' id='word_1_152' title='bbox 1199 2204 1275 2252; x_wconf 92' lang='lat' dir='ltr'><strong><em>eam</em></strong></span> <span class='ocrx_word' id='word_1_153' title='bbox 1293 2183 1468 2272; x_wconf 79' lang='lat' dir='ltr'><strong><em>diripenrli</em></strong></span> <span class='ocrx_word' id='word_1_154' title='bbox 1489 2184 1672 2254; x_wconf 85' lang='lat' dir='ltr'><strong><em>necessitas</em></strong></span> <span class='ocrx_word' id='word_1_155' title='bbox 1693 2181 1854 2254; x_wconf 80' lang='lat' dir='ltr'><strong><em>obvenire</em></strong></span> 
     </span>
     <span class='ocr_line' id='line_1_16' title="bbox 187 2300 1852 2396; baseline -0.001 -20"><span class='ocrx_word' id='word_1_156' title='bbox 187 2305 314 2396; x_wconf 87' lang='lat' dir='ltr'><strong><em>potuit.</em></strong></span> <span class='ocrx_word' id='word_1_157' title='bbox 370 2303 666 2395; x_wconf 72' lang='lat' dir='ltr'><strong><em>szticnscunquc</em></strong></span> <span class='ocrx_word' id='word_1_158' title='bbox 693 2305 755 2376; x_wconf 88' lang='lat' dir='ltr'><strong><em>hoc</em></strong></span> <span class='ocrx_word' id='word_1_159' title='bbox 781 2304 963 2396; x_wconf 77' lang='lat' dir='ltr'><strong><em>aconem,</em></strong></span> <span class='ocrx_word' id='word_1_160' title='bbox 990 2311 1139 2377; x_wconf 88' lang='lat' dir='ltr'><strong><em>tenorem</em></strong></span> <span class='ocrx_word' id='word_1_161' title='bbox 1168 2302 1270 2376; x_wconf 89' lang='lat' dir='ltr'><strong><em>semel</em></strong></span> <span class='ocrx_word' id='word_1_162' title='bbox 1299 2300 1566 2395; x_wconf 86' lang='lat' dir='ltr'><strong><em>comprohatum,</em></strong></span> <span class='ocrx_word' id='word_1_163' title='bbox 1594 2325 1696 2395; x_wconf 86' lang='lat' dir='ltr'><strong><em>saepe</em></strong></span> <span class='ocrx_word' id='word_1_164' title='bbox 1726 2303 1852 2395; x_wconf 71' lang='grc'><em>3339173-</em></span> 
     </span>
    </p>

    <p class='ocr_par' dir='ltr' id='par_1_3' title="bbox 142 2422 1856 5057">
     <span class='ocr_line' id='line_1_17' title="bbox 142 2422 1854 2516; baseline 0 -20"><span class='ocrx_word' id='word_1_165' title='bbox 142 2455 155 2462; x_wconf 95' lang='grc'>·</span> <span class='ocrx_word' id='word_1_166' title='bbox 190 2422 348 2513; x_wconf 88' lang='lat' dir='ltr'><strong><em>simum¹,</em></strong></span> <span class='ocrx_word' id='word_1_167' title='bbox 382 2447 502 2497; x_wconf 89' lang='lat' dir='ltr'><strong><em>coram</em></strong></span> <span class='ocrx_word' id='word_1_168' title='bbox 524 2447 625 2516; x_wconf 88' lang='lat' dir='ltr'><strong><em>papa</em></strong></span> <span class='ocrx_word' id='word_1_169' title='bbox 652 2426 776 2496; x_wconf 87' lang='lat' dir='ltr'><strong><em>iterum</em></strong></span> <span class='ocrx_word' id='word_1_170' title='bbox 804 2424 926 2496; x_wconf 75' lang='lat' dir='ltr'><strong><em>lection</em></strong></span> <span class='ocrx_word' id='word_1_171' title='bbox 953 2447 1117 2497; x_wconf 89' lang='lat' dir='ltr'><strong><em>essenon</em></strong></span> <span class='ocrx_word' id='word_1_172' title='bbox 1144 2425 1331 2512; x_wconf 76' lang='lat' dir='ltr'><strong><em>credimus,</em></strong></span> <span class='ocrx_word' id='word_1_173' title='bbox 1367 2425 1468 2495; x_wconf 91' lang='lat' dir='ltr'><strong><em>immo</em></strong></span> <span class='ocrx_word' id='word_1_174' title='bbox 1495 2423 1582 2496; x_wconf 89' lang='lat' dir='ltr'><strong><em>tales</em></strong></span> <span class='ocrx_word' id='word_1_175' title='bbox 1608 2423 1739 2496; x_wconf 76' lang='lat' dir='ltr'><strong><em>turnus</em></strong></span> <span class='ocrx_word' id='word_1_176' title='bbox 1766 2426 1854 2496; x_wconf 74' lang='lat' dir='ltr'><strong><em>nun</em></strong></span> 
     </span>
     <span class='ocr_line' id='line_1_18' title="bbox 191 2543 1852 2637; baseline -0.001 -19"><span class='ocrx_word' id='word_1_177' title='bbox 191 2567 386 2618; x_wconf 87' lang='lat' dir='ltr'><strong><em>communes</em></strong></span> <span class='ocrx_word' id='word_1_178' title='bbox 412 2543 620 2617; x_wconf 85' lang='lat' dir='ltr'><strong><em>cancellario</em></strong></span> <span class='ocrx_word' id='word_1_179' title='bbox 648 2546 879 2637; x_wconf 75' lang='lat' dir='ltr'><strong><em>sepeliendas</em></strong></span> <span class='ocrx_word' id='word_1_180' title='bbox 906 2545 1057 2617; x_wconf 80' lang='lat' dir='ltr'><strong><em>traditas</em></strong></span> <span class='ocrx_word' id='word_1_181' title='bbox 1084 2566 1155 2617; x_wconf 85' lang='lat' dir='ltr'><strong><em>esse</em></strong></span> <span class='ocrx_word' id='word_1_182' title='bbox 1178 2567 1247 2635; x_wconf 87' lang='lat' dir='ltr'><strong><em>pro</em></strong></span> <span class='ocrx_word' id='word_1_183' title='bbox 1278 2549 1368 2616; x_wconf 88' lang='lat' dir='ltr'><strong><em>certo</em></strong></span> <span class='ocrx_word' id='word_1_184' title='bbox 1395 2550 1555 2634; x_wconf 90' lang='lat' dir='ltr'><strong><em>tenemus,</em></strong></span> <span class='ocrx_word' id='word_1_185' title='bbox 1582 2547 1631 2616; x_wconf 80' lang='lat' dir='ltr'><strong><em>aci</em></strong></span> <span class='ocrx_word' id='word_1_186' title='bbox 1658 2546 1748 2636; x_wconf 81' lang='lat' dir='ltr'><strong><em>quod</em></strong></span> <span class='ocrx_word' id='word_1_187' title='bbox 1762 2567 1852 2636; x_wconf 89' lang='lat' dir='ltr'><strong><em>per·</em></strong></span> 
     </span>
     <span class='ocr_line' id='line_1_19' title="bbox 190 2665 1853 2758; baseline 0.001 -21"><span class='ocrx_word' id='word_1_188' title='bbox 190 2666 376 2756; x_wconf 69' lang='lat' dir='ltr'><strong><em>ficiendcrm</em></strong></span> <span class='ocrx_word' id='word_1_189' title='bbox 401 2668 440 2737; x_wconf 89' lang='lat' dir='ltr'><strong><em>iu</em></strong></span> <span class='ocrx_word' id='word_1_190' title='bbox 466 2665 623 2738; x_wconf 89' lang='lat' dir='ltr'><strong><em>consiliis</em></strong></span> <span class='ocrx_word' id='word_1_191' title='bbox 650 2689 672 2736; x_wconf 93' lang='lat' dir='ltr'><strong><em>a</em></strong></span> <span class='ocrx_word' id='word_1_192' title='bbox 694 2689 795 2758; x_wconf 86' lang='lat' dir='ltr'><strong><em>papa</em></strong></span> <span class='ocrx_word' id='word_1_193' title='bbox 822 2690 899 2738; x_wconf 89' lang='lat' dir='ltr'><strong><em>cum</em></strong></span> <span class='ocrx_word' id='word_1_194' title='bbox 926 2666 1164 2740; x_wconf 79' lang='lat' dir='ltr'><strong><em>cumlinalibus</em></strong></span> <span class='ocrx_word' id='word_1_195' title='bbox 1192 2665 1316 2737; x_wconf 88' lang='lat' dir='ltr'><strong><em>habitis</em></strong></span> <span class='ocrx_word' id='word_1_196' title='bbox 1348 2690 1371 2737; x_wconf 91' lang='grc'><strong><em>3</em></strong></span> <span class='ocrx_word' id='word_1_197' title='bbox 1404 2666 1608 2739; x_wconf 84' lang='lat' dir='ltr'><strong><em>cancellario</em></strong></span> <span class='ocrx_word' id='word_1_198' title='bbox 1634 2665 1688 2738; x_wconf 87' lang='lat' dir='ltr'><strong><em>oct</em></strong></span> <span class='ocrx_word' id='word_1_199' title='bbox 1716 2668 1853 2738; x_wconf 89' lang='lat' dir='ltr'><strong><em>notario</em></strong></span> 
     </span>
     <span class='ocr_line' id='line_1_20' title="bbox 191 2784 1854 2879; baseline 0 -21"><span class='ocrx_word' id='word_1_200' title='bbox 191 2793 272 2858; x_wconf 88' lang='lat' dir='ltr'><strong><em>acto</em></strong></span> <span class='ocrx_word' id='word_1_201' title='bbox 301 2788 490 2878; x_wconf 90' lang='lat' dir='ltr'><strong><em>composita</em></strong></span> <span class='ocrx_word' id='word_1_202' title='bbox 516 2809 587 2859; x_wconf 87' lang='lat' dir='ltr'><strong><em>esse</em></strong></span> <span class='ocrx_word' id='word_1_203' title='bbox 614 2792 764 2878; x_wconf 83' lang='lat' dir='ltr'><strong><em>oportet,</em></strong></span> <span class='ocrx_word' id='word_1_204' title='bbox 792 2787 831 2858; x_wconf 90' lang='lat' dir='ltr'><strong><em>in</em></strong></span> <span class='ocrx_word' id='word_1_205' title='bbox 865 2787 986 2879; x_wconf 80' lang='lat' dir='ltr'><strong><em>quibus</em></strong></span> <span class='ocrx_word' id='word_1_206' title='bbox 1022 2789 1188 2859; x_wconf 77' lang='lat' dir='ltr'><strong><em>mandata</em></strong></span> <span class='ocrx_word' id='word_1_207' title='bbox 1220 2793 1251 2858; x_wconf 89' lang='lat' dir='ltr'><strong><em>ot</em></strong></span> <span class='ocrx_word' id='word_1_208' title='bbox 1277 2788 1418 2858; x_wconf 90' lang='lat' dir='ltr'><strong><em>nomina</em></strong></span> <span class='ocrx_word' id='word_1_209' title='bbox 1445 2784 1732 2875; x_wconf 75' lang='lat' dir='ltr'><strong><em>annotarentur²;</em></strong></span> <span class='ocrx_word' id='word_1_210' title='bbox 1767 2811 1854 2879; x_wconf 81' lang='lat' dir='ltr'><strong><em>quae</em></strong></span> 
     </span>
     <span class='ocr_line' id='line_1_21' title="bbox 192 2906 1856 3001; baseline -0.001 -20"><span class='ocrx_word' id='word_1_211' title='bbox 192 2916 275 2982; x_wconf 88' lang='lat' dir='ltr'><strong><em>acto</em></strong></span> <span class='ocrx_word' id='word_1_212' title='bbox 300 2912 337 2982; x_wconf 87' lang='lat' dir='ltr'><strong><em>in</em></strong></span> <span class='ocrx_word' id='word_1_213' title='bbox 361 2908 470 3001; x_wconf 89' lang='lat' dir='ltr'><strong><em>capite</em></strong></span> <span class='ocrx_word' id='word_1_214' title='bbox 494 2906 548 2980; x_wconf 87' lang='lat' dir='ltr'><strong><em>uel</em></strong></span> <span class='ocrx_word' id='word_1_215' title='bbox 563 2909 601 2979; x_wconf 87' lang='lat' dir='ltr'><strong><em>in</em></strong></span> <span class='ocrx_word' id='word_1_216' title='bbox 630 2909 699 2996; x_wconf 75' lang='lat' dir='ltr'><strong><em>fine</em></strong></span> <span class='ocrx_word' id='word_1_217' title='bbox 717 2914 801 2979; x_wconf 93' lang='lat' dir='ltr'><strong><em>nota</em></strong></span> <span class='ocrx_word' id='word_1_218' title='bbox 820 2909 1062 3001; x_wconf 78' lang='lat' dir='ltr'><strong><em>chronotopica</em></strong></span> <span class='ocrx_word' id='word_1_219' title='bbox 1087 2910 1295 3000; x_wconf 81' lang='lat' dir='ltr'><strong><em>consipnoto,</em></strong></span> <span class='ocrx_word' id='word_1_220' title='bbox 1317 2914 1502 3000; x_wconf 81' lang='lat' dir='ltr'><strong><em>postquam</em></strong></span> <span class='ocrx_word' id='word_1_221' title='bbox 1529 2910 1723 2982; x_wconf 83' lang='lat' dir='ltr'><strong><em>autiuntica</em></strong></span> <span class='ocrx_word' id='word_1_222' title='bbox 1746 2931 1788 2982; x_wconf 84' lang='grc'><strong><em>33</em></strong></span> <span class='ocrx_word' id='word_1_223' title='bbox 1813 2909 1856 2980; x_wconf 86' lang='lat' dir='ltr'><strong><em>iis</em></strong></span> 
     </span>
     <span class='ocr_line' id='line_1_22' title="bbox 191 3029 1853 3122; baseline 0 -20"><span class='ocrx_word' id='word_1_224' title='bbox 191 3031 368 3122; x_wconf 85' lang='lat' dir='ltr'><strong><em>descripta</em></strong></span> <span class='ocrx_word' id='word_1_225' title='bbox 393 3035 483 3119; x_wconf 80' lang='lat' dir='ltr'><strong><em>ucat,</em></strong></span> <span class='ocrx_word' id='word_1_226' title='bbox 510 3030 548 3100; x_wconf 87' lang='lat' dir='ltr'><strong><em>in</em></strong></span> <span class='ocrx_word' id='word_1_227' title='bbox 567 3030 837 3116; x_wconf 81' lang='lat' dir='ltr'><strong><em>repistraturam</em></strong></span> <span class='ocrx_word' id='word_1_228' title='bbox 853 3030 1083 3102; x_wconf 80' lang='lat' dir='ltr'><strong><em>mittebantur.</em></strong></span> <span class='ocrx_word' id='word_1_229' title='bbox 1138 3029 1241 3118; x_wconf 67' lang='lat' dir='ltr'><strong><em>asoa</em></strong></span> <span class='ocrx_word' id='word_1_230' title='bbox 1263 3031 1294 3101; x_wconf 89' lang='lat' dir='ltr'><strong><em>si</em></strong></span> <span class='ocrx_word' id='word_1_231' title='bbox 1314 3052 1434 3100; x_wconf 87' lang='lat' dir='ltr'><strong><em>oerum</em></strong></span> <span class='ocrx_word' id='word_1_232' title='bbox 1457 3035 1517 3117; x_wconf 87' lang='lat' dir='ltr'><strong><em>est,</em></strong></span> <span class='ocrx_word' id='word_1_233' title='bbox 1536 3030 1579 3101; x_wconf 80' lang='lat' dir='ltr'><strong><em>cle</em></strong></span> <span class='ocrx_word' id='word_1_234' title='bbox 1599 3031 1689 3102; x_wconf 89' lang='lat' dir='ltr'><strong><em>notis</em></strong></span> <span class='ocrx_word' id='word_1_235' title='bbox 1709 3031 1853 3102; x_wconf 91' lang='lat' dir='ltr'><strong><em>chrono-</em></strong></span> 
     </span>
     <span class='ocr_line' id='line_1_23' title="bbox 192 3147 1853 3244; baseline 0.001 -22"><span class='ocrx_word' id='word_1_236' title='bbox 192 3150 308 3242; x_wconf 80' lang='lat' dir='ltr'><strong><em>lcpicis</em></strong></span> <span class='ocrx_word' id='word_1_237' title='bbox 336 3173 407 3221; x_wconf 91' lang='lat' dir='ltr'><strong><em>non</em></strong></span> <span class='ocrx_word' id='word_1_238' title='bbox 433 3147 695 3240; x_wconf 68' lang='lat' dir='ltr'><strong><em>concinentibus</em></strong></span> <span class='ocrx_word' id='word_1_239' title='bbox 721 3149 847 3221; x_wconf 89' lang='lat' dir='ltr'><strong><em>mirori</em></strong></span> <span class='ocrx_word' id='word_1_240' title='bbox 882 3174 953 3222; x_wconf 90' lang='lat' dir='ltr'><strong><em>non</em></strong></span> <span class='ocrx_word' id='word_1_241' title='bbox 981 3151 1058 3224; x_wconf 89' lang='lat' dir='ltr'><strong><em>licet</em></strong></span> <span class='ocrx_word' id='word_1_242' title='bbox 1069 3177 1082 3239; x_wconf 88' lang='lat'><em>;</em></span> <span class='ocrx_word' id='word_1_243' title='bbox 1115 3173 1198 3222; x_wconf 92' lang='lat' dir='ltr'><strong><em>nam</em></strong></span> <span class='ocrx_word' id='word_1_244' title='bbox 1231 3157 1292 3223; x_wconf 91' lang='lat' dir='ltr'><strong><em>aut</em></strong></span> <span class='ocrx_word' id='word_1_245' title='bbox 1323 3151 1399 3222; x_wconf 91' lang='lat' dir='ltr'><strong><em>sola</em></strong></span> <span class='ocrx_word' id='word_1_246' title='bbox 1427 3152 1568 3222; x_wconf 89' lang='lat' dir='ltr'><strong><em>nomina</em></strong></span> <span class='ocrx_word' id='word_1_247' title='bbox 1593 3174 1635 3222; x_wconf 85' lang='lat' dir='ltr'><strong><em>ea</em></strong></span> <span class='ocrx_word' id='word_1_248' title='bbox 1660 3153 1746 3223; x_wconf 89' lang='lat' dir='ltr'><strong><em>actis</em></strong></span> <span class='ocrx_word' id='word_1_249' title='bbox 1772 3151 1853 3244; x_wconf 86' lang='lat' dir='ltr'><strong><em>illis,</em></strong></span> 
     </span>
     <span class='ocr_line' id='line_1_24' title="bbox 191 3270 1853 3367; baseline 0.001 -23"><span class='ocrx_word' id='word_1_250' title='bbox 191 3274 284 3344; x_wconf 76' lang='lat' dir='ltr'><strong><em>matrs</em></strong></span> <span class='ocrx_word' id='word_1_251' title='bbox 310 3270 558 3367; x_wconf 80' lang='lat' dir='ltr'><strong><em>clnmtolopicis</em></strong></span> <span class='ocrx_word' id='word_1_252' title='bbox 584 3293 672 3362; x_wconf 83' lang='lat' dir='ltr'><strong><em>quac</em></strong></span> <span class='ocrx_word' id='word_1_253' title='bbox 698 3273 747 3343; x_wconf 78' lang='lat' dir='ltr'><strong><em>art</em></strong></span> <span class='ocrx_word' id='word_1_254' title='bbox 768 3277 874 3344; x_wconf 93' lang='lat' dir='ltr'><strong><em>totam</em></strong></span> <span class='ocrx_word' id='word_1_255' title='bbox 896 3280 1051 3346; x_wconf 89' lang='lat' dir='ltr'><strong><em>actorum</em></strong></span> <span class='ocrx_word' id='word_1_256' title='bbox 1069 3275 1238 3365; x_wconf 79' lang='lat' dir='ltr'><strong><em>papinum</em></strong></span> <span class='ocrx_word' id='word_1_257' title='bbox 1250 3271 1469 3364; x_wconf 85' lang='lat' dir='ltr'><strong><em>pertinebant</em></strong></span> <span class='ocrx_word' id='word_1_258' title='bbox 1486 3273 1630 3360; x_wconf 85' lang='lat' dir='ltr'><strong><em>omissis,</em></strong></span> <span class='ocrx_word' id='word_1_259' title='bbox 1648 3273 1687 3343; x_wconf 88' lang='lat' dir='ltr'><strong><em>in</em></strong></span> <span class='ocrx_word' id='word_1_260' title='bbox 1704 3271 1853 3364; x_wconf 83' lang='lat' dir='ltr'><strong><em>chesta</em></strong></span> 
     </span>
     <span class='ocr_line' id='line_1_25' title="bbox 190 3392 1853 3486; baseline -0.001 -20"><span class='ocrx_word' id='word_1_261' title='bbox 190 3393 305 3466; x_wconf 86' lang='lat' dir='ltr'><strong><em>relata</em></strong></span> <span class='ocrx_word' id='word_1_262' title='bbox 335 3398 431 3483; x_wconf 87' lang='lat' dir='ltr'><strong><em>suut,</em></strong></span> <span class='ocrx_word' id='word_1_263' title='bbox 464 3397 502 3464; x_wconf 87' lang='lat' dir='ltr'><strong><em>ut</em></strong></span> <span class='ocrx_word' id='word_1_264' title='bbox 529 3414 566 3483; x_wconf 91' lang='lat' dir='ltr'><strong><em>p.</em></strong></span> <span class='ocrx_word' id='word_1_265' title='bbox 590 3394 685 3482; x_wconf 84' lang='grc'><strong><em>428,</em></strong></span> <span class='ocrx_word' id='word_1_266' title='bbox 720 3395 835 3464; x_wconf 74' lang='lat' dir='ltr'><strong><em>noti</em></strong></span> <span class='ocrx_word' id='word_1_267' title='bbox 863 3399 952 3486; x_wconf 90' lang='lat' dir='ltr'><strong><em>etp.</em></strong></span> <span class='ocrx_word' id='word_1_268' title='bbox 977 3397 1057 3486; x_wconf 83' lang='lat'><strong><em>609,</em></strong></span> <span class='ocrx_word' id='word_1_269' title='bbox 1084 3400 1153 3466; x_wconf 91' lang='lat' dir='ltr'><strong><em>not.</em></strong></span> <span class='ocrx_word' id='word_1_270' title='bbox 1181 3395 1221 3482; x_wconf 88' lang='lat'><strong><em>3,</em></strong></span> <span class='ocrx_word' id='word_1_271' title='bbox 1258 3399 1319 3464; x_wconf 88' lang='lat' dir='ltr'><strong><em>out</em></strong></span> <span class='ocrx_word' id='word_1_272' title='bbox 1353 3392 1441 3464; x_wconf 85' lang='lat' dir='ltr'><strong><em>nibil</em></strong></span> <span class='ocrx_word' id='word_1_273' title='bbox 1468 3394 1624 3481; x_wconf 90' lang='lat' dir='ltr'><strong><em>omnino,</em></strong></span> <span class='ocrx_word' id='word_1_274' title='bbox 1650 3399 1689 3464; x_wconf 90' lang='lat' dir='ltr'><strong><em>ut</em></strong></span> <span class='ocrx_word' id='word_1_275' title='bbox 1716 3416 1754 3485; x_wconf 87' lang='lat' dir='ltr'><strong><em>p.</em></strong></span> <span class='ocrx_word' id='word_1_276' title='bbox 1782 3395 1853 3465; x_wconf 87' lang='grc'><strong><em>639</em></strong></span> 
     </span>
     <span class='ocr_line' id='line_1_26' title="bbox 191 3513 1852 3606; baseline 0.001 -19"><span class='ocrx_word' id='word_1_277' title='bbox 191 3521 262 3588; x_wconf 85' lang='lat' dir='ltr'><strong><em>not.</em></strong></span> <span class='ocrx_word' id='word_1_278' title='bbox 280 3516 304 3586; x_wconf 88' lang='lat'><em>3</em></span> <span class='ocrx_word' id='word_1_279' title='bbox 327 3521 358 3587; x_wconf 88' lang='lat' dir='ltr'><strong><em>et</em></strong></span> <span class='ocrx_word' id='word_1_280' title='bbox 375 3537 414 3606; x_wconf 90' lang='lat' dir='ltr'><strong><em>p.</em></strong></span> <span class='ocrx_word' id='word_1_281' title='bbox 437 3513 511 3584; x_wconf 87' lang='grc'><strong><em>654</em></strong></span> <span class='ocrx_word' id='word_1_282' title='bbox 529 3519 596 3586; x_wconf 89' lang='lat' dir='ltr'><strong><em>mt.</em></strong></span> <span class='ocrx_word' id='word_1_283' title='bbox 620 3516 652 3604; x_wconf 85' lang='lat'><strong><em>1,</em></strong></span> <span class='ocrx_word' id='word_1_284' title='bbox 673 3536 750 3586; x_wconf 91' lang='lat' dir='ltr'><strong><em>cum</em></strong></span> <span class='ocrx_word' id='word_1_285' title='bbox 770 3514 996 3606; x_wconf 77' lang='lat' dir='ltr'><strong><em>Repestorum</em></strong></span> <span class='ocrx_word' id='word_1_286' title='bbox 1021 3515 1145 3588; x_wconf 86' lang='lat' dir='ltr'><strong><em>corba:</em></strong></span> <span class='ocrx_word' id='word_1_287' title='bbox 1171 3515 1213 3587; x_wconf 89' lang='lat' dir='ltr'><strong><em>In</em></strong></span> <span class='ocrx_word' id='word_1_288' title='bbox 1234 3513 1396 3588; x_wconf 82' lang='lat' dir='ltr'><strong><em>eundem</em></strong></span> <span class='ocrx_word' id='word_1_289' title='bbox 1414 3514 1570 3587; x_wconf 90' lang='lat' dir='ltr'><strong><em>modum</em></strong></span> <span class='ocrx_word' id='word_1_290' title='bbox 1588 3513 1774 3587; x_wconf 84' lang='lat' dir='ltr'><strong><em>universis</em></strong></span> <span class='ocrx_word' id='word_1_291' title='bbox 1793 3521 1852 3588; x_wconf 87' lang='lat' dir='ltr'><strong><em>etc.</em></strong></span> 
     </span>
     <span class='ocr_line' id='line_1_27' title="bbox 190 3633 1854 3727; baseline 0 -19"><span class='ocrx_word' id='word_1_292' title='bbox 190 3633 355 3725; x_wconf 72' lang='lat' dir='ltr'><strong><em>ucfsscere</em></strong></span> <span class='ocrx_word' id='word_1_293' title='bbox 383 3635 592 3707; x_wconf 69' lang='lat' dir='ltr'><strong><em>vincemur.</em></strong></span> <span class='ocrx_word' id='word_1_294' title='bbox 655 3633 760 3722; x_wconf 77' lang='lat' dir='ltr'><strong><em>Quod</em></strong></span> <span class='ocrx_word' id='word_1_295' title='bbox 793 3637 835 3708; x_wconf 82' lang='lat' dir='ltr'><strong><em>de</em></strong></span> <span class='ocrx_word' id='word_1_296' title='bbox 868 3637 1072 3710; x_wconf 83' lang='lat' dir='ltr'><strong><em>authenticis</em></strong></span> <span class='ocrx_word' id='word_1_297' title='bbox 1106 3637 1274 3725; x_wconf 85' lang='lat' dir='ltr'><strong><em>clinimus,</em></strong></span> <span class='ocrx_word' id='word_1_298' title='bbox 1307 3635 1347 3705; x_wconf 78' lang='lat' dir='ltr'><strong><em>ta</em></strong></span> <span class='ocrx_word' id='word_1_299' title='bbox 1380 3635 1419 3704; x_wconf 89' lang='lat' dir='ltr'><strong><em>in</em></strong></span> <span class='ocrx_word' id='word_1_300' title='bbox 1446 3656 1504 3705; x_wconf 87' lang='grc'><strong><em>333</em></strong></span> <span class='ocrx_word' id='word_1_301' title='bbox 1532 3657 1664 3726; x_wconf 75' lang='lat' dir='ltr'><strong><em>puroque</em></strong></span> <span class='ocrx_word' id='word_1_302' title='bbox 1690 3634 1854 3727; x_wconf 80' lang='lat' dir='ltr'><strong><em>epistolas</em></strong></span> 
     </span>
     <span class='ocr_line' id='line_1_28' title="bbox 193 3754 1853 3849; baseline 0 -21"><span class='ocrx_word' id='word_1_303' title='bbox 193 3757 304 3846; x_wconf 75' lang='lat' dir='ltr'><strong><em>cadit,</em></strong></span> <span class='ocrx_word' id='word_1_304' title='bbox 332 3777 420 3847; x_wconf 77' lang='lat' dir='ltr'><strong><em>orcae</em></strong></span> <span class='ocrx_word' id='word_1_305' title='bbox 445 3756 484 3826; x_wconf 86' lang='lat' dir='ltr'><strong><em>in</em></strong></span> <span class='ocrx_word' id='word_1_306' title='bbox 511 3754 667 3846; x_wconf 82' lang='lat' dir='ltr'><strong><em>Repcstis</em></strong></span> <span class='ocrx_word' id='word_1_307' title='bbox 693 3755 764 3827; x_wconf 87' lang='lat' dir='ltr'><strong><em>aiio</em></strong></span> <span class='ocrx_word' id='word_1_308' title='bbox 800 3756 873 3828; x_wconf 92' lang='lat' dir='ltr'><strong><em>loco</em></strong></span> <span class='ocrx_word' id='word_1_309' title='bbox 905 3760 1060 3849; x_wconf 82' lang='lat' dir='ltr'><strong><em>inteprae</em></strong></span> <span class='ocrx_word' id='word_1_310' title='bbox 1091 3762 1175 3828; x_wconf 91' lang='lat' dir='ltr'><strong><em>nota</em></strong></span> <span class='ocrx_word' id='word_1_311' title='bbox 1210 3754 1446 3846; x_wconf 72' lang='lat' dir='ltr'><strong><em>chronolopireu</em></strong></span> <span class='ocrx_word' id='word_1_312' title='bbox 1470 3757 1659 3828; x_wconf 78' lang='lat' dir='ltr'><strong><em>instmtctae</em></strong></span> <span class='ocrx_word' id='word_1_313' title='bbox 1685 3755 1853 3848; x_wconf 78' lang='lat' dir='ltr'><strong><em>teprrntur,</em></strong></span> 
     </span>
     <span class='ocr_line' id='line_1_29' title="bbox 194 3875 1853 3968; baseline 0.001 -20"><span class='ocrx_word' id='word_1_314' title='bbox 194 3876 264 3948; x_wconf 87' lang='lat' dir='ltr'><strong><em>alio</em></strong></span> <span class='ocrx_word' id='word_1_315' title='bbox 294 3877 342 3947; x_wconf 79' lang='lat' dir='ltr'><strong><em>aa</em></strong></span> <span class='ocrx_word' id='word_1_316' title='bbox 377 3875 577 3968; x_wconf 86' lang='lat' dir='ltr'><strong><em>epistolum,</em></strong></span> <span class='ocrx_word' id='word_1_317' title='bbox 614 3898 702 3966; x_wconf 81' lang='lat' dir='ltr'><strong><em>qum</em></strong></span> <span class='ocrx_word' id='word_1_318' title='bbox 739 3879 882 3949; x_wconf 76' lang='lat' dir='ltr'><strong><em>essuriem</em></strong></span> <span class='ocrx_word' id='word_1_319' title='bbox 918 3885 1069 3950; x_wconf 86' lang='lat' dir='ltr'><strong><em>tenorem</em></strong></span> <span class='ocrx_word' id='word_1_320' title='bbox 1099 3878 1160 3949; x_wconf 83' lang='lat' dir='ltr'><strong><em>scd</em></strong></span> <span class='ocrx_word' id='word_1_321' title='bbox 1194 3883 1312 3948; x_wconf 92' lang='lat' dir='ltr'><strong><em>notam</em></strong></span> <span class='ocrx_word' id='word_1_322' title='bbox 1339 3875 1612 3966; x_wconf 81' lang='lat' dir='ltr'><strong><em>chronolopicum</em></strong></span> <span class='ocrx_word' id='word_1_323' title='bbox 1639 3876 1853 3967; x_wconf 80' lang='lat' dir='ltr'><strong><em>differentem</em></strong></span> 
     </span>
     <span class='ocr_line' id='line_1_30' title="bbox 194 3996 1853 4090; baseline -0.001 -20"><span class='ocrx_word' id='word_1_324' title='bbox 194 3997 304 4086; x_wconf 88' lang='lat' dir='ltr'><strong><em>habet,</em></strong></span> <span class='ocrx_word' id='word_1_325' title='bbox 326 3998 619 4069; x_wconf 78' lang='grc'><em>3333333331.</em></span> <span class='ocrx_word' id='word_1_326' title='bbox 672 3996 865 4087; x_wconf 76' lang='lat' dir='ltr'><strong><em>Greaorircs</em></strong></span> <span class='ocrx_word' id='word_1_327' title='bbox 885 3999 945 4069; x_wconf 92' lang='lat' dir='ltr'><strong><em>IX</em></strong></span> <span class='ocrx_word' id='word_1_328' title='bbox 965 4022 1064 4090; x_wconf 89' lang='lat' dir='ltr'><strong><em>papa</em></strong></span> <span class='ocrx_word' id='word_1_329' title='bbox 1087 4021 1118 4069; x_wconf 87' lang='lat' dir='ltr'><strong><em>u.</em></strong></span> <span class='ocrx_word' id='word_1_330' title='bbox 1142 3999 1253 4088; x_wconf 87' lang='grc'><em>1234,</em></span> <span class='ocrx_word' id='word_1_331' title='bbox 1276 3997 1347 4068; x_wconf 89' lang='lat' dir='ltr'><strong><em>Oct.</em></strong></span> <span class='ocrx_word' id='word_1_332' title='bbox 1362 3999 1414 4068; x_wconf 89' lang='grc'><strong><em>24</em></strong></span> <span class='ocrx_word' id='word_1_333' title='bbox 1431 3997 1682 4090; x_wconf 67' lang='lat' dir='ltr'><strong><em>archiepiscopo</em></strong></span> <span class='ocrx_word' id='word_1_334' title='bbox 1701 3997 1853 4090; x_wconf 71' lang='lat' dir='ltr'><strong><em>Momm·</em></strong></span> 
     </span>
     <span class='ocr_line' id='line_1_31' title="bbox 194 4115 1852 4212; baseline 0.002 -24"><span class='ocrx_word' id='word_1_335' title='bbox 194 4118 267 4189; x_wconf 87' lang='lat' dir='ltr'><strong><em>tino</em></strong></span> <span class='ocrx_word' id='word_1_336' title='bbox 301 4119 343 4189; x_wconf 78' lang='lat' dir='ltr'><strong><em>(ie</em></strong></span> <span class='ocrx_word' id='word_1_337' title='bbox 377 4117 583 4208; x_wconf 77' lang='lat' dir='ltr'><strong><em>pribersciam</em></strong></span> <span class='ocrx_word' id='word_1_338' title='bbox 621 4115 723 4190; x_wconf 88' lang='lat' dir='ltr'><strong><em>rebus</em></strong></span> <span class='ocrx_word' id='word_1_339' title='bbox 764 4120 951 4212; x_wconf 84' lang='lat' dir='ltr'><strong><em>scripserat</em></strong></span> <span class='ocrx_word' id='word_1_340' title='bbox 987 4125 1017 4192; x_wconf 88' lang='lat' dir='ltr'><strong><em>et</em></strong></span> <span class='ocrx_word' id='word_1_341' title='bbox 1053 4120 1094 4191; x_wconf 91' lang='lat' dir='ltr'><strong><em>In</em></strong></span> <span class='ocrx_word' id='word_1_342' title='bbox 1130 4120 1290 4192; x_wconf 88' lang='lat' dir='ltr'><strong><em>eundem</em></strong></span> <span class='ocrx_word' id='word_1_343' title='bbox 1326 4119 1481 4190; x_wconf 89' lang='lat' dir='ltr'><strong><em>modum</em></strong></span> <span class='ocrx_word' id='word_1_344' title='bbox 1520 4122 1680 4212; x_wconf 88' lang='lat' dir='ltr'><strong><em>episcopo</em></strong></span> <span class='ocrx_word' id='word_1_345' title='bbox 1714 4120 1852 4192; x_wconf 86' lang='lat' dir='ltr'><strong><em>Boben-</em></strong></span> 
     </span>
     <span class='ocr_line' id='line_1_32' title="bbox 194 4237 1853 4332; baseline 0.001 -22"><span class='ocrx_word' id='word_1_346' title='bbox 194 4238 361 4330; x_wconf 80' lang='lat' dir='ltr'><strong><em>berpeusi,</em></strong></span> <span class='ocrx_word' id='word_1_347' title='bbox 394 4245 425 4310; x_wconf 88' lang='lat' dir='ltr'><strong><em>ct</em></strong></span> <span class='ocrx_word' id='word_1_348' title='bbox 457 4237 519 4310; x_wconf 89' lang='lat' dir='ltr'><strong><em>sab</em></strong></span> <span class='ocrx_word' id='word_1_349' title='bbox 551 4238 641 4310; x_wconf 87' lang='lat' dir='ltr'><strong><em>Nou.</em></strong></span> <span class='ocrx_word' id='word_1_350' title='bbox 665 4240 717 4310; x_wconf 84' lang='grc'><strong><em>25</em></strong></span> <span class='ocrx_word' id='word_1_351' title='bbox 754 4242 895 4312; x_wconf 85' lang='lat' dir='ltr'><strong><em>eanclem</em></strong></span> <span class='ocrx_word' id='word_1_352' title='bbox 928 4240 1108 4332; x_wconf 86' lang='lat' dir='ltr'><strong><em>epistolam</em></strong></span> <span class='ocrx_word' id='word_1_353' title='bbox 1140 4240 1395 4330; x_wconf 76' lang='lat' dir='ltr'><strong><em>archiepiscopo</em></strong></span> <span class='ocrx_word' id='word_1_354' title='bbox 1427 4238 1680 4331; x_wconf 78' lang='lat' dir='ltr'><strong><em>Solisburpensi</em></strong></span> <span class='ocrx_word' id='word_1_355' title='bbox 1716 4240 1853 4328; x_wconf 82' lang='lat' dir='ltr'><strong><em>ciircoit,</em></strong></span> 
     </span>
     <span class='ocr_line' id='line_1_33' title="bbox 194 4358 1855 4451; baseline 0.002 -21"><span class='ocrx_word' id='word_1_356' title='bbox 194 4361 244 4430; x_wconf 86' lang='lat' dir='ltr'><strong><em>cul</em></strong></span> <span class='ocrx_word' id='word_1_357' title='bbox 263 4383 366 4451; x_wconf 79' lang='lat' dir='ltr'><strong><em>mmm</em></strong></span> <span class='ocrx_word' id='word_1_358' title='bbox 391 4358 454 4430; x_wconf 87' lang='lat' dir='ltr'><strong><em>sub</em></strong></span> <span class='ocrx_word' id='word_1_359' title='bbox 479 4358 522 4431; x_wconf 88' lang='lat' dir='ltr'><strong><em>In</em></strong></span> <span class='ocrx_word' id='word_1_360' title='bbox 551 4359 712 4432; x_wconf 85' lang='lat' dir='ltr'><strong><em>eundem</em></strong></span> <span class='ocrx_word' id='word_1_361' title='bbox 741 4360 897 4433; x_wconf 88' lang='lat' dir='ltr'><strong><em>modum</em></strong></span> <span class='ocrx_word' id='word_1_362' title='bbox 923 4362 1029 4432; x_wconf 86' lang='lat' dir='ltr'><strong><em>series</em></strong></span> <span class='ocrx_word' id='word_1_363' title='bbox 1054 4361 1232 4432; x_wconf 81' lang='lat' dir='ltr'><strong><em>montinum</em></strong></span> <span class='ocrx_word' id='word_1_364' title='bbox 1252 4359 1490 4450; x_wconf 86' lang='lat' dir='ltr'><strong><em>praelatomnn</em></strong></span> <span class='ocrx_word' id='word_1_365' title='bbox 1517 4383 1654 4434; x_wconf 79' lang='lat' dir='ltr'><strong><em>annena</em></strong></span> <span class='ocrx_word' id='word_1_366' title='bbox 1677 4369 1736 4451; x_wconf 90' lang='lat' dir='ltr'><strong><em>cst,</em></strong></span> <span class='ocrx_word' id='word_1_367' title='bbox 1763 4364 1855 4433; x_wconf 85' lang='lat' dir='ltr'><strong><em>inter</em></strong></span> 
     </span>
     <span class='ocr_line' id='line_1_34' title="bbox 195 4479 1853 4574; baseline 0.002 -22"><span class='ocrx_word' id='word_1_368' title='bbox 195 4503 281 4572; x_wconf 79' lang='lat' dir='ltr'><strong><em>quos</em></strong></span> <span class='ocrx_word' id='word_1_369' title='bbox 311 4487 342 4552; x_wconf 86' lang='lat' dir='ltr'><strong><em>et</em></strong></span> <span class='ocrx_word' id='word_1_370' title='bbox 375 4479 652 4570; x_wconf 73' lang='lat' dir='ltr'><strong><em>archiepiscopum</em></strong></span> <span class='ocrx_word' id='word_1_371' title='bbox 678 4480 906 4571; x_wconf 81' lang='lat' dir='ltr'><strong><em>Mopuntinns</em></strong></span> <span class='ocrx_word' id='word_1_372' title='bbox 939 4489 969 4552; x_wconf 89' lang='lat' dir='ltr'><strong><em>ct</em></strong></span> <span class='ocrx_word' id='word_1_373' title='bbox 996 4483 1173 4573; x_wconf 82' lang='lat' dir='ltr'><strong><em>episcopus</em></strong></span> <span class='ocrx_word' id='word_1_374' title='bbox 1198 4479 1494 4572; x_wconf 80' lang='lat' dir='ltr'><strong><em>Bubenberpeusis</em></strong></span> <span class='ocrx_word' id='word_1_375' title='bbox 1524 4483 1646 4554; x_wconf 78' lang='lat' dir='ltr'><strong><em>iterum</em></strong></span> <span class='ocrx_word' id='word_1_376' title='bbox 1677 4483 1834 4574; x_wconf 74' lang='lat' dir='ltr'><strong><em>leputatur</em></strong></span> <span class='ocrx_word' id='word_1_377' title='bbox 1841 4508 1853 4572; x_wconf 91' lang='lat'><em>;</em></span> 
     </span>
     <span class='ocr_line' id='line_1_35' title="bbox 189 4601 1854 4694; baseline 0.004 -25"><span class='ocrx_word' id='word_1_378' title='bbox 189 4623 377 4692; x_wconf 84' lang='lat' dir='ltr'><strong><em>perperam</em></strong></span> <span class='ocrx_word' id='word_1_379' title='bbox 402 4607 498 4688; x_wconf 83' lang='lat' dir='ltr'><strong><em>certe,</em></strong></span> <span class='ocrx_word' id='word_1_380' title='bbox 524 4623 608 4671; x_wconf 91' lang='lat' dir='ltr'><strong><em>nam</em></strong></span> <span class='ocrx_word' id='word_1_381' title='bbox 633 4601 754 4672; x_wconf 84' lang='lat' dir='ltr'><strong><em>scriem</em></strong></span> <span class='ocrx_word' id='word_1_382' title='bbox 781 4625 822 4674; x_wconf 79' lang='lat' dir='ltr'><strong><em>ca</em></strong></span> <span class='ocrx_word' id='word_1_383' title='bbox 849 4602 1001 4674; x_wconf 69' lang='lat' dir='ltr'><strong><em>(liversis</em></strong></span> <span class='ocrx_word' id='word_1_384' title='bbox 1027 4604 1113 4675; x_wconf 88' lang='lat' dir='ltr'><strong><em>actis</em></strong></span> <span class='ocrx_word' id='word_1_385' title='bbox 1140 4603 1360 4693; x_wconf 86' lang='lat' dir='ltr'><strong><em>compositam</em></strong></span> <span class='ocrx_word' id='word_1_386' title='bbox 1384 4625 1455 4674; x_wconf 87' lang='grc'><em>3333</em></span> <span class='ocrx_word' id='word_1_387' title='bbox 1480 4603 1553 4673; x_wconf 88' lang='lat' dir='ltr'><strong><em>iam</em></strong></span> <span class='ocrx_word' id='word_1_388' title='bbox 1578 4605 1663 4676; x_wconf 84' lang='lat' dir='ltr'><strong><em>ordo</em></strong></span> <span class='ocrx_word' id='word_1_389' title='bbox 1690 4605 1854 4694; x_wconf 77' lang='lat' dir='ltr'><strong><em>consrrsus</em></strong></span> 
     </span>
     <span class='ocr_line' id='line_1_36' title="bbox 194 4715 1855 4816; baseline 0.002 -24"><span class='ocrx_word' id='word_1_390' title='bbox 194 4723 351 4808; x_wconf 80' lang='lat' dir='ltr'><strong><em>iudicat;</em></strong></span> <span class='ocrx_word' id='word_1_391' title='bbox 385 4721 430 4810; x_wconf 79' lang='lat' dir='ltr'><strong><em>cs.</em></strong></span> <span class='ocrx_word' id='word_1_392' title='bbox 461 4744 495 4793; x_wconf 90' lang='lat' dir='ltr'><strong><em>n.</em></strong></span> <span class='ocrx_word' id='word_1_393' title='bbox 526 4724 598 4794; x_wconf 87' lang='grc'><strong><em>741</em></strong></span> <span class='ocrx_word' id='word_1_394' title='bbox 624 4730 714 4814; x_wconf 84' lang='lat' dir='ltr'><strong><em>etp.</em></strong></span> <span class='ocrx_word' id='word_1_395' title='bbox 744 4725 833 4812; x_wconf 87' lang='grc'><em>643,</em></span> <span class='ocrx_word' id='word_1_396' title='bbox 860 4731 926 4796; x_wconf 91' lang='lat' dir='ltr'><strong><em>not.</em></strong></span> <span class='ocrx_word' id='word_1_397' title='bbox 954 4726 996 4811; x_wconf 86' lang='lat'><strong><em>3‚·</em></strong></span> <span class='ocrx_word' id='word_1_398' title='bbox 1035 4747 1069 4796; x_wconf 89' lang='lat' dir='ltr'><strong><em>n.</em></strong></span> <span class='ocrx_word' id='word_1_399' title='bbox 1097 4727 1170 4794; x_wconf 82' lang='lat'><strong><em>608</em></strong></span> <span class='ocrx_word' id='word_1_400' title='bbox 1187 4715 1227 4795; x_wconf 50' lang='lat' dir='ltr'><em>a</em></span> <span class='ocrx_word' id='word_1_401' title='bbox 1246 4747 1285 4815; x_wconf 93' lang='lat' dir='ltr'><strong><em>p.</em></strong></span> <span class='ocrx_word' id='word_1_402' title='bbox 1312 4725 1402 4815; x_wconf 83' lang='grc'><em>502,</em></span> <span class='ocrx_word' id='word_1_403' title='bbox 1438 4731 1506 4796; x_wconf 89' lang='lat' dir='ltr'><strong><em>not.</em></strong></span> <span class='ocrx_word' id='word_1_404' title='bbox 1535 4727 1592 4796; x_wconf 85' lang='grc'><strong><em>18.</em></strong></span> <span class='ocrx_word' id='word_1_405' title='bbox 1646 4725 1706 4795; x_wconf 83' lang='lat' dir='ltr'><strong><em>Eu</em></strong></span> <span class='ocrx_word' id='word_1_406' title='bbox 1733 4725 1855 4816; x_wconf 80' lang='lat' dir='ltr'><strong><em>auibus</em></strong></span> 
     </span>
     <span class='ocr_line' id='line_1_37' title="bbox 193 4843 1853 4938; baseline 0.001 -23"><span class='ocrx_word' id='word_1_407' title='bbox 193 4843 359 4934; x_wconf 74' lang='lat' dir='ltr'><strong><em>sepritur,</em></strong></span> <span class='ocrx_word' id='word_1_408' title='bbox 385 4847 422 4912; x_wconf 89' lang='lat' dir='ltr'><strong><em>ut</em></strong></span> <span class='ocrx_word' id='word_1_409' title='bbox 448 4863 517 4912; x_wconf 89' lang='lat' dir='ltr'><strong><em>non</em></strong></span> <span class='ocrx_word' id='word_1_410' title='bbox 543 4865 657 4916; x_wconf 86' lang='lat' dir='ltr'><strong><em>munes</em></strong></span> <span class='ocrx_word' id='word_1_411' title='bbox 679 4844 849 4936; x_wconf 87' lang='lat' dir='ltr'><strong><em>epistolae,</em></strong></span> <span class='ocrx_word' id='word_1_412' title='bbox 877 4869 964 4936; x_wconf 80' lang='lat' dir='ltr'><strong><em>puae</em></strong></span> <span class='ocrx_word' id='word_1_413' title='bbox 984 4845 1047 4917; x_wconf 91' lang='lat' dir='ltr'><strong><em>sub</em></strong></span> <span class='ocrx_word' id='word_1_414' title='bbox 1073 4845 1116 4918; x_wconf 91' lang='lat' dir='ltr'><strong><em>In</em></strong></span> <span class='ocrx_word' id='word_1_415' title='bbox 1144 4846 1305 4918; x_wconf 86' lang='lat' dir='ltr'><strong><em>eundem</em></strong></span> <span class='ocrx_word' id='word_1_416' title='bbox 1333 4846 1489 4918; x_wconf 88' lang='lat' dir='ltr'><strong><em>modum</em></strong></span> <span class='ocrx_word' id='word_1_417' title='bbox 1516 4845 1581 4915; x_wconf 91' lang='lat' dir='ltr'><strong><em>alii</em></strong></span> <span class='ocrx_word' id='word_1_418' title='bbox 1597 4846 1757 4938; x_wconf 85' lang='lat' dir='ltr'><strong><em>epistolae</em></strong></span> <span class='ocrx_word' id='word_1_419' title='bbox 1775 4847 1853 4918; x_wconf 89' lang='lat' dir='ltr'><strong><em>snb-</em></strong></span> 
     </span>
     <span class='ocr_line' id='line_1_38' title="bbox 193 4964 1543 5057; baseline 0.002 -23"><span class='ocrx_word' id='word_1_420' title='bbox 193 4965 332 5035; x_wconf 81' lang='lat' dir='ltr'><strong><em>iurutac</em></strong></span> <span class='ocrx_word' id='word_1_421' title='bbox 357 4968 448 5050; x_wconf 86' lang='lat' dir='ltr'><strong><em>sunt,</em></strong></span> <span class='ocrx_word' id='word_1_422' title='bbox 475 4964 616 5035; x_wconf 80' lang='lat' dir='ltr'><strong><em>eandem</em></strong></span> <span class='ocrx_word' id='word_1_423' title='bbox 641 4971 758 5036; x_wconf 87' lang='lat' dir='ltr'><strong><em>notam</em></strong></span> <span class='ocrx_word' id='word_1_424' title='bbox 785 4966 1055 5056; x_wconf 84' lang='lat' dir='ltr'><strong><em>chrmmlopicmn</em></strong></span> <span class='ocrx_word' id='word_1_425' title='bbox 1081 4988 1184 5057; x_wconf 82' lang='lat' dir='ltr'><strong><em>quum</em></strong></span> <span class='ocrx_word' id='word_1_426' title='bbox 1204 4966 1327 5055; x_wconf 88' lang='lat' dir='ltr'><strong><em>prima</em></strong></span> <span class='ocrx_word' id='word_1_427' title='bbox 1352 4965 1543 5037; x_wconf 85' lang='lat' dir='ltr'><strong><em>habuerint.</em></strong></span> 
     </span>
    </p>

    <p class='ocr_par' dir='ltr' id='par_1_4' title="bbox 193 5047 2017 5540">
     <span class='ocr_line' id='line_1_39' title="bbox 300 5047 2017 5185; baseline 0.002 -30"><span class='ocrx_word' id='word_1_428' title='bbox 300 5085 347 5155; x_wconf 90' lang='lat' dir='ltr'><strong><em>In</em></strong></span> <span class='ocrx_word' id='word_1_429' title='bbox 372 5083 436 5156; x_wconf 86' lang='lat' dir='ltr'><strong><em>hac</em></strong></span> <span class='ocrx_word' id='word_1_430' title='bbox 468 5106 539 5154; x_wconf 86' lang='lat' dir='ltr'><strong><em>uno</em></strong></span> <span class='ocrx_word' id='word_1_431' title='bbox 572 5107 610 5156; x_wconf 88' lang='lat' dir='ltr'><strong><em>re</em></strong></span> <span class='ocrx_word' id='word_1_432' title='bbox 635 5085 791 5176; x_wconf 75' lang='lat' dir='ltr'><strong><em>Remotis</em></strong></span> <span class='ocrx_word' id='word_1_433' title='bbox 826 5109 896 5158; x_wconf 91' lang='lat' dir='ltr'><strong><em>non</em></strong></span> <span class='ocrx_word' id='word_1_434' title='bbox 930 5089 1045 5178; x_wconf 85' lang='lat' dir='ltr'><strong><em>utique</em></strong></span> <span class='ocrx_word' id='word_1_435' title='bbox 1076 5089 1283 5159; x_wconf 80' lang='grc'><em>3333333333</em></span> <span class='ocrx_word' id='word_1_436' title='bbox 1317 5093 1377 5159; x_wconf 89' lang='lat' dir='ltr'><strong><em>est.</em></strong></span> <span class='ocrx_word' id='word_1_437' title='bbox 1438 5088 1598 5160; x_wconf 86' lang='lat' dir='ltr'><strong><em>Occurrit</em></strong></span> <span class='ocrx_word' id='word_1_438' title='bbox 1630 5088 1781 5179; x_wconf 69' lang='lat' dir='ltr'><strong><em>alcidem,</em></strong></span> <span class='ocrx_word' id='word_1_439' title='bbox 1816 5047 2017 5185; x_wconf 50' lang='lat' dir='ltr'><strong><em>nimbiehhe&#39;s</em></strong></span> 
     </span>
     <span class='ocr_line' id='line_1_40' title="bbox 193 5203 1856 5301; baseline 0.001 -25"><span class='ocrx_word' id='word_1_440' title='bbox 193 5205 299 5276; x_wconf 85' lang='lat' dir='ltr'><strong><em>ctiam</em></strong></span> <span class='ocrx_word' id='word_1_441' title='bbox 326 5203 473 5296; x_wconf 87' lang='lat' dir='ltr'><strong><em>litterae,</em></strong></span> <span class='ocrx_word' id='word_1_442' title='bbox 501 5227 587 5296; x_wconf 75' lang='lat' dir='ltr'><strong><em>prae</em></strong></span> <span class='ocrx_word' id='word_1_443' title='bbox 612 5226 683 5277; x_wconf 89' lang='lat' dir='ltr'><strong><em>non</em></strong></span> <span class='ocrx_word' id='word_1_444' title='bbox 708 5213 789 5278; x_wconf 87' lang='lat' dir='ltr'><strong><em>sunt</em></strong></span> <span class='ocrx_word' id='word_1_445' title='bbox 816 5207 1022 5301; x_wconf 86' lang='lat' dir='ltr'><strong><em>encpclicoe,</em></strong></span> <span class='ocrx_word' id='word_1_446' title='bbox 1050 5208 1124 5280; x_wconf 90' lang='lat' dir='ltr'><strong><em>otia</em></strong></span> <span class='ocrx_word' id='word_1_447' title='bbox 1148 5214 1230 5279; x_wconf 92' lang='lat' dir='ltr'><strong><em>nota</em></strong></span> <span class='ocrx_word' id='word_1_448' title='bbox 1258 5207 1492 5300; x_wconf 75' lang='lat' dir='ltr'><strong><em>chronolopica</em></strong></span> <span class='ocrx_word' id='word_1_449' title='bbox 1518 5209 1557 5278; x_wconf 91' lang='lat' dir='ltr'><strong><em>in</em></strong></span> <span class='ocrx_word' id='word_1_450' title='bbox 1584 5207 1756 5300; x_wconf 76' lang='lat' dir='ltr'><strong><em>Repestis,</em></strong></span> <span class='ocrx_word' id='word_1_451' title='bbox 1781 5207 1856 5278; x_wconf 93' lang='lat' dir='ltr'><strong><em>alia</em></strong></span> 
     </span>
     <span class='ocr_line' id='line_1_41' title="bbox 193 5326 1856 5420; baseline 0.002 -24"><span class='ocrx_word' id='word_1_452' title='bbox 193 5327 237 5396; x_wconf 87' lang='lat' dir='ltr'><strong><em>in</em></strong></span> <span class='ocrx_word' id='word_1_453' title='bbox 263 5326 465 5397; x_wconf 82' lang='lat' dir='ltr'><strong><em>authenticis</em></strong></span> <span class='ocrx_word' id='word_1_454' title='bbox 491 5327 711 5419; x_wconf 75' lang='lat' dir='ltr'><strong><em>cousipnotae</em></strong></span> <span class='ocrx_word' id='word_1_455' title='bbox 741 5329 830 5400; x_wconf 88' lang='lat' dir='ltr'><strong><em>sint:</em></strong></span> <span class='ocrx_word' id='word_1_456' title='bbox 862 5349 897 5401; x_wconf 89' lang='lat' dir='ltr'><strong><em>a.</em></strong></span> <span class='ocrx_word' id='word_1_457' title='bbox 924 5331 995 5400; x_wconf 86' lang='grc'><strong><em>411</em></strong></span> <span class='ocrx_word' id='word_1_458' title='bbox 1023 5329 1092 5402; x_wconf 85' lang='lat' dir='ltr'><strong><em>on.</em></strong></span> <span class='ocrx_word' id='word_1_459' title='bbox 1118 5330 1158 5399; x_wconf 89' lang='lat' dir='ltr'><strong><em>in</em></strong></span> <span class='ocrx_word' id='word_1_460' title='bbox 1185 5327 1267 5420; x_wconf 76' lang='lat' dir='ltr'><strong><em>hiep.</em></strong></span> <span class='ocrx_word' id='word_1_461' title='bbox 1295 5353 1328 5402; x_wconf 93' lang='lat' dir='ltr'><strong><em>a.</em></strong></span> <span class='ocrx_word' id='word_1_462' title='bbox 1356 5333 1459 5402; x_wconf 84' lang='grc'><em>1229</em></span> <span class='ocrx_word' id='word_1_463' title='bbox 1467 5384 1477 5420; x_wconf 91' lang='grc'><em>,</em></span> <span class='ocrx_word' id='word_1_464' title='bbox 1503 5329 1582 5402; x_wconf 90' lang='lat' dir='ltr'><strong><em>Ian.</em></strong></span> <span class='ocrx_word' id='word_1_465' title='bbox 1613 5333 1672 5419; x_wconf 87' lang='grc'><strong><em>12,</em></strong></span> <span class='ocrx_word' id='word_1_466' title='bbox 1699 5331 1739 5400; x_wconf 88' lang='lat' dir='ltr'><strong><em>in</em></strong></span> <span class='ocrx_word' id='word_1_467' title='bbox 1764 5330 1856 5400; x_wconf 86' lang='lat' dir='ltr'><strong><em>anth.</em></strong></span> 
     </span>
     <span class='ocr_line' id='line_1_42' title="bbox 195 5447 1856 5540; baseline 0 -21"><span class='ocrx_word' id='word_1_468' title='bbox 195 5449 369 5536; x_wconf 88' lang='grc'><em>133.18,·</em></span> <span class='ocrx_word' id='word_1_469' title='bbox 406 5469 440 5520; x_wconf 90' lang='grc'><strong><em>3.</em></strong></span> <span class='ocrx_word' id='word_1_470' title='bbox 468 5450 547 5523; x_wconf 90' lang='grc'><strong><em>472</em></strong></span> <span class='ocrx_word' id='word_1_471' title='bbox 570 5449 610 5520; x_wconf 93' lang='lat' dir='ltr'><strong><em>in</em></strong></span> <span class='ocrx_word' id='word_1_472' title='bbox 636 5447 722 5540; x_wconf 70' lang='lat' dir='ltr'><strong><em>Ru.</em></strong></span> <span class='ocrx_word' id='word_1_473' title='bbox 751 5452 929 5540; x_wconf 86' lang='grc'><em>31232,</em></span> <span class='ocrx_word' id='word_1_474' title='bbox 965 5450 1034 5522; x_wconf 89' lang='lat' dir='ltr'><strong><em>Iul.</em></strong></span> <span class='ocrx_word' id='word_1_475' title='bbox 1061 5454 1128 5540; x_wconf 92' lang='grc'><strong><em>12,</em></strong></span> <span class='ocrx_word' id='word_1_476' title='bbox 1160 5451 1200 5520; x_wconf 90' lang='lat' dir='ltr'><strong><em>in</em></strong></span> <span class='ocrx_word' id='word_1_477' title='bbox 1227 5451 1318 5522; x_wconf 91' lang='lat' dir='ltr'><strong><em>anth.</em></strong></span> <span class='ocrx_word' id='word_1_478' title='bbox 1347 5449 1415 5522; x_wconf 87' lang='lat' dir='ltr'><strong><em>Iul.</em></strong></span> <span class='ocrx_word' id='word_1_479' title='bbox 1442 5452 1488 5520; x_wconf 87' lang='lat'><strong><em>16</em></strong></span> <span class='ocrx_word' id='word_1_480' title='bbox 1497 5475 1510 5539; x_wconf 93' lang='lat'><strong><em>,·</em></strong></span> <span class='ocrx_word' id='word_1_481' title='bbox 1545 5473 1580 5522; x_wconf 94' lang='lat' dir='ltr'><strong><em>n.</em></strong></span> <span class='ocrx_word' id='word_1_482' title='bbox 1607 5451 1680 5522; x_wconf 83' lang='grc'><strong><em>745</em></strong></span> <span class='ocrx_word' id='word_1_483' title='bbox 1707 5451 1747 5520; x_wconf 93' lang='lat' dir='ltr'><strong><em>in</em></strong></span> <span class='ocrx_word' id='word_1_484' title='bbox 1774 5449 1856 5539; x_wconf 80' lang='lat' dir='ltr'><strong><em>Rrp.</em></strong></span> 
     </span>
    </p>
   </div>
   <div class='ocr_carea' id='block_1_3' title="bbox 372 5583 1059 5591">
    <p class='ocr_par' dir='ltr' id='par_1_5' title="bbox 372 5583 1059 5591">
     <span class='ocr_line' id='line_1_43' title="bbox 372 5583 1059 5591; baseline 0.001 -1"><span class='ocrx_word' id='word_1_485' title='bbox 372 5585 379 5588; x_wconf 96' lang='lat'>-</span> <span class='ocrx_word' id='word_1_486' title='bbox 390 5585 396 5588; x_wconf 97' lang='lat'>-</span> <span class='ocrx_word' id='word_1_487' title='bbox 405 5583 610 5590; x_wconf 68' lang='lat'><em>--—---.--——.—-</em></span> <span class='ocrx_word' id='word_1_488' title='bbox 621 5584 956 5591; x_wconf 52' lang='lat' dir='ltr'><strong><em>*mun-...u-</em></strong></span> <span class='ocrx_word' id='word_1_489' title='bbox 980 5585 1059 5591; x_wconf 57' lang='grc' dir='ltr'>..ω-α-</span> 
     </span>
    </p>
   </div>
   <div class='ocr_carea' id='block_1_4' title="bbox 194 5665 1854 5823">
    <p class='ocr_par' dir='ltr' id='par_1_6' title="bbox 194 5665 1854 5823">
     <span class='ocr_line' id='line_1_44' title="bbox 306 5665 1854 5736; baseline 0.001 -19"><span class='ocrx_word' id='word_1_490' title='bbox 306 5667 333 5731; x_wconf 82' lang='lat'><strong><em>1)</em></strong></span> <span class='ocrx_word' id='word_1_491' title='bbox 349 5669 380 5717; x_wconf 86' lang='lat' dir='ltr'><strong><em>nt</em></strong></span> <span class='ocrx_word' id='word_1_492' title='bbox 397 5683 424 5719; x_wconf 85' lang='lat' dir='ltr'><strong><em>n.</em></strong></span> <span class='ocrx_word' id='word_1_493' title='bbox 443 5671 497 5719; x_wconf 79' lang='lat'><strong><em>36⁸</em></strong></span> <span class='ocrx_word' id='word_1_494' title='bbox 514 5670 537 5719; x_wconf 82' lang='lat' dir='ltr'><strong><em>et</em></strong></span> <span class='ocrx_word' id='word_1_495' title='bbox 557 5671 616 5720; x_wconf 75' lang='grc'><em>130.</em></span> <span class='ocrx_word' id='word_1_496' title='bbox 722 5667 749 5732; x_wconf 88' lang='grc'><strong><em>2)</em></strong></span> <span class='ocrx_word' id='word_1_497' title='bbox 773 5665 849 5720; x_wconf 85' lang='lat' dir='ltr'><strong><em>Talia</em></strong></span> <span class='ocrx_word' id='word_1_498' title='bbox 866 5671 926 5720; x_wconf 78' lang='lat' dir='ltr'><strong><em>cua</em></strong></span> <span class='ocrx_word' id='word_1_499' title='bbox 943 5667 974 5720; x_wconf 86' lang='lat' dir='ltr'><strong><em>in</em></strong></span> <span class='ocrx_word' id='word_1_500' title='bbox 991 5667 1106 5721; x_wconf 73' lang='lat' dir='ltr'><strong><em>corrubiis</em></strong></span> <span class='ocrx_word' id='word_1_501' title='bbox 1123 5667 1201 5720; x_wconf 62' lang='lat' dir='ltr'><strong><em>scribi</em></strong></span> <span class='ocrx_word' id='word_1_502' title='bbox 1217 5667 1255 5720; x_wconf 81' lang='lat' dir='ltr'><strong><em>mi</em></strong></span> <span class='ocrx_word' id='word_1_503' title='bbox 1271 5666 1327 5721; x_wconf 79' lang='lat' dir='ltr'><strong><em>idco</em></strong></span> <span class='ocrx_word' id='word_1_504' title='bbox 1344 5683 1442 5721; x_wconf 81' lang='grc'><em>3333333</em></span> <span class='ocrx_word' id='word_1_505' title='bbox 1459 5672 1523 5736; x_wconf 74' lang='lat' dir='ltr'><strong><em>mut,</em></strong></span> <span class='ocrx_word' id='word_1_506' title='bbox 1541 5671 1572 5720; x_wconf 88' lang='lat' dir='ltr'><strong><em>nt</em></strong></span> <span class='ocrx_word' id='word_1_507' title='bbox 1590 5667 1762 5720; x_wconf 71' lang='lat' dir='ltr'><strong><em>wmulbnius</em></strong></span> <span class='ocrx_word' id='word_1_508' title='bbox 1773 5666 1854 5732; x_wconf 81' lang='lat' dir='ltr'><strong><em>su&#39;rrt,</em></strong></span> 
     </span>
     <span class='ocr_line' id='line_1_45' title="bbox 194 5749 1568 5823; baseline 0.002 -21"><span class='ocrx_word' id='word_1_509' title='bbox 194 5749 265 5820; x_wconf 66' lang='lat' dir='ltr'><strong><em>quiri</em></strong></span> <span class='ocrx_word' id='word_1_510' title='bbox 284 5751 312 5802; x_wconf 84' lang='lat' dir='ltr'><strong><em>in</em></strong></span> <span class='ocrx_word' id='word_1_511' title='bbox 330 5751 472 5804; x_wconf 70' lang='lat' dir='ltr'><strong><em>mirandis</em></strong></span> <span class='ocrx_word' id='word_1_512' title='bbox 489 5753 580 5805; x_wconf 82' lang='lat' dir='ltr'><strong><em>litteris</em></strong></span> <span class='ocrx_word' id='word_1_513' title='bbox 599 5756 697 5808; x_wconf 67' lang='lat' dir='ltr'><strong><em>curans</em></strong></span> <span class='ocrx_word' id='word_1_514' title='bbox 714 5751 903 5823; x_wconf 68' lang='lat' dir='ltr'><strong><em>respiciendum</em></strong></span> <span class='ocrx_word' id='word_1_515' title='bbox 921 5757 944 5805; x_wconf 81' lang='lat' dir='ltr'><strong><em>rt</em></strong></span> <span class='ocrx_word' id='word_1_516' title='bbox 960 5769 1029 5822; x_wconf 78' lang='lat' dir='ltr'><strong><em>puae</em></strong></span> <span class='ocrx_word' id='word_1_517' title='bbox 1045 5754 1144 5807; x_wconf 75' lang='lat' dir='ltr'><strong><em>liberae</em></strong></span> <span class='ocrx_word' id='word_1_518' title='bbox 1161 5767 1309 5806; x_wconf 80' lang='lat' dir='ltr'><strong><em>cmnmunes</em></strong></span> <span class='ocrx_word' id='word_1_519' title='bbox 1326 5752 1464 5806; x_wconf 79' lang='lat' dir='ltr'><strong><em>mitturdae</em></strong></span> <span class='ocrx_word' id='word_1_520' title='bbox 1481 5759 1568 5806; x_wconf 72' lang='grc'><em>33333.</em></span> 
     </span>
    </p>
   </div>
   <div class='ocr_carea' id='block_1_5' title="bbox 0 0 2277 6420">
    <p class='ocr_par' dir='ltr' id='par_1_7' title="bbox 0 0 2277 6420">
     <span class='ocr_line' id='line_1_46' title="bbox 0 0 2277 6420; baseline 0 0"><span class='ocrx_word' id='word_1_521' title='bbox 0 0 2277 6420; x_wconf 95' lang='lat' dir='ltr'><strong><em> </em></strong></span> 
     </span>
    </p>
   </div>
  </div>
 </body>
</html>
