<?xml version="1.0" encoding="UTF-8"?>
<!DOCTYPE html PUBLIC "-//W3C//DTD XHTML 1.0 Transitional//EN"
    "http://www.w3.org/TR/xhtml1/DTD/xhtml1-transitional.dtd">
<html xmlns="http://www.w3.org/1999/xhtml" xml:lang="en" lang="en">
 <head>
  <title>
</title>
<meta http-equiv="Content-Type" content="text/html;charset=utf-8" />
  <meta name='ocr-system' content='tesseract 3.04.00' />
  <meta name='ocr-capabilities' content='ocr_page ocr_carea ocr_par ocr_line ocrx_word'/>
</head>
<body>
  <div class='ocr_page' id='page_1' title='image "./monumentagerman00peipgoog/monumentagerman00peipgoog_0531.png"; bbox 0 0 4590 6366; ppageno 0'>
   <div class='ocr_carea' id='block_1_1' title="bbox 431 387 1507 459">
    <p class='ocr_par' dir='ltr' id='par_1_1' title="bbox 431 387 1507 459">
     <span class='ocr_line' id='line_1_1' title="bbox 431 387 1507 459; baseline -0.017 0"><span class='ocrx_word' id='word_1_1' title='bbox 431 397 492 459; x_wconf 85' lang='lat'>508</span> <span class='ocrx_word' id='word_1_2' title='bbox 1009 391 1057 444; x_wconf 81' lang='lat' dir='ltr'>EX</span> <span class='ocrx_word' id='word_1_3' title='bbox 1075 390 1250 446; x_wconf 82' lang='lat' dir='ltr'>GREGORII</span> <span class='ocrx_word' id='word_1_4' title='bbox 1269 390 1308 444; x_wconf 87' lang='lat' dir='ltr'>IX</span> <span class='ocrx_word' id='word_1_5' title='bbox 1327 387 1507 442; x_wconf 82' lang='lat' dir='ltr'>REGISTRO</span> 
     </span>
    </p>
   </div>
   <div class='ocr_carea' id='block_1_2' title="bbox 387 560 2169 1783">
    <p class='ocr_par' dir='ltr' id='par_1_2' title="bbox 431 560 2093 652">
     <span class='ocr_line' id='line_1_2' title="bbox 431 560 2093 652; baseline -0.002 -22"><span class='ocrx_word' id='word_1_6' title='bbox 431 567 538 652; x_wconf 90' lang='lat' dir='ltr'>ipsum</span> <span class='ocrx_word' id='word_1_7' title='bbox 567 564 715 629; x_wconf 89' lang='lat' dir='ltr'>ascendit</span> <span class='ocrx_word' id='word_1_8' title='bbox 741 564 781 628; x_wconf 92' lang='lat' dir='ltr'>ad</span> <span class='ocrx_word' id='word_1_9' title='bbox 809 571 944 651; x_wconf 91' lang='lat' dir='ltr'>pontem</span> <span class='ocrx_word' id='word_1_10' title='bbox 977 563 1017 627; x_wconf 90' lang='lat' dir='ltr'>de</span> <span class='ocrx_word' id='word_1_11' title='bbox 1045 562 1191 642; x_wconf 81' lang='lat' dir='ltr'>Carano,</span> <span class='ocrx_word' id='word_1_12' title='bbox 1226 563 1367 646; x_wconf 85' lang='lat' dir='ltr'>indeque</span> <span class='ocrx_word' id='word_1_13' title='bbox 1399 561 1548 625; x_wconf 89' lang='lat' dir='ltr'>ascendit</span> <span class='ocrx_word' id='word_1_14' title='bbox 1583 560 1624 624; x_wconf 87' lang='lat' dir='ltr'>ad</span> <span class='ocrx_word' id='word_1_15' title='bbox 1654 561 1809 625; x_wconf 78' lang='lat' dir='ltr'><strong>formales</strong></span> <span class='ocrx_word' id='word_1_16' title='bbox 1842 561 1882 626; x_wconf 89' lang='lat' dir='ltr'>de</span> <span class='ocrx_word' id='word_1_17' title='bbox 1913 562 2021 643; x_wconf 76' lang='lat' dir='ltr'>Sinti,</span> <span class='ocrx_word' id='word_1_18' title='bbox 2059 571 2093 626; x_wconf 90' lang='lat' dir='ltr'>ct</span> 
     </span>
    </p>

    <p class='ocr_par' dir='ltr' id='par_1_3' title="bbox 387 664 2169 1783">
     <span class='ocr_line' id='line_1_3' title="bbox 387 664 2090 750; baseline -0.002 -16"><span class='ocrx_word' id='word_1_19' title='bbox 387 741 392 750; x_wconf 69' lang='lat'>,</span> <span class='ocrx_word' id='word_1_20' title='bbox 431 668 550 734; x_wconf 83' lang='lat' dir='ltr'>exinde</span> <span class='ocrx_word' id='word_1_21' title='bbox 574 667 718 733; x_wconf 81' lang='lat' dir='ltr'>tenditur</span> <span class='ocrx_word' id='word_1_22' title='bbox 740 669 773 731; x_wconf 93' lang='lat' dir='ltr'>in</span> <span class='ocrx_word' id='word_1_23' title='bbox 796 668 956 731; x_wconf 85' lang='lat' dir='ltr'>fossatum</span> <span class='ocrx_word' id='word_1_24' title='bbox 982 665 1094 730; x_wconf 83' lang='lat' dir='ltr'>Sancti</span> <span class='ocrx_word' id='word_1_25' title='bbox 1118 666 1241 749; x_wconf 86' lang='lat' dir='ltr'>Angeli</span> <span class='ocrx_word' id='word_1_26' title='bbox 1265 664 1423 729; x_wconf 87' lang='lat' dir='ltr'>Subterra</span> <span class='ocrx_word' id='word_1_27' title='bbox 1446 671 1479 727; x_wconf 92' lang='lat' dir='ltr'>et</span> <span class='ocrx_word' id='word_1_28' title='bbox 1502 685 1560 749; x_wconf 87' lang='lat' dir='ltr'>per</span> <span class='ocrx_word' id='word_1_29' title='bbox 1583 665 1689 749; x_wconf 91' lang='lat' dir='ltr'>ipsum</span> <span class='ocrx_word' id='word_1_30' title='bbox 1713 664 1871 728; x_wconf 87' lang='lat' dir='ltr'>lassatum</span> <span class='ocrx_word' id='word_1_31' title='bbox 1895 665 1937 730; x_wconf 92' lang='lat' dir='ltr'>ad</span> <span class='ocrx_word' id='word_1_32' title='bbox 1961 665 2090 730; x_wconf 83' lang='lat' dir='ltr'>Panto-</span> 
     </span>
     <span class='ocr_line' id='line_1_4' title="bbox 430 767 2093 855; baseline 0 -21"><span class='ocrx_word' id='word_1_33' title='bbox 430 771 618 852; x_wconf 91' lang='lat' dir='ltr'>micchiam,</span> <span class='ocrx_word' id='word_1_34' title='bbox 646 780 744 855; x_wconf 89' lang='lat' dir='ltr'>atque</span> <span class='ocrx_word' id='word_1_35' title='bbox 775 770 850 835; x_wconf 90' lang='lat' dir='ltr'>inde</span> <span class='ocrx_word' id='word_1_36' title='bbox 881 769 1031 834; x_wconf 88' lang='lat' dir='ltr'>ascendit</span> <span class='ocrx_word' id='word_1_37' title='bbox 1059 768 1100 832; x_wconf 89' lang='lat' dir='ltr'>ad</span> <span class='ocrx_word' id='word_1_38' title='bbox 1125 770 1247 832; x_wconf 81' lang='lat' dir='ltr'>fontem</span> <span class='ocrx_word' id='word_1_39' title='bbox 1272 767 1312 832; x_wconf 90' lang='lat' dir='ltr'>de</span> <span class='ocrx_word' id='word_1_40' title='bbox 1335 768 1430 846; x_wconf 82' lang='lat' dir='ltr'>Fica,</span> <span class='ocrx_word' id='word_1_41' title='bbox 1461 775 1495 831; x_wconf 91' lang='lat' dir='ltr'>et</span> <span class='ocrx_word' id='word_1_42' title='bbox 1522 767 1598 831; x_wconf 93' lang='lat' dir='ltr'>inde</span> <span class='ocrx_word' id='word_1_43' title='bbox 1621 787 1726 851; x_wconf 92' lang='lat' dir='ltr'>usque</span> <span class='ocrx_word' id='word_1_44' title='bbox 1754 768 1787 831; x_wconf 92' lang='lat' dir='ltr'>in</span> <span class='ocrx_word' id='word_1_45' title='bbox 1814 770 1941 833; x_wconf 87' lang='lat' dir='ltr'>sllicem</span> <span class='ocrx_word' id='word_1_46' title='bbox 1966 790 2004 833; x_wconf 90' lang='lat' dir='ltr'>ac</span> <span class='ocrx_word' id='word_1_47' title='bbox 2030 792 2093 855; x_wconf 87' lang='lat' dir='ltr'>pcr</span> 
     </span>
     <span class='ocr_line' id='line_1_5' title="bbox 432 870 2091 961; baseline -0.002 -23"><span class='ocrx_word' id='word_1_48' title='bbox 432 896 504 939; x_wconf 87' lang='lat' dir='ltr'>earn</span> <span class='ocrx_word' id='word_1_49' title='bbox 531 875 564 938; x_wconf 94' lang='lat' dir='ltr'>in</span> <span class='ocrx_word' id='word_1_50' title='bbox 594 881 726 961; x_wconf 91' lang='lat' dir='ltr'>pontem</span> <span class='ocrx_word' id='word_1_51' title='bbox 758 873 911 957; x_wconf 89' lang='lat' dir='ltr'>Malagai.</span> <span class='ocrx_word' id='word_1_52' title='bbox 956 871 1087 937; x_wconf 84' lang='lat' dir='ltr'>Exinde</span> <span class='ocrx_word' id='word_1_53' title='bbox 1117 872 1266 937; x_wconf 89' lang='lat' dir='ltr'>ascendit</span> <span class='ocrx_word' id='word_1_54' title='bbox 1296 870 1338 935; x_wconf 87' lang='lat' dir='ltr'>ad</span> <span class='ocrx_word' id='word_1_55' title='bbox 1366 878 1498 957; x_wconf 90' lang='lat' dir='ltr'>pontem</span> <span class='ocrx_word' id='word_1_56' title='bbox 1528 871 1730 955; x_wconf 89' lang='lat' dir='ltr'>Magnellum</span> <span class='ocrx_word' id='word_1_57' title='bbox 1758 878 1792 935; x_wconf 92' lang='lat' dir='ltr'>et</span> <span class='ocrx_word' id='word_1_58' title='bbox 1818 894 1878 958; x_wconf 89' lang='lat' dir='ltr'>per</span> <span class='ocrx_word' id='word_1_59' title='bbox 1904 873 2013 959; x_wconf 90' lang='lat' dir='ltr'>ipsum</span> <span class='ocrx_word' id='word_1_60' title='bbox 2047 871 2091 935; x_wconf 91' lang='lat' dir='ltr'>ad</span> 
     </span>
     <span class='ocr_line' id='line_1_6' title="bbox 430 973 2168 1062; baseline 0.001 -21"><span class='ocrx_word' id='word_1_61' title='bbox 430 977 561 1061; x_wconf 80' lang='lat' dir='ltr'>Aquam</span> <span class='ocrx_word' id='word_1_62' title='bbox 585 977 687 1042; x_wconf 88' lang='lat' dir='ltr'>Lucie</span> <span class='ocrx_word' id='word_1_63' title='bbox 715 983 812 1062; x_wconf 84' lang='lat' dir='ltr'>atque</span> <span class='ocrx_word' id='word_1_64' title='bbox 841 975 882 1039; x_wconf 88' lang='lat' dir='ltr'>ad</span> <span class='ocrx_word' id='word_1_65' title='bbox 913 975 1135 1040; x_wconf 81' lang='lat' dir='ltr'>summitatem</span> <span class='ocrx_word' id='word_1_66' title='bbox 1161 973 1282 1038; x_wconf 89' lang='lat' dir='ltr'>Montis</span> <span class='ocrx_word' id='word_1_67' title='bbox 1312 974 1352 1038; x_wconf 91' lang='lat' dir='ltr'>dc</span> <span class='ocrx_word' id='word_1_68' title='bbox 1383 974 1494 1060; x_wconf 84' lang='lat' dir='ltr'>Spina.</span> <span class='ocrx_word' id='word_1_69' title='bbox 1550 975 1581 1037; x_wconf 80' lang='lat' dir='ltr'>A</span> <span class='ocrx_word' id='word_1_70' title='bbox 1611 981 1724 1058; x_wconf 91' lang='lat' dir='ltr'>quarto</span> <span class='ocrx_word' id='word_1_71' title='bbox 1754 983 1864 1040; x_wconf 87' lang='lat' dir='ltr'>autem</span> <span class='ocrx_word' id='word_1_72' title='bbox 1892 977 1998 1040; x_wconf 87' lang='lat' dir='ltr'>latere</span> <span class='ocrx_word' id='word_1_73' title='bbox 2029 997 2091 1061; x_wconf 90' lang='lat' dir='ltr'>per</span> <span class='ocrx_word' id='word_1_74' title='bbox 2156 1007 2168 1042; x_wconf 73' lang='lat' dir='ltr'>a</span> 
     </span>
     <span class='ocr_line' id='line_1_7' title="bbox 431 1076 2094 1165; baseline -0.002 -21"><span class='ocrx_word' id='word_1_75' title='bbox 431 1077 551 1144; x_wconf 88' lang='lat' dir='ltr'>montis</span> <span class='ocrx_word' id='word_1_76' title='bbox 582 1101 737 1145; x_wconf 83' lang='lat' dir='ltr'>cacumen</span> <span class='ocrx_word' id='word_1_77' title='bbox 764 1079 970 1165; x_wconf 89' lang='lat' dir='ltr'>protenditur</span> <span class='ocrx_word' id='word_1_78' title='bbox 995 1079 1069 1142; x_wconf 89' lang='lat' dir='ltr'>finis</span> <span class='ocrx_word' id='word_1_79' title='bbox 1097 1099 1201 1163; x_wconf 88' lang='lat' dir='ltr'>usque</span> <span class='ocrx_word' id='word_1_80' title='bbox 1231 1077 1274 1141; x_wconf 86' lang='lat' dir='ltr'>ad</span> <span class='ocrx_word' id='word_1_81' title='bbox 1301 1078 1451 1163; x_wconf 90' lang='lat' dir='ltr'>primum.</span> <span class='ocrx_word' id='word_1_82' title='bbox 1508 1076 1578 1140; x_wconf 89' lang='lat' dir='ltr'>Nos</span> <span class='ocrx_word' id='word_1_83' title='bbox 1613 1077 1713 1161; x_wconf 89' lang='lat' dir='ltr'>igitur</span> <span class='ocrx_word' id='word_1_84' title='bbox 1744 1077 1785 1140; x_wconf 94' lang='lat' dir='ltr'>ad</span> <span class='ocrx_word' id='word_1_85' title='bbox 1817 1078 1919 1142; x_wconf 90' lang='lat' dir='ltr'>instar</span> <span class='ocrx_word' id='word_1_86' title='bbox 1949 1077 2094 1164; x_wconf 84' lang='lat' dir='ltr'>predicti</span> 
     </span>
     <span class='ocr_line' id='line_1_8' title="bbox 430 1179 2091 1271; baseline -0.003 -22"><span class='ocrx_word' id='word_1_87' title='bbox 430 1184 602 1249; x_wconf 89' lang='lat' dir='ltr'>Paschalis</span> <span class='ocrx_word' id='word_1_88' title='bbox 625 1184 871 1271; x_wconf 76' lang='lat' dir='ltr'>predecessoris</span> <span class='ocrx_word' id='word_1_89' title='bbox 894 1183 997 1246; x_wconf 86' lang='lat' dir='ltr'>nostri</span> <span class='ocrx_word' id='word_1_90' title='bbox 1019 1183 1101 1246; x_wconf 90' lang='lat' dir='ltr'>fines</span> <span class='ocrx_word' id='word_1_91' title='bbox 1125 1181 1214 1266; x_wconf 91' lang='lat' dir='ltr'>ipsos</span> <span class='ocrx_word' id='word_1_92' title='bbox 1238 1202 1312 1244; x_wconf 93' lang='lat' dir='ltr'>cum</span> <span class='ocrx_word' id='word_1_93' title='bbox 1335 1180 1530 1244; x_wconf 89' lang='lat' dir='ltr'>detrimento</span> <span class='ocrx_word' id='word_1_94' title='bbox 1554 1188 1664 1244; x_wconf 82' lang='lat' dir='ltr'>vestro</span> <span class='ocrx_word' id='word_1_95' title='bbox 1689 1181 1807 1245; x_wconf 90' lang='lat' dir='ltr'>mutari</span> <span class='ocrx_word' id='word_1_96' title='bbox 1829 1179 1961 1245; x_wconf 90' lang='lat' dir='ltr'>omnino</span> <span class='ocrx_word' id='word_1_97' title='bbox 1985 1182 2091 1245; x_wconf 90' lang='lat' dir='ltr'>inter-</span> 
     </span>
     <span class='ocr_line' id='line_1_9' title="bbox 432 1285 2092 1373; baseline -0.001 -22"><span class='ocrx_word' id='word_1_98' title='bbox 432 1286 574 1352; x_wconf 89' lang='lat' dir='ltr'>dictione</span> <span class='ocrx_word' id='word_1_99' title='bbox 604 1288 786 1372; x_wconf 89' lang='lat' dir='ltr'>apostolica</span> <span class='ocrx_word' id='word_1_100' title='bbox 816 1287 1043 1373; x_wconf 75' lang='lat' dir='ltr'>prohibentes,</span> <span class='ocrx_word' id='word_1_101' title='bbox 1075 1285 1136 1349; x_wconf 93' lang='lat' dir='ltr'>sub</span> <span class='ocrx_word' id='word_1_102' title='bbox 1170 1305 1256 1371; x_wconf 86' lang='lat' dir='ltr'>pena</span> <span class='ocrx_word' id='word_1_103' title='bbox 1285 1285 1325 1348; x_wconf 87' lang='lat' dir='ltr'>ab</span> <span class='ocrx_word' id='word_1_104' title='bbox 1353 1286 1425 1371; x_wconf 92' lang='lat' dir='ltr'>ipso</span> <span class='ocrx_word' id='word_1_105' title='bbox 1455 1286 1489 1348; x_wconf 92' lang='lat' dir='ltr'>in</span> <span class='ocrx_word' id='word_1_106' title='bbox 1522 1291 1781 1370; x_wconf 85' lang='lat' dir='ltr'>transgressores</span> <span class='ocrx_word' id='word_1_107' title='bbox 1808 1287 1938 1351; x_wconf 85' lang='lat' dir='ltr'>adiecta</span> <span class='ocrx_word' id='word_1_108' title='bbox 1969 1287 2092 1351; x_wconf 92' lang='lat' dir='ltr'>statui-</span> 
     </span>
     <span class='ocr_line' id='line_1_10' title="bbox 432 1388 2092 1474; baseline -0.001 -20"><span class='ocrx_word' id='word_1_109' title='bbox 432 1412 519 1470; x_wconf 88' lang='lat' dir='ltr'>mus,</span> <span class='ocrx_word' id='word_1_110' title='bbox 551 1397 587 1454; x_wconf 93' lang='lat' dir='ltr'>ut</span> <span class='ocrx_word' id='word_1_111' title='bbox 614 1411 677 1474; x_wconf 91' lang='lat' dir='ltr'>que</span> <span class='ocrx_word' id='word_1_112' title='bbox 701 1391 787 1454; x_wconf 90' lang='lat' dir='ltr'>inter</span> <span class='ocrx_word' id='word_1_113' title='bbox 810 1411 867 1455; x_wconf 91' lang='lat' dir='ltr'>eos</span> <span class='ocrx_word' id='word_1_114' title='bbox 891 1390 1111 1468; x_wconf 89' lang='lat' dir='ltr'>continentur,</span> <span class='ocrx_word' id='word_1_115' title='bbox 1140 1389 1225 1452; x_wconf 93' lang='lat' dir='ltr'>sicut</span> <span class='ocrx_word' id='word_1_116' title='bbox 1247 1389 1298 1452; x_wconf 91' lang='lat' dir='ltr'>ius</span> <span class='ocrx_word' id='word_1_117' title='bbox 1321 1397 1372 1453; x_wconf 90' lang='lat' dir='ltr'>est</span> <span class='ocrx_word' id='word_1_118' title='bbox 1395 1388 1670 1473; x_wconf 89' lang='lat' dir='ltr'>uniuscuiusque,</span> <span class='ocrx_word' id='word_1_119' title='bbox 1694 1397 1762 1453; x_wconf 92' lang='lat' dir='ltr'>tarn</span> <span class='ocrx_word' id='word_1_120' title='bbox 1785 1411 1842 1454; x_wconf 90' lang='lat' dir='ltr'>vos</span> <span class='ocrx_word' id='word_1_121' title='bbox 1865 1411 1962 1474; x_wconf 93' lang='lat' dir='ltr'>quam</span> <span class='ocrx_word' id='word_1_122' title='bbox 1985 1390 2092 1454; x_wconf 79' lang='lat' dir='ltr'>vestri</span> 
     </span>
     <span class='ocr_line' id='line_1_11' title="bbox 432 1491 2169 1580; baseline -0.001 -23"><span class='ocrx_word' id='word_1_123' title='bbox 432 1493 572 1559; x_wconf 88' lang='lat' dir='ltr'>heredes</span> <span class='ocrx_word' id='word_1_124' title='bbox 595 1493 648 1558; x_wconf 87' lang='lat' dir='ltr'>vel</span> <span class='ocrx_word' id='word_1_125' title='bbox 672 1494 790 1580; x_wconf 91' lang='lat' dir='ltr'>quibus</span> <span class='ocrx_word' id='word_1_126' title='bbox 813 1514 873 1558; x_wconf 86' lang='lat' dir='ltr'>vos</span> <span class='ocrx_word' id='word_1_127' title='bbox 896 1493 1044 1578; x_wconf 85' lang='lat' dir='ltr'>legitime</span> <span class='ocrx_word' id='word_1_128' title='bbox 1067 1493 1314 1573; x_wconf 87' lang='lat' dir='ltr'>concesseritis,</span> <span class='ocrx_word' id='word_1_129' title='bbox 1345 1493 1392 1556; x_wconf 86' lang='lat' dir='ltr'>ita</span> <span class='ocrx_word' id='word_1_130' title='bbox 1413 1491 1500 1576; x_wconf 93' lang='lat' dir='ltr'>quod</span> <span class='ocrx_word' id='word_1_131' title='bbox 1528 1493 1562 1555; x_wconf 91' lang='lat' dir='ltr'>in</span> <span class='ocrx_word' id='word_1_132' title='bbox 1584 1493 1788 1577; x_wconf 89' lang='lat' dir='ltr'>potentiores</span> <span class='ocrx_word' id='word_1_133' title='bbox 1811 1515 1970 1580; x_wconf 87' lang='lat' dir='ltr'>personas</span> <span class='ocrx_word' id='word_1_134' title='bbox 1995 1500 2031 1558; x_wconf 89' lang='lat' dir='ltr'>et</span> <span class='ocrx_word' id='word_1_135' title='bbox 2054 1494 2090 1556; x_wconf 91' lang='lat' dir='ltr'>in</span> <span class='ocrx_word' id='word_1_136' title='bbox 2144 1527 2169 1564; x_wconf 85' lang='lat' dir='ltr'>a</span> 
     </span>
     <span class='ocr_line' id='line_1_12' title="bbox 431 1593 2093 1684; baseline -0.001 -23"><span class='ocrx_word' id='word_1_137' title='bbox 431 1618 496 1661; x_wconf 91' lang='lat' dir='ltr'>non</span> <span class='ocrx_word' id='word_1_138' title='bbox 528 1596 687 1661; x_wconf 83' lang='lat' dir='ltr'>vassallos</span> <span class='ocrx_word' id='word_1_139' title='bbox 723 1596 863 1668; x_wconf 87' lang='lat' dir='ltr'>ecclesie</span> <span class='ocrx_word' id='word_1_140' title='bbox 899 1597 1031 1661; x_wconf 89' lang='lat' dir='ltr'>minime</span> <span class='ocrx_word' id='word_1_141' title='bbox 1066 1596 1320 1677; x_wconf 85' lang='lat' dir='ltr'>transferantur,</span> <span class='ocrx_word' id='word_1_142' title='bbox 1354 1593 1552 1680; x_wconf 89' lang='lat' dir='ltr'>possideatis</span> <span class='ocrx_word' id='word_1_143' title='bbox 1586 1596 1619 1659; x_wconf 92' lang='lat' dir='ltr'>in</span> <span class='ocrx_word' id='word_1_144' title='bbox 1653 1604 1847 1682; x_wconf 88' lang='lat' dir='ltr'>perpetuum</span> <span class='ocrx_word' id='word_1_145' title='bbox 1875 1598 2015 1684; x_wconf 88' lang='lat' dir='ltr'>pacifice</span> <span class='ocrx_word' id='word_1_146' title='bbox 2053 1617 2093 1660; x_wconf 89' lang='lat' dir='ltr'>sc</span> 
     </span>
     <span class='ocr_line' id='line_1_13' title="bbox 432 1700 649 1783; baseline 0.009 -21"><span class='ocrx_word' id='word_1_147' title='bbox 432 1700 543 1783; x_wconf 89' lang='lat' dir='ltr'>quiete</span> <span class='ocrx_word' id='word_1_148' title='bbox 567 1707 649 1765; x_wconf 69' lang='lat' dir='ltr'>eta*</span> 
     </span>
    </p>
   </div>
   <div class='ocr_carea' id='block_1_3' title="bbox 431 1799 2170 2115">
    <p class='ocr_par' dir='ltr' id='par_1_4' title="bbox 431 1799 2170 2115">
     <span class='ocr_line' id='line_1_14' title="bbox 539 1799 2090 1907; baseline 0.001 -24"><span class='ocrx_word' id='word_1_149' title='bbox 539 1818 615 1884; x_wconf 88' lang='lat' dir='ltr'>Dat.</span> <span class='ocrx_word' id='word_1_150' title='bbox 639 1820 778 1900; x_wconf 87' lang='lat' dir='ltr'>Perusii,</span> <span class='ocrx_word' id='word_1_151' title='bbox 800 1842 861 1907; x_wconf 87' lang='lat' dir='ltr'>per</span> <span class='ocrx_word' id='word_1_152' title='bbox 883 1841 1015 1885; x_wconf 88' lang='lat' dir='ltr'>manum</span> <span class='ocrx_word' id='word_1_153' title='bbox 1038 1799 1187 1904; x_wconf 85' lang='lat' dir='ltr'>magistri</span> <span class='ocrx_word' id='word_1_154' title='bbox 1209 1819 1436 1883; x_wconf 88' lang='lat' dir='ltr'>Bartholomei</span> <span class='ocrx_word' id='word_1_155' title='bbox 1459 1825 1570 1883; x_wconf 89' lang='lat' dir='ltr'>sancte</span> <span class='ocrx_word' id='word_1_156' title='bbox 1592 1817 1741 1882; x_wconf 83' lang='lat' dir='ltr'>Romane</span> <span class='ocrx_word' id='word_1_157' title='bbox 1766 1819 1908 1883; x_wconf 87' lang='lat' dir='ltr'>ecclesie</span> <span class='ocrx_word' id='word_1_158' title='bbox 1931 1820 2090 1884; x_wconf 87' lang='lat' dir='ltr'>vicecan-</span> 
     </span>
     <span class='ocr_line' id='line_1_15' title="bbox 433 1917 2090 2004; baseline -0.002 -15"><span class='ocrx_word' id='word_1_159' title='bbox 433 1923 568 2004; x_wconf 86' lang='lat' dir='ltr'>cellarii,</span> <span class='ocrx_word' id='word_1_160' title='bbox 590 1923 642 1986; x_wconf 90' lang='grc' dir='ltr'>ΠΙ</span> <span class='ocrx_word' id='word_1_161' title='bbox 664 1924 750 1988; x_wconf 90' lang='lat' dir='ltr'>Non.</span> <span class='ocrx_word' id='word_1_162' title='bbox 774 1924 904 1988; x_wconf 84' lang='lat' dir='ltr'>Ianuar.</span> <span class='ocrx_word' id='word_1_163' title='bbox 927 1924 1104 1988; x_wconf 87' lang='lat' dir='ltr'>indictione</span> <span class='ocrx_word' id='word_1_164' title='bbox 1128 1923 1230 2004; x_wconf 91' lang='lat' dir='ltr'>VIII,</span> <span class='ocrx_word' id='word_1_165' title='bbox 1254 1923 1487 1986; x_wconf 89' lang='lat' dir='ltr'>incarnationis</span> <span class='ocrx_word' id='word_1_166' title='bbox 1510 1921 1684 1987; x_wconf 90' lang='lat' dir='ltr'>Dominioe</span> <span class='ocrx_word' id='word_1_167' title='bbox 1708 1943 1792 1986; x_wconf 88' lang='lat' dir='ltr'>anno</span> <span class='ocrx_word' id='word_1_168' title='bbox 1815 1917 2090 2004; x_wconf 74' lang='lat' dir='ltr'>MlOClXXXV,</span> 
     </span>
     <span class='ocr_line' id='line_1_16' title="bbox 431 2025 2170 2115; baseline 0.003 -25"><span class='ocrx_word' id='word_1_169' title='bbox 431 2027 640 2114; x_wconf 84' lang='lat' dir='ltr'>pontificatus</span> <span class='ocrx_word' id='word_1_170' title='bbox 664 2049 741 2093; x_wconf 83' lang='lat' dir='ltr'>vero</span> <span class='ocrx_word' id='word_1_171' title='bbox 765 2027 888 2092; x_wconf 88' lang='lat' dir='ltr'>domini</span> <span class='ocrx_word' id='word_1_172' title='bbox 912 2025 1066 2111; x_wconf 81' lang='lat' dir='ltr'>Gregorii</span> <span class='ocrx_word' id='word_1_173' title='bbox 1088 2049 1173 2115; x_wconf 89' lang='lat' dir='ltr'>pape</span> <span class='ocrx_word' id='word_1_174' title='bbox 1196 2026 1299 2092; x_wconf 89' lang='lat' dir='ltr'>VIIII</span> <span class='ocrx_word' id='word_1_175' title='bbox 1323 2047 1407 2090; x_wconf 91' lang='lat' dir='ltr'>anno</span> <span class='ocrx_word' id='word_1_176' title='bbox 1432 2033 1557 2092; x_wconf 84' lang='lat' dir='ltr'>octavo.</span> <span class='ocrx_word' id='word_1_177' title='bbox 2146 2059 2170 2096; x_wconf 81' lang='lat' dir='ltr'>a</span> 
     </span>
    </p>
   </div>
   <div class='ocr_carea' id='block_1_4' title="bbox 1053 2269 1464 2277">
    <p class='ocr_par' dir='ltr' id='par_1_5' title="bbox 1053 2269 1464 2277">
     <span class='ocr_line' id='line_1_17' title="bbox 1053 2269 1464 2277; baseline 0.002 -1"><span class='ocrx_word' id='word_1_178' title='bbox 1053 2269 1464 2277; x_wconf 79' lang='lat'>——-—-—-————--—-</span> 
     </span>
    </p>
   </div>
   <div class='ocr_carea' id='block_1_5' title="bbox 1216 2513 1302 2586">
    <p class='ocr_par' dir='ltr' id='par_1_6' title="bbox 1216 2513 1302 2586">
     <span class='ocr_line' id='line_1_18' title="bbox 1216 2513 1302 2586; baseline 0.012 -1"><span class='ocrx_word' id='word_1_179' title='bbox 1216 2513 1302 2586; x_wconf 62' lang='lat'><strong>620.</strong></span> 
     </span>
    </p>
   </div>
   <div class='ocr_carea' id='block_1_6' title="bbox 428 2627 2173 3149">
    <p class='ocr_par' dir='ltr' id='par_1_7' title="bbox 428 2627 2173 3149">
     <span class='ocr_line' id='line_1_19' title="bbox 539 2627 2093 2738; baseline -0.002 -18"><span class='ocrx_word' id='word_1_180' title='bbox 539 2627 730 2738; x_wconf 65' lang='lat' dir='ltr'>Grcporias</span> <span class='ocrx_word' id='word_1_181' title='bbox 752 2653 808 2719; x_wconf 91' lang='lat' dir='ltr'>IX</span> <span class='ocrx_word' id='word_1_182' title='bbox 827 2674 918 2734; x_wconf 80' lang='lat' dir='ltr'>papa</span> <span class='ocrx_word' id='word_1_183' title='bbox 940 2652 1117 2737; x_wconf 75' lang='lat' dir='ltr'>[Eccardol</span> <span class='ocrx_word' id='word_1_184' title='bbox 1145 2653 1283 2734; x_wconf 82' lang='lat' dir='ltr'>episcopo</span> <span class='ocrx_word' id='word_1_185' title='bbox 1304 2651 1572 2735; x_wconf 78' lang='lat' dir='ltr'>Merscbarpcnsi,</span> <span class='ocrx_word' id='word_1_186' title='bbox 1595 2655 1772 2734; x_wconf 81' lang='lat' dir='ltr'>praeposito</span> <span class='ocrx_word' id='word_1_187' title='bbox 1798 2652 1910 2718; x_wconf 82' lang='lat' dir='ltr'>Sancti</span> <span class='ocrx_word' id='word_1_188' title='bbox 1930 2652 2093 2717; x_wconf 78' lang='lat' dir='ltr'>Mauritii</span> 
     </span>
     <span class='ocr_line' id='line_1_20' title="bbox 432 2753 2090 2842; baseline 0 -22"><span class='ocrx_word' id='word_1_189' title='bbox 432 2757 468 2820; x_wconf 85' lang='lat' dir='ltr'>ia</span> <span class='ocrx_word' id='word_1_190' title='bbox 483 2758 581 2824; x_wconf 87' lang='lat' dir='ltr'>Halle</span> <span class='ocrx_word' id='word_1_191' title='bbox 601 2762 631 2823; x_wconf 88' lang='lat' dir='ltr'>ct</span> <span class='ocrx_word' id='word_1_192' title='bbox 651 2758 831 2822; x_wconf 79' lang='lat' dir='ltr'>scholastico</span> <span class='ocrx_word' id='word_1_193' title='bbox 852 2755 988 2821; x_wconf 85' lang='lat' dir='ltr'>Saactac</span> <span class='ocrx_word' id='word_1_194' title='bbox 1002 2755 1133 2820; x_wconf 84' lang='lat' dir='ltr'>Mariae</span> <span class='ocrx_word' id='word_1_195' title='bbox 1154 2756 1190 2819; x_wconf 87' lang='lat' dir='ltr'>ia</span> <span class='ocrx_word' id='word_1_196' title='bbox 1206 2753 1365 2840; x_wconf 63' lang='lat' dir='ltr'>cherdia</span> <span class='ocrx_word' id='word_1_197' title='bbox 1384 2755 1524 2833; x_wconf 78' lang='lat' dir='ltr'>mandat,</span> <span class='ocrx_word' id='word_1_198' title='bbox 1546 2760 1581 2819; x_wconf 85' lang='lat' dir='ltr'>at</span> <span class='ocrx_word' id='word_1_199' title='bbox 1602 2757 1639 2820; x_wconf 89' lang='lat' dir='ltr'>dc</span> <span class='ocrx_word' id='word_1_200' title='bbox 1660 2755 1888 2842; x_wconf 71' lang='lat' dir='ltr'>afflictionibus</span> <span class='ocrx_word' id='word_1_201' title='bbox 1908 2758 2090 2838; x_wconf 79' lang='lat' dir='ltr'>inquirant,</span> 
     </span>
     <span class='ocr_line' id='line_1_21' title="bbox 432 2857 2092 2943; baseline 0 -19"><span class='ocrx_word' id='word_1_202' title='bbox 432 2879 513 2941; x_wconf 82' lang='lat' dir='ltr'>qaas</span> <span class='ocrx_word' id='word_1_203' title='bbox 540 2861 762 2924; x_wconf 73' lang='lat' dir='ltr'>monasteriam</span> <span class='ocrx_word' id='word_1_204' title='bbox 786 2858 975 2941; x_wconf 77' lang='lat' dir='ltr'>Pepavi&#39;casc</span> <span class='ocrx_word' id='word_1_205' title='bbox 996 2880 1018 2921; x_wconf 91' lang='lat' dir='ltr'>a</span> <span class='ocrx_word' id='word_1_206' title='bbox 1043 2858 1214 2938; x_wconf 76' lang='lat' dir='ltr'>Godcfrido</span> <span class='ocrx_word' id='word_1_207' title='bbox 1236 2863 1265 2922; x_wconf 87' lang='lat' dir='ltr'>ct</span> <span class='ocrx_word' id='word_1_208' title='bbox 1286 2857 1448 2943; x_wconf 76' lang='lat' dir='ltr'>Sipcfrido</span> <span class='ocrx_word' id='word_1_209' title='bbox 1477 2859 1635 2923; x_wconf 81' lang='lat' dir='ltr'>canonicis</span> <span class='ocrx_word' id='word_1_210' title='bbox 1657 2860 1875 2924; x_wconf 80' lang='lat' dir='ltr'>Micacasihas</span> <span class='ocrx_word' id='word_1_211' title='bbox 1896 2864 1926 2924; x_wconf 88' lang='lat' dir='ltr'>ct</span> <span class='ocrx_word' id='word_1_212' title='bbox 1946 2859 2092 2924; x_wconf 80' lang='lat' dir='ltr'>Hearico</span> 
     </span>
     <span class='ocr_line' id='line_1_22' title="bbox 428 2960 2093 3044; baseline 0.001 -19"><span class='ocrx_word' id='word_1_213' title='bbox 428 2963 608 3043; x_wconf 82' lang='lat' dir='ltr'>praeposito</span> <span class='ocrx_word' id='word_1_214' title='bbox 635 2962 746 3028; x_wconf 78' lang='lat' dir='ltr'>Sancti</span> <span class='ocrx_word' id='word_1_215' title='bbox 769 2961 923 3042; x_wconf 73' lang='lat' dir='ltr'>Stephani</span> <span class='ocrx_word' id='word_1_216' title='bbox 949 2960 1086 3027; x_wconf 79' lang='lat' dir='ltr'>Oiccasis</span> <span class='ocrx_word' id='word_1_217' title='bbox 1113 2961 1267 3040; x_wconf 83' lang='lat' dir='ltr'>patiatur,</span> <span class='ocrx_word' id='word_1_218' title='bbox 1299 2965 1329 3026; x_wconf 87' lang='lat' dir='ltr'>et</span> <span class='ocrx_word' id='word_1_219' title='bbox 1357 2981 1484 3025; x_wconf 76' lang='lat' dir='ltr'>causam</span> <span class='ocrx_word' id='word_1_220' title='bbox 1514 2967 1570 3025; x_wconf 87' lang='lat' dir='ltr'>aut</span> <span class='ocrx_word' id='word_1_221' title='bbox 1595 2964 1660 3044; x_wconf 74' lang='lat' dir='ltr'>sinc</span> <span class='ocrx_word' id='word_1_222' title='bbox 1687 2962 1787 3026; x_wconf 83' lang='lat' dir='ltr'>dchito</span> <span class='ocrx_word' id='word_1_223' title='bbox 1815 2963 1999 3040; x_wconf 78' lang='lat' dir='ltr'>terminant,</span> <span class='ocrx_word' id='word_1_224' title='bbox 2032 2968 2093 3026; x_wconf 72' lang='lat' dir='ltr'>utet</span> 
     </span>
     <span class='ocr_line' id='line_1_23' title="bbox 433 3063 2173 3149; baseline 0.001 -22"><span class='ocrx_word' id='word_1_225' title='bbox 433 3063 628 3149; x_wconf 73' lang='lat' dir='ltr'>sufficienter</span> <span class='ocrx_word' id='word_1_226' title='bbox 649 3066 836 3130; x_wconf 74' lang='lat' dir='ltr'>instructam</span> <span class='ocrx_word' id='word_1_227' title='bbox 858 3064 1023 3128; x_wconf 82' lang='lat' dir='ltr'>adsedem</span> <span class='ocrx_word' id='word_1_228' title='bbox 1044 3065 1245 3144; x_wconf 79' lang='lat' dir='ltr'>apostolicam</span> <span class='ocrx_word' id='word_1_229' title='bbox 1266 3064 1437 3128; x_wconf 80' lang='lat' dir='ltr'>remittant.</span> <span class='ocrx_word' id='word_1_230' title='bbox 1731 3065 1824 3143; x_wconf 76' lang='lat'>1235,</span> <span class='ocrx_word' id='word_1_231' title='bbox 1847 3065 1923 3132; x_wconf 84' lang='lat' dir='ltr'>Ian.</span> <span class='ocrx_word' id='word_1_232' title='bbox 1948 3070 2000 3132; x_wconf 85' lang='lat'>11.</span> <span class='ocrx_word' id='word_1_233' title='bbox 2145 3102 2173 3140; x_wconf 71' lang='lat'>20</span> 
     </span>
    </p>
   </div>
   <div class='ocr_carea' id='block_1_7' title="bbox 539 3181 1283 3257">
    <p class='ocr_par' dir='ltr' id='par_1_8' title="bbox 539 3181 1283 3257">
     <span class='ocr_line' id='line_1_24' title="bbox 539 3181 1283 3257; baseline 0 -19"><span class='ocrx_word' id='word_1_234' title='bbox 539 3181 623 3255; x_wconf 66' lang='lat' dir='ltr'>arey.</span> <span class='ocrx_word' id='word_1_235' title='bbox 641 3185 691 3238; x_wconf 82' lang='lat' dir='ltr'>rx</span> <span class='ocrx_word' id='word_1_236' title='bbox 708 3183 778 3257; x_wconf 61' lang='lat' dir='ltr'>aeq.</span> <span class='ocrx_word' id='word_1_237' title='bbox 799 3185 859 3240; x_wconf 78' lang='lat' dir='ltr'>va.</span> <span class='ocrx_word' id='word_1_238' title='bbox 879 3187 930 3252; x_wconf 76' lang='lat' dir='ltr'>ra,</span> <span class='ocrx_word' id='word_1_239' title='bbox 948 3188 1016 3246; x_wconf 77' lang='lat' dir='ltr'>aa·</span> <span class='ocrx_word' id='word_1_240' title='bbox 1034 3184 1095 3238; x_wconf 85' lang='lat' dir='ltr'>aa.</span> <span class='ocrx_word' id='word_1_241' title='bbox 1122 3187 1202 3252; x_wconf 72' lang='lat' dir='ltr'>arra</span> <span class='ocrx_word' id='word_1_242' title='bbox 1220 3188 1283 3238; x_wconf 76' lang='lat' dir='ltr'>roc.</span> 
     </span>
    </p>
   </div>
   <div class='ocr_carea' id='block_1_8' title="bbox 432 3380 2091 3713">
    <p class='ocr_par' dir='ltr' id='par_1_9' title="bbox 432 3380 2091 3713">
     <span class='ocr_line' id='line_1_25' title="bbox 563 3380 1957 3472; baseline 0.001 -19"><span class='ocrx_word' id='word_1_243' title='bbox 563 3435 573 3453; x_wconf 91' lang='lat'><strong>.</strong></span> <span class='ocrx_word' id='word_1_244' title='bbox 602 3436 611 3453; x_wconf 92' lang='lat'><strong>.</strong></span> <span class='ocrx_word' id='word_1_245' title='bbox 639 3380 848 3472; x_wconf 88' lang='lat' dir='ltr'>episcopo</span> <span class='ocrx_word' id='word_1_246' title='bbox 876 3381 1226 3472; x_wconf 84' lang='lat' dir='ltr'>Mersburgensi,</span> <span class='ocrx_word' id='word_1_247' title='bbox 1257 3436 1266 3453; x_wconf 91' lang='lat'><strong>.</strong></span> <span class='ocrx_word' id='word_1_248' title='bbox 1296 3436 1304 3452; x_wconf 94' lang='lat'><strong>.</strong></span> <span class='ocrx_word' id='word_1_249' title='bbox 1333 3381 1560 3472; x_wconf 87' lang='lat' dir='ltr'>preposito</span> <span class='ocrx_word' id='word_1_250' title='bbox 1589 3382 1737 3455; x_wconf 88' lang='lat' dir='ltr'>Sancti</span> <span class='ocrx_word' id='word_1_251' title='bbox 1763 3383 1957 3456; x_wconf 86' lang='lat' dir='ltr'>Mauritii</span> 
     </span>
     <span class='ocr_line' id='line_1_26' title="bbox 432 3497 2091 3596; baseline 0.003 -23"><span class='ocrx_word' id='word_1_252' title='bbox 432 3501 476 3573; x_wconf 93' lang='lat' dir='ltr'>in</span> <span class='ocrx_word' id='word_1_253' title='bbox 503 3500 632 3574; x_wconf 89' lang='lat' dir='ltr'>Halle</span> <span class='ocrx_word' id='word_1_254' title='bbox 661 3506 704 3574; x_wconf 88' lang='lat' dir='ltr'>et</span> <span class='ocrx_word' id='word_1_255' title='bbox 731 3557 739 3575; x_wconf 90' lang='lat'><strong>.</strong></span> <span class='ocrx_word' id='word_1_256' title='bbox 769 3559 778 3575; x_wconf 90' lang='lat'><strong>.</strong></span> <span class='ocrx_word' id='word_1_257' title='bbox 807 3501 1045 3574; x_wconf 86' lang='lat' dir='ltr'>scolastico</span> <span class='ocrx_word' id='word_1_258' title='bbox 1074 3501 1234 3574; x_wconf 86' lang='lat' dir='ltr'>Sancte</span> <span class='ocrx_word' id='word_1_259' title='bbox 1260 3497 1394 3574; x_wconf 80' lang='lat' dir='ltr'>Ma&#39;rie</span> <span class='ocrx_word' id='word_1_260' title='bbox 1420 3501 1463 3573; x_wconf 91' lang='lat' dir='ltr'>in</span> <span class='ocrx_word' id='word_1_261' title='bbox 1489 3501 1664 3574; x_wconf 86' lang='lat' dir='ltr'>Eriodia</span> <span class='ocrx_word' id='word_1_262' title='bbox 1690 3503 2091 3596; x_wconf 83' lang='lat' dir='ltr'>Magdeburgansis</span> 
     </span>
     <span class='ocr_line' id='line_1_27' title="bbox 929 3621 1586 3713; baseline -0.005 -20"><span class='ocrx_word' id='word_1_263' title='bbox 929 3626 971 3693; x_wconf 89' lang='lat' dir='ltr'>et</span> <span class='ocrx_word' id='word_1_264' title='bbox 997 3621 1356 3713; x_wconf 83' lang='lat' dir='ltr'>Magantinensis</span> <span class='ocrx_word' id='word_1_265' title='bbox 1384 3621 1586 3695; x_wconf 72' lang='lat' dir='ltr'>diocesia.</span> 
     </span>
    </p>
   </div>
   <div class='ocr_carea' id='block_1_9' title="bbox 293 3767 2170 5404">
    <p class='ocr_par' dir='ltr' id='par_1_10' title="bbox 431 3767 2170 4174">
     <span class='ocr_line' id='line_1_28' title="bbox 540 3767 2170 3858; baseline 0.002 -25"><span class='ocrx_word' id='word_1_266' title='bbox 540 3767 682 3834; x_wconf 85' lang='lat' dir='ltr'>Gravem</span> <span class='ocrx_word' id='word_1_267' title='bbox 704 3769 899 3834; x_wconf 90' lang='lat' dir='ltr'>dilectorum</span> <span class='ocrx_word' id='word_1_268' title='bbox 927 3769 1068 3834; x_wconf 89' lang='lat' dir='ltr'>filiomm</span> <span class='ocrx_word' id='word_1_269' title='bbox 1097 3770 1226 3834; x_wconf 87' lang='lat' dir='ltr'>abbatis</span> <span class='ocrx_word' id='word_1_270' title='bbox 1256 3777 1290 3833; x_wconf 89' lang='lat' dir='ltr'>et</span> <span class='ocrx_word' id='word_1_271' title='bbox 1322 3776 1501 3833; x_wconf 80' lang='lat' dir='ltr'>conventus</span> <span class='ocrx_word' id='word_1_272' title='bbox 1523 3769 1729 3854; x_wconf 85' lang='lat' dir='ltr'>Pigaviensis</span> <span class='ocrx_word' id='word_1_273' title='bbox 1753 3773 1936 3858; x_wconf 90' lang='lat' dir='ltr'>recepimus</span> <span class='ocrx_word' id='word_1_274' title='bbox 1960 3774 2088 3856; x_wconf 92' lang='lat' dir='ltr'>questi·</span> <span class='ocrx_word' id='word_1_275' title='bbox 2143 3806 2170 3845; x_wconf 68' lang='lat'>25</span> 
     </span>
     <span class='ocr_line' id='line_1_29' title="bbox 433 3870 2088 3957; baseline 0.002 -19"><span class='ocrx_word' id='word_1_276' title='bbox 433 3894 543 3955; x_wconf 91' lang='lat' dir='ltr'>onem,</span> <span class='ocrx_word' id='word_1_277' title='bbox 574 3872 660 3957; x_wconf 93' lang='lat' dir='ltr'>quod</span> <span class='ocrx_word' id='word_1_278' title='bbox 689 3894 762 3938; x_wconf 92' lang='lat' dir='ltr'>oum</span> <span class='ocrx_word' id='word_1_279' title='bbox 794 3893 906 3938; x_wconf 89' lang='lat' dir='ltr'>eorum</span> <span class='ocrx_word' id='word_1_280' title='bbox 935 3873 1170 3938; x_wconf 88' lang='lat' dir='ltr'>monasterium</span> <span class='ocrx_word' id='word_1_281' title='bbox 1194 3871 1409 3936; x_wconf 81' lang='lat' dir='ltr'>Gadeiridum</span> <span class='ocrx_word' id='word_1_282' title='bbox 1438 3879 1472 3935; x_wconf 91' lang='lat' dir='ltr'>et</span> <span class='ocrx_word' id='word_1_283' title='bbox 1496 3870 1660 3956; x_wconf 86' lang='lat' dir='ltr'>Syfridum</span> <span class='ocrx_word' id='word_1_284' title='bbox 1690 3875 1863 3940; x_wconf 91' lang='lat' dir='ltr'>canonicos</span> <span class='ocrx_word' id='word_1_285' title='bbox 1886 3875 2088 3956; x_wconf 86' lang='lat' dir='ltr'>Misncnscs,</span> 
     </span>
     <span class='ocr_line' id='line_1_30' title="bbox 431 3973 2089 4062; baseline 0.002 -21"><span class='ocrx_word' id='word_1_286' title='bbox 431 3975 613 4041; x_wconf 90' lang='lat' dir='ltr'>Henricum</span> <span class='ocrx_word' id='word_1_287' title='bbox 635 3976 748 4040; x_wconf 85' lang='lat' dir='ltr'>Sancti</span> <span class='ocrx_word' id='word_1_288' title='bbox 765 3974 924 4062; x_wconf 89' lang='lat' dir='ltr'>Stephani</span> <span class='ocrx_word' id='word_1_289' title='bbox 946 3975 1148 4062; x_wconf 90' lang='lat' dir='ltr'>prepositum</span> <span class='ocrx_word' id='word_1_290' title='bbox 1166 3973 1339 4039; x_wconf 83' lang='lat' dir='ltr'>Cicensem</span> <span class='ocrx_word' id='word_1_291' title='bbox 1362 3980 1396 4039; x_wconf 91' lang='lat' dir='ltr'>et</span> <span class='ocrx_word' id='word_1_292' title='bbox 1418 3974 1574 4059; x_wconf 90' lang='lat' dir='ltr'>quosdam</span> <span class='ocrx_word' id='word_1_293' title='bbox 1598 3976 1680 4039; x_wconf 89' lang='lat' dir='ltr'>alios</span> <span class='ocrx_word' id='word_1_294' title='bbox 1702 3979 1885 4057; x_wconf 88' lang='lat' dir='ltr'>nutriverit,</span> <span class='ocrx_word' id='word_1_295' title='bbox 1908 3979 2029 4043; x_wconf 81' lang='lat' dir='ltr'>foverit</span> <span class='ocrx_word' id='word_1_296' title='bbox 2053 3989 2089 4044; x_wconf 92' lang='lat' dir='ltr'>et</span> 
     </span>
     <span class='ocr_line' id='line_1_31' title="bbox 432 4078 2088 4174; baseline 0.001 -29"><span class='ocrx_word' id='word_1_297' title='bbox 432 4081 588 4147; x_wconf 83' lang='lat' dir='ltr'>extulerit</span> <span class='ocrx_word' id='word_1_298' title='bbox 610 4080 826 4165; x_wconf 91' lang='lat' dir='ltr'>multiplicem</span> <span class='ocrx_word' id='word_1_299' title='bbox 849 4080 897 4142; x_wconf 89' lang='lat' dir='ltr'>eis</span> <span class='ocrx_word' id='word_1_300' title='bbox 920 4079 1060 4162; x_wconf 90' lang='lat' dir='ltr'>gratiam</span> <span class='ocrx_word' id='word_1_301' title='bbox 1082 4078 1247 4159; x_wconf 84' lang='lat' dir='ltr'>iaciendo,</span> <span class='ocrx_word' id='word_1_302' title='bbox 1271 4078 1333 4164; x_wconf 89' lang='lat' dir='ltr'>ipsi</span> <span class='ocrx_word' id='word_1_303' title='bbox 1357 4098 1447 4142; x_wconf 90' lang='lat' dir='ltr'>more</span> <span class='ocrx_word' id='word_1_304' title='bbox 1471 4079 1605 4162; x_wconf 83' lang='lat' dir='ltr'>vipereo</span> <span class='ocrx_word' id='word_1_305' title='bbox 1628 4080 1741 4143; x_wconf 88' lang='lat' dir='ltr'>matris</span> <span class='ocrx_word' id='word_1_306' title='bbox 1764 4081 1868 4145; x_wconf 90' lang='lat' dir='ltr'>latera</span> <span class='ocrx_word' id='word_1_307' title='bbox 1889 4081 2088 4174; x_wconf 73' lang='lat' dir='ltr'>lacerantes,</span> 
     </span>
    </p>

    <p class='ocr_par' dir='ltr' id='par_1_11' title="bbox 398 4181 2170 5199">
     <span class='ocr_line' id='line_1_32' title="bbox 398 4181 2086 4268; baseline 0.002 -21"><span class='ocrx_word' id='word_1_308' title='bbox 398 4223 402 4228; x_wconf 96' lang='lat'>-</span> <span class='ocrx_word' id='word_1_309' title='bbox 431 4183 554 4248; x_wconf 88' lang='lat' dir='ltr'>dictum</span> <span class='ocrx_word' id='word_1_310' title='bbox 576 4184 825 4264; x_wconf 90' lang='lat' dir='ltr'>monasterium,</span> <span class='ocrx_word' id='word_1_311' title='bbox 858 4181 942 4266; x_wconf 93' lang='lat' dir='ltr'>quod</span> <span class='ocrx_word' id='word_1_312' title='bbox 967 4182 1111 4246; x_wconf 82' lang='lat' dir='ltr'>revereri</span> <span class='ocrx_word' id='word_1_313' title='bbox 1133 4203 1171 4245; x_wconf 89' lang='lat' dir='ltr'>ac</span> <span class='ocrx_word' id='word_1_314' title='bbox 1194 4182 1347 4245; x_wconf 91' lang='lat' dir='ltr'>honorari</span> <span class='ocrx_word' id='word_1_315' title='bbox 1370 4189 1540 4263; x_wconf 89' lang='lat' dir='ltr'>tenentur,</span> <span class='ocrx_word' id='word_1_316' title='bbox 1567 4204 1667 4268; x_wconf 88' lang='lat' dir='ltr'>super</span> <span class='ocrx_word' id='word_1_317' title='bbox 1689 4182 1887 4264; x_wconf 84' lang='lat' dir='ltr'>redditibus,</span> <span class='ocrx_word' id='word_1_318' title='bbox 1918 4189 2086 4268; x_wconf 90' lang='lat' dir='ltr'>possessi-</span> 
     </span>
     <span class='ocr_line' id='line_1_33' title="bbox 432 4285 2170 4374; baseline 0.001 -22"><span class='ocrx_word' id='word_1_319' title='bbox 432 4288 549 4353; x_wconf 91' lang='lat' dir='ltr'>onibus</span> <span class='ocrx_word' id='word_1_320' title='bbox 573 4295 605 4353; x_wconf 88' lang='lat' dir='ltr'>et</span> <span class='ocrx_word' id='word_1_321' title='bbox 628 4287 726 4352; x_wconf 90' lang='lat' dir='ltr'>rebus</span> <span class='ocrx_word' id='word_1_322' title='bbox 750 4287 822 4350; x_wconf 87' lang='lat' dir='ltr'>aliis</span> <span class='ocrx_word' id='word_1_323' title='bbox 839 4292 952 4349; x_wconf 91' lang='lat' dir='ltr'>contra</span> <span class='ocrx_word' id='word_1_324' title='bbox 974 4285 1133 4348; x_wconf 88' lang='lat' dir='ltr'>iustitiam</span> <span class='ocrx_word' id='word_1_325' title='bbox 1149 4285 1373 4364; x_wconf 86' lang='lat' dir='ltr'>molestantes,</span> <span class='ocrx_word' id='word_1_326' title='bbox 1398 4285 1490 4369; x_wconf 92' lang='lat' dir='ltr'>quasi</span> <span class='ocrx_word' id='word_1_327' title='bbox 1514 4286 1718 4350; x_wconf 87' lang='lat' dir='ltr'>incessanter</span> <span class='ocrx_word' id='word_1_328' title='bbox 1740 4287 1889 4370; x_wconf 87' lang='lat' dir='ltr'>affligunt</span> <span class='ocrx_word' id='word_1_329' title='bbox 1912 4296 1946 4352; x_wconf 87' lang='lat' dir='ltr'>et</span> <span class='ocrx_word' id='word_1_330' title='bbox 1966 4311 2084 4374; x_wconf 88' lang='lat' dir='ltr'>perse·</span> <span class='ocrx_word' id='word_1_331' title='bbox 2141 4323 2170 4361; x_wconf 71' lang='lat'>³0</span> 
     </span>
     <span class='ocr_line' id='line_1_34' title="bbox 432 4388 2087 4478; baseline 0.002 -22"><span class='ocrx_word' id='word_1_332' title='bbox 432 4393 488 4477; x_wconf 90' lang='lat' dir='ltr'>qui</span> <span class='ocrx_word' id='word_1_333' title='bbox 510 4413 576 4455; x_wconf 91' lang='lat' dir='ltr'>non</span> <span class='ocrx_word' id='word_1_334' title='bbox 599 4390 771 4470; x_wconf 90' lang='lat' dir='ltr'>desistunt,</span> <span class='ocrx_word' id='word_1_335' title='bbox 795 4412 931 4475; x_wconf 90' lang='lat' dir='ltr'>quorum</span> <span class='ocrx_word' id='word_1_336' title='bbox 953 4411 1048 4471; x_wconf 92' lang='lat' dir='ltr'>unus,</span> <span class='ocrx_word' id='word_1_337' title='bbox 1072 4390 1227 4454; x_wconf 82' lang='lat' dir='ltr'>videlicet</span> <span class='ocrx_word' id='word_1_338' title='bbox 1242 4388 1440 4454; x_wconf 76' lang='lat' dir='ltr'>(iodeIridus</span> <span class='ocrx_word' id='word_1_339' title='bbox 1464 4391 1580 4470; x_wconf 90' lang='lat' dir='ltr'>iunior,</span> <span class='ocrx_word' id='word_1_340' title='bbox 1604 4391 1744 4475; x_wconf 92' lang='lat' dir='ltr'>quedam</span> <span class='ocrx_word' id='word_1_341' title='bbox 1767 4393 1869 4478; x_wconf 89' lang='lat' dir='ltr'>ipsius</span> <span class='ocrx_word' id='word_1_342' title='bbox 1890 4397 2087 4459; x_wconf 90' lang='lat' dir='ltr'>monasterii</span> 
     </span>
     <span class='ocr_line' id='line_1_35' title="bbox 432 4473 2085 4584; baseline 0.003 -26"><span class='ocrx_word' id='word_1_343' title='bbox 432 4495 623 4582; x_wconf 82' lang='lat' dir='ltr'>privilegia,</span> <span class='ocrx_word' id='word_1_344' title='bbox 653 4515 716 4580; x_wconf 92' lang='lat' dir='ltr'>que</span> <span class='ocrx_word' id='word_1_345' title='bbox 744 4473 819 4560; x_wconf 85' lang='lat' dir='ltr'>cum</span> <span class='ocrx_word' id='word_1_346' title='bbox 842 4494 1035 4579; x_wconf 89' lang='lat' dir='ltr'>quibusdam</span> <span class='ocrx_word' id='word_1_347' title='bbox 1057 4495 1156 4559; x_wconf 91' lang='lat' dir='ltr'>rebus</span> <span class='ocrx_word' id='word_1_348' title='bbox 1186 4493 1360 4558; x_wconf 87' lang='lat' dir='ltr'>mobilibus</span> <span class='ocrx_word' id='word_1_349' title='bbox 1384 4493 1516 4557; x_wconf 89' lang='lat' dir='ltr'>fuemnt</span> <span class='ocrx_word' id='word_1_350' title='bbox 1545 4495 1663 4559; x_wconf 81' lang='lat' dir='ltr'>furtive</span> <span class='ocrx_word' id='word_1_351' title='bbox 1692 4496 1873 4577; x_wconf 89' lang='lat' dir='ltr'>subtracta,</span> <span class='ocrx_word' id='word_1_352' title='bbox 1904 4519 1970 4561; x_wconf 92' lang='lat' dir='ltr'>non</span> <span class='ocrx_word' id='word_1_353' title='bbox 1991 4499 2085 4584; x_wconf 88' lang='lat' dir='ltr'>prius</span> 
     </span>
     <span class='ocr_line' id='line_1_36' title="bbox 433 4596 2083 4683; baseline 0.001 -19"><span class='ocrx_word' id='word_1_354' title='bbox 433 4598 571 4664; x_wconf 89' lang='lat' dir='ltr'>reddere</span> <span class='ocrx_word' id='word_1_355' title='bbox 595 4598 713 4678; x_wconf 85' lang='lat' dir='ltr'>voluit,</span> <span class='ocrx_word' id='word_1_356' title='bbox 737 4620 834 4683; x_wconf 84' lang='lat' dir='ltr'>quam</span> <span class='ocrx_word' id='word_1_357' title='bbox 857 4599 1052 4663; x_wconf 89' lang='lat' dir='ltr'>extorsisset</span> <span class='ocrx_word' id='word_1_358' title='bbox 1074 4597 1187 4679; x_wconf 91' lang='lat' dir='ltr'>abeis</span> <span class='ocrx_word' id='word_1_359' title='bbox 1211 4596 1374 4682; x_wconf 90' lang='lat' dir='ltr'>quandam</span> <span class='ocrx_word' id='word_1_360' title='bbox 1396 4597 1536 4682; x_wconf 90' lang='lat' dir='ltr'>pecunie</span> <span class='ocrx_word' id='word_1_361' title='bbox 1561 4599 1776 4682; x_wconf 88' lang='lat' dir='ltr'>quantitatem</span> <span class='ocrx_word' id='word_1_362' title='bbox 1798 4601 1949 4665; x_wconf 90' lang='lat' dir='ltr'>etunius</span> <span class='ocrx_word' id='word_1_363' title='bbox 1972 4623 2083 4667; x_wconf 88' lang='lat' dir='ltr'>marce</span> 
     </span>
     <span class='ocr_line' id='line_1_37' title="bbox 431 4701 2084 4791; baseline 0.002 -25"><span class='ocrx_word' id='word_1_364' title='bbox 431 4723 572 4766; x_wconf 88' lang='lat' dir='ltr'>annuam</span> <span class='ocrx_word' id='word_1_365' title='bbox 601 4703 804 4788; x_wconf 85' lang='lat' dir='ltr'>pensionem.</span> <span class='ocrx_word' id='word_1_366' title='bbox 862 4701 968 4766; x_wconf 84' lang='lat' dir='ltr'>lidem</span> <span class='ocrx_word' id='word_1_367' title='bbox 997 4709 1151 4788; x_wconf 88' lang='lat' dir='ltr'>preterea</span> <span class='ocrx_word' id='word_1_368' title='bbox 1179 4722 1238 4787; x_wconf 93' lang='lat' dir='ltr'>pro</span> <span class='ocrx_word' id='word_1_369' title='bbox 1266 4701 1512 4786; x_wconf 80' lang='lat' dir='ltr'>privilegiorum</span> <span class='ocrx_word' id='word_1_370' title='bbox 1543 4701 1689 4786; x_wconf 88' lang='lat' dir='ltr'>ipsomm</span> <span class='ocrx_word' id='word_1_371' title='bbox 1720 4702 1909 4769; x_wconf 88' lang='lat' dir='ltr'>detentione</span> <span class='ocrx_word' id='word_1_372' title='bbox 1941 4703 2084 4791; x_wconf 88' lang='lat' dir='ltr'>dampna</span> 
     </span>
     <span class='ocr_line' id='line_1_38' title="bbox 432 4803 2166 4893; baseline 0.003 -24"><span class='ocrx_word' id='word_1_373' title='bbox 432 4805 638 4869; x_wconf 87' lang='lat' dir='ltr'>iucurrcrunt</span> <span class='ocrx_word' id='word_1_374' title='bbox 660 4805 772 4888; x_wconf 84' lang='lat' dir='ltr'>gravia</span> <span class='ocrx_word' id='word_1_375' title='bbox 795 4811 829 4869; x_wconf 90' lang='lat' dir='ltr'>et</span> <span class='ocrx_word' id='word_1_376' title='bbox 851 4826 1031 4891; x_wconf 85' lang='lat' dir='ltr'>expensas,</span> <span class='ocrx_word' id='word_1_377' title='bbox 1063 4825 1136 4868; x_wconf 83' lang='lat' dir='ltr'>cunr</span> <span class='ocrx_word' id='word_1_378' title='bbox 1159 4811 1324 4889; x_wconf 89' lang='lat' dir='ltr'>ternpore,</span> <span class='ocrx_word' id='word_1_379' title='bbox 1354 4809 1494 4887; x_wconf 88' lang='lat' dir='ltr'>quotu,</span> <span class='ocrx_word' id='word_1_380' title='bbox 1523 4803 1625 4867; x_wconf 87' lang='lat' dir='ltr'>frater</span> <span class='ocrx_word' id='word_1_381' title='bbox 1648 4805 1820 4890; x_wconf 90' lang='lat' dir='ltr'>episcope,</span> <span class='ocrx_word' id='word_1_382' title='bbox 1844 4828 1943 4893; x_wconf 92' lang='lat' dir='ltr'>super</span> <span class='ocrx_word' id='word_1_383' title='bbox 1968 4829 2083 4873; x_wconf 89' lang='lat' dir='ltr'>corum</span> <span class='ocrx_word' id='word_1_384' title='bbox 2138 4837 2166 4875; x_wconf 77' lang='lat' dir='ltr'>ss</span> 
     </span>
     <span class='ocr_line' id='line_1_39' title="bbox 432 4905 2083 4995; baseline 0.002 -24"><span class='ocrx_word' id='word_1_385' title='bbox 432 4907 636 4972; x_wconf 91' lang='lat' dir='ltr'>subiectione</span> <span class='ocrx_word' id='word_1_386' title='bbox 660 4907 791 4971; x_wconf 84' lang='lat' dir='ltr'>movisti</span> <span class='ocrx_word' id='word_1_387' title='bbox 815 4909 1021 4992; x_wconf 89' lang='lat' dir='ltr'>questionem</span> <span class='ocrx_word' id='word_1_388' title='bbox 1044 4907 1185 4988; x_wconf 88' lang='lat' dir='ltr'>eisdem,</span> <span class='ocrx_word' id='word_1_389' title='bbox 1215 4907 1300 4971; x_wconf 90' lang='lat' dir='ltr'>tueri</span> <span class='ocrx_word' id='word_1_390' title='bbox 1323 4905 1531 4991; x_wconf 87' lang='lat' dir='ltr'>nequiverint</span> <span class='ocrx_word' id='word_1_391' title='bbox 1553 4927 1613 4991; x_wconf 91' lang='lat' dir='ltr'>per</span> <span class='ocrx_word' id='word_1_392' title='bbox 1636 4906 1750 4971; x_wconf 87' lang='lat' dir='ltr'>eadem</span> <span class='ocrx_word' id='word_1_393' title='bbox 1774 4909 1947 4995; x_wconf 88' lang='lat' dir='ltr'>privilegia</span> <span class='ocrx_word' id='word_1_394' title='bbox 1968 4932 2083 4975; x_wconf 89' lang='lat' dir='ltr'>mona-</span> 
     </span>
     <span class='ocr_line' id='line_1_40' title="bbox 431 5009 2083 5098; baseline 0.003 -24"><span class='ocrx_word' id='word_1_395' title='bbox 431 5011 521 5074; x_wconf 90' lang='lat' dir='ltr'>sterii</span> <span class='ocrx_word' id='word_1_396' title='bbox 536 5010 731 5075; x_wconf 88' lang='lat' dir='ltr'>libertatem.</span> <span class='ocrx_word' id='word_1_397' title='bbox 768 5009 865 5075; x_wconf 92' lang='lat' dir='ltr'>Unde</span> <span class='ocrx_word' id='word_1_398' title='bbox 882 5011 1076 5096; x_wconf 91' lang='lat' dir='ltr'>suppliciter</span> <span class='ocrx_word' id='word_1_399' title='bbox 1090 5011 1256 5096; x_wconf 92' lang='lat' dir='ltr'>petierunt</span> <span class='ocrx_word' id='word_1_400' title='bbox 1271 5010 1421 5074; x_wconf 80' lang='lat' dir='ltr'>exhiberi</span> <span class='ocrx_word' id='word_1_401' title='bbox 1439 5009 1501 5073; x_wconf 91' lang='lat' dir='ltr'>sibi</span> <span class='ocrx_word' id='word_1_402' title='bbox 1517 5009 1557 5074; x_wconf 90' lang='lat' dir='ltr'>dc</span> <span class='ocrx_word' id='word_1_403' title='bbox 1574 5010 1638 5074; x_wconf 92' lang='lat' dir='ltr'>hiis</span> <span class='ocrx_word' id='word_1_404' title='bbox 1656 5011 1781 5076; x_wconf 90' lang='lat' dir='ltr'>iustitie</span> <span class='ocrx_word' id='word_1_405' title='bbox 1795 5013 2083 5098; x_wconf 88' lang='lat' dir='ltr'>complementum,</span> 
     </span>
     <span class='ocr_line' id='line_1_41' title="bbox 431 5114 2082 5199; baseline 0.002 -21"><span class='ocrx_word' id='word_1_406' title='bbox 431 5120 464 5178; x_wconf 93' lang='lat' dir='ltr'>et</span> <span class='ocrx_word' id='word_1_407' title='bbox 494 5114 570 5198; x_wconf 88' lang='lat' dir='ltr'>quia</span> <span class='ocrx_word' id='word_1_408' title='bbox 598 5133 768 5178; x_wconf 87' lang='lat' dir='ltr'>remanere</span> <span class='ocrx_word' id='word_1_409' title='bbox 799 5135 864 5178; x_wconf 91' lang='lat' dir='ltr'>non</span> <span class='ocrx_word' id='word_1_410' title='bbox 893 5114 993 5178; x_wconf 89' lang='lat' dir='ltr'>debet</span> <span class='ocrx_word' id='word_1_411' title='bbox 1022 5115 1128 5199; x_wconf 88' lang='lat' dir='ltr'>gratia</span> <span class='ocrx_word' id='word_1_412' title='bbox 1156 5135 1230 5178; x_wconf 93' lang='lat' dir='ltr'>cum</span> <span class='ocrx_word' id='word_1_413' title='bbox 1260 5115 1414 5198; x_wconf 91' lang='lat' dir='ltr'>ingratis,</span> <span class='ocrx_word' id='word_1_414' title='bbox 1446 5134 1503 5177; x_wconf 94' lang='lat' dir='ltr'>eos</span> <span class='ocrx_word' id='word_1_415' title='bbox 1531 5120 1665 5199; x_wconf 87' lang='lat' dir='ltr'>propter</span> <span class='ocrx_word' id='word_1_416' title='bbox 1694 5114 1936 5198; x_wconf 89' lang='lat' dir='ltr'>ingratitudinis</span> <span class='ocrx_word' id='word_1_417' title='bbox 1966 5117 2082 5183; x_wconf 77' lang='lat' dir='ltr'>sitium</span> 
     </span>
    </p>

    <p class='ocr_par' dir='ltr' id='par_1_12' title="bbox 293 5215 2165 5404">
     <span class='ocr_line' id='line_1_42' title="bbox 293 5215 2082 5308; baseline 0.003 -27"><span class='ocrx_word' id='word_1_418' title='bbox 293 5215 623 5296; x_wconf 71' lang='lat' dir='ltr'>maracheaeficiis,</span> <span class='ocrx_word' id='word_1_419' title='bbox 656 5238 717 5301; x_wconf 93' lang='lat' dir='ltr'>que</span> <span class='ocrx_word' id='word_1_420' title='bbox 748 5217 892 5282; x_wconf 85' lang='lat' dir='ltr'>retinent</span> <span class='ocrx_word' id='word_1_421' title='bbox 921 5239 941 5280; x_wconf 89' lang='lat' dir='ltr'>a</span> <span class='ocrx_word' id='word_1_422' title='bbox 967 5219 1166 5282; x_wconf 90' lang='lat' dir='ltr'>monasterio</span> <span class='ocrx_word' id='word_1_423' title='bbox 1201 5223 1398 5296; x_wconf 91' lang='lat' dir='ltr'>memorato,</span> <span class='ocrx_word' id='word_1_424' title='bbox 1430 5216 1566 5301; x_wconf 88' lang='lat' dir='ltr'>privari,</span> <span class='ocrx_word' id='word_1_425' title='bbox 1599 5215 1670 5297; x_wconf 70' lang='lat' dir='ltr'>utb,</span> <span class='ocrx_word' id='word_1_426' title='bbox 1700 5238 1772 5281; x_wconf 91' lang='lat' dir='ltr'>cum</span> <span class='ocrx_word' id='word_1_427' title='bbox 1803 5240 1845 5283; x_wconf 80' lang='lat' dir='ltr'>ex</span> <span class='ocrx_word' id='word_1_428' title='bbox 1874 5219 1969 5307; x_wconf 89' lang='lat' dir='ltr'>adipe</span> <span class='ocrx_word' id='word_1_429' title='bbox 2003 5243 2082 5308; x_wconf 90' lang='lat' dir='ltr'>pro-</span> 
     </span>
     <span class='ocr_line' id='line_1_43' title="bbox 433 5318 2165 5404; baseline 0.004 -20"><span class='ocrx_word' id='word_1_430' title='bbox 433 5319 528 5384; x_wconf 88' lang='lat' dir='ltr'>cedat</span> <span class='ocrx_word' id='word_1_431' title='bbox 561 5320 730 5404; x_wconf 89' lang='lat' dir='ltr'>iniquitas,</span> <span class='ocrx_word' id='word_1_432' title='bbox 766 5321 872 5385; x_wconf 89' lang='lat' dir='ltr'>minus</span> <span class='ocrx_word' id='word_1_433' title='bbox 909 5321 1049 5385; x_wconf 89' lang='lat' dir='ltr'>crassari</span> <span class='ocrx_word' id='word_1_434' title='bbox 1081 5322 1213 5386; x_wconf 87' lang='lat' dir='ltr'>valeant</span> <span class='ocrx_word' id='word_1_435' title='bbox 1248 5321 1281 5383; x_wconf 92' lang='lat' dir='ltr'>in</span> <span class='ocrx_word' id='word_1_436' title='bbox 1318 5319 1509 5384; x_wconf 89' lang='lat' dir='ltr'>monasterii</span> <span class='ocrx_word' id='word_1_437' title='bbox 1545 5318 1757 5401; x_wconf 88' lang='lat' dir='ltr'>detrimenta,</span> <span class='ocrx_word' id='word_1_438' title='bbox 1795 5322 1824 5385; x_wconf 92' lang='lat' dir='ltr'>si</span> <span class='ocrx_word' id='word_1_439' title='bbox 1857 5323 1906 5387; x_wconf 91' lang='lat' dir='ltr'>eis</span> <span class='ocrx_word' id='word_1_440' title='bbox 1938 5325 2082 5390; x_wconf 91' lang='lat' dir='ltr'>nocendi</span> <span class='ocrx_word' id='word_1_441' title='bbox 2134 5353 2165 5391; x_wconf 78' lang='lat' dir='ltr'>ro</span> 
     </span>
    </p>
   </div>
   <div class='ocr_carea' id='block_1_10' title="bbox 429 5553 2084 5736">
    <p class='ocr_par' dir='ltr' id='par_1_13' title="bbox 429 5553 2084 5736">
     <span class='ocr_line' id='line_1_44' title="bbox 535 5553 2084 5649; baseline 0.005 -18"><span class='ocrx_word' id='word_1_442' title='bbox 535 5581 557 5646; x_wconf 83' lang='lat'>¹&gt;</span> <span class='ocrx_word' id='word_1_443' title='bbox 579 5581 691 5647; x_wconf 65' lang='lat' dir='ltr'>aequam</span> <span class='ocrx_word' id='word_1_444' title='bbox 715 5581 745 5632; x_wconf 79' lang='lat' dir='ltr'>ia</span> <span class='ocrx_word' id='word_1_445' title='bbox 767 5581 911 5633; x_wconf 72' lang='lat' dir='ltr'>cathartico</span> <span class='ocrx_word' id='word_1_446' title='bbox 933 5582 1050 5645; x_wconf 70' lang='lat' dir='ltr'>farinula</span> <span class='ocrx_word' id='word_1_447' title='bbox 1070 5582 1120 5632; x_wconf 86' lang='lat' dir='ltr'>illa</span> <span class='ocrx_word' id='word_1_448' title='bbox 1141 5582 1252 5631; x_wconf 71' lang='lat' dir='ltr'>usitata:</span> <span class='ocrx_word' id='word_1_449' title='bbox 1275 5580 1444 5630; x_wconf 85' lang='lat' dir='ltr'>Dcccmimus</span> <span class='ocrx_word' id='word_1_450' title='bbox 1466 5596 1539 5646; x_wconf 85' lang='lat' dir='ltr'>ergo,</span> <span class='ocrx_word' id='word_1_451' title='bbox 1567 5587 1598 5631; x_wconf 92' lang='lat' dir='ltr'>ut</span> <span class='ocrx_word' id='word_1_452' title='bbox 1619 5607 1652 5616; x_wconf 97' lang='lat'>-</span> <span class='ocrx_word' id='word_1_453' title='bbox 1676 5589 1763 5632; x_wconf 87' lang='lat' dir='ltr'>nostre</span> <span class='ocrx_word' id='word_1_454' title='bbox 1787 5553 1963 5649; x_wconf 85' lang='lat' dir='ltr'>protectionis,</span> <span class='ocrx_word' id='word_1_455' title='bbox 1990 5587 2084 5638; x_wconf 87' lang='lat' dir='ltr'>coufir-</span> 
     </span>
     <span class='ocr_line' id='line_1_45' title="bbox 429 5664 1952 5736; baseline 0.001 -15"><span class='ocrx_word' id='word_1_456' title='bbox 429 5669 554 5736; x_wconf 82' lang='lat' dir='ltr'>mationis,</span> <span class='ocrx_word' id='word_1_457' title='bbox 572 5669 762 5722; x_wconf 83' lang='lat' dir='ltr'>constitutionis</span> <span class='ocrx_word' id='word_1_458' title='bbox 780 5677 806 5720; x_wconf 86' lang='lat' dir='ltr'>ct</span> <span class='ocrx_word' id='word_1_459' title='bbox 823 5684 943 5721; x_wconf 76' lang='lat' dir='ltr'>concessa</span> <span class='ocrx_word' id='word_1_460' title='bbox 961 5668 1086 5721; x_wconf 86' lang='lat' dir='ltr'>libertatis</span> <span class='ocrx_word' id='word_1_461' title='bbox 1103 5686 1204 5721; x_wconf 86' lang='lat' dir='ltr'>necnon</span> <span class='ocrx_word' id='word_1_462' title='bbox 1222 5666 1430 5718; x_wconf 86' lang='lat' dir='ltr'>inhibitionis-</span> <span class='ocrx_word' id='word_1_463' title='bbox 1449 5668 1622 5720; x_wconf 89' lang='lat' dir='ltr'>incursurum.</span> <span class='ocrx_word' id='word_1_464' title='bbox 1704 5664 1726 5732; x_wconf 72' lang='lat' dir='ltr'>l)</span> <span class='ocrx_word' id='word_1_465' title='bbox 1743 5674 1772 5719; x_wconf 91' lang='lat' dir='ltr'>ut</span> <span class='ocrx_word' id='word_1_466' title='bbox 1790 5668 1858 5720; x_wconf 75' lang='lat' dir='ltr'>dccet</span> <span class='ocrx_word' id='word_1_467' title='bbox 1874 5669 1903 5720; x_wconf 82' lang='lat' dir='ltr'>ia</span> <span class='ocrx_word' id='word_1_468' title='bbox 1919 5668 1952 5724; x_wconf 84' lang='lat' dir='ltr'>R.</span> 
     </span>
    </p>
   </div>
   <div class='ocr_carea' id='block_1_11' title="bbox 0 0 2300 6358">
    <p class='ocr_par' dir='ltr' id='par_1_14' title="bbox 0 0 2300 6358">
     <span class='ocr_line' id='line_1_46' title="bbox 0 0 2300 6358; baseline 0 0"><span class='ocrx_word' id='word_1_469' title='bbox 0 0 2300 6358; x_wconf 95' lang='lat' dir='ltr'> </span> 
     </span>
    </p>
   </div>
  </div>
 </body>
</html>
