4604 6420
785 391 985 447 EPISTOLAE
1003 393 1192 448 sutburna.
1229 393 1304 447 1232.
1812 395 1874 458 377

218 563 366 646 angulari
391 562 499 648 lapide
524 564 703 648 copulavit,
732 565 841 650 fragor
864 565 994 630 horride
1017 566 1239 651 tempestatis,
1271 586 1333 650 que
1357 564 1468 628 multis
1492 564 1656 628 excidium
1680 565 1874 642 minabatur,

218 665 382 732 arridente
413 667 598 732 serenitatis
626 667 748 753 gaudio
780 669 979 752 conquievit,
1014 690 1073 734 nos
1108 669 1198 756 pacis
1230 668 1369 732 consilia
1398 668 1600 754 cogitantes,
1634 667 1695 732 tibi
1727 669 1755 732 si
1787 668 1873 734 bene

219 770 425 834 meminimus
442 771 562 835 nostris
579 771 729 837 dedimus
753 773 872 838 litteris
894 774 927 837 in
943 771 1115 853 mandatis,
1139 779 1174 837 ut
1191 772 1337 837 eiusdem
1355 772 1560 858 imperatoris
1583 771 1654 836 iura
1677 778 1711 837 et
1733 771 1874 837 honores

219 871 252 935 in
276 892 377 958 regno
393 872 657 940 ierosolimitana
682 875 1081 961 sollicitcpromoveres1.
1126 876 1241 962 Nuper
1262 881 1384 954 autem,
1408 875 1492 940 sicut
1514 874 1634 940 uostris
1657 874 1718 940 fuit
1740 874 1873 939 auribus

58 989 65 1006 ·
154 1019 158 1029 .
218 975 418 1054 intimatum,
454 976 540 1062 quod
571 999 672 1062 grave
705 979 850 1064 gerimus
879 986 913 1044 et
939 967 1125 1065 indignum,
1159 1001 1224 1044 nou
1254 980 1358 1045 solum
1391 979 1500 1043 nullus
1529 977 1653 1043 fructus
1682 999 1725 1042 ex
1752 979 1873 1044 nostris

217 1077 337 1143 litteris
367 1085 419 1144 est
449 1089 600 1160 secutus,
633 1102 746 1146 verum
780 1083 878 1147 etiam
907 1082 1084 1148 rebellibus
1115 1091 1148 1148 et
1179 1082 1329 1147 hostibus
1359 1082 1427 1146 suis
1456 1081 1601 1156 assistis,
1637 1080 1784 1147 favorem
1813 1081 1873 1162 eis,

219 1181 391 1246 consilium
415 1190 449 1248 et
471 1185 630 1249 auxilium
660 1186 889 1272 impendendo.
935 1187 1043 1260 Quare
1067 1188 1217 1252 dolemus
1242 1209 1305 1252 non
1330 1186 1494 1252 modicum
1518 1193 1551 1252 et
1579 1186 1761 1266 turbamur,
1790 1207 1872 1250 non-

217 1284 317 1348 nullis
340 1285 548 1370 opinantibus
572 1288 658 1372 quod
687 1290 829 1354 ecclesia
858 1296 1004 1355 transcat
1027 1291 1276 1355 conniventibus
1301 1291 1403 1354 oculis
1426 1290 1591 1375 taliaque
1615 1296 1650 1354 tu
1673 1289 1769 1368 facis,
1800 1311 1873 1355 cum

216 1387 395 1454 verisimile
418 1411 484 1454 non
512 1391 648 1472 existat,
674 1392 760 1478 quod
783 1399 896 1457 eontra
918 1393 1106 1458 mandatum
1129 1401 1275 1458 nostrum
1298 1392 1338 1456 ad
1366 1392 1514 1478 predicta
1536 1392 1733 1458 extenderes
1757 1413 1872 1456 manus

143 1510 166 1547 ιο
219 1496 302 1569 tuas,
326 1512 519 1579 quamquam
543 1495 668 1580 puritas
691 1496 901 1572 conscientie,
924 1517 1019 1581 quarn
1043 1494 1133 1578 videt
1155 1496 1210 1580 qui
1234 1497 1401 1582 inspector
1423 1503 1474 1560 est
1497 1495 1652 1576 cordium,
1682 1495 1869 1582 opinionem
1883 1512 2026 1564 Pharan.

217 1594 411 1658 contrariam
435 1616 499 1660 non
522 1596 684 1663 admittat.
727 1597 865 1684 Egisscs
896 1600 983 1664 enim
1014 1598 1208 1685 pmdenter,
1237 1599 1264 1662 ri
1294 1599 1531 1683 circumspecte
1563 1619 1754 1684 pensasses,
1786 1597 1873 1684 quod
1970 1647 1979 1656 .

218 1695 282 1760 iam
306 1719 387 1783 pace
409 1720 469 1784 per
490 1699 555 1764 Dei
577 1701 716 1787 gratiam
739 1701 915 1767 reformata
937 1701 1081 1783 videtur,
1111 1702 1196 1787 quod
1219 1723 1285 1766 non
1308 1700 1512 1787 obsequendi
1534 1701 1715 1766 necessitas
1739 1707 1790 1765 set
1812 1701 1871 1765 ali-

218 1822 282 1886 qua
315 1822 413 1866 causa
448 1803 554 1868 latens
588 1804 629 1869 ad
663 1805 849 1870 huiusmodi
886 1807 1115 1872 executionem
1149 1807 1308 1894 propositi
1341 1811 1373 1870 te
1405 1805 1554 1892 impellit.
1607 1804 1726 1868 Melius
1762 1809 1872 1867 autem

218 1909 351 1990 poteras
375 1912 409 1969 et
431 1905 578 1972 debebas
601 1907 714 1973 utilius
737 1914 824 1973 terre
848 1910 948 1974 statui
970 1931 1008 1974 ac
1024 1909 1286 1975 lerosolimitane
1309 1909 1449 1976 ecclesie
1466 1906 1659 1995 providisse,
1682 1907 1710 1972 si
1733 1907 1872 1972 eundem

154 2057 158 2068 .
219 2008 450 2094 imperatorem
474 2016 508 2074 et
530 2011 593 2097 ipsi
615 2017 703 2077 terre
726 2012 892 2077 affabilem
917 2019 956 2102 et
972 2013 1125 2079 devotam
1148 2014 1302 2079 redderes
1326 2021 1447 2078 terram
1470 2011 1550 2090 sibi,
1583 2031 1656 2075 cum
1679 2030 1722 2074 ex
1744 2008 1872 2074 dissen-

218 2111 310 2176 sione
339 2111 524 2177 huiusmodi
548 2119 582 2178 et
605 2114 747 2179 scissura
779 2116 871 2200 sequi
899 2124 1014 2201 posset
1037 2114 1185 2181 eiusdem
1214 2123 1301 2181 terre
1324 2116 1433 2200 gravis
1455 2115 1582 2179 iactura
1604 2121 1638 2179 et
1658 2113 1872 2200 irreparabile

218 2213 459 2281 detrimentum.
512 2216 596 2290 Quia
623 2238 701 2282 vero
733 2218 806 2282 iura
839 2219 1047 2305 imperatoris
1080 2219 1185 2306 ipsius
1222 2220 1269 2284 sic
1308 2220 1456 2306 cupimus
1491 2240 1551 2305 per
1582 2239 1642 2282 nos
1676 2223 1710 2282 et
1743 2223 1871 2282 nostros

218 2318 341 2382 intacta
364 2319 497 2397 servari,
521 2320 606 2384 sicut
621 2326 732 2385 nostra
754 2343 814 2408 per
836 2343 911 2386 eum
929 2322 1076 2387 illibatae
1101 2323 1268 2402 custodiri,
1291 2322 1439 2387 districte
1454 2320 1652 2409 precipimus
1669 2319 1872 2400 mandantes,

218 2420 370 2505 quatinus
394 2422 481 2487 circa
504 2423 664 2509 premissa
687 2424 797 2488 taliter
819 2424 953 2490 studeas
975 2432 1008 2490 te
1031 2424 1165 2504 hahere,
1190 2424 1277 2511 quod
1299 2425 1389 2491 nulla
1412 2423 1594 2511 superbiis
1618 2422 1753 2509 querela
1775 2421 1816 2486 de
1839 2429 1871 2487 te

140 2545 152 2584 a
218 2522 258 2588 ad
294 2545 354 2589 nos
391 2523 431 2590 de
469 2533 579 2591 cetero
617 2526 812 2612 perferatur.
863 2527 1037 2614 Alioquin,
1074 2535 1370 2615 quantumcumque
1408 2536 1441 2593 te
1478 2534 1644 2613 tamquam
1680 2525 1871 2590 honorabile

219 2626 399 2692 membrum
424 2628 564 2694 ecclesie
594 2629 720 2694 sincera
743 2628 919 2716 diligamus
943 2631 975 2694 in
999 2631 1141 2696 Domino
1171 2633 1324 2711 caritate,
1355 2653 1428 2696 cum
1457 2632 1585 2717 eulpam
1616 2637 1705 2693 tuam
1732 2628 1871 2692 nolimus

218 2730 252 2795 iu
286 2737 431 2796 nostram
464 2731 631 2797 infamiam
665 2733 860 2815 redundare,
892 2732 945 2798 idb
977 2735 1067 2800 nulla
1100 2735 1226 2800 ratione
1261 2735 1400 2800 ulterius
1433 2734 1613 2822 poterimus
1647 2733 1681 2797 in
1716 2730 1873 2818 patientia

219 2837 392 2902 sustinere.

325 2955 412 3020 Data
435 2955 573 3043 Spoleti,
595 2955 660 3021 XV
681 2954 758 3020 Kal.
782 2955 869 3038 Iulii,
892 2979 977 3022 auno
1001 2965 1107 3025 sexto.

842 3226 1169 3234 --—-——--—-·--—-—.
1179 3227 1231 3234 --n-a-
1244 3227 1252 3234 ο

1005 3479 1092 3552 468.

142 3649 167 3691 aa
329 3591 520 3704 Gregorius
535 3619 590 3685 IX
597 3639 688 3700 papa
702 3619 913 3704 [Gerolrlam]
921 3619 1142 3701 patriarcham
1157 3617 1478 3700 Hierosolymilaaam
1495 3619 1530 3681 in
1545 3619 1696 3700 passapio
1711 3618 1874 3700 macerati

219 3725 267 3790 ccl
288 3726 324 3788 irc
343 3725 487 3806 proximo
507 3723 551 3788 ad
571 3743 603 3788 sc
624 3723 765 3788 accedere
786 3723 878 3802 tacet,
900 3726 937 3786 ul
957 3724 1025 3788 cirre
1046 3723 1198 3788 relatione
1220 3723 1393 3788 instructas
1414 3721 1452 3786 dc
1473 3722 1574 3804 quate
1599 3721 1715 3786 Terrae
1736 3721 1874 3787 Sanctae

217 3826 379 3912 prociwc
399 3827 512 3892 calcal.
561 3825 613 3912 Of.
635 3845 667 3890 a.
689 3829 763 3895 467.
1155 3831 1161 3840 “
1549 3827 1642 3902 1232,
1666 3824 1730 3890 Iul.
1754 3829 1785 3890 7.

325 3947 408 4019 arey.
428 3948 477 4002 IX
493 3947 560 4017 aaa
581 3946 790 4016 Vot.111,1s;
810 3947 872 4002 Lib.
894 3945 945 4014 VI,
963 3949 1005 4001 31.

381 4157 666 4252 ,patriarche
692 4157 1075 4270 Ierogsolimitano,
1102 4155 1358 4249 apostolice
1385 4155 1506 4230 sedis
1532 4155 1692 4246 legate.

326 4308 447 4373 Pacem
469 4305 588 4372 diebus
610 4307 730 4372 nostris
753 4307 823 4372 fieri
847 4305 1034 4393 cupientes,
1065 4325 1244 4391 perquam
1268 4304 1340 4370 Deo
1369 4303 1523 4390 placitam
1552 4303 1630 4367 licet
1652 4302 1873 4367 transitoriam

220 4409 334 4476 fideles
366 4411 563 4498 perveniunt
591 4409 632 4474 ad
662 4417 827 4488 eternam,
863 4409 971 4474 cordis
1004 4408 1115 4473 dolore
1146 4407 1310 4493 tangimur
1340 4413 1374 4473 et
1404 4426 1593 4492 gravamur,
1629 4427 1701 4470 cum
1731 4405 1872 4491 aliquam

221 4513 381 4599 contingit
414 4513 553 4578 suboriri
586 4513 801 4592 discordiam,
837 4534 897 4599 per
927 4533 1023 4598 quam
1054 4511 1143 4577 illius
1177 4511 1343 4598 profectus
1376 4511 1501 4576 tollitur
1530 4517 1565 4574 et
1597 4507 1764 4596 ampliatio
1796 4508 1873 4573 fidei

220 4617 421 4703 prepeditur.
466 4614 552 4681 Sane
568 4617 752 4682 audivimus
775 4622 809 4682 et
831 4616 1004 4682 audientes
1019 4615 1280 4681 ammirationem
1300 4615 1509 4702 concepimus
1524 4612 1764 4690 vehementem,
1787 4611 1874 4698 quod

220 4720 254 4783 iu
277 4719 381 4785 Terra
403 4719 537 4799 Sancta,
568 4742 631 4806 que
654 4719 731 4786 fidei
759 4721 874 4786 existit
900 4720 1029 4785 initium
1058 4727 1092 4785 et
1120 4741 1163 4785 ex
1192 4741 1256 4805 qua
1286 4719 1376 4804 pacis
1405 4716 1563 4784 deliciosa
1586 4718 1709 4782 fluenta
1732 4716 1873 4782 derivari

157 4878 161 4888 .
221 4819 380 4889 deberent
411 4824 444 4887 iu
471 4823 583 4887 mundi
608 4823 815 4888 latitudinem
844 4821 1056 4901 effundenda,
1090 4820 1306 4887 dissensionis
1336 4819 1521 4907 perniciose
1550 4820 1752 4900 discrimina,
1787 4818 1874 4905 quod

219 4933 392 5012 gementes
415 4926 602 5006 referimus,
633 4931 708 4991 sunt
730 4933 862 5005 exorta,
892 4926 1009 5012 quibus
1032 4927 1139 5013 pietas
1163 4924 1412 5011 Redemptoris,
1444 4924 1500 5008 qui
1529 4930 1650 4988 terram
1678 4922 1784 5010 ipsam
1814 4943 1873 4986 suo

220 5029 365 5116 pretioso
388 5031 546 5116 sanguine
563 5029 775 5108 consecravit,
799 5029 974 5095 offenditur
996 5035 1029 5094 et
1043 5027 1228 5093 Christiane
1246 5027 1323 5093 fidei
1348 5026 1570 5114 professorum
1587 5023 1728 5089 fovenda
1742 5022 1872 5089 devotio

220 5133 410 5213 minoratur,
435 5154 474 5198 eo
497 5132 583 5219 quod
606 5133 662 5197 illa
684 5133 805 5218 regalis
830 5134 931 5219 regio,
954 5153 1013 5218 pro
1037 5151 1101 5215 qua
1123 5130 1288 5196 innumeri
1303 5137 1456 5217 potentes
1480 5135 1514 5194 et
1535 5126 1673 5200 nobiles,
1698 5126 1817 5192 divites
1840 5134 1874 5192 et

222 5256 384 5325 pauperes
406 5235 447 5301 de
471 5235 609 5320 singulis
631 5235 744 5300 mundi
767 5235 915 5322 partibus
938 5235 1110 5301 venientes
1134 5255 1170 5299 se
1194 5233 1338 5298 celorum
1368 5232 1439 5318 regi
1463 5231 1628 5296 viventem
1650 5228 1792 5295 hostiam
1814 5231 1873 5296 ob·

143 5551 170 5590 lo
329 5531 351 5596 ¹)
369 5549 414 5599 per
431 5549 490 5583 cum
508 5531 555 5582 hoc
573 5533 627 5582 lccc
647 5532 674 5582 io
692 5529 724 5581 B.
742 5531 881 5597 repetitam.
963 5526 987 5593 ¹³)
1006 5531 1033 5580 in
1051 5527 1083 5578 R.

327 5686 355 5752 1)
375 5684 418 5738 Dc
436 5682 521 5738 rebus
537 5683 619 5752 repat
632 5680 879 5750 Hierosolymitaai
892 5686 960 5751 post
977 5679 1097 5734 reditum
1108 5680 1284 5748 imperatoria
1301 5679 1338 5749 cs.
1357 5678 1554 5745 Wialcelmaaa,
1570 5677 1588 5732 l.
1605 5693 1628 5732 c.
1643 5694 1673 5747 p.
1686 5681 1738 5732 491
1756 5683 1781 5732 ct
1799 5692 1875 5747 aequ.

324 5783 386 5834 Rea.
404 5781 486 5832 Pom.
504 5781 525 5833 1.
568 5817 573 5823 -
658 5791 661 5798 ·
1616 5772 1651 5827 48
