4538 6426
1002 363 1048 422 EX
1067 365 1225 421 HONORH
1243 361 1283 418 111
1302 359 1482 417 nestsear)

1209 545 1268 616 16.

479 675 481 679 ⁸
525 662 714 760 Honorias
735 695 802 761 HI
817 714 903 775 popo
925 691 1089 773 respondet
1116 692 1230 754 titteris
1255 707 1335 770 qnos
1356 688 1578 772 [Fridericns]
1599 687 1813 752 Rornanorum
1835 689 1951 754 reperte
1973 696 2069 774 morte

414 784 593 864 innocentii
627 799 691 863 III
720 803 749 862 ct
790 797 827 860 de
860 797 961 877 ipsius
995 795 1189 875 promotione
1226 793 1326 868 misit,
1376 793 1541 872 notificans
1585 791 1667 871 qnod
1701 791 1889 877 [Utrienm]
1929 793 2068 857 abbe-tem

415 903 526 968 Sancti
551 902 642 969 Galli
663 906 692 966 et
712 899 947 985 Wffithetnnrm]
969 898 1174 961 irroret-ionem
1198 895 1437 974 Montisferrati
1459 898 1488 957 et
1508 894 1542 958 V.
1566 894 1717 956 decan-nm
1741 890 1902 975 Spirensis
1925 898 2067 961 eeclesiae

413 1011 442 1070 ct
467 1009 508 1070 A.
531 1007 736 1072 mateltanmn
758 1005 871 1072 Sancti
892 1003 1030 1066 Miniati
1051 1003 1180 1064 nuntios
1207 1002 1274 1063 eins
1297 999 1425 1081 terrane
1446 1001 1594 1079 receperit
1615 1003 1643 1062 et
1664 999 1708 1063 ad
1728 1019 1798 1062 eant
1822 1018 1912 1063 sarrin
1935 1000 2069 1080 tepatrnn

413 1109 570 1174 destinare
592 1108 787 1192 disposuerit.
1702 1105 1795 1180 1217,
1816 1103 1923 1182 April.
1947 1106 1977 1169 11.

518 1230 590 1284 Hon.
610 1229 668 1283 ΙΙΙ
683 1228 752 1298 Ray.
776 1227 833 1281 Vol.
851 1227 877 1296 I,
897 1229 947 1288 93,-
966 1225 1029 1280 Lib.
1047 1225 1073 1288 I,
1093 1227 1155 1278 359.

518 1315 654 1381 Potthast,
674 1315 745 1386 Rep.
766 1317 845 1368 5513.

534 1540 712 1616 Illustri
739 1538 833 1630 regi
860 1537 1009 1611 Sicilie
1035 1537 1079 1610 in
1106 1537 1412 1610 Romanorum
1441 1536 1762 1626 imperatorem
1790 1536 1946 1610 electa.

522 1691 658 1756 Litteris
686 1690 778 1774 regie
807 1687 1009 1753 celsitudinis
1034 1693 1191 1751 consueta
1218 1687 1421 1770 benignitate
1451 1687 1604 1772 receptis,
1634 1708 1676 1750 ex
1703 1691 1816 1750 tenore
1843 1686 2068 1750 intelleximus

414 1793 601 1876 earundem,
623 1793 708 1880 quod
731 1794 808 1858 lieet
830 1793 935 1856 felicis
958 1791 1193 1855 reeordationis
1210 1789 1234 1855 I.
1251 1811 1335 1876 pape
1358 1789 1603 1877 predecessoris
1625 1790 1726 1852 nostri
1743 1795 1775 1853 te
1800 1788 1908 1853 obitus
1932 1798 2064 1854 contur-

414 1897 510 1977 barit,
533 1896 694 1962 beneficia
717 1918 779 1981 que
803 1917 862 1981 per
890 1894 993 1980 ipsius
1017 1893 1269 1958 sollicitudinem
1299 1895 1404 1977 gratia
1433 1892 1491 1956 tibi
1520 1893 1630 1956 divina
1652 1892 1835 1956 contulerat
1857 1893 2068 1973 recolentem,

413 2007 527 2064 nestra
560 2007 670 2064 tamen
702 1999 863 2086 promotio
897 1998 1034 2062 letitiam
1064 1996 1123 2060 tibi
1153 1997 1262 2060 attulit
1291 2003 1366 2081 post
1395 2016 1572 2066 merorem,
1601 1995 1724 2058 firmam
1752 1996 1880 2080 gerenti
1906 1996 2068 2074 fiduciam,

415 2101 499 2188 quod
522 2103 660 2187 gratiam
682 2123 779 2188 quam
802 2103 834 2165 in
859 2099 1007 2166 eiusdem
1038 2099 1283 2186 predecessoris
1312 2101 1414 2164 nostri
1439 2100 1540 2164 oculis
1563 2100 1735 2178 invenisti,
1765 2098 1852 2185 apud
1875 2121 1933 2163 nos
1957 2101 2068 2164 valeas

416 2206 581 2287 invenire,
614 2228 687 2270 cunr
720 2227 848 2270 omnem
871 2205 1080 2269 devotionem
1112 2211 1145 2268 et
1175 2204 1393 2267 reverentiam
1420 2224 1516 2287 quam
1547 2201 1727 2266 exhibuisti
1756 2200 1877 2283 eidem,
1910 2203 2068 2268 exhihere

414 2306 624 2374 devotissime
646 2310 728 2374 velis
752 2315 785 2373 et
807 2308 913 2374 nobis.
958 2308 1106 2372 Dilectos
1137 2328 1265 2392 quoque
1293 2307 1377 2370 filios
1408 2354 1414 2369 .
1446 2356 1453 2370 .
1482 2306 1635 2370 abbatem
1659 2304 1770 2370 Sancti
1793 2305 1896 2386 Galli,
1924 2308 2069 2372 nobilem

414 2412 517 2476 virum
539 2411 594 2476 W.
623 2413 844 2477 marchionem
867 2411 1120 2488 Montisferrati,
1151 2410 1191 2473 V.
1224 2409 1383 2474 decanum
1412 2410 1577 2495 Spirensis
1602 2410 1757 2489 ecclesie,
1789 2409 1829 2473 A.
1854 2411 2069 2474 castellanum

416 2514 527 2579 Sancti
549 2515 688 2594 Miniati,
712 2516 843 2579 nunties
866 2521 951 2594 tuos,
974 2514 1116 2598 benigne
1140 2515 1340 2599 recepimus,
1365 2521 1399 2578 et
1421 2533 1461 2577 ea
1483 2533 1546 2597 que
1570 2512 1665 2576 nobis
1689 2533 1731 2576 ex
1753 2520 1846 2598 parte
1870 2521 1928 2578 tua
1950 2535 2069 2601 propo-

414 2617 522 2682 nenda
544 2616 679 2699 duxere,
701 2639 766 2682 una
789 2639 861 2682 cum
885 2617 1039 2680 fratribus
1056 2617 1174 2681 nostris
1192 2618 1371 2681 elementer
1387 2615 1571 2680 audivimus
1596 2623 1630 2680 et
1652 2616 1854 2680 avertimus³
1882 2615 2069 2702 diligenter.

414 2721 482 2784 Nos
507 2742 584 2805 ergo
608 2719 649 2784 ad
673 2742 713 2786 ea
733 2741 796 2805 que
819 2718 882 2784 Dei
907 2727 940 2784 et
963 2721 1102 2785 ecclesie
1126 2721 1273 2784 Romane
1290 2719 1448 2784 honorem
1466 2741 1503 2783 ac
1527 2719 1761 2784 exaltationem
1778 2726 1867 2783 tuam
1890 2721 2068 2807 respiciant

414 2824 609 2909 aspirantes,
633 2823 674 2888 ad
697 2831 729 2888 te
752 2824 897 2909 legatum
920 2831 1066 2888 nestrum
1089 2823 1291 2909 disponimus
1315 2823 1490 2904 destinare,
1513 2845 1687 2910 perquem
1717 2831 1785 2887 tam
1801 2847 1900 2912 super
1921 2825 1984 2889 hiis
2006 2847 2069 2910 que
2124 2859 2141 2893 a

416 2949 459 2992 ex
480 2934 573 3014 parte
596 2935 653 2992 tua
674 2927 768 2992 nobis
791 2927 884 2992 fuere
908 2929 1090 3014 preposita,
1124 2949 1220 3013 quam
1252 2948 1350 3012 super
1380 2926 1481 2990 Terre
1517 2927 1635 2991 Sancte
1669 2948 1840 3006 succursu,
1885 2927 2070 2993 celsitudini

416 3031 518 3115 regie,
548 3029 728 3094 secundum
752 3029 836 3114 quod
873 3030 1030 3116 expedire
1064 3030 1251 3106 viderimus,
1286 3029 1471 3094 curabimus
1501 3027 1711 3115 respondere.
1768 3029 1940 3095 Menenius
1971 3031 2072 3116 igitur

417 3135 625 3199 serenitatem
655 3141 744 3198 tuam
777 3143 811 3199 et
839 3134 1051 3199 exhortamur
1080 3135 1112 3198 in
1145 3134 1299 3209 Domino,
1335 3134 1487 3217 quatinus
1515 3133 1548 3196 in
1579 3132 1753 3197 devotione
1783 3141 1895 3198 sancte
1921 3134 2070 3198 Romane

417 3238 559 3303 ecclesie
582 3240 694 3302 matris
717 3247 772 3304 tue
796 3239 932 3302 firmiter
954 3259 1188 3326 perseverans,
1219 3245 1251 3302 te
1283 3238 1382 3302 talem
1406 3237 1563 3301 exhibere
1587 3237 1720 3301 studeas
1745 3258 1823 3321 erga
1846 3238 1961 3322 ipsam,
1985 3237 2072 3321 quod

416 3342 520 3426 ipsius
545 3363 623 3426 erga
652 3349 684 3406 te
708 3343 827 3406 caritas
851 3349 965 3428 tepere
988 3364 1052 3407 nen
1077 3342 1215 3419 debeat,
1245 3348 1295 3405 set
1318 3340 1358 3406 de
1382 3341 1434 3405 die
1458 3342 1491 3404 in
1515 3341 1600 3405 diem
1631 3343 1799 3428 suscipere
1832 3342 1939 3427 potius
1964 3342 2069 3405 inere·
2125 3374 2150 3408 a

416 3452 574 3511 mentum.

522 3547 597 3613 Dat.
621 3548 773 3613 Lateran.
797 3548 846 3613 VI
870 3548 949 3614 Idus
971 3549 1105 3636 Aprilis,
1130 3550 1336 3636 pontificatus
1360 3550 1461 3613 nostri
1485 3570 1570 3613 anno
1593 3549 1708 3634 primo.

1212 4017 1271 4089 nt.

525 4131 712 4230 Honorias
739 4165 805 4230 ΙΙΙ
830 4187 918 4246 papa
949 4167 1111 4228 anniversos
1140 4166 1300 4244 principes
1327 4165 1542 4229 Alamanniae
1570 4165 1770 4242 adhortatur,
1801 4168 1837 4228 nt
1869 4166 2071 4250 F[riderico]

415 4269 630 4334 Romanorum
651 4271 717 4352 repi
733 4273 877 4350 potenter
898 4275 927 4332 ct
948 4269 1084 4332 vir-iliter
1105 4269 1265 4347 assistant,
1289 4268 1368 4331 sient
1388 4267 1519 4346 fecerint
1540 4268 1697 4332 laricanus.

1705 4375 1798 4448 1217,
1820 4373 1927 4452 April.
1951 4375 1981 4436 9.
2123 4399 2149 4434 aa.»

519 4491 593 4544 rra.
612 4490 667 4543 111
683 4490 750 4562 neq.
777 4491 831 4544 ror.
850 4490 875 4560 r,
895 4495 946 4554 aa
968 4459 1030 4544 aaa.
1051 4491 1076 4554 1,
1097 4494 1161 4543 seo.

518 4576 653 4644 Pottbaat,
673 4576 742 4648 Rip.
763 4580 840 4630 5514.

492 4803 724 4878 Universis
748 4804 1036 4896 principibus
1064 4803 1354 4892 Alamannis,
1390 4809 1478 4877 tam
1507 4804 1830 4878 ecelesiasticis
1857 4826 1991 4896 quam

1119 4925 1376 4998 mundanis,

520 5071 615 5137 Licet
638 5095 657 5137 a
680 5075 773 5139 vobis
797 5073 1016 5161 per-dilectos
1045 5073 1131 5137 tilios
1160 5073 1313 5137 abbatem
1345 5073 1458 5136 Sancti
1482 5072 1599 5150 Galli¹,
1629 5073 1789 5141 decanum
1815 5076 2005 5162 Spirensenr
2038 5082 2072 5138 et
2125 5095 2151 5130 ³⁵

414 5176 558 5239 nobilem
587 5177 692 5241 virum
724 5179 947 5242 marchionem
978 5177 1250 5257 Montisterrati²,
1287 5176 1418 5240 nuntios
1453 5177 1618 5240 karissimi
1651 5179 1683 5240 in
1718 5178 1849 5243 Christo
1882 5179 1939 5242 filii
1968 5178 2070 5241 nostri

413 5278 451 5342 F.
475 5279 610 5342 illustris
633 5281 720 5365 regis
745 5281 856 5346 Sicilie
879 5282 913 5345 in
936 5280 1157 5344 Romanorum
1181 5282 1410 5366 imperatorem
1432 5281 1539 5360 electi,
1562 5281 1669 5345 nullas
1691 5282 1914 5368 receperimus
1931 5280 2070 5362 litteras,

511 5539 532 5604 ¹)
550 5540 566 5589 ι’.
585 5558 605 5591 e.
625 5541 788 5592 advertimus.

517 5675 542 5740 1)
568 5673 698 5728 Utrienm.
769 5675 797 5742 2)
823 5675 1003 5742 sittacenen
1022 5693 1046 5731 v.
1065 5694 1151 5746 supro
1170 5683 1259 5732 1116.
