4596 6406
434 395 498 458 682
1010 385 1058 440 EX
1077 385 1252 440 ennoean
1270 386 1309 440 IX
1328 383 1508 440 arelauno

439 617 473 632 ..
497 567 653 652 episcopo
677 561 929 649 Ratisponensi,
960 609 993 625 ..
1017 560 1174 646 episcopo
1199 559 1363 645 Spirensi,
1393 606 1423 622 ..
1448 558 1603 643 episcopo
1626 557 1854 644 Erbipolensi,
1880 609 1912 624 ..
1937 560 2100 646 episcopo

436 670 682 756 Argentinensi,
707 719 740 734 ..
764 669 920 754 episcopo
944 664 1171 745 lldoscmensi,
1197 712 1229 730 ..
1254 663 1365 726 abbati
1388 661 1559 727 Vuldenei.

916 932 925 951 .
955 933 964 951 .
992 873 1136 949 nobili
1162 875 1260 946 viro
1287 873 1384 947 duri
1412 872 1604 946 Austris.

544 1011 626 1075 Cum
649 1032 768 1095 gravas
792 1010 973 1095 apostolice
998 1009 1086 1074 sedis
1111 1017 1174 1074 etc.
1199 1017 1234 1074 ut
1257 1032 1356 1098 supra
1379 1011 1463 1074 siout
1486 1011 1640 1074 scribitur
1661 1010 1772 1074 comiti
1789 1009 1944 1074 Flandrie
1972 1031 2096 1094 usque:

434 1115 632 1201 impensura,
656 1114 831 1199 presertim
854 1136 928 1178 oum
952 1115 1219 1200 exprincipibus
1243 1115 1344 1200 aliqui
1368 1115 1429 1179 hoc
1452 1113 1547 1178 nobis
1564 1112 1719 1178 duxerint
1735 1114 1802 1179 suis
1826 1113 1945 1178 litteris
1969 1113 2096 1178 libera·
2161 1135 2172 1172 s

433 1220 510 1284 liter
532 1218 767 1284 offerendum¹.

544 1340 620 1405 Dat.
646 1346 815 1425 utsupra.

547 1462 585 1524 In
609 1460 750 1526 cundem
774 1461 906 1525 modum
931 1510 959 1526 ..
985 1464 1165 1527 marchioni
1188 1463 1358 1529 Misnensi.

543 1565 582 1628 In
607 1564 747 1629 eundem
770 1563 901 1627 modum
926 1612 959 1627 ..
984 1565 1129 1632 chrico
1154 1569 1321 1651 langravio
1345 1566 1514 1649 Turingie.

544 1668 583 1731 In
607 1667 747 1733 cundem
770 1667 902 1732 modum
926 1720 957 1734 ..
983 1669 1121 1736 duride
1145 1671 1332 1750 Brunswic,
1356 1721 1363 1734 .
1387 1721 1395 1736 .
1419 1669 1493 1733 (1υοί
1517 1669 1557 1732 (10
1579 1669 1750 1755 Limpurc,
1775 1717 1782 1731 .
1805 1716 1811 1731 .
1835 1668 1911 1732 duci
1935 1669 2095 1748 Saxonis,
2150 1689 2173 1725 1⁰

438 1821 473 1838 ..
500 1771 575 1835 duci
599 1772 767 1850 Bouaria,
800 1821 837 1835 ..
862 1771 936 1836 duci
959 1772 1155 1855 Brabantio,
1181 1825 1212 1840 ..
1241 1775 1315 1838 duci
1338 1774 1378 1838 de
1402 1773 1601 1853 Lombco⁸²,
1634 1822 1640 1836 .
1666 1824 1674 1840 .
1696 1772 1886 1836 Hermanno
1909 1773 2099 1856 lantgravio

435 1875 603 1960 Turingie,
628 1926 662 1942 ..
686 1876 868 1939 marchioni
885 1876 1208 1964 Brandcburgensi³,
1234 1926 1268 1942 ..
1292 1879 1402 1942 comiti
1429 1877 1599 1956 senensib,
1625 1926 1657 1942 ..
1682 1875 1756 1939 duci
1778 1875 1938 1956 Mazovie,
1965 1924 1996 1940 ..
2020 1875 2098 1939 duci

435 1980 475 2045 dc
504 1980 703 2061 Lumbruo‘,
728 2029 760 2043 ..
784 1980 858 2045 duci
882 1981 1002 2064 Zlesie,
1027 2032 1059 2046 ..
1084 1985 1158 2048 duci
1182 1984 1331 2062 Polonic,
1357 2030 1389 2046 ..
1414 1982 1488 2045 duci
1513 1981 1680 2047 Craeovie.

545 2084 584 2147 In
608 2084 748 2148 eundem
771 2084 904 2148 modum
927 2132 960 2149 ..
985 2087 1055 2170 regi
1078 2087 1194 2169 Dacia,
1218 2085 1397 2152 secundum
1422 2084 1508 2170 quod
1532 2086 1685 2149 scribitur
1707 2085 1777 2168 regi
1801 2083 1949 2149 Francia.

543 2187 582 2250 In
606 2188 747 2254 cundem
771 2187 903 2252 modum
927 2236 960 2251 ..
984 2191 1055 2274 regi
1077 2191 1224 2255 Boomio.

545 2291 585 2355 In
609 2290 750 2356 eundem
773 2291 905 2356 modum
930 2342 963 2358 ..
987 2295 1234 2381 archiepiscopo
1258 2293 1438 2370 Lundensi‚
1463 2291 1641 2356 secundum
1667 2295 1753 2377 quod
1776 2295 1808 2358 in
1832 2294 1945 2381 prima.

544 2395 582 2460 In
607 2395 748 2460 eundem
770 2396 903 2461 modum
927 2446 962 2461 ..
987 2400 1142 2486 episcopo
1166 2397 1397 2473 Roskildensi,
1430 2396 1608 2461 secundum
1632 2398 1718 2482 quod
1742 2396 1893 2462 scribitur
1917 2400 2100 2488 episcopis.

1628 1512 1909 1577 excommunicati.

545 2498 582 2562 ln
606 2499 747 2563 eundem
770 2499 900 2563 modum
926 2549 959 2566 ..
985 2503 1140 2588 episcopo
1164 2503 1370 2582 Zlewiccnsi,
1395 2551 1424 2566 ..
1449 2500 1604 2586 episcopo
1630 2502 1852 2582 Olomucensi,
1878 2550 1912 2568 ..
1937 2504 2099 2591 episcopo

435 2604 605 2690 Prageusi,
630 2653 663 2669 ..
689 2605 844 2690 episeopo
870 2604 1114 2687 Chracoricnsi,
1138 2658 1169 2673 ..
1195 2607 1352 2692 episcopo
1376 2603 1650 2671 Wratislaviensi.

1236 2845 1295 2912 IV.

1007 2923 1027 2944 ”
1112 2971 1160 3043 ru
1187 2971 1420 3046 uuonan.

883 3216 892 3233 .
921 3217 930 3233 .
958 3161 1304 3254 archiepiscopo
1333 3162 1646 3254 Strigonieusi.

546 3289 670 3354 Eterna
693 3290 899 3376 providentia
921 3299 985 3359 eto.
1008 3301 1044 3358 ut
1067 3295 1100 3358 in
1124 3296 1239 3381 prima.

545 3392 585 3455 In
608 3392 748 3457 eundem
771 3394 902 3458 modum
927 3397 1227 3483 ..archiepiscopo
1252 3397 1436 3462 Coloconsi.

546 3494 585 3558 In
610 3495 750 3561 eundem
773 3498 906 3563 modum
931 3548 962 3566 ..
986 3501 1143 3586 episcopo
1168 3501 1352 3582 Gaurionsi,
1376 3502 1553 3567 secuudum
1578 3501 1665 3587 quod
1688 3503 1840 3568 scribitur
1863 3505 2042 3592 episcopis.

544 3599 584 3663 In
607 3600 747 3666 eundem
770 3603 901 3668 modum
926 3655 932 3670 .
952 3655 959 3670 .
977 3606 1132 3692 episcopo
1149 3607 1374 3691 Zagrabiensi,
1399 3608 1604 3693 ..episcopo
1617 3606 1867 3691 vesprimiensi,
1888 3656 1917 3672 ..
1934 3610 2099 3697 episcopo
2153 3626 2177 3664 2³

437 3703 780 3790 Quinquccclesiensi,
810 3757 817 3772 .
842 3756 850 3772 .
878 3709 1033 3794 episcopo
1057 3710 1227 3794 Agriensi,
1258 3761 1294 3776 ..
1325 3711 1481 3797 episcopo
1505 3709 1741 3792 Ultrasilvano,
1773 3762 1811 3776 ..
1841 3711 1953 3776 abbati
1984 3712 2102 3779 Sancti

437 3807 572 3872 Martini
595 3807 635 3873 de
659 3810 829 3874 Pannonia
838 3811 860 3873 ⁵.

548 3912 588 3975 In
611 3912 752 3977 eundem
776 3913 906 3978 modum
931 3964 963 3978 ..
988 3917 1058 4000 rogi
1082 3915 1239 4002 Ungarie,
1264 3917 1444 3983 secundum
1467 3916 1554 4002 quod
1579 3918 1730 3981 scribitur
1754 3920 1823 4003 regi
1845 3919 1997 3985 Francie.

545 4014 584 4079 In
607 4016 747 4082 eundem
771 4017 903 4082 modum
928 4018 1130 4085 Oolomanno
1154 4022 1235 4106 regi,
1259 4021 1334 4086 duci
1358 4021 1542 4086 Sclavonio.

1243 4261 1283 4324 V.

1125 4386 1172 4458 IN
1200 4385 1403 4460 lSPANlA.

925 4631 934 4648 .
964 4629 973 4648 .
1002 4575 1347 4667 archiepiscopo
1374 4575 1608 4653 Toletano.

546 4700 671 4765 Eterna
694 4703 905 4788 providentia.
923 4715 985 4775 etc.
1009 4715 1046 4772 ut
1070 4732 1183 4794 supra,
1208 4708 1387 4773 secundum
1412 4711 1497 4795 quod
1522 4713 1674 4777 scribitur
1696 4714 1964 4802 archiepiscopis.

544 4805 584 4869 In
608 4807 747 4872 eundem
771 4809 902 4874 modum
920 4860 927 4874 .
945 4861 952 4875 .
968 4814 1214 4899 archiepiscopo
1231 4813 1508 4900 Oornpostcllano,
1530 4866 1561 4881 ..
1579 4819 1826 4906 archiepiscopo
1842 4819 2098 4900 Tarraconensi,

440 4957 474 4974 ..
499 4909 747 4997 archiepiscopo
770 4912 1000 4980 Bracharensi.

844 5059 1185 5066 —.—-...---—-„.-.-„
1197 5062 1303 5068 -.-.-....
1314 5063 1464 5070 .—-.-—..
1480 5066 1741 5071 .---—--.---.
1759 5064 1984 5072 ..m-—

543 5135 566 5201 ·)
592 5137 620 5188 V.
641 5137 731 5190 (1.1.
750 5139 824 5204 Mau,
841 5143 885 5206 qui
902 5145 979 5194 acrba
997 5182 1003 5195 .
1023 5182 1028 5194 .
1047 5145 1107 5195 (1υοί
1124 5145 1155 5195 (10
1173 5146 1286 5196 Lourbec
1304 5173 1336 5181 -
1356 5185 1362 5197 .
1382 5184 1388 5197 .
1407 5147 1467 5198 duci
1485 5150 1606 5200 Cracovie
1624 5168 1681 5199 cum
1700 5150 1759 5216 1100.
1780 5151 1870 5200 iterum
1888 5150 2096 5212 00010111,Μῶ

434 5223 584 5290 siyuijicurit
610 5225 807 5290 utrumquodque
833 5245 925 5279 aoruca
951 5229 979 5279 iu
1002 5247 1057 5279 uua
1080 5229 1149 5280 linea
1173 5231 1294 5296 scriptum
1316 5249 1381 5295 case,
1415 5243 1519 5298 praeter
1546 5274 1551 5286 .
1572 5274 1577 5285 .
1606 5236 1665 5286 (1υοί
1682 5237 1812 5299 blaaovie,
1836 5235 1946 5287 ..duci
1965 5233 2048 5288 Zlosio
2073 5246 2097 5288 01

436 5345 462 5360 ..
482 5310 541 5360 (1υοί
559 5311 689 5375 Crnaorie,
708 5328 773 5375 qrrae
791 5314 896 5363 cremina
913 5315 986 5364 irrata
1001 5315 1159 5380 praecedens
1176 5317 1292 5382 quodque
1311 5319 1396 5368 altera
1412 5337 1506 5370 marrus
1524 5321 1661 5372 arldiderit.
1743 5317 1765 5386 b)
1784 5320 1869 5373 Sener‘r
1885 5320 1918 5371 11.

541 5427 565 5495 1)
577 5427 684 5481 Alludit
697 5433 728 5482 ut
740 5427 848 5481 videtur
860 5429 897 5483 od
909 5431 1050 5500 epistolas,
1062 5449 1180 5500 quoru-m
1192 5435 1343 5488 aurnumriu
1354 5435 1405 5490 sub
1415 5453 1442 5490 n.
1455 5441 1518 5502 768,
1530 5437 1594 5492 VII
1603 5441 1629 5491 ct
1643 5438 1723 5491 VIII
1729 5438 1936 5510 proposuimus.
1998 5439 2026 5505 2)
2040 5440 2098 5508 Qui

435 5511 494 5566 dua
511 5512 555 5566 lu'c
572 5513 659 5582 fuerit
678 5513 848 5582 ipsorunrus.
917 5517 944 5584 3)
964 5521 1009 5570 Au
1030 5519 1237 5575 marchionibus
1256 5521 1550 5592 Branrleburgensibus
1568 5525 1717 5592 leporium,
1735 5525 1857 5579 iohanni
1874 5530 1900 5578 et
1914 5524 2009 5578 Ottoui
2019 5526 2078 5579 111
2080 5526 2096 5578 ,2

434 5601 461 5664 4)
482 5599 613 5655 Ducatus
634 5600 718 5654 liuius
739 5601 856 5654 rsorniuia
875 5619 931 5655 uon
958 5604 1061 5672 0011111,Ι
1085 5607 1135 5661 sed
1151 5608 1284 5678 quonuuo
1309 5607 1503 5663 carrucandum
1527 5611 1564 5665 sit
1581 5612 1727 5669 nescimus.
1815 5611 1843 5681 5)
1863 5614 1899 5666 Iu
1916 5611 2097 5668 meridionali
2150 5633 2178 5674 (0

431 5692 514 5758 parto
533 5689 678 5743 cornitutuo
695 5687 785 5742 Raab.
