4560 6420
421 420 483 480 712
998 415 1046 468 EX
1065 415 1240 469 GltEGOItIl
1259 415 1298 468 IX
1318 415 1498 468 uueisuuo

421 589 552 652 vincula
582 598 615 655 et
646 611 795 654 carceres
830 588 1063 653 miserabiliter
1093 589 1127 651 in
1159 587 1303 653 dedecus
1335 588 1459 652 ordinis
1492 587 1653 650 clericalis
1685 587 1873 651 mendicare
1907 594 2085 672 eoguntur,

420 693 594 777 providere
617 701 754 780 paterna
777 693 998 757 sollicitudine
1027 713 1225 757 curaremus.
1279 692 1360 756 Cum
1393 693 1495 776 igitur
1521 691 1676 754 instantia
1706 698 1818 754 nostra
1849 689 2019 754 cotidiana
2043 691 2085 752 sit

421 797 566 860 omnium
590 797 804 860 ecclesiarum
828 795 1012 861 sollicitudo
1037 796 1204 876 contiuua,
1234 796 1445 873 mandamus,
1475 796 1627 880 quatinus
1651 817 1750 880 super
1772 796 1944 881 premissis
1970 795 2081 879 inqui-

420 907 531 964 rentes
555 899 745 984 diligentius
775 900 963 980 veritatem,
993 900 1019 963 si
1044 897 1165 962 dictum
1190 899 1376 964 Oonradum
1400 900 1510 963 taliter
1533 899 1695 962 intrusum
1723 905 1756 963 et
1780 899 1979 962 electionem
2004 919 2080 983 pre-

419 1002 498 1066 dicti
522 1003 670 1088 magistri
691 1005 881 1068 inveneritis
905 1003 945 1068 de
969 1023 1111 1088 persona
1132 1002 1251 1067 idonea
1275 1004 1431 1067 canonice
1456 1001 1861 1088 celebratum-prelatum
1886 999 2079 1064 Conradum
2146 1021 2156 1056 ⁵

420 1106 461 1169 ab
486 1105 634 1170 eiusdem
658 1108 797 1171 ecclesie
829 1107 988 1190 regimine
1018 1126 1170 1170 amovere
1198 1113 1232 1170 et
1262 1108 1458 1170 electionem
1489 1105 1593 1190 ipsam
1625 1097 1821 1168 auctoritate
1853 1109 1968 1166 nostra
2000 1123 2080 1166 con-

420 1210 550 1273 firmare
582 1210 719 1285 curetis;
750 1211 777 1273 si
805 1231 883 1273 vero
911 1209 1095 1294 predictum
1119 1209 1306 1273 Conradum
1335 1212 1476 1274 electum
1500 1209 1657 1273 canonice
1683 1215 1716 1273 et
1739 1208 1936 1272 electionem
1960 1206 2085 1290 prefati

421 1311 582 1376 Willelmi
610 1313 718 1376 minus
747 1313 935 1376 eanonicam
965 1335 1039 1376 csse
1063 1313 1230 1398 reperitis,
1260 1336 1300 1378 ea
1323 1315 1385 1376 rite
1409 1318 1539 1376 cassata
1564 1334 1682 1376 munus
1711 1310 1970 1375 confirmationis
1995 1308 2086 1373 Con-

423 1414 502 1478 rado
526 1416 722 1502 impendatis
747 1416 865 1496 eidem,
889 1416 1149 1479 contradictores
1173 1424 1235 1483 etc.
1274 1417 1440 1495 Ceterum,
1464 1418 1492 1480 si
1516 1416 1624 1501 quod·
1646 1416 1687 1479 de
1711 1422 1848 1499 utroque
1871 1413 1999 1477 factum
2024 1435 2084 1478 ex-

424 1521 555 1600 stiterit,
583 1520 776 1584 inveneritis
804 1541 977 1605 perperam
1007 1525 1251 1605 attemptatum,
1284 1542 1342 1584 vos
1365 1520 1493 1604 utrique
1526 1521 1610 1582 siout
1640 1519 1760 1582 iustum
1791 1517 1891 1581 luerit
1915 1518 2085 1581 silentium
2137 1539 2161 1574 ro

423 1624 646 1708 imponentes,
670 1623 799 1688 faciatis
822 1622 970 1708 predicte
995 1625 1136 1689 ecclesie
1159 1626 1200 1690 de
1224 1633 1370 1712 pastore,
1404 1627 1458 1710 qui
1481 1632 1573 1689 tanto
1596 1630 1754 1709 congruat
1778 1625 1869 1688 oneri
1895 1629 1930 1688 et
1952 1622 2085 1700 honori,

422 1748 481 1813 per
504 1729 700 1792 electionem
724 1728 915 1792 canonicam
937 1729 1112 1814 provideri.
1158 1729 1253 1803 Quod
1277 1731 1305 1794 si
1329 1752 1393 1793 non
1417 1751 1530 1794 omnes
1555 1735 1617 1792 etc.

530 1849 605 1916 Dat.
629 1849 782 1914 Lateran.
805 1848 854 1912 Id.
878 1849 1012 1936 Aprilis,
1036 1851 1244 1937 pontificatus
1268 1852 1370 1915 nostri
1394 1872 1479 1915 anno
1503 1849 1755 1933 decimoquinto.

531 2418 721 2528 (atropatus
737 2444 792 2508 IX
802 2465 891 2523 papo
907 2445 1065 2523 potestati,
1088 2445 1217 2508 covasilio
1238 2449 1266 2506 ct
1282 2444 1615 2532 popololl'crcatimrti
1634 2464 1768 2522 poenam
1790 2443 1932 2505 omnium
1955 2464 2087 2507 suorum

427 2571 616 2627 excesserim,
639 2549 753 2630 quitos
775 2548 953 2610 Romanam
975 2549 1134 2611 ecelesiam
1157 2553 1185 2610 ot
1207 2549 1330 2611 comites
1355 2547 1548 2627 Carrrpoaiac
1571 2547 1766 2625 offbrrdorirrt,
1789 2547 1933 2613 remittit.
2136 2576 2159 2614 ιε

529 2707 611 2771 orep.
630 2704 678 2756 rx
697 2703 766 2770 neq.
791 2701 848 2756 ra.
869 2701 939 2770 vu,
960 2701 1240 2770 735Lit.XV,-13.
1721 2655 1814 2727 1241,
1838 2649 1921 2714 Mol.
1948 2653 1998 2713 10·

528 2791 667 2857 Poritos,
686 2790 754 2857 Itep.
774 2795 862 2842 11012.

579 3039 587 3054 .
618 3039 627 3056 .
656 2982 891 3074 potestati,
920 2981 1111 3055 consilio
1141 2987 1183 3052 et
1210 2981 1375 3071 populo
1404 2980 1683 3053 Ferentinati
1711 2981 1923 3070 spiritum

1043 3100 1223 3175 consilii
1251 3101 1460 3173 sanioris.
2136 3129 2160 3166 20

532 3232 663 3298 Intenta
693 3234 916 3298 misericordie
949 3234 1066 3298 studiis
1099 3239 1204 3296 mater
1235 3232 1393 3310 ccclesia,
1427 3253 1489 3315 que
1520 3234 1605 3295 intcr
1634 3233 1717 3296 alios
1748 3232 1834 3294 filios
1863 3251 1922 3293 vos
1955 3251 2090 3314 semper

426 3337 588 3421 speciales
610 3337 724 3401 habuit
747 3345 779 3401 et
803 3337 923 3422 iugiter
945 3338 1066 3401 habere
1090 3336 1252 3422 proponit,
1275 3337 1440 3398 invenitur
1464 3336 1605 3401 libenter
1627 3337 1668 3400 ad
1692 3336 1723 3399 id
1748 3336 1904 3414 sollicita,
1936 3357 1997 3420 per
2022 3357 2087 3419 que

425 3440 519 3504 vobis
543 3443 632 3505 salus
655 3442 808 3506 adveniat
835 3448 868 3506 et
892 3443 1028 3506 materia
1058 3442 1287 3528 prosperitatis
1317 3449 1493 3506 accrescat.
1544 3440 1631 3503 Hinc
1661 3447 1728 3518 est,
1758 3439 1843 3522 quod
1878 3461 1954 3518 nos,
1986 3439 2087 3522 digne

426 3552 597 3630 sperantes
620 3546 696 3629 quia
718 3567 781 3630 quo
811 3547 852 3610 ab
881 3544 996 3609 eadem
1024 3546 1165 3609 ecclesio
1194 3545 1334 3628 gratiam
1362 3545 1519 3608 maiorem
1548 3546 1733 3630 percipitis,
1764 3565 1803 3608 eo
1834 3544 1996 3607 libentius
2022 3566 2086 3628 que

425 3649 527 3733 ipsius
550 3648 708 3712 honorem
731 3651 910 3734 respiciunt
932 3671 992 3735 per
1019 3656 1168 3734 tempora
1198 3649 1345 3728 l'acietis,
1382 3649 1525 3712 omnium
1557 3670 1677 3733 penam
1709 3668 1925 3726 excessuum,
1962 3648 2086 3732 quibus
2135 3678 2159 3716 a

425 3773 528 3835 usque
552 3773 638 3815 nunc
659 3753 841 3817 Romanam
866 3753 1040 3816 ecclesiam
1064 3757 1097 3815 ct
1120 3751 1299 3836 Campanis
1323 3753 1458 3815 comites
1482 3750 1678 3832 offendistis,
1703 3751 1796 3814 vobis
1820 3755 1854 3814 et
1876 3749 2087 3814 adiutoribus

424 3855 543 3918 restris
566 3854 607 3919 de
631 3857 765 3919 fratrum
788 3863 973 3919 nostrorum
996 3854 1132 3919 consilio
1158 3855 1353 3918 relaxamus.

532 3975 620 4040 Data
641 3978 794 4042 Lateran.
818 3977 866 4040 Vl
888 3976 967 4040 Idus
991 3977 1080 4059 Maii,
1107 3999 1194 4041 anno
1218 3977 1291 4042 XV.

1047 4219 1343 4226 -———-—.--.-.-
1373 4222 1456 4229 ,-.--.

1209 4450 1297 4521 811.

540 4543 729 4652 Grcporius
751 4571 806 4634 IX
823 4593 914 4651 popo
937 4571 1131 4652 Hopaicioni
1153 4573 1340 4636 subdiacono
1366 4573 1511 4649 arondot,
1543 4577 1578 4636 ot
1601 4575 1876 4652 Ferentinatibus,
1904 4574 2089 4640 sacramento

425 4678 455 4738 ct
475 4673 632 4737 obsidibus
653 4673 790 4753 receptio,
814 4673 993 4754 beneficiam
1014 4675 1219 4740 allactationis
1241 4676 1411 4756 icqrcartot.
1449 4675 1498 4756 Cf.
1521 4698 1554 4740 a.
1577 4681 1651 4741 810.
1713 4679 1992 4756 1241,Mal.10.
2135 4699 2159 4736 so

482 4827 485 4830 -
531 4791 613 4862 (ἶνες.
632 4794 682 4846 ΙΧ
698 4793 766 4862 Ray.
789 4793 846 4847 Vol.
872 4794 937 4858 VII,
958 4799 1005 4861 tl,
1026 4795 1088 4849 Lib.
1109 4795 1174 4860 XV,
1192 4799 1233 4848 41.

531 4880 668 4948 Pottlroat,
687 4879 755 4948 ch.
773 4885 862 4934 11013.

682 5074 954 5165 Huguicioni
982 5076 1263 5150 subdiacono
1292 5082 1334 5149 et
1360 5079 1635 5170 cappellano
1664 5085 1832 5152 nostro.

532 5207 742 5271 Prosentium
765 5206 824 5269 tibi
841 5209 1036 5272 auctoritate
1053 5207 1254 5288 mandamus,
1279 5209 1433 5291 quatinus
1457 5231 1476 5272 a
1500 5261 1532 5276 ..
1557 5218 1732 5296 potestate,
1756 5211 1892 5275 consilio
1910 5220 1943 5276 et
1962 5214 2087 5299 populo

428 5312 628 5375 Ferentinati
652 5312 834 5374 iuramento
858 5312 898 5376 de
916 5312 1032 5375 stando
1055 5311 1216 5375 mandatis
1235 5313 1375 5376 ecclesie
1394 5320 1427 5376 ot
1443 5314 1558 5397 viginti
1575 5323 1714 5399 quatuor
1737 5314 1917 5394 obsidibus,
1942 5338 2086 5400 quorum
2137 5338 2161 5376 a

425 5414 598 5478 duodecim
622 5437 665 5478 ex
688 5413 844 5478 militibus
869 5422 902 5480 ct
924 5416 1041 5500 reliqui
1064 5437 1106 5479 ex
1128 5415 1342 5500 popularibus
1367 5416 1448 5496 sint,
1478 5418 1619 5502 receptis
1644 5440 1682 5482 ac
1707 5418 1832 5483 eisdem
1856 5419 1889 5482 in
1913 5419 1988 5484 loco
2013 5427 2087 5485 tuto

424 5520 557 5600 locatis,
584 5518 680 5584 dictis
702 5518 969 5584 Ferentinatibus
992 5520 1188 5585 beneficium
1211 5520 1426 5584 absolutionis
1450 5520 1638 5606 impendas,
1669 5522 1887 5586 iuramentum
1911 5521 2086 5589 fidelitatis

534 5644 772 5651 .......—....--.-..
953 5647 1082 5654 ..q-„—
1090 5645 1978 5658 -......-—--——-—--——----—.-—.-—-..-....--,--—-.

531 5711 557 5778 a)
576 5715 637 5781 quid
655 5713 687 5764 R.
