4590 6366
785 392 985 447 EPISTOLAE
1002 392 1192 450 sutburna.
1228 396 1305 450 1235.
1802 401 1865 466 509

206 567 345 631 materia
368 566 586 630 subtrahatur.
632 563 719 638 Quia
740 586 818 630 vero
841 566 935 630 nobis
958 588 1022 630 nou
1046 568 1190 632 constitit
1213 568 1253 633 de
1276 569 1456 656 premissis,
1480 572 1683 654 mandamus,
1708 574 1861 659 quatinus

207 671 331 734 vocatis
355 670 409 755 qui
438 670 559 734 fuerint
587 668 744 732 evocandi
773 677 805 732 ct
834 669 965 754 cognita
994 691 1092 756 super
1123 673 1293 757 premissis
1316 673 1507 758 diligentius
1530 677 1686 756 veritate,
1718 696 1863 757 eausam,

209 773 237 836 si
265 772 306 837 de
337 773 477 858 partium
502 773 669 837 voluntate
699 773 913 858 processerit,
944 773 1008 836 fine
1037 772 1148 839 debito
1183 777 1381 857 terminetis,
1413 778 1574 843 facientes
1604 785 1685 853 etc.;
1719 779 1865 864 alioquin

208 877 313 962 ipsam
342 876 384 939 ad
417 898 478 940 nos
515 877 692 942 remittatis
726 877 930 941 sufficienter
961 879 1166 960 instructam,
1203 881 1402 967 prefigcntes
1431 891 1492 946 etc.
1522 902 1644 966 usque:
1681 889 1863 968 recepture.

146 998 158 1036 s
210 978 304 1052 Quod
329 979 358 1042 si
379 1000 445 1043 non
469 1000 581 1044 omncs
607 987 668 1044 etc.
693 978 757 1043 duo
780 986 844 1044 etc.

316 1098 392 1162 Dat.
414 1099 556 1180 Perusii,
580 1071 632 1164 ΠΙ
655 1098 734 1162 Idus
756 1098 912 1181 Ianuarii,
936 1121 1020 1163 anno
1045 1109 1171 1165 octavo.

836 1370 1246 1378 Ἥ

992 1615 1079 1688 eut.

320 1720 510 1833 Graeceius
532 1751 587 1816 IX
606 1773 697 1832 popa
726 1752 902 1817 homiuibus
931 1757 1028 1819 castri
1056 1755 1181 1833 Oreine,
1211 1758 1294 1836 quod
1319 1758 1364 1821 ad
1390 1760 1440 1822 ius
1467 1758 1550 1822 beati
1571 1757 1661 1822 Petri
1688 1760 1866 1839 specialiter

203 1855 372 1935 pertineat,
395 1853 548 1933 quaedum
568 1856 720 1936 antiquas
742 1856 979 1922 euesuctudiues
1000 1861 1172 1940 coufirmat.
1231 1903 1234 1910 -
1510 1861 1604 1940 1235,
1627 1861 1702 1928 lau.
1726 1865 1777 1926 16.

313 1973 394 2040 Grec.
415 1973 465 2026 IX
481 1974 549 2044 Ray.
571 1975 630 2030 Vct.
649 1975 702 2041 IV,
720 1980 793 2038 250,·
813 1975 876 2029 Lib.
900 1976 985 2042 VIII,
1005 1982 1067 2032 409.

132 2081 157 2118 m
314 2059 449 2130 Pottleast,
466 2060 532 2128 Περ.
551 2064 633 2116 9824.
866 2073 867 2076 ’

439 2255 675 2332 Universis
701 2258 976 2346 hominibuS,
1004 2263 1091 2332 tam
1119 2259 1295 2332 clericis
1322 2282 1452 2351 quam
1479 2261 1626 2351 laiciS,

243 2377 286 2449 in
313 2383 460 2450 castro
493 2377 650 2468 Orele¹,
677 2380 796 2470 quod
823 2380 876 2453 ad
904 2381 972 2451 ius
999 2379 1118 2452 beati
1144 2379 1264 2453 Petri
1292 2381 1470 2472 proprie
1498 2403 1546 2454 ac
1572 2383 1830 2473 specialiter

718 2499 933 2590 pertinet,
967 2500 1356 2573 commorantibus.

318 2647 448 2721 Quanto
472 2648 577 2731 magis
600 2668 659 2711 vos
683 2656 795 2713 sancte
812 2647 960 2713 Romane
984 2650 1125 2714 ecclesie
1144 2648 1259 2714 fideles
1278 2655 1407 2713 constat
1428 2648 1571 2714 existere
1595 2671 1633 2714 ac
1656 2650 1804 2733 devotos,
1827 2659 1862 2717 et

134 2778 157 2816 u
212 2750 320 2836 ipsum
349 2759 491 2815 castrum
518 2749 605 2836 quod
631 2751 775 2815 incolitis
805 2751 847 2815 ad
878 2753 930 2816 ius
959 2759 992 2817 et
1020 2753 1255 2838 proprietatem
1283 2751 1373 2816 beati
1395 2751 1485 2816 Petri
1513 2753 1689 2839 specialius
1717 2755 1865 2819 noscitur

209 2855 385 2939 pertinere,
410 2861 499 2920 tanto
523 2855 663 2941 amplius
686 2856 839 2919 convenit
862 2876 921 2919 nos
945 2862 1070 2920 attenta
1095 2856 1188 2920 vobis
1211 2856 1398 2941 provisione
1422 2856 1607 2936 consulere,
1630 2863 1664 2920 et
1687 2857 1779 2921 iuxta
1801 2879 1860 2943 pe·

210 2957 361 3021 titionem
383 2966 525 3023 uestram
549 2959 700 3042 antiquas
723 2958 996 3038 consuetudines,
1028 2980 1090 3043 que
1120 2958 1235 3022 subtus
1258 2959 1468 3023 inveniuntur
1490 2979 1639 3041 annexa,
1666 2961 1760 3025 vobis
1784 2981 1862 3025 auc·

210 3062 342 3126 toritate
366 3062 548 3147 apostolica
571 3062 773 3126 confirmare.
826 3062 944 3127 Nullus
970 3062 1129 3146 siquidem
1153 3069 1297 3126 vestrum
1321 3069 1377 3125 aut
1400 3061 1538 3146 quilibet
1558 3069 1742 3128 vestrorum
1765 3063 1862 3129 here·

212 3164 306 3245 dum,
342 3165 396 3249 qui
426 3164 609 3250 predictum
640 3172 783 3229 castrum
811 3165 989 3245 inhabitet,
1023 3166 1065 3230 ab
1099 3165 1209 3250 aliquo
1241 3165 1450 3228 ministeriali
1477 3171 1589 3228 nostro
1617 3165 1684 3230 ullo
1714 3173 1863 3253 tempore

136 3291 163 3329 ao
215 3268 377 3352 capietur,
408 3267 473 3331 nisi
495 3267 716 3354 proditionem
738 3276 795 3332 aut
824 3269 1036 3333 homicidium
1068 3289 1127 3333 seu
1157 3269 1257 3332 etiam
1286 3266 1482 3331 adulterium
1506 3268 1709 3333 commisisse
1732 3269 1863 3354 publice

210 3369 310 3434 fucrit
338 3369 525 3434 infamatus.
581 3371 617 3434 Si
644 3372 716 3456 quis
746 3372 817 3436 sine
847 3373 962 3437 liberis
992 3371 1174 3437 decesserit
1203 3371 1394 3446 intestatus,
1430 3368 1470 3433 ad
1504 3371 1753 3456 propinquiores
1783 3393 1861 3436 cou-

212 3473 409 3558 sanguineos
443 3481 476 3538 et
511 3474 552 3538 ad
585 3475 743 3539 maiorem
778 3475 953 3540 ecclesiam
983 3476 1086 3561 ipsius
1121 3475 1220 3540 castri
1250 3474 1338 3539 bona
1369 3473 1439 3538 eius
1470 3473 1605 3537 mobilia
1638 3473 1864 3554 devolventur,

211 3577 392 3641 immobilia
422 3598 500 3641 vero
530 3576 572 3640 ad
600 3597 661 3640 nos
694 3577 765 3642 sinc
796 3578 1010 3643 diminutione
1039 3580 1149 3663 aliqua
1176 3577 1399 3663 pertinebunt.
1444 3575 1526 3640 Tres
1557 3575 1665 3640 soldos
1694 3577 1863 3641 Lucenses

211 3680 306 3744 nobis
330 3702 388 3767 pro
412 3701 608 3766 unoquoque
629 3681 761 3766 placito,
783 3703 842 3768 pro
866 3704 964 3769 porco
986 3703 1074 3762 vero,
1098 3683 1125 3746 si
1149 3688 1259 3745 eontra
1281 3679 1424 3746 bannum
1445 3687 1592 3744 nostrum
1613 3679 1735 3744 factum
1755 3678 1864 3756 fuerit,

135 3803 161 3843 a
213 3804 274 3849 sex
302 3783 470 3864 denarios,
502 3805 561 3870 pro
591 3806 795 3865 oveunum,
829 3807 887 3871 pro
918 3785 1002 3849 bove
1032 3792 1183 3868 quatuor,
1218 3791 1401 3848 restaurato
1430 3783 1571 3869 dampno
1602 3783 1634 3847 ei
1663 3783 1715 3847 cui
1738 3782 1864 3845 illatum

211 3887 320 3968 fuerit,
343 3889 551 3974 persolvetis.
598 3888 637 3951 In
661 3896 765 3953 estate
789 3888 880 3968 duas,
904 3889 938 3952 in
960 3888 1068 3952 hicme
1091 3908 1189 3951 unam
1213 3909 1271 3972 pro
1295 3886 1515 3974 possibilitate
1538 3885 1642 3970 ipsius
1665 3885 1729 3949 loci
1751 3905 1861 3950 come·

212 3991 351 4055 stionem
382 3991 493 4069 nobis,
529 3992 557 4054 si
588 3998 758 4076 presentes
790 3991 964 4070 fuerimus,
997 3991 1049 4055 vel
1079 3990 1285 4055 ministeriali
1308 3989 1537 4070 nostroannis
1561 3988 1699 4073 singulis
1721 3987 1862 4052 facietis.

210 4093 284 4158 Hec
300 4103 411 4158 autem
428 4095 538 4160 omnia
553 4095 648 4158 uobis
671 4095 704 4158 in
725 4103 922 4181 perpetuum
940 4095 1178 4172 confirmamus,
1202 4102 1236 4157 et
1258 4099 1294 4156 ut
1315 4093 1349 4156 in
1372 4114 1431 4156 sua
1448 4092 1626 4157 stabilitate
1641 4096 1865 4178 permancant,

210 4199 376 4284 presentis
408 4199 520 4285 scripti
541 4200 733 4285 ‘patrocinio
768 4201 1021 4280 communimus,
1058 4204 1241 4262 statuentes
1273 4204 1310 4260 ut
1342 4196 1424 4260 nulli
1456 4196 1623 4260 bominum
1652 4195 1751 4260 liceat
1781 4195 1866 4259 banc

134 4323 160 4361 sa
212 4309 322 4366 nostre
347 4302 601 4368 confirmationis
625 4303 778 4389 paginam
800 4303 882 4366 eus'u
911 4302 1105 4367 temeritatis
1130 4301 1308 4385 infringere
1332 4300 1385 4364 vel
1408 4300 1439 4364 ei
1461 4297 1667 4384 aliquatenus
1691 4298 1863 4363 contraire.

318 4421 396 4489 Dat.
418 4423 560 4503 Perusii,
586 4423 685 4488 XVII
709 4423 785 4489 Kal.
808 4423 905 4488 Febr.
929 4445 1013 4487 anno
1037 4429 1164 4488 octavo.

834 4690 1245 4700 ——-———-——-——-—-——=

997 4943 1083 5016 aas.

321 5055 512 5167 Gregoriru
527 5081 583 5148 lX
601 5105 686 5164 papo
708 5083 877 5168 [Eqberto]
898 5085 1037 5164 curiaeque
1051 5079 1313 5164 Babemberqcusi
1335 5077 1479 5154 coneedit,
1501 5080 1537 5140 at
1554 5079 1719 5156 postquam
1741 5075 1801 5138 iter
1821 5074 1866 5138 ad

212 5187 373 5252 servulum
395 5187 478 5250 sedis
499 5187 685 5266 apostoticae
706 5187 890 5266 empserit,
913 5205 1009 5266 usque
1031 5184 1075 5248 ad
1094 5204 1216 5248 aunum
1238 5183 1275 5247 dc
1296 5181 1407 5246 debitis
1429 5178 1651 5244 mercatoribus
1672 5175 1863 5242 Scucuu‘bus

212 5289 369 5355 soluendis
389 5290 550 5354 maecuiri
570 5293 713 5370 nequeat.
1511 5281 1605 5358 1235,
1627 5279 1702 5344 qu.
1726 5281 1777 5345 16.

135 5434 160 5473 ,⁵
317 5407 399 5480 orep.
419 5409 469 5462 rx
486 5409 554 5478 neq.
576 5407 635 5462 uu.
654 5407 708 5476 ιν,
726 5411 792 5470 aaa
811 5406 873 5461 asu.
898 5406 982 5472 vm,
1001 5409 1064 5460 aaa.

316 5652 343 5722 i)
363 5650 412 5704 Ea
430 5649 533 5706 asima
550 5648 649 5721 oppidi
669 5649 816 5706 stauretur.
