4538 6426
442 459 482 518 40
1028 459 1075 513 EX
1093 459 1249 514 HONORIJ
1267 460 1307 514 III
1325 459 1505 514 REGISTRO

442 627 593 692 obstante
623 629 805 694 iuramento
835 631 921 716 quod
951 631 991 694 de
1020 633 1212 698 revocandis
1246 634 1512 720 possessionibus
1544 656 1623 718 quas
1660 633 1746 698 idem
1776 634 1831 696 W.
1871 635 1975 698 minus
2007 635 2094 698 lioite

442 733 643 798 alienaverat
667 735 880 819 corporaliter
901 736 1092 820 prestitisti,
1123 737 1292 802 arbitrium
1316 738 1438 822 ipsum,
1468 738 1494 801 si
1529 738 1668 802 ecclesio
1700 745 1754 801 tue
1784 737 1903 802 videris
1927 737 2094 822 expedire,

443 835 483 900 dc
507 837 641 900 licentia
663 845 774 901 nostra
799 839 929 916 subeas,
954 839 1087 924 capituli
1111 842 1159 904 tui
1182 863 1280 927 supcr
1302 841 1364 904 hoc
1389 842 1628 906 interveniente
1653 862 1823 906 consensu.

549 939 625 1005 Dat.
649 940 801 1006 Lateran.
826 941 878 1005 ΙΙΙ
901 941 978 1006 Idus
1002 943 1125 1020 Martii,
1150 965 1234 1008 anno
1258 943 1412 1008 secundo.

1064 1153 1475 1164 ..w—m

1244 1381 1304 1454 53.

556 1486 744 1582 Honorias
766 1519 831 1582 ΙΙΙ
845 1539 936 1599 parra
957 1519 1127 1604 [Roberto]
1152 1522 1291 1601 rpriacopo
1315 1521 1510 1585 Olomaccasi
1536 1523 1647 1586 iterato
1668 1522 1812 1598 mandat,
1842 1526 1877 1585 at
1899 1521 2097 1587 interdieta-ru
2151 1553 2162 1588 s

446 1627 480 1688 tc
503 1623 659 1706 Prapcasi
680 1621 793 1686 diocesi
810 1622 948 1702 positum
967 1625 1102 1703 firnritcr
1124 1625 1283 1689 observari
1302 1626 1411 1706 factat.
1460 1626 1509 1704 Cf.
1532 1644 1631 1705 supra
1653 1646 1684 1688 a.
1708 1627 1759 1689 50.

1717 1730 1809 1805 1218,
1832 1728 1934 1792 Mart.
1957 1730 2010 1792 27.

549 1810 623 1864 aa.
643 1811 697 1862 m
711 1809 778 1880 aeq.
803 1810 858 1863 vor.
879 1813 901 1873 r,
921 1814 991 1872 aaa·
1010 1811 1072 1865 nro.
1092 1813 1132 1876 Π,
1152 1817 1211 1865 oar.

548 1895 685 1958 Pottbaat
703 1897 770 1964 Rep.
791 1901 872 1950 5729.

994 2061 1219 2152 Episcopo
1247 2061 1548 2135 Olomucensi.
2152 2101 2175 2138 n

531 2206 758 2270 ‘Prosentium
782 2207 841 2270 tibi
864 2211 1058 2272 auctoritate
1094 2209 1212 2272 iterato
1242 2207 1452 2295 precipiendo
1481 2209 1682 2287 mandamus,
1706 2211 1857 2293 quatinus
1880 2208 2099 2287 interdictum,

446 2310 529 2374 sicut
552 2316 603 2373 est
631 2311 774 2395 positum
807 2311 839 2373 in
872 2311 1033 2395 Pragensi
1068 2312 1193 2376 diocesi
1228 2334 1285 2398 per
1315 2311 1536 2376 venerabilem
1567 2312 1701 2375 fratrem
1729 2318 1875 2375 nostrum
1898 2312 2100 2396 Progensem

445 2414 635 2499 episcopum
659 2418 691 2477 ct
714 2413 845 2477 demum
868 2417 1061 2478 auctoritate
1085 2415 1266 2500 apostolica
1289 2416 1523 2493 confirmatum,
1549 2415 1753 2477 relaxatione
1777 2415 1973 2479 venerabilis
1990 2414 2099 2477 fratris

445 2516 578 2581 nostri.
605 2563 612 2577 .
636 2516 820 2599 Maguntini
843 2517 1081 2603 archiepiscopi
1112 2539 1176 2580 non
1201 2518 1368 2594 obstante,
1399 2518 1433 2579 in
1457 2517 1607 2580 ecclesiis
1632 2515 1859 2582 Cistcrciensis
1885 2523 1919 2581 et
1941 2517 2098 2581 Prernon-

446 2620 617 2684 stratensis
641 2620 791 2684 ordinum
814 2627 847 2684 et
863 2621 1159 2706 Hospitalariorum
1183 2628 1215 2685 et
1239 2623 1391 2700 omnium,
1416 2628 1482 2684 tam
1506 2628 1732 2706 exemptorum
1756 2642 1852 2705 quam
1874 2641 1939 2684 non
1964 2641 2098 2705 exemp·
2155 2651 2177 2686 n

445 2731 563 2804 torum,
586 2722 732 2788 eiusdem
759 2722 900 2787 diocesis
924 2724 1026 2787 facias
1050 2745 1109 2808 per
1134 2746 1304 2788 censuram
1332 2725 1600 2802 ecclesiasticam,
1626 2732 1750 2788 remoto
1775 2724 1949 2788 cuiuslibet
1971 2729 2100 2786 contra·

446 2829 597 2893 dictionis
620 2834 653 2892 et
666 2829 896 2914 appellationis
914 2828 1095 2906 obstaculo,
1119 2829 1255 2891 firmiter
1273 2828 1451 2904 observari,
1470 2849 1534 2891 non
1553 2828 1759 2891 obstantibus
1777 2827 1956 2913 privilegiis
1976 2826 2101 2891 eisdem

446 2932 652 2996 monasteriis
684 2932 726 2994 ab
754 2932 935 3017 apostolica
964 2931 1041 2995 sede
1073 2933 1248 2995 concessis.
1321 2932 1476 3014 Alioquin
1510 2930 1638 2995 dilectis
1666 2932 1741 2994 filiis
1843 2930 1966 2994 decano
1999 2936 2032 2994 et
2061 2980 2068 2995 .
2094 2978 2101 2992 .

447 3035 620 3100 scolastico
653 3033 919 3098 Wratislaviensi
957 3034 1071 3098 damus
1109 3036 1230 3098 nostris
1268 3035 1386 3098 litteris
1426 3034 1458 3097 in
1496 3034 1674 3112 mandatis,
1712 3041 1749 3098 ut
1784 3041 1817 3098 te
1854 3055 1874 3097 a
1912 3033 2100 3119 receptione

447 3141 630 3203 litterarum
659 3145 843 3202 nostrarum
870 3139 954 3202 infra
981 3139 1097 3223 viginti
1128 3138 1197 3202 dies
1228 3137 1268 3201 ad
1305 3138 1336 3200 id
1365 3138 1594 3220 exequendum
1625 3136 1828 3202 districtione
1860 3158 1924 3222 qua
1950 3136 2103 3200 convenit
2155 3165 2179 3201 a.

446 3242 667 3327 appellatione
690 3249 815 3305 remota
838 3235 1046 3325 compellant.

554 3345 631 3410 Dat.
654 3344 807 3410 Lateran.
830 3343 880 3406 VI
902 3343 978 3409 Kal.
1001 3339 1136 3429 Aprilis,
1161 3365 1245 3407 anno
1271 3341 1427 3407 seeundo.

554 3485 593 3547 In
618 3483 757 3549 eundem
782 3484 913 3547 modum
936 3484 1091 3570 scripturn
1122 3490 1173 3547 cst
1201 3503 1301 3567 super
1330 3482 1392 3545 hoc
1422 3481 1547 3545 eisdem
1577 3528 1584 3543 .
1609 3529 1616 3542 .
1646 3479 1771 3545 dccano
1802 3487 1835 3544 et
1859 3529 1897 3546 ..
1929 3478 2100 3543 scolastico

448 3588 713 3653 Wratislaviensi
735 3609 838 3673 usque
863 3588 896 3652 in
920 3588 1028 3666 finem,
1051 3587 1160 3651 verbis
1185 3592 1409 3670 competenter
1431 3585 1574 3648 mutatis.

1245 4038 1305 4112 54.

555 4151 742 4242 Honori-as
764 4177 831 4241 111
843 4199 933 4258 popo
955 4177 1162 4262 [Robcrtanr]
1184 4179 1357 4258 cfflscopam
1382 4173 2103 4258 olomucensemprooiler1·eprclrcrut·it,qaod
2155 4205 2179 4239 n

448 4282 483 4346 ira
508 4280 634 4344 ecclesia
658 4279 813 4361 Prapoasr'
834 4279 998 4343 interdicto
1019 4281 1180 4359 scrpposita
1203 4281 1392 4344 sollenniter
1414 4279 1619 4343 celebrauerit.
1723 4281 1816 4354 1218,
1838 4276 1940 4343 dlort.
1962 4279 2014 4339 29.

552 4397 625 4451 Han.
644 4399 698 4449 III
713 4397 781 4465 Ray.
805 4397 861 4450 Vol.
881 4401 903 4462 Ι,
922 4403 991 4464 240,-
1010 4399 1072 4452 Lao.
1091 4401 1131 4461 ΙΙ,
1151 4401 1212 4452 994.

552 4483 684 4546 Pottbast,
703 4483 773 4552 Ray.
793 4487 876 4537 5737.

962 4701 970 4716 .
999 4701 1008 4717 .
1036 4644 1325 4728 Olomucensi
1354 4644 1576 4735 episeopo.

556 4791 662 4877 Super
684 4790 747 4855 hiis
770 4812 832 4876 quc
855 4790 896 4855 dc
919 4797 951 4855 te
975 4791 1157 4856 audivimus
1181 4815 1245 4858 non
1270 4794 1447 4858 sufficimus
1471 4792 1650 4868 ammirari,
1680 4791 1765 4877 quod
1789 4791 1944 4856 videlieet
1967 4792 2101 4854 sollem-
2155 4812 2182 4848 a»

448 4897 556 4983 pniter
578 4894 796 4959 celebraveris
821 4894 854 4956 in
877 4893 1037 4978 Pragensi
1060 4897 1221 4972 ecclesia,
1254 4918 1350 4980 quam
1374 4895 1502 4960 sciebas
1526 4895 1750 4959 eeclesiastico
1775 4895 1977 4980 suppositam
2001 4895 2103 4958 inter-

447 5000 544 5078 dicto,
567 5005 680 5085 utpote
704 4998 757 5061 oui
780 5019 799 5061 a
822 4995 917 5061 nobis
934 4997 1081 5062 eiusdem
1099 5001 1251 5064 executio
1273 4999 1438 5063 interdicti
1460 5000 1566 5063 fuerat
1589 4997 1793 5062 demandata.
1828 4998 1953 5062 Verum
1977 4998 2004 5061 si
2029 5020 2105 5062 cen-

448 5123 555 5167 suram
579 5101 837 5166 ecclesiasticam
860 5101 1085 5186 parvipendis,
1108 5125 1166 5188 pro
1191 5125 1256 5188 qua
1278 5124 1444 5189 opponere
1469 5109 1501 5166 te
1526 5102 1676 5178 deberes,
1700 5101 1753 5165 vel
1776 5122 1841 5164 non
1865 5101 1984 5176 habes,
2007 5109 2105 5186 prout

448 5189 580 5269 deceret
602 5205 807 5290 episcopum,
838 5204 997 5288 sapientie
1027 5205 1284 5287 condimentum,
1314 5207 1367 5270 vel
1396 5205 1524 5292 appetis
1556 5205 1603 5268 tui
1627 5204 1758 5267 honoris
1782 5203 1998 5288 dispendium,
2026 5203 2105 5268 dum

446 5308 692 5394 presumptione
715 5307 915 5394 dampnabili
938 5308 999 5373 heo
1022 5309 1194 5394 presumis,
1219 5309 1296 5372 etsi
1313 5329 1410 5393 super
1428 5308 1539 5372 multis
1557 5315 1590 5371 et
1605 5307 1702 5371 variis
1718 5305 1951 5370 afflictionibus
1966 5327 2104 5370 venera-
2158 5333 2184 5371 ss

446 5410 522 5474 bilis
557 5410 665 5473 fratris
694 5411 796 5475 nostri
821 5459 828 5473 .
852 5458 859 5473 .
884 5411 1030 5497 episcopi
1061 5419 1093 5475 et
1127 5411 1320 5476 dilectorum
1352 5411 1492 5474 filiorum
1528 5411 1758 5474 canonicorum
1790 5409 2007 5494 Pragensium
2040 5431 2105 5474 non

446 5514 598 5594 moveris,
621 5521 754 5599 propter
778 5535 859 5598 quas
888 5513 1002 5579 eadem
1031 5519 1082 5578 cst
1113 5515 1253 5578 ecclesia
1283 5514 1457 5578 interdicto
1488 5512 1652 5577 subiecta:
1683 5513 1802 5577 videris
1837 5533 2015 5576 evacuasse
2040 5535 2105 5578 non

313 5612 421 5667 Ἠοῖ-ΕΡ·
451 5616 678 5702 compatiendo
702 5618 861 5703 proximis
884 5619 993 5703 legem
1018 5618 1141 5682 Christi
1173 5626 1207 5682 et
1229 5619 1355 5704 pariete
1383 5618 1518 5682 ardente
1548 5618 1646 5681 vicini
1674 5616 1814 5702 propriis
1837 5617 1924 5681 nolle
1954 5617 2106 5703 dampnis

318 5665 336 5716 1,
351 5671 361 5707 1
377 5697 382 5716 ,
411 5696 417 5706 .

364 5671 409 5709 ⁸8⁴
450 5740 633 5801 occurrere,
656 5719 735 5786 licet
758 5743 810 5786 res
834 5722 965 5807 propria
995 5720 1042 5784 sio
1071 5725 1196 5804 agatur.
1241 5717 1325 5808 Quia
1353 5741 1430 5786 vero
1460 5719 1538 5783 talia
1567 5740 1631 5785 non
1655 5727 1731 5787 sunt
1753 5719 1999 5809 quomodolibet
2021 5721 2105 5786 tolo-
