4590 6366
790 383 990 443 srls'connlo
1008 386 1197 446 SELECTAE.
1230 391 1305 447 1236.

1006 709 1093 781 689.
1202 693 1211 708 ’

330 832 522 943 (siricorum
541 861 597 927 IX
610 882 701 942 popo
715 861 895 948 [Siycfrido
910 863 993 952 ΙΙΙ]
1012 866 1240 946 archiepiscopo
1256 865 1445 949 Moynntino
1465 868 1604 941 macac,
1625 873 1660 932 nl
1675 867 1872 955 [Lundolfo]

220 967 311 1030 obolo
341 965 572 1045 Wormooiensi,
595 969 624 1030 si
646 969 829 1031 cononicam
851 969 981 1050 aliquod
1002 990 1066 1034 non
1089 970 1227 1048 obsistat,
1250 989 1366 1034 mnnns
1388 973 1628 1036 consecrationis
1649 973 1820 1053 impendel.

1534 1077 1627 1153 1236,
1650 1073 1734 1143 Mai.
1759 1077 1790 1140 5.

331 1154 412 1223 Grec.
431 1155 481 1208 IX
497 1155 562 1224 ch.
586 1153 642 1209 Vol.
668 1155 696 1218 V,
720 1159 784 1221 154;
807 1156 870 1210 Lib.
889 1158 935 1225 X,
963 1162 1007 1213 69.

161 1263 173 1300 a
330 1242 465 1308 Pottlrosl‚
485 1240 554 1312 Ray.
573 1245 670 1295 10157.

720 1438 1083 1533 Archiepiscopo
1109 1441 1376 1534 Magantino.

327 1587 393 1652 Per
414 1587 542 1650 litteras
566 1592 650 1666 tuas,
674 1607 716 1650 au
739 1586 781 1650 ad
804 1589 1085 1653 consecrationem
1104 1589 1216 1654 dilecti
1232 1589 1290 1653 filii
1303 1589 1562 1655 Warmaeieusis
1581 1591 1679 1655 electi
1695 1589 1874 1677 procedere

220 1691 353 1770 debeas,
377 1691 556 1775 quasivicti.
602 1687 685 1753 Cum
710 1690 811 1774 igitur
832 1690 873 1754 ed
896 1692 1084 1756 instantiam
1110 1692 1277 1756 karissimi
1301 1695 1334 1757 in
1352 1692 1484 1758 Christo
1507 1694 1566 1757 filii
1589 1696 1695 1759 nostri
1713 1694 1875 1759 Friderici

219 1795 441 1860 Romanorum
456 1793 662 1880 imperatoris
678 1800 740 1859 etc.
754 1796 999 1860 venerabilibus
1017 1796 1173 1860 fratribus
1189 1797 1310 1861 nostris
1324 1847 1352 1863 ..
1369 1796 1608 1863 Ildesemeusi¹
1626 1803 1659 1862 et
1674 1846 1681 1862 .
1695 1847 1702 1863 .
1718 1797 1873 1884 Ratispo-

145 1931 169 1971 ιο
220 1898 335 1965 nensi²
358 1899 521 1986 episcopis
544 1898 787 1983 inquisitionem
812 1921 911 1985 super
927 1899 1123 1986 quibusdam
1140 1900 1181 1966 de
1203 1899 1330 1988 prefato
1347 1903 1454 1966 electo
1471 1902 1729 1966 commiserimus
1746 1901 1873 1966 facien-

220 2003 295 2068 dam
303 2003 325 2082 ³,
338 2024 400 2066 neo
416 2002 514 2066 fuerit
530 2002 563 2064 in
579 2003 652 2087 ipsa
667 2024 866 2088 processum,
883 2004 939 2068 illo
957 2005 1086 2068 interim
1101 2004 1198 2068 bonis
1217 2005 1459 2091 episcopalibus
1476 2005 1627 2092 spoliato,
1639 2003 1870 2091 propterquod

220 2106 307 2170 idem
329 2105 547 2188 personaliter
569 2104 611 2169 ad
635 2106 747 2170 sedem
771 2107 986 2192 apostolicam
1008 2107 1180 2186 laboravit,
1204 2108 1401 2173 fraternitati
1417 2114 1472 2173 tue
1492 2107 1695 2188 mandemus,
1720 2110 1872 2194 quatinus

219 2232 260 2275 ne
276 2209 535 2276 Warmoeiensis
553 2211 695 2274 ecelesia
717 2211 828 2275 taliter
852 2218 984 2275 maneat
1006 2210 1164 2275 destituta
1185 2219 1331 2298 pastore,
1355 2212 1533 2298 assumptis
1551 2209 1680 2276 duobus
1698 2212 1751 2276 vel
1768 2211 1873 2276 tribus

220 2313 436 2398 suffraganeis
459 2314 524 2377 tuis
548 2312 655 2378 eidem
679 2316 796 2394 eleeto,
822 2315 849 2378 si
872 2314 995 2399 aliquid
1012 2315 1203 2380 canonicum
1226 2336 1292 2380 non
1309 2315 1449 2393 obsistit,
1472 2336 1591 2379 munus
1609 2315 1867 2380 consecrationis

145 2440 167 2477 n
221 2415 402 2505 impendas.

328 2536 404 2601 Dat.
429 2536 580 2617 Viterbii,
603 2538 656 2601 ΙΙΙ
678 2536 790 2602 Nonas
813 2537 905 2620 Maii,
929 2560 1014 2603 anno
1038 2538 1081 2606 X.

842 2799 1253 2806 -———-—

997 3043 1084 3116 690.

326 3171 518 3282 Graeceius
547 3197 603 3264 IX
627 3221 715 3280 popo
742 3200 948 3287 [Willrelmo]
981 3203 1121 3284 episcopo
1153 3201 1311 3284 qnondam
1339 3197 1521 3262 Mutinensi
1553 3198 1703 3277 concedit,
1737 3204 1772 3263 nt
1805 3221 1874 3265 cnm

219 3324 351 3369 assensn
384 3304 584 3389 [Hermanni
612 3303 719 3387 Bell]
750 3305 965 3386 praeceptoris
999 3309 1028 3370 ot
1057 3307 1199 3388 fratrom
1229 3304 1353 3370 ordinis
1384 3301 1620 3366 Tcnlonieornm
1653 3303 1688 3366 in
1718 3302 1871 3368 Prasoioe

214 3408 363 3489 porlibrcs
389 3406 580 3470 morantium
608 3406 720 3470 ibidem
744 3407 877 3472 dioceses
901 3409 1039 3474 limitare
1061 3415 1090 3474 ot
1112 3414 1174 3474 tros
1196 3410 1233 3474 de
1257 3405 1418 3493 fratribus
1438 3403 1698 3469 Praedicatornm
1719 3406 1875 3487 episcopos

140 3543 166 3582 20
217 3512 380 3575 instituere
403 3510 514 3573 volent.
1511 3509 1604 3585 1236,
1623 3507 1708 3572 Mol.
1731 3512 1784 3575 30.

324 3629 404 3698 Grec.
424 3629 473 3682 IX
491 3629 560 3697 Ray.
578 3627 642 3682 Lib.
662 3629 698 3693 X,
719 3633 766 3685 88.
801 3630 921 3684 Edimas
939 3630 1011 3685 lione
1030 3633 1172 3701 epistolum
1190 3647 1224 3685 cor
1237 3629 1330 3699 Ruyn.
1348 3629 1420 3683 Ann.
1439 3627 1500 3681 cccl.
1519 3643 1544 3679 o.
1559 3628 1639 3694 1236,
1657 3629 1727 3692 661,
1746 3628 1873 3688 cellulum

216 3732 276 3770 curn
297 3716 386 3784 Voipt,
406 3715 469 3769 Ood.
488 3713 554 3784 dipl.
574 3714 671 3769 Prnsc.
690 3721 709 3769 l.
728 3715 753 3780 I,
769 3733 799 3785 p.
818 3721 862 3780 46,
880 3735 907 3771 n.
926 3721 963 3771 47
982 3716 1056 3786 [VJ.

321 3803 457 3871 Politen,
475 3801 544 3871 Rea.
564 3804 661 3855 10173.

810 4017 1028 4112 Episcopo
1055 4017 1279 4109 quondam

515 4135 752 4209 Mutinensi
779 4138 1096 4228 penitentiario
1124 4143 1300 4226 nostro,
1328 4133 1579 4228 apostolice

880 4259 999 4332 sedis
1026 4259 1206 4351 legato&

304 4404 387 4470 Cum
421 4405 624 4471 exultatione
659 4406 794 4492 spiritus
829 4409 1014 4487 intellecto,
1049 4407 1136 4494 quod
1171 4406 1281 4471 divine
1314 4405 1456 4472 iaciente
1491 4403 1639 4491 potentia
1670 4409 1797 4467 tantum
1829 4401 1869 4468 de

215 4507 352 4574 Pruscie
375 4511 521 4597 partibus
546 4511 588 4574 sit
606 4509 794 4574 Christiano
810 4511 953 4577 dominio
968 4512 1188 4596 subiugatum,
1211 4517 1248 4574 ut
1271 4509 1395 4574 ibidem
1417 4508 1546 4594 possint
1568 4507 1702 4571 limitari
1720 4506 1870 4571 dioceses

218 4617 252 4676 et
274 4613 422 4699 episcopi
445 4615 572 4678 institui
596 4635 633 4678 ac
657 4613 781 4679 eisdem
804 4636 947 4700 congrue
964 4615 1004 4680 de
1021 4616 1117 4680 bonis
1133 4614 1370 4700 temporalibus
1387 4611 1562 4699 provideri,
1585 4611 1788 4697 presentium
1810 4610 1871 4675 tibi

139 4732 165 4770 ³⁰
217 4717 412 4783 auctoritate
436 4707 654 4797 concedimus,
677 4723 714 4781 nt
736 4717 845 4782 Deum
868 4718 1020 4784 habendo
1044 4741 1103 4806 pre
1119 4719 1232 4796 oculis,
1256 4717 1296 4781 de
1319 4717 1455 4780 oonsilio
1472 4721 1506 4780 et
1520 4735 1660 4779 assensu
1675 4714 1870 4779 dilectorum

215 4818 374 4884 liliorumb
396 4822 601 4906 preceptoris
625 4827 658 4885 et
680 4820 815 4885 fratrum
839 4821 1013 4907 hospitalis
1035 4829 1146 4886 sancte
1162 4820 1266 4886 Marie
1290 4819 1567 4885 Tbeutonicorum
1585 4817 1781 4904 inpartibus
1804 4817 1870 4880 illis

215 4923 426 5001 morantium,
454 4925 488 4987 iu
515 4917 638 4989 eisdem
667 4925 816 5010 partibus
845 4925 985 4990 limitare
1017 4925 1168 4990 dioceses
1199 4931 1233 4990 et
1260 4931 1327 4987 tres
1355 4921 1396 4986 de
1424 4922 1579 4986 iratribus
1608 4920 1730 4984 ordinis
1753 4917 1869 4983 Prodi-

216 5033 361 5091 catorum
384 5026 555 5091 dumtaxat
577 5027 699 5093 ibidem
722 5028 894 5094 instituere
911 5030 1034 5110 valeas,
1057 5053 1094 5096 ec
1119 5029 1252 5096 eosdem
1277 5027 1387 5108 ctiam,
1410 5025 1534 5090 adscito
1559 5025 1715 5088 canonico
1740 5021 1869 5106 episco-

215 5151 332 5214 porum
355 5151 502 5210 numero,
526 5151 729 5198 consecrare.

137 5283 162 5323 rs
323 5253 399 5316 Det.
423 5251 621 5332 Interamna,
644 5253 695 5316 ΙΙΙ
717 5251 791 5320 Kal.
815 5253 913 5334 Iunii,
937 5274 1022 5317 anno
1046 5253 1088 5317 X.

320 5547 342 5614 'l
354 5549 449 5616 sena
466 5547 639 5614 itinerationis
656 5563 687 5597 o
709 5545 735 5598 V.
821 5545 844 5613 b)
861 5547 898 5597 aa
924 5547 960 5611 r,
977 5548 1063 5598 cisen
1081 5547 1127 5598 ciri
1148 5546 1231 5612 aaa.

322 5683 346 5752 l)
365 5682 493 5736 Conrado
513 5683 554 5735 ΙΙ.
625 5683 652 5749 ⁸2)
671 5681 822 5751 Slycsrddo.
893 5685 921 5750 3)
942 5683 985 5748 (ls.
1003 5699 1029 5736 n.
1050 5687 1112 5734 659.
