4494 6426
706 357 906 412 EPISTOLAE
924 355 1114 410 subuculis.
1146 357 1222 411 1221.
1731 363 1792 426 123

139 529 359 594 coronationis
381 529 486 615 ipsius
509 529 664 595 festinum
686 531 729 595 ad
752 530 890 596 eandem
913 537 1034 595 terram
1057 530 1263 616 promisisset
1284 552 1469 614 accessum,
1492 532 1659 620 predictus
1683 541 1794 599 tamen

138 634 257 698 asserit
279 633 470 719 imperator,
503 633 590 719 quod
619 655 692 698 cum
715 633 924 698 venientibus
954 653 1066 697 secum
1096 633 1137 697 ad
1161 635 1404 699 coronationem
1427 634 1565 700 eandem
1587 636 1790 722 principibus

141 742 175 799 et
196 737 270 800 aliis
295 756 446 819 magnam
466 737 641 821 pecuniam
665 737 808 820 erogarit
838 742 871 800 et
894 743 968 822 post
991 737 1235 800 coronationem
1257 757 1350 801 suam
1373 737 1529 821 grandem
1556 738 1792 805 accedentibus

139 837 326 902 Damiatam
350 838 503 903 tribuerit
524 839 664 924 pecunie
688 839 913 924 quantitatem,
937 838 1081 902 nondum
1104 839 1218 924 potuit,
1242 839 1328 903 sicut
1347 838 1451 920 decet,
1476 840 1612 906 eodeml
1638 841 1672 904 in
1696 861 1794 905 manu

141 941 249 1006 valida
264 941 487 1022 transfretare,
510 948 660 1007 metuens
683 963 736 1022 ne,
761 943 787 1005 si
804 947 900 1028 prout
921 943 992 1006 eius
1008 942 1112 1026 exigit
1135 941 1378 1027 magnificentia
1392 963 1457 1007 non
1473 945 1612 1025 veniret,
1637 943 1795 1009 conlundi

140 1045 249 1131 potius
273 1065 369 1129 quarn
384 1046 569 1131 promoveri
586 1046 792 1130 contingeret
807 1046 976 1130 negotium
996 1053 1222 1110 memoratum.
1268 1044 1361 1110 Idem
1384 1067 1512 1132 quoque
1528 1048 1705 1132 imperator
1727 1068 1793 1111 non

140 1156 266 1213 tantum
295 1147 407 1221 nobis,
443 1154 494 1211 set
525 1146 674 1212 omnibus
706 1149 906 1233 generalitor
933 1149 1069 1213 firmiter
1095 1150 1284 1235 pollicetur,
1318 1148 1406 1234 quod
1438 1151 1472 1214 in
1505 1151 1653 1236 proximo
1685 1149 1793 1215 futuro

139 1252 292 1338 passagio
308 1245 432 1315 mensis
447 1250 559 1314 Martii
582 1250 615 1314 in
637 1249 714 1315 lorti
737 1258 770 1316 et
791 1253 916 1337 potenti
939 1252 1074 1316 brachio
1094 1253 1329 1334 transfretabit,
1352 1252 1588 1340 propterquod
1605 1255 1797 1340 suppliciter

140 1363 175 1420 et
196 1355 371 1442 plurimum
395 1355 526 1436 institit,
549 1362 586 1419 ut
608 1355 798 1419 dilationem
823 1355 885 1419 sibi
910 1355 1091 1420 concedere
1115 1355 1334 1440 dignaremur,
1357 1355 1518 1442 adquam
1542 1355 1796 1436 concedendam,

79 1493 91 1523 o
142 1457 221 1522 lieet
254 1479 356 1542 usque
396 1457 437 1522 ad
471 1459 654 1544 predictum
692 1461 880 1547 passagium
917 1460 1067 1525 videatur
1100 1461 1268 1546 accepisse
1303 1461 1477 1525 terminum
1511 1482 1571 1547 per
1611 1483 1646 1526 se
1678 1461 1796 1547 ipsum,

140 1567 438 1647 quantumcumque
467 1564 574 1648 rogati
602 1584 766 1648 nunquam
796 1563 962 1650 potuimus
992 1563 1152 1629 inclinari.
1204 1562 1362 1626 Proterea
1394 1584 1454 1628 nos
1489 1563 1670 1629 venerabili
1704 1564 1797 1628 fratri

141 1670 254 1727 nostro
279 1713 287 1726 .
305 1715 313 1729 .
329 1663 502 1729 Hostiensi
526 1667 704 1752 episcopo¹
726 1689 785 1752 pro
810 1667 926 1731 eodem
940 1667 1074 1750 negotio
1098 1667 1131 1730 in
1146 1665 1378 1730 Lambardiam
1402 1673 1435 1730 et
1449 1666 1602 1731 Tusciam
1620 1665 1796 1746 destinato,

142 1771 174 1831 et
197 1788 263 1831 non
285 1767 414 1832 modica
436 1768 477 1834 de
506 1777 616 1834 nostro
641 1777 777 1855 erogata
799 1771 939 1856 pecunia
967 1792 1026 1856 per
1053 1768 1208 1848 eundern,
1240 1769 1398 1834 obtimum
1421 1770 1666 1855 procuravimus
1690 1769 1792 1835 Terre

142 1867 261 1934 Sancte
284 1892 484 1954 succursum,
508 1873 554 1936 ita
576 1873 663 1959 quod
686 1875 714 1937 si
737 1873 842 1939 dictus
866 1875 1059 1961 imperator,
1089 1873 1175 1958 quod
1200 1879 1327 1937 avertat
1348 1872 1520 1952 Dominus,
1543 1892 1609 1935 non
1632 1873 1796 1951 transiret,

143 1979 300 2059 operante
328 1975 401 2055 illo,
429 1997 448 2039 a
478 1996 540 2060 quo
570 1983 621 2041 est
650 1998 746 2041 omne
775 1975 887 2041 datum
917 1978 1074 2064 optimum
1105 1983 1139 2042 et
1167 1998 1263 2041 omne
1292 1976 1412 2040 donum
1437 1974 1637 2061 perfectum,
1667 1975 1797 2040 felicem

141 2079 266 2164 poteris
298 2079 402 2166 ipsius
431 2081 558 2164 negotii
587 2088 762 2166 expectare
791 2102 992 2168 processum.
1049 2080 1093 2144 Et
1124 2102 1201 2145 ecce
1233 2078 1373 2145 dilectus
1404 2079 1491 2143 lilius
1521 2078 1641 2142 nobilis
1669 2079 1720 2143 vir
1751 2127 1759 2144 .
1790 2127 1797 2142 .

142 2181 286 2247 marchio
314 2182 573 2248 Montisferrati²
606 2204 679 2248 oum
709 2184 847 2248 militum
882 2184 1089 2249 multitudine
1117 2191 1338 2263 strenuorum,
1372 2182 1495 2248 vexillo
1531 2182 1687 2269 principis
1718 2203 1797 2269 epo-

143 2285 300 2349 stolorum
323 2292 357 2350 et
379 2286 472 2370 signo
496 2285 601 2350 crucis
624 2293 776 2372 accepto,
808 2286 849 2350 ad
875 2286 1030 2353 festinum
1055 2286 1162 2353 eidem
1185 2293 1271 2351 terre
1294 2285 1476 2350 subsidium
1499 2305 1534 2350 se
1557 2285 1715 2371 accingit,
1744 2284 1798 2370 qui

143 2388 238 2454 nobis
265 2396 400 2476 propter
427 2389 489 2454 hoc
516 2389 736 2454 tribuentibus
765 2389 952 2475 quindecim
982 2391 1073 2455 milia
1102 2390 1305 2454 marcharum
1332 2388 1460 2474 argenti
1488 2393 1563 2452 tuus
1595 2395 1629 2454 et
1657 2388 1797 2453 ecclesie

70 2515 80 2551 a
143 2492 292 2557 Romane
320 2492 485 2557 vexillifer
514 2494 727 2574 constitutus,
761 2493 900 2578 obsequi
929 2494 990 2560 tibi
1019 2500 1150 2559 tenetur
1178 2514 1276 2580 super
1304 2493 1437 2578 negotio
1465 2499 1655 2558 memorato.
1716 2491 1799 2556 Cum

142 2603 252 2662 autem
275 2616 335 2659 nos
358 2595 391 2659 in
416 2596 489 2660 sinu
512 2597 814 2681 circumspectionis
837 2602 893 2661 tue
918 2605 1015 2684 caput
1037 2597 1193 2684 intrepidi
1217 2596 1430 2676 reclinemus,
1453 2617 1513 2683 per
1535 2596 1716 2683 apostolica
1738 2593 1799 2659 tibi

143 2700 265 2785 scripta
290 2699 493 2778 mandamus,
517 2701 669 2785 quatinus
692 2700 841 2786 predicta
857 2699 1033 2785 diligenter
1056 2700 1230 2764 attendens
1255 2705 1288 2764 et
1303 2700 1567 2764 circumstantias
1586 2697 1799 2764 considerans

143 2805 323 2885 universes,
345 2803 458 2868 habito
480 2825 671 2888 magnorum
696 2810 729 2868 et
751 2803 948 2890 prudentum
972 2804 1113 2868 virorum
1137 2804 1178 2868 de
1200 2803 1359 2884 exercitu,
1383 2824 1465 2888 quos
1488 2802 1609 2867 videris
1627 2801 1798 2888 expedire,

143 2907 280 2972 consilio
310 2907 379 2972 sive
411 2928 511 2993 super
540 2907 601 2970 hoc
630 2927 689 2971 seu
716 2928 815 2992 super
845 2907 932 2988 aliis,
962 2928 1112 2990 cumea,
1142 2928 1204 2993 que
1233 2914 1266 2972 te
1291 2905 1387 2971 decet
1410 2911 1444 2970 et
1467 2912 1593 2970 tantum
1615 2905 1794 2992 negotium,

70 3033 80 3070 r
144 3011 331 3075 maturitate
355 3010 530 3097 procedas,
560 3017 656 3097 prout
686 3010 728 3075 ad
757 3011 896 3096 gloriam
917 3010 982 3075 Dei
1006 3018 1039 3075 et
1061 3009 1318 3074 Christianitatis
1342 3010 1482 3074 salutem
1505 3009 1698 3094 cognoveris
1721 3027 1797 3095 pro·

72 5275 97 5308 4⁰

143 3112 338 3179 cedendum.

250 3232 327 3298 Dat.
350 3233 504 3300 Lateran.
526 3234 595 3298 XII
618 3233 693 3299 Kal.
716 3234 803 3316 Iulii,
826 3236 1034 3321 pontificatus
1058 3234 1161 3299 nostri
1184 3254 1268 3298 anno
1293 3234 1415 3319 quinto.

251 3354 291 3418 In
307 3354 449 3421 eundem
468 3356 599 3422 modum
615 3357 771 3442 scriptum
788 3363 839 3421 est
854 3356 1059 3443 Templariis,
1081 3355 1326 3442 Hospitalariis,
1344 3406 1350 3420 .
1373 3407 1379 3422 .
1396 3352 1577 3439 magistro³
1592 3359 1627 3416 ot
1641 3351 1797 3417 fratribus

146 3457 332 3545 Hospitalis
361 3467 474 3524 sancte
502 3459 606 3524 Mario
639 3460 896 3525 Teutonicorum
929 3466 963 3524 et
997 3512 1003 3525 .
1035 3509 1042 3524 .
1074 3460 1320 3545 archiepiscopo
1349 3455 1626 3544 Burdegalensi‘,
1662 3455 1799 3521 cuilibet

148 3582 209 3648 per
231 3583 277 3628 se.

255 3682 338 3748 Cum
367 3683 475 3748 aditus
498 3691 610 3771 pateat
638 3685 876 3750 consumationi
904 3684 1030 3769 negotii
1053 3684 1260 3764 manifestus,
1289 3689 1323 3747 et
1346 3681 1538 3765 magnificus
1567 3675 1736 3765 spereturb
1768 3677 1801 3740 in

144 3787 296 3873 proximo
318 3786 392 3852 Deo
416 3787 557 3852 faciente
585 3810 759 3853 succursus
789 3812 809 3853 a
838 3789 986 3875 partibus
1017 3787 1215 3868 cismarinis,
1251 3793 1285 3851 et
1318 3787 1403 3850 sicut
1430 3783 1565 3863 dicitur,
1597 3779 1733 3846 orientis
1764 3800 1800 3844 se

144 3889 296 3975 pluribus
323 3891 571 3976 accingentibns
598 3892 639 3955 ed
667 3892 849 3957 subsidium
877 3891 980 3957 'Perre
1012 3891 1145 3968 Sancte,
1179 3891 1291 3954 utilius
1324 3888 1496 3954 consilium
1530 3885 1625 3950 nobis
1657 3883 1797 3960 videtur,

145 3992 253 4056 adhuc
277 4014 408 4058 manum
431 3994 655 4060 misericordie
679 3994 742 4059 Dei
766 4002 954 4080 expectare,
977 4015 1073 4078 quam
1098 3991 1283 4058 huiusmodi
1306 3990 1513 4076 pactionibus
1536 3987 1693 4052 inclinari.

771 4291 866 4297 ——.-.-..
873 4289 1159 4296 ------.--.---..,.,-
1166 4288 1183 4294 .-

945 4571 1029 4646 177.

261 4685 449 4778 Honorias
476 4712 543 4777 ΠΙ
561 4733 652 4792 papa
679 4711 880 4797 F[riderice]
906 4711 1121 4778 Romanarum
1147 4705 1330 4789 imperatori
1355 4704 1479 4787 gratias
1506 4703 1586 4786 agit,
1618 4701 1701 4785 qaod
1728 4723 1805 4784 qaa-

68 4763 94 4786 m,
145 4821 297 4903 draginta
323 4817 432 4900 galeas
453 4815 632 4900 [Waltero]
657 4815 850 4881 Callon-aemi
877 4816 1015 4896 episcopo
1042 4817 1071 4878 ct
1091 4811 1266 4898 [ilenrico]
1294 4809 1400 4874 cernite
1421 4806 1578 4870 Mettensi
1603 4805 1733 4869 dardae
1759 4803 1803 4868 ad

146 4921 324 4986 absidiam
349 4920 464 4985 Terrae
479 4919 615 4986 Sanctae
636 4918 855 4997 destinaverit;
877 4919 1086 5000 cmqsamtar,
1108 4915 1190 4998 qaod
1211 4933 1264 4978 eas
1285 4931 1349 4976 aon
1369 4909 1465 4992 prius
1485 4908 1614 4986 miserit,
1635 4910 1745 4984 nwact,
1768 4909 1804 4970 at

146 5030 252 5090 caum
274 5043 365 5088 saum
387 5023 508 5089 reddat.
1460 5013 1554 5090 1221,
1576 5010 1642 5075 Ial.
1665 5011 1718 5076 20.

255 5159 331 5214 Hoa.
350 5163 404 5214 ΙΙΙ
420 5159 486 5229 seq.
510 5161 567 5216 Vol.
587 5163 644 5226 III,
663 5165 731 5223 152‚·
749 5159 811 5213 Lib.
836 5158 865 5224 V,
886 5161 950 5212 760.

255 5247 390 5312 Peraea,
408 5245 479 5316 Rea.
499 5251 580 5302 6699.

259 5525 282 5591 ·)
300 5527 405 5577 eandem
423 5526 456 5577 R.
538 5525 562 5593 l)
580 5535 697 5593 speratur
716 5525 747 5578 R.

256 5662 453 5734 1t11u90ano.
522 5661 550 5731 2)
568 5661 605 5731 cs.
623 5679 650 5716 a.
670 5665 727 5715 124.
798 5659 825 5728 3)
846 5659 1011 5713 Herraonao.
1080 5655 1109 5723 4)
1134 5652 1276 5707 ll'iltelmo
1294 5651 1338 5706 ΙΙ.
1546 5739 1598 5793 μ

1561 5741 1577 5792 6
