4282 6420
643 107 843 163 urrsronls
861 107 1050 164 senacula.
1084 111 1159 164 1224.
1635 181 1636 184 Ν
1670 121 1728 182 175

86 279 120 347 Et
142 283 274 368 quidem
297 284 422 348 infinita
445 282 564 348 exinde
588 304 625 347 ac
649 282 917 368 incomparabilia
938 282 1026 347 bona
1052 282 1174 347 Christi
1197 284 1348 351 fidelibus
1372 297 1602 374 provenerunt.
1646 291 1730 355 Nam

83 407 97 448 o
125 393 223 470 quot,
258 395 336 472 quot
368 393 443 450 sunt
475 384 573 449 hodie
610 385 759 462 delicati,
793 385 848 468 qui
880 385 1137 450 satisfactionem
1172 388 1316 453 iniuncta
1352 391 1413 455 sibi
1444 395 1497 456 vel
1531 394 1730 480 iniungenda
1797 395 1799 402 “

79 489 259 572 penitentie
275 495 468 568 metuentes,
492 498 645 572 tanquam
661 489 692 552 in
709 486 904 574 profundum
927 496 1135 574 peccatorum
1151 493 1329 572 venissent,
1353 496 1483 579 penitus
1499 485 1727 584 desperabant,

76 599 107 654 et
128 613 219 656 nunc
251 593 356 678 gratia
377 591 484 656 divina
515 593 665 677 preventi
688 590 821 677 provide
845 592 1044 676 cogitantes,
1076 594 1161 678 quod
1184 616 1250 659 non
1273 604 1349 661 sunt
1372 597 1530 684 condigne
1553 603 1724 688 passiones
1739 623 1801 664 mm.
1816 627 1869 674 ars.

6 723 9 744 ·
70 694 170 759 huius
195 697 353 782 temporis
376 694 417 757 ad
440 694 582 758 futuram
604 693 742 777 gloriam
766 693 828 757 sibi
852 693 992 758 feliciter
1020 696 1238 778 revelandam,
1262 700 1386 764 animas
1410 722 1500 782 suas,
1524 725 1605 788 quas
1628 707 1728 788 inter7

67 797 147 860 dum
179 820 240 885 pro
271 800 377 884 patria
411 805 443 862 et
473 817 704 881 nonnunquam
740 818 798 883 pro
831 797 985 861 fratribus
1018 806 1051 861 ct
1083 801 1196 864 amicis
1228 804 1412 887 periculose
1445 815 1638 892 posuerant,
1669 831 1727 895 pro

65 901 208 965 Christo
233 902 408 966 salubriter
435 922 558 988 ponere
582 907 780 978 statuerunt,
814 902 868 984 qui
896 923 954 986 pro
985 905 1182 988 sepositam
1212 907 1367 971 invitam
1396 911 1537 975 custodit
1567 917 1726 976 etsmam!

63 1004 95 1068 Ο
128 1013 228 1090 quot,
264 1012 357 1090 quot,
392 1006 447 1090 qui
473 1025 508 1068 se
539 1002 579 1066 ad
607 1024 753 1066 mensam
782 1003 869 1066 illius
902 1003 1011 1068 divitis
1042 1006 1186 1088 sedisse,
1222 1011 1277 1094 qui
1309 1019 1360 1074 est
1390 1012 1480 1077 dives
1515 1037 1615 1101 super
1644 1016 1728 1080 filios

62 1108 261 1188 hominum,
296 1109 494 1188 recolenteS,
529 1112 561 1170 et
595 1107 765 1191 cupientes
800 1105 915 1172 eadem
944 1109 975 1171 ei
1004 1128 1184 1194 apponere,
1217 1134 1280 1197 que
1315 1123 1513 1201 apposuerat
1547 1116 1634 1181 idem
1669 1119 1728 1198 eis,

66 1219 207 1296 sumpto
232 1211 384 1275 salutaris
408 1211 508 1274 calice
532 1209 712 1294 passionis,
743 1231 815 1273 cunr
844 1209 952 1295 palma
981 1214 1129 1296 martyrii
1152 1213 1192 1276 ad
1218 1236 1318 1300 regna
1341 1220 1477 1282 celestia
1499 1227 1728 1305 pervenerunt,

62 1315 98 1376 in
124 1322 326 1400 perpetuum
351 1335 424 1377 cum
447 1311 645 1396 martyribus
668 1313 850 1396 regnaturi!
897 1311 925 1377 Ο
949 1322 1043 1397 quot,
1073 1326 1151 1400 quot
1175 1320 1344 1403 cupientes
1368 1322 1499 1386 visitare
1528 1329 1666 1404 terram,
1696 1325 1729 1388 in

62 1439 133 1503 qua
157 1417 264 1504 pedes
288 1417 409 1482 Christi
433 1422 610 1492 steterunt,
643 1416 676 1478 in
700 1413 798 1480 corde
822 1417 961 1480 contrito
986 1425 1019 1481 et
1049 1417 1218 1484 humiliato
1244 1423 1359 1507 spiritu
1382 1431 1457 1488 ante
1482 1426 1534 1490 vel
1554 1433 1628 1512 post
1651 1448 1728 1492 con·

62 1522 326 1592 summationem
361 1518 633 1606 peregrinationis
672 1527 803 1603 arrepta
841 1520 947 1583 carnis
981 1528 1085 1585 morte
1119 1526 1268 1608 preventi
1303 1525 1344 1589 ad
1382 1549 1556 1613 supernam
1589 1531 1729 1616 patriam

62 1625 259 1701 evolarunt,
283 1631 316 1688 et
331 1624 512 1708 gloriantur
534 1623 567 1687 in
582 1622 696 1687 ordine
713 1621 953 1686 confessorum!
1000 1624 1044 1688 Et
1067 1624 1127 1690 hec
1149 1629 1256 1692 omnia
1279 1628 1367 1692 idem
1381 1629 1541 1698 Dominus
1566 1641 1729 1720 operatur,

63 1729 124 1813 qui
150 1727 211 1792 dat
226 1728 379 1791 virtutem
402 1733 436 1790 et
457 1726 581 1812 premia
599 1725 768 1808 elargitur,
791 1724 896 1810 gratie
920 1727 1057 1811 gloriam
1074 1730 1306 1814 superaddens.
1352 1730 1433 1804 Quis
1457 1755 1535 1818 crgo
1558 1742 1624 1800 tam
1648 1736 1729 1802 duro

63 1831 172 1894 corde
197 1831 320 1916 poterit
344 1829 473 1892 Christo
497 1848 562 1892 non
586 1829 742 1914 compati,
774 1828 828 1913 qui
858 1827 913 1892 dat
941 1829 1005 1892 sibi
1028 1833 1300 1917 compatientibus
1324 1846 1547 1920 conregnare?
1576 1840 1629 1904 vcl
1657 1841 1729 1924 quis

64 1935 98 1997 ci
123 1954 195 1997 non
218 1932 373 1996 militabit
396 1931 437 1995 ad
460 1938 606 2017 tempus,
637 1931 692 2015 qui
714 1951 773 2017 pro
797 1931 892 1995 uobis
916 1932 948 1994 in
972 1953 1070 1998 cruce
1094 1936 1162 1998 suis
1186 1936 1356 2022 stipendiis
1379 1940 1551 2004 militavit?
1581 1942 1633 2006 vel
1657 1943 1728 2027 quis

64 2037 97 2100 ei
123 2057 194 2100 non
212 2035 412 2099 ministrabit
427 2034 577 2114 libenter,
601 2035 657 2118 qui
680 2034 759 2113 vult,
783 2032 840 2096 ubi
863 2039 914 2096 est
938 2035 1020 2119 ipse,
1045 2058 1121 2100 suos
1142 2059 1215 2103 essc
1232 2041 1419 2106 ministros?
1443 2051 1500 2107 aut
1521 2045 1593 2128 quis
1618 2066 1653 2110 se
1676 2047 1730 2110 vel

65 2161 130 2204 sua
155 2140 206 2203 illi
229 2139 374 2224 negabit,
399 2139 469 2202 sine
494 2158 557 2222 quo
579 2137 660 2200 nihil
683 2143 793 2223 potest
817 2137 959 2201 existere
983 2138 1037 2201 vel
1061 2139 1197 2204 haberi?
1231 2143 1328 2208 Absit
1350 2151 1386 2209 ut
1408 2147 1635 2232 pretiosiorem
1658 2149 1729 2214 ani·

4 2271 5 2288 ¹
66 2265 160 2307 mam
192 2263 230 2306 se
261 2243 333 2328 ipso
361 2241 480 2306 habeat
508 2240 730 2318 Christianus,
760 2240 815 2323 qui
838 2240 903 2303 iam
926 2261 991 2304 non
1015 2247 1140 2306 tantum
1165 2245 1226 2308 sibi
1249 2247 1360 2312 vivere
1384 2248 1497 2330 debet,
1521 2250 1580 2315 sed
1603 2251 1650 2332 ei,
1674 2252 1729 2337 qui
1828 2315 1831 2324 ,

65 2355 121 2411 est
147 2353 298 2410 mortuus
322 2353 354 2410 et
377 2346 529 2409 surrexit.
575 2341 656 2406 Cum
686 2343 785 2427 igitur
817 2363 894 2407 ecce
917 2342 1080 2409 Dominus
1104 2367 1235 2412 causam
1268 2371 1359 2414 suam
1384 2354 1509 2438 ceperit
1537 2354 1731 2419 mirabiliter

65 2451 242 2528 relevare,
275 2448 352 2512 dum
375 2449 447 2533 ipso
471 2446 627 2510 divinitus
650 2445 829 2531 inspirante
853 2446 1046 2510 karissimus
1070 2449 1103 2512 in
1127 2448 1258 2514 Christo
1281 2453 1366 2518 filius
1390 2463 1502 2520 noster
1523 2456 1571 2536 F,
1594 2457 1729 2520 illustris

66 2551 299 2616 Romanorum
322 2552 498 2636 imperator
521 2571 652 2635 semper
674 2554 832 2632 augustus
856 2556 890 2612 ct
914 2571 972 2612 rex
990 2550 1112 2624 Sicilie,
1138 2555 1283 2640 suscepit
1299 2555 1400 2622 Terre
1418 2556 1537 2622 Sancte
1561 2560 1729 2645 negotium

68 2653 347 2741 promovendum,
371 2653 425 2738 qui
442 2653 534 2738 quasi
550 2652 740 2738 postpositis
759 2651 908 2715 omnibus
932 2651 973 2715 ad
997 2651 1028 2715 id
1052 2660 1155 2718 totum
1178 2657 1321 2722 totaliter
1344 2681 1379 2724 se
1395 2661 1598 2747 impendens,
1621 2669 1731 2748 preter

4 2785 5 2796 ¹
66 2765 270 2846 apparatum
290 2757 470 2821 mirabilem
495 2763 528 2820 ct
549 2776 634 2841 pene
658 2755 787 2840 penitus
804 2753 1029 2820 incredibilem
1046 2779 1258 2844 personarum
1282 2769 1316 2826 et
1339 2783 1457 2845 rerum,
1479 2765 1513 2828 in
1536 2787 1599 2851 quo
1623 2772 1729 2831 trans-

65 2861 195 2926 fretare
219 2859 375 2946 disponit,
398 2859 606 2943 magnificum
628 2857 701 2921 aliis
719 2857 1006 2922 transfretantibus
1028 2861 1185 2925 auxilium
1205 2864 1389 2949 pollicetur,
1413 2874 1510 2952 prout
1531 2890 1574 2933 cx
1597 2869 1729 2955 imperi-

65 2964 180 3028 alibus
205 2963 324 3028 litteris
347 2962 444 3048 plene
467 2967 568 3047 patet,
591 2982 650 3024 nos
674 2961 759 3023 inter
782 2961 863 3024 alias
887 2961 1125 3028 sollicitudines
1141 2965 1328 3032 innumeras
1353 2975 1386 3033 et
1400 2970 1587 3052 immensas,
1611 2972 1729 3056 quibus

64 3069 226 3152 angimur
252 3066 338 3130 ultra
366 3066 469 3142 vires,
498 3065 679 3156 cogitantes
711 3063 885 3128 instantius
914 3072 947 3129 et
974 3065 1154 3131 ferventius
1185 3071 1373 3155 cupientes,
1401 3080 1437 3137 ut
1459 3079 1585 3138 tantum
1608 3072 1730 3138 Christi

63 3171 245 3255 negotium
268 3169 409 3234 feliciter
430 3166 597 3252 dirigatur,
620 3168 653 3229 in
678 3187 806 3230 omnem
830 3174 950 3230 terram
973 3171 1042 3232 veri
1058 3169 1123 3234 Dei
1148 3172 1278 3257 signum
1300 3175 1491 3240 habentium
1506 3176 1729 3262 predicatores

65 3273 306 3360 deputavimus
330 3270 501 3357 speciales.
547 3269 605 3333 Set
628 3275 748 3353 quanto
771 3267 812 3333 de
836 3268 1020 3334 Thcutouia
1043 3274 1147 3337 maius
1171 3274 1212 3338 ad
1244 3276 1305 3341 hoc
1329 3299 1509 3364 speramus,
1532 3286 1628 3364 prout
1652 3299 1728 3343 con-

64 3377 183 3440 suevit
206 3376 374 3452 hactenus,
398 3374 556 3438 auxilium
580 3379 613 3438 et
629 3371 809 3436 subsidium
833 3375 1015 3458 provenire,
1039 3382 1129 3440 tanto
1153 3378 1231 3442 illuc
1255 3379 1532 3447 honorabiliorem
1555 3402 1728 3467 personam

62 3477 219 3564 dirigere
255 3479 440 3564 cupientes,
479 3497 556 3541 ecee
594 3475 813 3540 venerabilem
855 3477 988 3540 fratrem
1022 3485 1169 3543 nostrum
1206 3527 1245 3547 ..
1280 3482 1497 3548 Portuensem
1528 3485 1729 3570 episcopum,

62 3584 180 3646 virum
208 3583 322 3666 utique
351 3578 529 3646 secundum
558 3601 613 3644 cor
643 3585 805 3658 nostrum,
841 3578 1017 3644 habentem
1047 3581 1240 3647 donationes
1270 3586 1447 3650 secundnm
1476 3589 1630 3671 gratiam,
1666 3608 1728 3672 que

62 3685 151 3749 data
191 3692 244 3749 est
280 3686 343 3749 sibi
380 3705 399 3747 a
429 3682 588 3763 Domino,
626 3681 816 3746 differentes
856 3682 896 3746 ad
934 3685 1197 3768 prosequendum
1235 3695 1360 3752 tantum
1393 3689 1515 3754 Christi
1551 3691 1730 3775 negotium,

64 3797 374 3874 quantumcumque
408 3787 512 3873 ipsius
553 3807 628 3850 cara
666 3785 833 3870 presentia
874 3807 1044 3851 careamus
1086 3789 1193 3864 inviti,
1232 3793 1406 3858 commisso
1444 3793 1505 3857 sibi
1538 3793 1729 3880 plenissime

60 3887 253 3976 legationis
277 3890 401 3970 officio,
424 3897 514 3953 tanto
538 3889 720 3953 fiducialius
743 3887 943 3974 providimus
966 3889 1211 3969 destinandum,
1241 3901 1362 3980 quanto
1389 3897 1496 3982 ipsum
1524 3903 1590 3960 tam
1613 3895 1729 3959 meritc

63 3994 262 4059 sanctitatis
290 4001 323 4056 et
351 4011 485 4079 operum
517 3992 696 4078 exemplari
725 4013 822 4076 quam
850 3993 969 4057 virtute
1007 3997 1095 4059 vocis
1127 4003 1159 4060 et
1186 4018 1307 4082 genere
1337 3999 1463 4083 lingue,
1491 3999 1525 4063 in
1554 4021 1618 4084 qua
1644 3997 1731 4084 quod

63 4095 219 4162 intendit
242 4096 338 4182 plene
362 4117 399 4159 ac
428 4097 525 4181 plane
548 4096 672 4181 poterit
694 4096 877 4180 explicare,
908 4096 1070 4162 credimus
1094 4107 1227 4165 anctore
1249 4099 1391 4166 Domino
1414 4104 1635 4188 peramplius
1658 4124 1732 4189 pro·

63 4201 249 4265 facturum.
302 4197 462 4270 Quocirca
497 4199 744 4262 universitatem
778 4205 921 4263 vestram
954 4221 1123 4284 rogamus,
1157 4223 1325 4267 monemus
1359 4210 1393 4269 et
1427 4206 1637 4269 obsecramus
1672 4226 1731 4290 per

68 4305 305 4391 aspersionem
333 4302 502 4388 sanguinis
525 4301 602 4366 Iesu
626 4300 748 4365 Christi
777 4308 810 4366 et
839 4303 872 4365 in
902 4303 1128 4368 remissionem
1151 4305 1243 4368 vobis
1272 4305 1502 4371 nichilominus
1530 4307 1730 4391 iniungimus

67 4413 304 4492 peccatorum,
338 4405 490 4491 quatinus
519 4403 658 4468 eundem
689 4404 851 4488 legatum,
881 4404 996 4469 nobile
1025 4406 1156 4490 quidem
1184 4407 1325 4474 ecclesie
1349 4408 1414 4474 Dei
1442 4410 1641 4490 membrum,
1678 4409 1731 4474 vel

69 4513 186 4596 potius
216 4532 278 4574 nos
308 4509 341 4574 in
371 4509 460 4596 ipso,
492 4509 688 4594 recipientes
717 4508 852 4592 ylariter
884 4517 917 4572 et
945 4508 1062 4574 devote
1095 4531 1133 4574 ac
1163 4509 1275 4576 debita
1300 4514 1510 4578 veneratione
1542 4518 1732 4590 tractantes,

70 4615 179 4678 verba
207 4613 275 4678 vite
305 4620 434 4690 eterne,
464 4633 527 4698 que
555 4612 649 4675 vobis
677 4617 855 4697 proponet,
883 4633 955 4675 cunr
985 4611 1103 4696 gaudio
1133 4612 1273 4680 audiatis
1304 4623 1338 4680 et
1366 4614 1533 4680 studeatis·
1554 4615 1731 4680 efficaciter

72 4717 268 4804 adimplere,
292 4716 520 4780 universaliter
543 4714 662 4798 singuli
686 4722 719 4778 et
741 4715 950 4799 singulariter
964 4716 1120 4797 universi,
1144 4725 1268 4781 certum
1285 4718 1386 4783 Terre
1404 4717 1523 4781 Sancte
1548 4715 1729 4780 subsidium

75 4819 303 4898 ministrando,
326 4819 371 4882 ita
394 4817 479 4902 quod
495 4825 582 4882 terra
597 4818 716 4881 mentis
733 4824 842 4882 vestre
858 4818 1045 4882 venientem
1069 4839 1168 4904 super
1193 4841 1228 4884 sc
1244 4820 1361 4886 bibens
1377 4819 1515 4884 imbrem
1539 4825 1571 4884 et
1594 4818 1729 4883 herbam

77 4944 240 5007 generans
264 4927 475 5008 oportunam,
498 4919 737 4984 benedictionis
760 4919 899 5004 gratiam
922 4942 942 4984 a
963 4919 1104 4984 Domino
1128 4929 1337 5005 assequatur,
1366 4928 1400 4985 et
1422 4943 1482 4986 nos
1505 4921 1545 4987 de
1569 4920 1731 5006 spirituali

78 5035 187 5091 vestro
210 5025 359 5112 profecto
382 5023 561 5088 debeamus
583 5024 618 5087 in
640 5021 782 5087 Domino
804 5023 920 5088 merito
943 5023 1106 5108 gloriari‚¹.

182 5389 209 5462 l)
228 5385 367 5440 Additum
385 5392 425 5442 est
443 5387 472 5439 in
489 5385 582 5460 copia:
601 5387 675 5454 (Dat.
693 5387 822 5442 hateran.
840 5405 933 5442 mense
951 5387 1072 5442 Martio?
1090 5403 1163 5441 anno
1183 5387 1300 5454 convo).
