4538 6426
530 1386 1048 1508 PRAEFATIO
1093 1388 1528 1508 EDITORIS.

335 1665 477 1770 *erutus
503 1695 567 1766 lus
584 1717 601 1764 e
616 1695 839 1786 Repestarurn
866 1693 1093 1768 voluminibus
1119 1697 1297 1788 epistulas¹
1317 1697 1453 1787 edituri,
1474 1721 1593 1790 panea
1604 1697 1860 1789 praemittenda
1887 1721 2004 1807 sepau.

200 1817 365 1888 demimus
391 1820 433 1890 de
461 1818 614 1909 ipsarum
640 1817 860 1908 Repusturnm
887 1823 964 1888 urta
991 1824 1022 1889 et
1047 1818 1269 1908 institutione,
1296 1843 1333 1890 ea
1360 1820 1541 1890 dumtaxat
1568 1815 1726 1907 consiliu,
1759 1823 1797 1887 nt
1822 1809 1926 1888 111ηιπῦ
1943 1811 2022 1860 ΜΟ·

194 1937 325 2030 pruinis·
352 1941 398 2011 ud
424 1938 572 2030 Repesta
598 1937 756 2010 Hanurii
777 1936 851 2008 ΙΙΙ
872 1944 902 2009 et
931 1937 1095 2030 Greporii
1112 1939 1181 2027 IX,
1209 1945 1386 2011 tumuere
1414 1939 1460 2010 ud
1492 1938 1568 2011 ulia
1598 1937 1731 2011 sueunli
1757 1936 1866 2009 XIII

202 2057 359 2131 animum
386 2061 616 2148 aduertamus,
644 2083 722 2132 eum
747 2057 830 2130 uliis
858 2057 1067 2151 temporibus
1094 2059 1165 2132 ulio
1192 2062 1289 2132 moda
1317 2061 1355 2132 in
1382 2059 1505 2133 litteris
1530 2058 1753 2150 repistrundis
1772 2080 1857 2151 pru-

200 2201 332 2254 eessum
358 2203 429 2255 esse
454 2181 625 2254 uideatur.
678 2179 836 2272 Repestu,
866 2204 953 2272 anae
981 2181 1082 2254 etium
1101 2181 1299 2272 Rupistrnm
1325 2181 1377 2253 uel
1395 2181 1599 2270 Ilepestrum
1626 2178 1858 2272 appellantur,

204 2304 369 2393 quamodo
387 2303 583 2394 conscripta
606 2302 673 2373 sint
694 2309 725 2374 et
744 2301 863 2394 quales
889 2302 1020 2391 fuerint
1041 2303 1181 2394 repulus
1200 2306 1238 2375 in
1255 2303 1485 2394 repistrutnru
1500 2301 1709 2389 observatae,
1737 2299 1859 2372 litteris

200 2423 405 2496 eustadium
425 2446 494 2494 nun
514 2428 585 2510 est;
612 2422 782 2494 nonnulla
795 2429 929 2495 tantum
942 2425 1031 2497 tuine
1044 2448 1116 2497 rem
1130 2425 1330 2516 attinpentiu
1343 2425 1454 2496 uariis
1468 2422 1551 2496 lueis
1565 2421 1723 2514 dispersa
1737 2443 1858 2513 super-

199 2549 290 2632 sunt,
320 2567 408 2636 qaue
422 2544 540 2617 amris
553 2545 668 2633 ductis,
686 2545 777 2616 inter
792 2568 875 2636 quus
888 2543 1039 2635 Dudild,
1063 2546 1194 2618 Delisle
1201 2543 1224 2634 ³,
1243 2543 1394 2618 Mnasl⁴
1414 2545 1559 2616 natandi
1571 2549 1661 2632 snat,
1680 2541 1859 2634 diluentur

200 2662 343 2737 ealleda
369 2671 402 2737 et
428 2688 504 2738 uum
530 2664 573 2737 iis
600 2688 688 2756 quae
704 2663 856 2756 Repestu
885 2669 963 2758 ipsa
990 2669 1109 2739 dueent
1135 2668 1327 2755 euninnda,
1355 2667 1396 2738 de
1424 2664 1542 2737 urdine
1567 2663 1605 2734 in
1631 2660 1752 2734 litteris
1770 2660 1856 2753 repi-

199 2785 356 2858 struatis
374 2785 498 2857 nsitutu
519 2787 716 2857 summatim
733 2787 905 2858 instruere
925 2810 988 2858 nus
1003 2793 1159 2879 pessunt.
1197 2787 1267 2876 Qui
1285 2788 1339 2859 bie
1356 2792 1414 2858 est.
1449 2783 1490 2856 Si
1498 2806 1598 2877 papa
1619 2783 1857 2870 maudaverat,

201 2912 241 2978 ut
258 2905 401 2998 epistola
419 2911 634 2992 exararetur,
657 2928 759 2998 saepe
781 2905 947 2997 turmula,
973 2909 1011 2979 in
1033 2931 1137 3000 anam
1153 2908 1229 2980 sula
1243 2910 1387 2979 numina
1403 2903 1688 2993 inscribebantur,
1704 2901 1860 2974 adbiberi

194 3032 348 3120 poterut,
376 3051 463 3119 meae
479 3026 625 3100 ‘litterae
639 3028 812 3121 simplices
829 3029 883 3101 ael
895 3031 1101 3102 eunumnnes’
1119 3037 1275 3120 nauatae,
1303 3052 1326 3100 a
1343 3027 1552 3102 cancellaria
1566 3026 1619 3098 uel
1634 3026 1705 3098 eius
1727 3026 1858 3097 uicaria

199 3149 421 3222 mittebantur
445 3173 554 3244 neque
574 3172 693 3242 papae
713 3153 936 3242 praesentari
956 3150 1128 3224 debebunt.
1172 3151 1330 3222 Alteram
1349 3148 1573 3241 epistularum
1590 3169 1697 3238 puras
1716 3143 1859 3218 ‘litterae

200 3267 373 3359 lependue'
399 3269 650 3363 appellabatur,
678 3269 759 3362 qnia
785 3293 904 3343 earnm
924 3271 1146 3365 enemplariu,
1174 3271 1318 3344 ‘litterae
1344 3269 1503 3360 nutatue’,
1531 3269 1574 3340 ub
1601 3267 1857 3339 ‘abbreviatori-

199 3389 272 3462 bns'
298 3395 457 3484 confecta
483 3415 602 3464 aarum
621 3415 723 3486 papa
748 3392 956 3485 lepebuntm,
989 3417 1012 3464 u
1042 3417 1108 3484 qno
1136 3400 1198 3465 unt
1224 3391 1532 3484 comprobabuntur
1560 3393 1629 3464 siue
1655 3388 1859 3482 simpliciter

199 3511 273 3584 siae
299 3519 380 3604 pust
413 3512 529 3602 suetus
561 3513 698 3606 aliquus
731 3515 970 3605 emrediaaes,
1004 3516 1054 3587 itu
1084 3521 1123 3587 nt
1154 3513 1349 3587 antlentieu
1382 3537 1425 3587 eu
1458 3513 1501 3586 iis
1528 3511 1679 3585 describi
1707 3516 1858 3603 possein,

201 3637 264 3704 am
289 3633 533 3725 reidebuntm,
560 3642 599 3708 nt
622 3641 813 3709 retraetata
844 3643 876 3709 et
902 3642 1056 3709 eurreeta
1080 3636 1203 3708 iterum
1236 3632 1493 3708 recitarentnr⁵.
1546 3633 1641 3705 Nnm
1666 3635 1705 3706 in
1736 3631 1860 3703 litteris

201 3754 431 3844 repistrundis
468 3760 559 3831 inter
600 3757 759 3850 lepardus
803 3765 834 3831 et
875 3783 1069 3831 emnmnnes
1110 3758 1303 3830 distinctum
1344 3759 1406 3848 sit,
1439 3779 1509 3849 pru
1550 3761 1641 3828 serto
1681 3755 1751 3826 diui
1790 3775 1861 3823 nun

195 3879 335 3966 patest5
360 3899 442 3950 num
467 3881 538 3971 etsi,
565 3882 684 3974 quoad
708 3903 908 3971 manascere
920 3883 1106 3973 potuimus,
1132 3880 1273 3952 illurmn
1295 3878 1417 3971 plnres
1443 3880 1482 3949 in
1507 3876 1664 3967 Repestis
1690 3875 1858 3966 lepnntnr,

201 4015 305 4088 saepe
331 4001 445 4071 turaea
470 4000 557 4074 tales
583 4007 780 4090 ueermrnnt,
818 4025 905 4094 quae
932 4001 1068 4073 litterae
1094 4023 1288 4073 eummnnes
1320 4022 1391 4071 esse
1417 3997 1585 4069 uidentur.
1637 3995 1718 4067 Nun
1744 4015 1860 4066 amnes

202 4121 318 4190 aedem
343 4117 492 4211 litteras,
527 4146 615 4214 qaue
651 4123 692 4194 de
728 4121 827 4194 uaria
865 4124 1027 4211 euiemnt,
1064 4123 1112 4194 ibi
1145 4123 1328 4209 sustineri,
1362 4118 1556 4191 autlentieu
1590 4123 1622 4190 et
1656 4117 1860 4209 apapruplm

202 4235 289 4309 alibi
313 4239 446 4312 traditu
471 4247 648 4316 testantur.
711 4244 801 4316 Ante
837 4244 926 4316 alias
959 4245 1125 4317 nimirum
1157 4267 1232 4334 eus,
1268 4265 1354 4334 anus
1384 4239 1581 4313 conseruari
1606 4241 1724 4312 enriue
1750 4239 1858 4310 irder·

201 4357 321 4450 suerit,
348 4361 489 4438 selectas
515 4387 587 4439 esse
607 4364 790 4460 probabile
816 4371 879 4454 est,
906 4366 966 4437 sed
992 4368 1083 4437 inter
1109 4367 1172 4438 lus
1201 4387 1335 4457 quoqne
1362 4361 1551 4435 nunnnllae
1577 4361 1723 4432 amissae
1749 4365 1829 4431 sunt
1837 4357 1860 4451 ⁶,

202 4485 237 4554 et
271 4483 398 4558 malae
432 4484 482 4558 ibi
519 4494 652 4580 emunt,
686 4487 811 4581 quibus
844 4487 926 4560 aliis
956 4485 1040 4558 imru
1072 4488 1323 4574 eaneednntnr;
1360 4507 1466 4576 qnare
1502 4505 1590 4574 qnae
1621 4481 1862 4574 repistrundae

201 4602 354 4694 fuerint,
394 4612 487 4679 certa
528 4611 747 4683 mustitntum
787 4607 893 4697 faisse
936 4631 1005 4680 aaa
1038 4614 1215 4700 patenum.
1285 4604 1481 4698 Epistulas,
1515 4627 1602 4696 qaue
1642 4606 1680 4676 in
1713 4602 1862 4696 Repesta

204 4727 422 4817 recipiendae
439 4726 583 4820 fuerint,
602 4755 644 4803 eu
661 4730 863 4802 anthentieis
882 4727 1020 4801 bullatis
1038 4729 1228 4821 descriptus
1247 4750 1326 4818 esse,
1345 4724 1563 4814 minustire,
1591 4727 1651 4816 ani
1677 4726 1720 4796 de
1739 4724 1804 4796 leue
1822 4747 1860 4796 re

205 4847 452 4937 disserturum,
468 4849 597 4940 Dndilr,
615 4851 754 4942 Belide,
770 4849 915 4939 Manet,
934 4850 1071 4939 Ficker,
1091 4849 1307 4940 Liuenfeld
1330 4853 1550 4940 sumpserunt
1556 4872 1569 4934 ‚·
1592 4847 1639 4918 ud
1664 4846 1756 4938 nod
1774 4869 1858 4936 pra-

310 5081 336 5150 l)
349 5085 390 5148 Gt.
400 5082 500 5140 mssa
512 5089 531 5138 t.
545 5085 576 5152 V,
584 5101 614 5153 p.
626 5091 738 5153 24-33,
751 5089 900 5142 stt-862.
926 5085 1087 5154 Apupruplu
1097 5084 1267 5154 mmmmm
1273 5083 1508 5153 pmestuatiunnu
1521 5081 1664 5150 pruedpne
1680 5097 1780 5147 mrum,
1792 5095 1861 5148 meua

202 5163 243 5218 ad
253 5165 430 5234 munaum
444 5169 555 5226 armai
565 5177 638 5239 sum,
652 5172 774 5228 Paetus
785 5173 838 5242 nu
848 5172 915 5240 suu.
986 5173 1014 5240 2)
1032 5172 1088 5227 Iar
1101 5171 1255 5226 mem
1270 5189 1295 5224 a.
1307 5177 1486 5236 isse-mss,
1504 5175 1521 5222 1.
1540 5168 1585 5236 11,-
1596 5167 1640 5222 κα
1650 5169 1707 5222 sota
1720 5168 1782 5236 Ru.
1796 5181 1859 5220 saue

205 5249 538 5326 XlVaauaiuuroepun.
606 5260 634 5325 3)
649 5257 774 5312 Μόιηοίνο
785 5275 833 5312 sur
844 5260 879 5313 les
892 5262 960 5311 uutoe
971 5257 1129 5312 d'Innuuent
1142 5257 1205 5324 ΙΙΙ,
1216 5257 1285 5311 Bur.
1298 5256 1437 5310 del'Euule
1448 5253 1491 5308 des
1505 5253 1620 5321 Olurtes,
1636 5253 1691 5308 Se‘r.
1706 5252 1760 5320 IV,
1773 5259 1790 5306 t.
1805 5249 1859 5318 IV,

203 5355 229 5391 a.
245 5345 323 5408 1858,
332 5359 360 5408 p.
372 5351 392 5396 1.
444 5345 474 5412 4)
486 5345 657 5412 Anssulddsse
668 5346 730 5400 lber
738 5345 787 5400 dus
792 5348 888 5416 pipstl.
899 5345 1005 5413 Archiv,
1015 5364 1040 5400 u.
1048 5346 1073 5399 d.
1086 5345 1240 5400 Dinisdten
1249 5346 1370 5399 ibersdrt
1378 5361 1400 5398 r.
1412 5343 1440 5398 S.
1451 5340 1608 5408 Mundeld.
1637 5341 1695 5395 Has
1703 5346 1726 5394 a
1731 5339 1861 5408 plurimus

203 5423 280 5494 uem,
299 5427 347 5494 au·
362 5427 394 5482 de
408 5430 499 5486 saus
515 5433 660 5502 mam
677 5433 866 5503 emma,
884 5433 1039 5488 mansu
1056 5433 1087 5487 n
1097 5432 1331 5487 munuum
1348 5429 1519 5485 aidanum
1530 5427 1620 5483 unu
1634 5427 1701 5482 aas.
1717 5427 1816 5482 uiuae
1831 5429 1862 5480 a

206 5511 286 5568 Arsi
298 5515 391 5569 nudus
401 5515 526 5586 tutuno,
538 5519 650 5588 append
661 5525 678 5573 ι
691 5517 721 5588 V,
735 5536 762 5574 n.
773 5527 812 5590 19,
825 5539 850 5574 a.
862 5527 936 5588 ruer,
944 5535 973 5588 p.
982 5525 1033 5574 129
1038 5519 1181 5587 pedena,
1194 5534 1263 5588 puae
1278 5517 1308 5572 V.
1321 5517 1359 5571 ut.
1378 5515 1420 5570 W.
1437 5515 1608 5570 warmund
1619 5513 1692 5568 mas
1700 5513 1860 5582 neutram,

204 5597 363 5666 mm.
434 5604 461 5670 s)
475 5604 550 5673 auu
566 5606 665 5660 imm
683 5611 794 5680 am
811 5605 917 5662 aium
935 5605 994 5660 ιιι
1008 5605 1142 5674 mum,
1161 5621 1230 5674 aaa
1246 5604 1366 5673 mauu
1380 5603 1491 5672 ruem,
1508 5602 1637 5657 usuum
1651 5599 1765 5654 eumn
1775 5615 1862 5668 papae

204 5700 249 5754 ap.
269 5683 370 5740 Maka
386 5686 402 5740 1.
420 5704 441 5743 e.
455 5706 483 5760 p.
503 5699 554 5748 140
571 5691 653 5761 doust,
670 5693 742 5762 quad
759 5699 937 5750 maurae
956 5691 1055 5748 Deua
1071 5692 1087 5746 l.
1106 5707 1127 5746 a
1141 5709 1170 5760 p.
1192 5698 1234 5760 22,
1252 5696 1305 5745 nat.
1327 5699 1347 5745 1.
1418 5691 1445 5756 6)
1465 5707 1486 5744 r.
1502 5705 1530 5758 p.
1551 5695 1605 5756 sn,
1624 5691 1677 5740 aut.
