4494 6426
451 403 512 466 130
1038 399 1085 452 EX
1103 399 1260 454 HONORII
1278 399 1319 453 Ill
1335 395 1515 454 REGIS'I'RO

450 579 592 654 attente,
623 574 775 659 quatinus
797 573 923 659 ipsum,
954 573 1054 637 immo
1077 573 1186 638 verius
1209 594 1269 637 nos
1291 574 1326 637 in
1348 574 1437 660 ipso,
1468 572 1566 657 digna
1596 569 1769 635 devotione
1794 568 1955 654 suscipias
1979 571 2013 631 et
2035 565 2106 630 eius

452 677 639 741 salubribus
661 676 795 742 monitis
818 681 852 741 et
875 677 1020 741 consiliis
1042 676 1175 741 humilis
1199 683 1233 742 et
1261 662 1453 741 mansuetus
1476 673 1641 756 intendas,
1671 673 1717 737 ita
1740 671 1826 756 quod
1850 670 2026 736 devotione
2050 677 2107 734 tua

450 803 510 868 per
532 781 771 845 exhibitionem
794 781 902 866 operis
919 787 1109 867 apparente,
1132 802 1192 844 nos
1216 781 1306 844 illurn
1324 780 1484 844 sincerum
1509 799 1664 857 amorem,
1688 797 1750 861 quo
1773 782 1862 839 tuam
1879 774 2106 861 amplectimur

451 871 689 966 celsitudinem,
712 886 903 950 continuare
926 891 1086 971 perpetuo
1109 906 1147 948 ae
1170 883 1325 970 ampliare
1349 884 1465 948 merito
1488 883 1677 947 debeamus.

564 1005 641 1070 Dat.
664 1006 817 1072 Lateran.
840 1005 925 1072 XIII
948 1006 1023 1072 Kal.
1046 1004 1220 1072 Decembr.
1244 1005 1451 1092 pontificatus
1474 1005 1578 1070 nostri
1601 1025 1685 1070 anno
1710 1009 1814 1068 sexto.

1073 1301 1483 1310 ...u-*m

1240 1611 1325 1684 184.

562 1739 751 1834 Honorius
783 1766 851 1831 III
877 1787 967 1848 papa
1002 1767 1205 1852 [Nicolaum]
1249 1767 1510 1832 Tuscutaucuscru
1545 1768 1718 1848 episcopum
1755 1767 1898 1834 laborare
1935 1767 2036 1844 iubet,
2072 1769 2108 1828 ut

452 1873 672 1961 F[rictrricus]
692 1871 908 1936 Rauracorum
938 1871 1107 1951 imperator
1139 1873 1253 1933 certum
1286 1872 1453 1934 torminum
1486 1875 1619 1950 statuat,
1652 1872 1695 1936 art
1725 1893 1813 1953 quem
1841 1892 1943 1936 secum
1970 1871 2008 1936 dc
2031 1889 2107 1950 prc-

452 1980 584 2044 urotr'crrc
606 1977 721 2060 capotii
745 1975 861 2040 Terrae
883 1975 1018 2041 Sanctae
1040 1977 1234 2038 tractaturus
1256 1975 1427 2040 muueuiat.
1752 1978 1845 2053 1221,
1868 1975 1943 2040 Dae.
1968 1979 2019 2039 10.

556 2097 629 2151 Hau.
647 2095 705 2150 111
720 2093 791 2166 Ray.
813 2094 869 2152 Vol.
888 2094 950 2160 ΙΙΙ,
970 2097 1033 2158 182;
1053 2093 1115 2149 Iit.
1141 2094 1187 2159 VI,
1206 2099 1263 2148 141.

657 2385 666 2402 .
696 2385 704 2402 .
733 2327 943 2420 episcopo
971 2326 1309 2416 Tusculanensi,
1337 2328 1581 2420 apostolice
1608 2328 1724 2401 sedis
1750 2327 1906 2419 legato,

563 2477 745 2557 Volumus,
767 2475 964 2540 fraternitati
988 2481 1042 2540 tue
1066 2475 1107 2540 de
1130 2476 1264 2540 fratrum
1288 2484 1474 2542 nostrorum
1498 2478 1633 2542 oonsilio
1657 2477 1882 2561 iniungentes,
1906 2477 2058 2562 quatinus
2084 2475 2111 2539 si

456 2581 607 2668 spiritum
630 2579 796 2644 karissimi
830 2579 863 2641 in
887 2577 1017 2642 Christo
1044 2579 1104 2641 tilii
1133 2580 1236 2642 nostri
1259 2579 1297 2642 F.
1327 2580 1463 2644 illustris
1493 2580 1714 2644 Romanorum
1743 2580 1949 2666 imperatoris
1981 2599 2112 2665 semper

454 2685 586 2770 augusti
609 2689 642 2748 et
665 2683 751 2767 regis
769 2680 881 2745 Sicilie
905 2680 945 2745 ad
961 2682 1063 2746 Terre
1082 2681 1201 2747 Sancte
1221 2684 1503 2768 recuperationem
1526 2684 1729 2769 cognoveris,
1754 2683 1840 2768 quod
1861 2683 2111 2768 circumspectio

455 2793 511 2850 tua
534 2785 738 2872 perpendere
762 2785 900 2870 poterIt,
933 2785 1144 2866 suscitatum,
1177 2792 1210 2848 et
1233 2786 1319 2871 quod
1349 2786 1379 2850 oi
1401 2786 1565 2850 Dominus
1589 2786 1629 2850 ad
1652 2784 1916 2872 prosequendum
1939 2786 2111 2870 negotium

456 2889 533 2954 fidei
557 2887 742 2953 Christiane
766 2888 932 2974 iuspIrarit
955 2887 1126 2970 allectum,
1159 2889 1288 2954 labores
1318 2889 1496 2954 efficaciter
1524 2896 1557 2954 et
1588 2895 1728 2969 attente,
1758 2895 1795 2952 ut
1823 2889 1894 2974 ipsc
1923 2895 2050 2953 certum
2079 2896 2112 2954 et
2164 2908 2183 2943 rs

457 2990 641 3057 breviorem
670 3013 766 3077 quem
790 2991 932 3055 valueris
964 2992 1140 3056 terminum
1165 2997 1287 3057 statuat
1311 3001 1343 3057 et
1367 2993 1519 3078 prefigat,
1551 2993 1593 3056 ad
1622 3013 1719 3078 quem
1742 2991 1911 3055 nobiscum
1938 2991 1979 3057 de
2008 2993 2113 3078 ipsius

457 3095 662 3181 promotione
697 3095 822 3179 negotii
855 3100 1053 3159 tractaturus
1085 3095 1205 3160 debeat
1237 3097 1421 3161 convenire.
1489 3094 1583 3168 Quod
1625 3116 1703 3158 eum
1740 3094 1939 3176 cthnueris,
1977 3095 2113 3161 studeas

458 3197 648 3283 diligenter,
680 3205 717 3262 ut
746 3197 833 3262 idern
863 3198 1041 3286 imperator
1068 3221 1127 3285 per
1156 3221 1306 3264 cursores
1337 3221 1413 3263 suos
1437 3200 1623 3264 oimtatibus
1655 3204 1688 3262 et
1714 3220 1774 3284 per
1802 3204 1905 3263 totum
1938 3198 2114 3285 imperium

458 3301 643 3388 imperialia
679 3303 801 3388 scripta
840 3303 1057 3384 transmittat,
1098 3303 1131 3366 in
1170 3303 1288 3386 quibus
1327 3301 1524 3367 declarando
1568 3325 1604 3367 se
1644 3302 1684 3365 ad
1721 3301 1868 3366 fidelium
1902 3302 2115 3388 obprobrium

459 3403 670 3469 relevandum
692 3404 776 3468 infra
791 3411 918 3470 certum
940 3406 1125 3485 terminum,
1150 3427 1246 3491 quem
1270 3405 1369 3470 faciat
1388 3407 1608 3487 manifestum,
1630 3411 1879 3490 prosecuturum
1895 3406 2114 3492 personaliter
2162 3425 2184 3462 u

458 3529 590 3574 causam
607 3509 722 3590 crucis,
746 3508 809 3574 hoc
825 3516 917 3595 petat
939 3511 978 3574 ab
996 3511 1158 3591 omnibus,
1182 3511 1243 3575 hoc
1260 3511 1422 3596 imploret,
1445 3519 1481 3577 ut
1497 3511 1538 3576 ad
1556 3510 1703 3575 eiusdem
1726 3515 1813 3574 terre
1829 3509 2113 3594 recuperationem

458 3632 569 3678 secum
592 3616 761 3676 transeant
784 3618 817 3677 et
839 3613 1019 3698 procedant
1041 3613 1117 3678 fidei
1141 3615 1312 3678 zelatores.

564 3730 641 3796 Dat.
663 3731 815 3798 Lateran.
837 3733 908 3798 IIII
931 3734 1009 3799 Idus
1032 3732 1208 3800 Deccmbr.
1231 3754 1316 3798 anno
1341 3739 1448 3800 sexto.

1078 4032 1489 4040 -—--—————-—·-—-·--—-—---—

1244 4336 1328 4412 185.

567 4466 755 4559 Hortarius
777 4495 845 4560 III
857 4517 948 4578 papa
969 4496 1099 4582 [Patro]
1121 4497 1350 4578 archiepiscopo
1373 4496 1546 4564 Saucueuei
1574 4500 1603 4561 ct
1624 4497 1836 4579 suffrapaueis
1857 4497 1926 4562 atus
1948 4501 2056 4565 scribit
2076 4502 2112 4565 dc

455 4599 547 4681 praui
578 4617 670 4676 casu,
701 4599 757 4679 qui
789 4598 902 4664 accidit
934 4601 970 4663 iu
998 4601 1148 4680 partibus
1181 4601 1424 4678 transmarini&
1457 4599 1547 4664 addit
1580 4621 1613 4666 se
1645 4599 1793 4664 crdiuarc
1824 4601 2011 4682 colloquium
2045 4625 2111 4668 curru
2163 4641 2178 4654 .,

456 4701 656 4787 Ffriderico]
688 4701 902 4766 Romanorum
935 4703 1120 4784 torporatorc
1161 4704 1198 4768 de
1227 4704 1372 4787 passagii
1411 4705 1543 4768 termino
1575 4703 1769 4781 babendum
1803 4703 1948 4769 bortatur
1981 4725 2048 4786 cca,
2080 4711 2114 4770 at

457 4804 631 4868 commissos
652 4805 713 4869 sibi
728 4805 927 4886 pupulascit
948 4807 1178 4873 subvectionem
1200 4808 1315 4890 capotii
1340 4807 1456 4872 Terrae
1479 4807 1615 4873 Sanctae
1637 4807 1787 4871 auiurcut.

1761 4912 1855 4988 1221,
1878 4909 1953 4976 Dec.
1977 4915 2027 4975 19.

562 4991 637 5046 Hau.
655 4994 707 5046 111
723 4993 790 5064 Req.
815 4993 872 5048 Vol.
890 4995 949 5057 ΙΙΙ,
968 4996 1035 5062 178,·
1053 4993 1115 5048 Lib.
1142 4994 1187 5060 VI,
1207 4998 1267 5048 123.

560 5077 695 5144 Potum,
713 5078 783 5150 Rea.
804 5082 882 5135 6741.

675 5361 684 5380 .
715 5361 725 5381 .
754 5307 1087 5400 archiepiscopo
1116 5308 1366 5384 senonensi
1393 5313 1435 5382 et
1460 5306 1760 5399 suffraganeis
1788 5306 1896 5382 eius.

563 5456 659 5523 Licet
681 5457 827 5544 graviter
850 5458 1035 5522 conturbati
1066 5479 1166 5544 super
1188 5458 1280 5543 gravi
1308 5479 1386 5522 casu
1416 5457 1472 5543 qui
1503 5454 1622 5521 accidit
1652 5456 1856 5542 inpartibus
1880 5459 2114 5537 transmarinis,

458 5559 682 5627 distulerimus
705 5562 863 5628 hactenus
888 5562 1071 5650 superbae
1094 5563 1188 5626 vobis
1213 5562 1334 5648 scripta
1356 5567 1469 5625 nostra
1492 5561 1644 5646 dirigere,
1668 5565 1866 5625 nontamen
1890 5559 2031 5625 credatis
2054 5583 2113 5624 nos

457 5664 632 5731 dormItarc
656 5687 755 5754 super
776 5667 848 5756 ipso
872 5667 1004 5756 negotio
1028 5667 1081 5734 vel
1105 5667 1203 5734 etiam
1227 5667 1358 5732 interIm
1381 5665 1591 5748 dormitasse,
1623 5664 1701 5758 quin
1732 5664 1845 5744 immo,
1876 5671 1999 5758 quanto
2021 5686 2114 5734 casus
