4524 6412
435 387 497 448 322
641 445 642 448 ,
1012 375 1059 428 ΕΧ
1079 371 1253 427 GREGORH
1271 371 1310 424 lX
1328 368 1508 423 REGISTRO

428 554 562 633 afflixit,
591 551 677 635 quod
699 554 811 636 preter
833 548 979 632 rapinam
1002 545 1162 610 bonorum
1184 548 1384 618 vestrorum,
1414 542 1446 605 in
1473 542 1591 625 quibus
1621 541 1837 627 prodigaliter
1859 542 2081 608 debachantes

427 664 461 722 et
498 660 682 720 crassantes
720 651 830 735 inique
868 650 924 713 vix
960 649 1054 713 vobis
1091 647 1212 710 rictum
1250 651 1384 710 tenuem
1419 644 1668 729 relinquebant,
1711 650 1822 730 preter
1858 645 2010 729 angarias
2049 653 2083 710 et

426 756 654 845 parangarias,
684 753 802 839 quibus
825 773 883 816 ros
907 748 1135 836 opprimebant
1157 768 1223 811 non
1246 748 1330 812 siout
1355 747 1477 811 liberos
1502 753 1553 810 set
1580 753 1617 810 ut
1647 768 1774 828 servos,
1804 753 1915 833 preter
1941 747 2083 812 ludibria

428 868 463 926 et
478 859 626 939 verbera,
649 857 765 942 quibus
782 876 840 919 ros
864 853 994 918 afficere
1018 873 1077 938 pro
1101 850 1228 914 modico
1245 850 1450 936 reputabant,
1473 870 1631 934 personas
1646 856 1783 929 vestras,
1806 857 1872 913 tam
1889 851 2081 917 clericorum

428 982 524 1048 quam
551 960 727 1038 laieorum,
760 957 825 1021 Dei
853 957 970 1019 timore
998 952 1182 1039 postposito
1216 959 1249 1016 et
1279 952 1419 1016 ecclesie
1452 953 1638 1016 reverentia
1667 952 1829 1038 vilipensa
1856 953 2083 1039 multipliciter
2147 992 2152 1002 ·

429 1064 632 1143 cruciarunt,
655 1061 737 1125 alios
761 1055 1008 1145 suspendendo,
1038 1055 1120 1119 alios
1144 1053 1346 1134 exsecando,
1369 1053 1443 1118 aliis
1465 1055 1562 1118 aliter
1583 1054 1804 1140 interemptis,
1835 1061 1870 1120 et
1891 1056 1964 1120 aliis
1987 1055 2085 1121 aliter

430 1165 597 1230 mutilatis.
644 1164 752 1238 Quare
775 1161 857 1225 dieti
879 1159 984 1224 nuntii
1008 1179 1050 1224 ex
1072 1163 1165 1244 parte
1181 1163 1292 1222 vestra
1314 1156 1410 1220 nobis
1430 1175 1504 1220 eum
1528 1175 1654 1220 summa
1677 1157 1833 1221 instantia
1849 1158 2085 1244 supplicarunt,

431 1268 642 1333 obsecrantes
666 1270 699 1330 et
721 1263 910 1329 adiurantes
933 1282 993 1347 per
1014 1281 1134 1325 nomen
1150 1259 1272 1324 domini
1287 1258 1364 1323 Iesu
1382 1258 1514 1339 Christi,
1536 1264 1573 1323 ut
1595 1280 1669 1322 cum
1691 1279 1749 1324 vos
1772 1266 1806 1325 st
1828 1265 1932 1324 terras
1955 1267 2083 1326 vestras

429 1370 470 1436 de
496 1371 567 1435 iure
589 1389 628 1433 ac
651 1366 851 1454 proprietate
867 1364 1015 1429 Romane
1038 1361 1179 1428 ecclesie
1202 1366 1333 1426 constet
1355 1382 1440 1441 esse,
1464 1367 1498 1425 et
1519 1367 1631 1447 pateat
1654 1361 1740 1445 quod
1762 1361 1869 1427 dictus
1884 1363 2083 1444 Fridericus,

427 1471 630 1538 feudatarius
653 1468 750 1534 feudo
779 1469 890 1533 taliter
917 1464 1098 1542 abutendo,
1131 1485 1170 1528 eo
1199 1465 1320 1550 privari
1350 1464 1520 1544 meruerit,
1548 1485 1743 1550 quamquam
1770 1465 1835 1529 iam
1865 1467 1908 1530 sit
1936 1489 1984 1533 ex.
2006 1468 2081 1532 aliis

428 1576 536 1639 causis
565 1574 637 1659 ipso
666 1572 736 1636 iure
769 1571 933 1656 privatus,
964 1567 1125 1652 angustiis
1157 1566 1274 1631 restris
1303 1565 1414 1630 debito
1441 1566 1678 1652 compatientes
1708 1568 1846 1649 affectu,
1878 1590 1919 1636 ne
1948 1571 2083 1655 sanguis

428 1682 540 1742 vester
571 1674 613 1740 ds
642 1673 763 1738 nostris
780 1672 944 1736 manibus
972 1669 1155 1735 aDomino
1185 1670 1388 1752 requiratur,
1422 1668 1462 1732 ad
1485 1670 1713 1734 liberationem
1742 1679 1884 1737 vestram
1912 1672 2083 1738 intendere

429 1776 653 1862 dignaremur,
686 1796 744 1839 vos
774 1775 815 1839 ad
843 1774 1029 1838 demanium
1057 1773 1199 1838 ecclesie
1222 1770 1406 1836 revocando
1437 1779 1470 1836 et
1495 1774 1605 1837 locum
1627 1774 1744 1839 Acculi
1766 1775 1808 1839 ad
1831 1776 2083 1842 construendam

429 1880 594 1944 civitatem
613 1877 711 1942 ‘robis
733 1877 774 1942 de
802 1877 938 1964 speciali
960 1876 1067 1963 gratia
1090 1873 1309 1954 concedendo,
1332 1877 1506 1961 presertim
1529 1898 1603 1941 cum
1625 1899 1683 1943 ros
1709 1878 1844 1965 provide
1873 1879 2082 1944 attendentes

429 1980 515 2068 quod
544 1981 579 2044 in
601 1979 786 2044 huiusmodi
817 1979 959 2044 novitate
983 1978 1077 2042 vobis
1105 1977 1223 2042 adesse
1254 1977 1324 2042 sinc
1348 1979 1531 2064 sumptibus
1561 2000 1626 2045 non
1653 2001 1844 2066 possemus,
1875 1982 1980 2068 parati
2009 1981 2081 2045 sitis
2147 2027 2151 2036 .

428 2085 524 2150 nobis
552 2083 666 2149 decem
698 2083 789 2147 milia
820 2083 988 2147 unciarum
1024 2082 1096 2146 auri
1129 2082 1335 2167 persolvere,
1367 2083 1509 2168 quinque
1543 2083 1633 2147 milia
1668 2082 1823 2148 videlicet
1852 2084 1937 2148 infra
1967 2084 2082 2149 decem

430 2187 500 2252 dies
523 2193 697 2273 postquam
725 2184 768 2249 ad
789 2206 848 2249 ros
878 2183 976 2248 iidem
1006 2184 1112 2248 nuntii
1140 2190 1359 2262 revertentur,
1388 2184 1513 2269 reliqua
1539 2206 1617 2250 rerc
1646 2185 1788 2270 quinque
1817 2186 2083 2252 miliaterminis

430 2311 510 2377 quos
532 2290 626 2354 robis
650 2287 840 2353 duxerimus
864 2286 1067 2364 statuendos,
1091 2291 1124 2351 et
1147 2308 1205 2373 pro
1229 2286 1451 2351 construenda
1472 2286 1652 2352 munitione
1675 2310 1713 2352 ac
1738 2288 1928 2354 edificandis
1951 2289 2082 2374 palatiis

429 2391 470 2456 ad
493 2413 573 2478 opus
596 2397 744 2455 nostrum
767 2391 857 2455 mille
881 2390 951 2454 auri
981 2389 1094 2453 uncias
1119 2388 1267 2454 conferre
1290 2366 1418 2469 velitis,
1448 2396 1481 2455 et
1510 2391 1710 2456 sufficienter
1738 2391 1922 2456 ministrare
1949 2392 2083 2473 calcem,
2107 2455 2109 2460 .

428 2493 555 2580 lapides
581 2500 614 2558 et
637 2514 787 2568 arenam;
817 2493 954 2557 soluturi
977 2492 1118 2557 ecclesie
1141 2491 1290 2556 Romane
1313 2513 1372 2578 pro
1397 2514 1497 2557 censu
1521 2500 1652 2558 centurn
1674 2493 1745 2558 auri
1767 2494 1880 2558 uncias
1903 2497 2081 2560 annuatim.
2134 2522 2145 2560 a

429 2596 642 2663 Medietatem
665 2616 794 2681 quoque
815 2596 1009 2682 placitorum
1032 2600 1066 2658 et
1089 2594 1272 2678 sanguinis,
1306 2594 1481 2660 lorfacture
1509 2604 1542 2660 et
1569 2597 1707 2660 aliorum
1734 2597 1915 2662 bannorum
1939 2598 2084 2662 omnium

429 2700 539 2765 balivo
563 2699 651 2764 curie
681 2705 793 2763 nostre
817 2696 936 2760 dabitis
966 2695 1172 2768 inminutam
1202 2702 1235 2760 et
1267 2717 1341 2759 cum
1372 2696 1413 2762 de
1439 2697 1591 2789 eligendo
1621 2700 1773 2764 consules
1802 2701 1855 2765 rel
1885 2706 2082 2786 potestatem

430 2801 607 2868 concordes
631 2803 773 2882 fueritis,
806 2822 867 2864 nos
891 2807 925 2865 et
948 2820 1156 2864 successores
1179 2805 1310 2863 nostros
1334 2799 1712 2886 humiliterrequiretis,
1740 2807 1792 2882 ut,
1816 2803 1845 2866 si
1867 2800 1908 2866 de
1931 2802 2084 2867 fidelibus

430 2905 571 2970 ecclesie
594 2903 731 2984 fuerint,
758 2903 851 2967 vobis
876 2903 946 2967 sine
970 2901 1161 2967 difficultate
1184 2903 1294 2986 aliqua
1321 2902 1409 2988 ipsos
1433 2903 1614 2968 concedant
1642 2905 1776 2989 eligere.
1820 2904 1884 2968 Pro
1914 2906 2084 2992 premissis

431 3013 541 3072 autem
563 3006 714 3071 omnibus
738 3004 951 3070 observandis
975 3004 1180 3084 iuratoriam,
1211 3003 1448 3069 fideiuss'oriam
1477 3013 1510 3070 et
1537 3007 1688 3071 obsidum
1710 3007 1889 3072 seeundum
1912 3009 2082 3073 arbitrium
2134 3037 2145 3074 r
2183 2997 2186 3004 ⁵

429 3109 537 3174 nuntii
574 3109 678 3173 nostri
720 3108 910 3194 prestabitis
951 3107 1146 3172 cautionem.
1206 3107 1281 3170 'Nos
1321 3108 1422 3192 igitur
1456 3110 1573 3174 restris
1613 3109 1879 3174 tribulationibus
1914 3131 1979 3175 non
2013 3110 2084 3177 sine

430 3211 648 3277 amaritudine
671 3210 812 3297 plurima
833 3210 1021 3289 intellectis,
1044 3215 1249 3295 nequeuntes
1272 3217 1396 3276 tantam
1420 3218 1561 3276 vestram
1586 3233 1650 3276 non
1673 3213 1822 3277 misereri
1843 3213 2020 3292 miseriam,
2043 3211 2084 3278 de

431 3313 566 3378 consilio
582 3312 719 3378 fratrum
734 3318 920 3377 nostrorum
936 3311 1029 3377 robis
1049 3313 1081 3376 in
1099 3312 1257 3379 fidelitate
1279 3336 1316 3379 ac
1333 3313 1507 3379 devotione
1524 3315 1612 3379 sedis
1629 3316 1809 3401 apostolice
1831 3316 2086 3403 persistentibus

431 3422 465 3481 et
487 3415 650 3503 promissa
673 3415 880 3480 servantibus
903 3414 1113 3480 concedimus
1137 3417 1313 3500 postulata,
1338 3417 1493 3481 dilectum
1517 3417 1620 3481 filium
1635 3417 1832 3484 Pandulfum
1849 3418 2085 3483 subdiaconum

431 3525 465 3584 et
484 3519 689 3605 capellanum
705 3526 862 3600 nostrum,
886 3519 991 3583 virum
1006 3519 1119 3602 utique
1135 3518 1276 3598 fidelem,
1298 3517 1469 3604 providum
1492 3526 1526 3584 et
1548 3520 1732 3597 honestum,
1755 3520 1796 3585 ad
1819 3521 1880 3586 hoc
1897 3521 2085 3610 specialiter

430 3620 630 3709 deputando.
674 3621 725 3686 Ne
743 3622 841 3707 igitur
856 3643 876 3686 a
891 3621 984 3686 vobis
1001 3619 1123 3705 aliquid
1140 3619 1180 3685 de
1197 3621 1461 3706 contingentibus
1477 3623 1654 3704 omittatur,
1676 3624 1925 3688 universitatem
1940 3631 2083 3688 vestram

431 3744 601 3789 monemus
625 3729 750 3789 attente
774 3745 833 3810 per
855 3723 1038 3810 apostolica
1060 3723 1180 3810 scripta
1195 3723 1400 3805 mandantes,
1424 3725 1575 3810 quatinus
1598 3727 1759 3812 premissa
1782 3727 1890 3790 omnia
1912 3724 2084 3791 sordentes

431 3826 574 3892 fideliter
596 3827 783 3908 observare,
806 3832 936 3912 tempus
960 3846 1046 3890 nuno
1069 3826 1275 3911 acceptabile
1291 3828 1451 3912 preterire
1473 3849 1539 3892 non
1562 3829 1731 3914 patiamini
1754 3829 1904 3909 otiosum,
1928 3833 1979 3894 set
2001 3850 2084 3915 opus

430 3929 626 4015 incipientes
655 3930 794 3994 viriliter
824 3935 858 3994 et
887 3932 1057 4014 potenter,
1088 3927 1129 3992 ad
1162 3929 1441 3994 consumationem
1472 3930 1543 3995 eius
1573 3931 1705 3997 felicem
1735 3931 1813 3995 totis
1844 3929 2018 4004 aflectibus
2050 3939 2084 3997 et

430 4031 555 4096 viribus
586 4030 776 4097 intendatis.
832 4029 902 4094 Nos
931 4030 1019 4095 enim
1051 4030 1096 4093 ita
1124 4051 1182 4095 ros
1211 4033 1366 4116 prosequi
1399 4033 1504 4116 gratia
1532 4039 1567 4098 et
1595 4033 1707 4097 farore
1737 4033 1964 4119 proponimus,
1995 4033 2082 4120 quod
2134 4063 2158 4100 a

432 4135 546 4199 civitas
568 4140 678 4199 vestm
705 4139 866 4221 perpetuo
895 4133 1014 4197 letetur
1041 4132 1182 4208 honore,
1214 4139 1247 4198 et
1275 4134 1467 4199 memoriale
1496 4140 1641 4198 vestrum
1669 4135 1727 4199 fiat
1753 4135 1787 4198 in
1816 4134 2084 4218 generationibus

431 4237 619 4322 gloriosum.

538 4355 626 4420 Data
648 4355 786 4436 Perusii,
809 4353 876 4418 VII
899 4353 977 4419 Idus
1002 4351 1216 4440 Septembris,
1238 4354 1447 4441 pontificatus
1470 4356 1574 4420 nostri
1597 4377 1681 4421 anno
1704 4356 1812 4422 tertio.

1055 4643 1466 4652 ——————.

1216 4937 1303 5010 403.

541 5046 731 5157 Granius
752 5075 809 5139 IX
823 5094 915 5155 popa
934 5073 1105 5159 [Roberto]
1125 5075 1352 5157 arrbs'episaopo
1373 5075 1581 5160 lntpdaaeasi
1602 5078 1740 5142 drbtrrbtc
1759 5082 1928 5161 pracepit,
1959 5087 1994 5146 at
2015 5103 2085 5148 cum

431 5175 617 5242 Frideraus
645 5177 746 5240 dictas
773 5179 943 5259 imperator
971 5199 1039 5242 cum
1067 5179 1257 5245 sarracenis
1284 5181 1328 5244 ad
1352 5181 1594 5246 waculcandam
1622 5181 1800 5247 Romanam
1827 5186 1985 5250 ecelesiam
2013 5187 2085 5252 totis
2135 5225 2160 5264 ω

432 5279 555 5344 arahelet
575 5277 753 5358 affectibus,
781 5280 850 5344 siae
877 5300 966 5346 mora
987 5301 1056 5346 cam
1077 5302 1211 5366 conprao
1232 5275 1574 5375 exfortic'bellatoram
1590 5285 1802 5365 personaliter
1822 5288 1929 5353 venire
1945 5287 2084 5372 festinet.

1721 5405 1815 5484 1229,
1837 5404 1922 5486 Sept.
1944 5408 1996 5472 26.

541 5513 624 5587 Grep.
644 5515 694 5569 IX
710 5515 779 5587 Ray.
797 5517 859 5573 Lib.
878 5522 938 5591 III,
957 5524 1001 5575 64.
1036 5519 1154 5575 Edimas
1171 5537 1205 5575 ae
1224 5521 1316 5594 Raya.
1334 5522 1406 5576 Ana.
1424 5520 1529 5577 eccla
1547 5523 1625 5589 1229,
1643 5523 1660 5590 9
1678 5523 1723 5578 35.

537 5600 674 5671 Paaau,
692 5602 759 5673 aa.
779 5607 862 5661 aras.
959 5671 964 5690 ,
