4524 6412
431 372 493 439 302
1009 361 1057 421 mr
1076 327 1251 421 ennoean
1269 357 1307 418 ιιι
1327 359 1506 420 nnmsrno

430 545 711 624 disconsulerent,
743 541 879 607 oonsilio
903 562 1017 607 eorum
1039 562 1076 606 se
1099 541 1274 627 reputabat
1296 545 1500 618 contentum,
1530 561 1650 626 rogans
1674 560 1731 606 eos
1753 545 1791 605 ut
1812 538 1853 606 de
1876 537 2001 607 honore
2024 559 2082 605 suo

430 648 613 735 gauderent
647 653 681 711 et
714 651 844 710 cantum
879 646 912 709 in
948 646 1075 730 signum
1109 644 1320 708 exultationis
1349 649 1383 707 et
1418 645 1522 709 letitie
1550 645 1759 718 inchoarent;
1794 666 1856 730 que
1890 647 1961 710 sola
1995 646 2083 710 natio

431 757 562 818 cantum
592 750 714 814 levavit
744 755 778 813 et
803 748 964 812 luminare
993 747 1089 828 fecit,
1119 747 1270 810 omnibus
1297 746 1374 810 aliis
1405 747 1576 811 stultitiam
1605 748 1832 834 reputantibus
1857 747 1945 834 quod
1974 747 2084 828 fiebat,

432 876 505 920 cum
536 853 629 918 multi
660 874 703 918 ex
733 851 774 915 iis
802 850 951 918 fraudem
979 851 1044 915 iam
1071 856 1308 934 cognoscerent
1336 849 1518 914 manifeste.
1562 851 1626 914 His
1653 852 1795 937 peractis
1822 851 1982 936 magister
2003 849 2083 914 Ale-

431 977 637 1036 mannornm,
667 976 777 1020 comes
800 955 996 1019 Thomasius
1021 959 1054 1018 et
1077 952 1227 1017 dominus
1251 950 1392 1036 Sydonis
1415 952 1545 1017 iverunt
1566 953 1607 1016 ad
1630 953 1800 1018 soldanum
1821 952 2024 1039 Babylonia,
2047 958 2084 1016 ut

432 1081 531 1147 super
553 1058 825 1125 conventionibus
846 1057 936 1121 initis
960 1056 1147 1141 reciperent
1170 1060 1410 1119 sacramentum
1432 1054 1473 1118 ab
1497 1055 1584 1140 ipso;
1608 1077 1671 1140 quo
1694 1063 1829 1142 recepto
1852 1057 1912 1121 ivit
1934 1056 2085 1121 dominus

433 1162 574 1248 Sydonis
597 1161 638 1227 ad
662 1161 832 1227 soldanum
852 1160 1008 1226 Damasci
1020 1161 1043 1240 ²,
1066 1165 1104 1224 ut
1126 1158 1168 1224 ab
1192 1180 1231 1224 eo
1255 1158 1409 1223 similiter
1429 1158 1593 1245 reciperet
1616 1165 1863 1244 sacramentum.
1910 1159 1976 1224 Sed
1998 1159 2086 1223 idem

432 1265 588 1331 soldanus
610 1266 675 1329 iam
698 1271 917 1350 presenserat,
945 1261 1031 1348 quod
1054 1261 1209 1326 soldanus
1231 1260 1414 1344 Babylonis
1438 1267 1472 1325 et
1495 1259 1708 1347 Seraphius²,
1730 1263 1884 1327 avunculi
1905 1263 1987 1342 eius,
2012 1283 2087 1327 eum

433 1367 635 1433 exheredare
663 1368 794 1455 penitus
821 1367 1036 1432 intendebant
1066 1372 1100 1431 et
1127 1365 1214 1429 inter
1243 1385 1278 1429 se
1310 1363 1456 1429 dividere
1485 1373 1605 1430 terram
1636 1387 1744 1442 suam,
1772 1373 1907 1453 propter
1934 1366 2022 1452 quod
2051 1387 2087 1431 se

432 1473 466 1536 in
489 1471 687 1537 Damascum
710 1471 847 1556 recepit,
871 1477 904 1534 et
926 1468 1076 1534 adunatis
1101 1469 1169 1534 suis
1192 1468 1241 1533 eis
1256 1467 1395 1530 viriliter
1416 1469 1595 1533 resisterel
1616 1469 1805 1533 conabatur.
1851 1468 1915 1544 Qui
1935 1477 2085 1556 treugam

432 1576 540 1640 iurare
563 1575 668 1639 noluit
689 1574 756 1638 ullo
779 1572 886 1649 modo,
909 1572 1020 1638 dicens
1044 1570 1130 1657 quod
1153 1570 1307 1636 soldanus
1324 1570 1507 1655 Babylonis
1530 1572 1710 1636 avunculus
1734 1593 1812 1636 suus
1835 1578 1956 1637 terram
1979 1573 2084 1659 ipsius

435 1676 632 1741 Christianis
657 1678 727 1741 sine
750 1697 913 1740 consensu
936 1697 995 1739 suo
1017 1674 1156 1740 reddere
1179 1672 1219 1737 de
1243 1673 1314 1737 iure
1337 1693 1402 1736 non
1425 1679 1553 1758 poterat
1575 1695 1636 1738 nec
1659 1673 1812 1739 debebat.

541 1779 633 1844 Inter
654 1780 715 1844 hec
738 1779 896 1864 magister
917 1779 1172 1842 Alamannorum
1196 1776 1237 1840 ad
1259 1775 1530 1860 magnificandam
1553 1797 1678 1857 vocem,
1702 1776 1800 1841 immo
1823 1776 1864 1840 ad
1888 1777 2088 1863 palliandam

434 1882 590 1969 principis
612 1883 805 1963 falsitatem,
834 1882 994 1946 malitiam
1017 1888 1115 1966 atque
1137 1880 1301 1960 fraudem,
1330 1879 1497 1944 mandavit
1519 1881 1613 1945 nobis
1637 1882 1812 1945 consulens
1836 1887 1933 1966 atquo
1956 1903 2088 1966 rogans,

435 1991 471 2050 ut
493 1985 534 2050 ad
558 1987 740 2051 exercitum
755 1987 975 2073 personaliter
989 1987 1187 2064 veniremus,
1212 2005 1285 2048 cum
1307 1984 1491 2069 peregrinis
1506 1984 1673 2049 civitatem
1697 1989 1843 2048 sanctam
1860 1985 2088 2070 sollempniter
2139 2013 2160 2050 a

435 2089 596 2170 intraturi,
618 2096 652 2154 et
674 2089 760 2175 quod
783 2088 939 2174 deinceps
962 2087 1106 2152 ordinari
1128 2087 1289 2152 deberent
1311 2093 1423 2150 nostro
1448 2087 1584 2151 consilio
1607 2087 1771 2169 universo,
1795 2094 2007 2174 nostrumque
2031 2087 2090 2151 ad-

435 2198 569 2257 ventum
595 2193 773 2279 imperator
801 2193 977 2279 plurimum
1008 2191 1194 2256 affectabat.
1248 2189 1344 2254 Circa
1372 2189 1459 2254 idem
1493 2191 1652 2274 magister
1685 2189 1779 2255 valde
1816 2191 1977 2256 sollicitus
2012 2211 2092 2276 erga

435 2293 558 2359 amieos
582 2301 616 2360 et
638 2295 817 2362 familiares
832 2303 962 2360 nostros
985 2295 1026 2360 de
1045 2295 1203 2370 exercitu,
1225 2300 1263 2358 ut
1285 2315 1345 2357 nos
1368 2292 1409 2357 sd
1424 2293 1622 2358 veniendum
1637 2293 1831 2359 inducerent
1851 2295 1918 2358 suis
1936 2294 2090 2380 precibus

436 2417 510 2461 cum
532 2397 653 2463 affectu
677 2446 770 2464 .....
771 2397 800 2473 b;
824 2420 960 2484 quorum
984 2399 1128 2463 omnium
1152 2397 1293 2482 receptis
1316 2395 1434 2460 litteris
1457 2402 1490 2460 et
1512 2397 1677 2481 perlectis,
1702 2404 1797 2461 caute
1818 2396 2091 2462 considerandum

436 2499 589 2565 duximus
619 2508 653 2568 et
679 2501 871 2582 notandum,
903 2501 988 2587 quod
1016 2502 1194 2588 imperator
1222 2521 1280 2564 sue
1308 2497 1482 2564 intendens
1513 2497 1652 2564 dilatare
1680 2499 1824 2564 fimbrias
1855 2499 2026 2581 falsitatis,
2057 2506 2092 2565 et
2140 2533 2164 2574 ro

436 2603 610 2670 attendens
638 2604 724 2689 quod
759 2611 875 2689 treuge
906 2611 939 2669 et
963 2604 1223 2682 conventiones,
1259 2623 1339 2687 quas
1376 2622 1450 2666 cum
1482 2600 1617 2665 soldano
1646 2601 1765 2666 inierat
1800 2601 2027 2667 fraudulenter
2059 2609 2093 2669 et

436 2707 616 2787 malitiose,
646 2708 734 2771 omni
758 2705 969 2771 fundamento
993 2707 1139 2772 veritatis
1164 2712 1197 2771 et
1220 2705 1407 2770 stabilitatis
1430 2711 1598 2784 carerent,
1629 2726 1689 2769 nec
1712 2711 1778 2770 tam
1801 2727 1960 2772 vesanum
1983 2707 2093 2771 scelus

438 2815 552 2895 posset
575 2809 697 2875 diutius
716 2810 881 2891 occultari,
906 2831 977 2874 cum
1001 2811 1073 2896 ipse
1097 2815 1186 2875 esset
1207 2809 1247 2874 de
1271 2815 1359 2873 terra
1381 2829 1569 2873 recessurus
1593 2809 1763 2889 instanter,
1789 2831 1851 2874 nec
1876 2816 1973 2892 terra,
1995 2831 2093 2894 quam

440 2934 478 2978 se
517 2913 699 2998 acquisisse
734 2912 895 2994 iactabat,
933 2921 1046 2999 posset
1078 2914 1212 2978 retineri
1249 2935 1309 2998 per
1337 2913 1462 2998 ipsum,
1498 2933 1533 2976 se
1565 2918 1777 2977 exoneratum
1808 2913 1958 2979 crederet
1993 2915 2093 2977 immo

438 3017 632 3082 honoratum
666 3017 813 3098 omnino,
842 3023 876 3082 et
908 3038 968 3081 nos
1000 3024 1075 3102 post
1104 3036 1270 3080 recessum
1298 3037 1392 3078 suum
1426 3036 1618 3100 quacunque
1648 3016 1819 3081 occasione
1848 3017 2030 3081 dimitteret
2059 3016 2093 3080 in
2143 3047 2166 3088 a·

438 3119 673 3204 acquisitione,
703 3141 798 3205 quam
829 3141 864 3184 se
893 3119 1012 3184 fecisse
1035 3119 1196 3203 fingebat,
1227 3119 1281 3181 vel
1304 3116 1413 3202 operis
1437 3117 1681 3184 continuatione
1704 3119 1848 3205 Ioppen,
1878 3126 1912 3184 et
1942 3119 1970 3182 si
2002 3125 2095 3204 post-

439 3221 570 3286 modum
604 3221 644 3286 de
674 3223 855 3288 Ierusalem
887 3223 997 3307 aliqua
1026 3223 1224 3288 necessitate
1256 3221 1462 3304 contingeret
1494 3242 1553 3285 nos
1584 3223 1676 3286 exire
1714 3224 1767 3287 vel
1797 3244 1880 3309 opus
1908 3224 2095 3308 relinquere

439 3324 684 3410 imperfectum,
711 3325 853 3391 diceret:
878 3325 966 3410 ‘Ego
989 3326 1149 3411 acquisivi
1172 3325 1337 3389 civitatem
1367 3330 1529 3404 sanctam,
1558 3345 1655 3410 quam
1681 3324 1825 3412 perdidit
1852 3325 2039 3411 patriarcha
2062 3333 2096 3391 et

440 3429 581 3493 ecclesie
604 3428 751 3494 Romane
774 3430 921 3514 legatus3
953 3430 1062 3514 incepi
1085 3429 1211 3494 munire
1234 3427 1379 3515 Ioppen,
1413 3433 1447 3493 et
1470 3433 1521 3492 est
1542 3428 1672 3513 perdita
1693 3449 1753 3514 per
1775 3427 1941 3510 eundem',
1972 3436 2007 3494 et
2029 3450 2094 3494 non

441 3532 547 3595 solum
569 3532 665 3596 nobis
688 3532 721 3595 id
743 3553 856 3597 verum
880 3533 978 3597 etiam
1003 3533 1145 3597 ecclesie
1169 3533 1355 3617 imputaret.
1400 3529 1452 3593 Ad
1475 3529 1548 3612 hec,
1571 3537 1665 3616 pater
1688 3537 1810 3612 sancte,
1834 3531 1911 3596 licet
1934 3532 2093 3596 malitiam

440 3635 647 3720 imperatoris
677 3656 715 3699 ac
738 3635 885 3701 fraudem
910 3643 944 3701 et
966 3636 1277 3702 circumventionem
1301 3635 1449 3720 magistri
1472 3634 1505 3698 in
1527 3633 1589 3698 hac
1612 3641 1704 3720 parte
1728 3634 2008 3722 perpenderemus
2033 3657 2092 3700 ex-

440 3758 570 3823 presse,
584 3795 585 3799 ,
600 3744 710 3804 tamen
737 3738 779 3802 ad
801 3739 971 3804 intellecta
993 3747 1070 3804 tunc
1094 3739 1354 3826 pretermisimus
1377 3759 1420 3803 ex
1440 3736 1601 3801 industria
1623 3737 1842 3825 respondere,
1873 3740 2093 3805 rescribentes

441 3842 608 3926 magistro,
631 3848 667 3906 ut
683 3843 915 3930 transcriptum
931 3850 1047 3928 treuge
1072 3850 1106 3908 et
1128 3844 1272 3908 omnium
1289 3841 1541 3907 conventionum
1564 3841 1658 3906 nobis
1674 3843 1912 3907 transmitteret
1934 3842 1975 3908 de
1993 3843 2094 3908 verbo

440 3945 654 4026 adverbum,
691 3953 728 4012 ut
755 3947 868 4012 habita
894 3947 1132 4013 deliberatione
1161 3947 1274 4012 debita
1296 3944 1383 4031 quod
1414 3944 1590 4009 mandabat
1619 3967 1791 4032 possemus
1815 3945 2033 4012 confidentius
2056 3969 2094 4012 ac

442 4050 589 4115 securius
612 4049 803 4135 adimplere.
848 4050 921 4115 Non
946 4053 1033 4117 enim
1055 4059 1161 4116 tutum
1184 4058 1255 4116 erat
1277 4049 1391 4129 nobis,
1421 4048 1519 4112 immo
1549 4047 1723 4112 admodum
1747 4048 1977 4132 indiscretum,
2008 4049 2094 4135 quod
2160 4082 2170 4118 ,ι

440 4174 501 4216 nos
534 4155 568 4217 in
603 4174 702 4216 manu
733 4155 1010 4220 committeremus
1045 4154 1186 4235 soldani,
1214 4153 1261 4218 de
1299 4153 1390 4218 cuius
1419 4152 1515 4216 nobis
1542 4151 1646 4216 forma
1674 4157 1788 4236 treuge
1818 4174 1883 4218 non
1914 4155 2096 4220 constabat.

443 4255 515 4329 Quo
553 4255 720 4321 intellecto
759 4257 916 4341 magister
959 4257 1175 4322 incontinenti
1214 4276 1275 4341 per
1310 4255 1445 4319 fratrem
1479 4253 1551 4318 W.³
1596 4254 1637 4319 de
1684 4254 1797 4320 ordine
1836 4256 2094 4339 Predieatorum,

442 4357 709 4443 penitentiarium
726 4366 884 4440 nostrum,
907 4361 1002 4425 nobis
1019 4362 1107 4425 misit
1130 4359 1353 4446 supradictum
1369 4359 1614 4445 transcriptum
1638 4379 1701 4443 quo
1725 4364 1852 4425 retento
1868 4381 1906 4425 ao
1920 4359 2097 4446 diligenter

443 4466 555 4525 notato
578 4460 718 4527 vidimus
740 4463 775 4526 in
797 4485 836 4528 eo
860 4465 946 4529 inter
968 4470 1079 4530 cetera
1100 4463 1240 4549 quedam
1263 4463 1426 4526 mirabilia
1448 4463 1618 4544 contineri,
1643 4483 1705 4548 que
1729 4465 1894 4529 sanctitati
1917 4471 2026 4530 vestre
2050 4463 2092 4529 de

442 4564 544 4629 verbo
566 4563 607 4628 ad
630 4565 768 4630 verbum
790 4565 943 4633 duximus
970 4568 1251 4648 transmittenda⁴‚
1278 4568 1375 4633 beate
1404 4566 1840 4654 circumspectionisvestre
1869 4545 2093 4654 relinquentes

444 4666 564 4732 iudicio
586 4668 744 4756 principis
767 4669 863 4735 huius
887 4672 1045 4736 malitiam
1069 4671 1266 4746 evidentem.

550 4771 619 4838 Nos
645 4773 805 4858 igiturex
826 4774 931 4839 forme
955 4781 1141 4861 treugarum
1160 4775 1397 4856 instrumentis,
1420 4779 1534 4859 utpote
1558 4773 1612 4858 qui
1636 4774 1735 4839 nichil
1759 4775 1846 4840 aliud
1862 4775 2097 4861 querebamus,

444 4896 487 4940 ex
514 4881 591 4940 tunc
619 4876 802 4963 incepimus
831 4884 978 4943 nostrum
1010 4878 1182 4942 consilium
1211 4878 1379 4958 ordinare,
1414 4877 1554 4962 qualiter
1585 4877 1619 4940 in
1647 4883 1715 4942 toto
1757 4879 1890 4964 negotio
1918 4879 2098 4965 procedere

443 4979 648 5045 deberemus.
706 4979 789 5045 Cum
817 4981 918 5066 igitur
946 4982 1042 5046 nobis
1070 4983 1218 5068 inprimis
1248 4986 1427 5061 constaret,
1459 4979 1546 5065 quod
1574 4980 1728 5047 soldanus
1758 4982 1923 5047 civitatem
1953 4989 2098 5046 sanctam

444 5083 633 5168 imperatori
656 5103 694 5148 ac
718 5083 786 5148 suis
810 5083 927 5148 baiulis
951 5084 993 5149 ad
1015 5085 1225 5150 muniendam
1248 5091 1282 5150 et
1302 5083 1486 5149 habendam
1510 5083 1672 5165 dedisset,
1702 5087 1794 5150 nulla
1817 5085 1856 5151 dc
1881 5087 2022 5151 ecclesia
2044 5087 2098 5150 vel
2149 5128 2174 5166 ,ὃ

551 5407 574 5474 ¹)
592 5409 710 5461 assistere
727 5408 811 5476 Baga.
894 5409 917 5476 ὴ)
935 5411 1020 5464 &case
1037 5411 1139 5477 aliquid
1157 5413 1262 5465 nadaber.

375 5637 382 5648 .
548 5561 574 5629 1)
593 5561 828 5618 Eaadstr-Ddud.
906 5562 933 5629 Ι)
951 5562 1138 5633 Ebdaclrraf,
1155 5565 1287 5621 soldanus
1304 5567 1338 5622 de
1355 5567 1475 5621 Kbelctb
1492 5567 1522 5620 ia
1540 5565 1671 5621 Armenia
1689 5568 1799 5622 saniore.
1891 5569 1920 5637 3)
1944 5569 2100 5642 llbltcram,

443 5648 477 5702 de
495 5663 550 5719 quo
568 5648 668 5704 Mottls.
688 5649 781 5703 Parta.
801 5650 898 5704 Otroa.
916 5651 1013 5720 maior,
1032 5649 1072 5705 ed.
1090 5650 1198 5707 Luord.
1217 5654 1235 5706 t.
1255 5652 1315 5717 ΙΙΙ,
1331 5670 1361 5722 p.
1380 5656 1441 5706 177.
1509 5652 1537 5720 4)
1555 5669 1582 5706 rr.
1603 5656 1669 5708 380.
