4560 6420
877 411 1183 466 ADDITAMENTUM.

985 706 1072 779 838.

305 814 496 925 Greporius
517 842 573 907 IX
590 863 677 924 papa
698 844 829 929 [Iacobo
851 844 1002 928 Teupolo]
1028 843 1101 910 duci
1127 842 1311 908 Venetorum
1332 848 1440 908 notum
1456 842 1555 928 facit,
1584 845 1613 910 ai
1632 865 1739 926 pacem
1761 847 1848 910 inter

194 946 351 1012 eeclesiam
363 951 393 1010 et
406 945 641 1033 Flrtderieum]
652 948 768 1012 dietam
790 950 1006 1029 imperatorem
1027 946 1196 1026 reseratori
1217 947 1387 1028 conticerit,
1410 966 1442 1010 se
1463 967 1532 1010 eum
1553 951 1582 1010 et
1596 950 1846 1014 communitatem

201 1049 385 1114 Venetorum
406 1051 442 1113 in
463 1050 522 1115 troc
540 1071 616 1132 poce
637 1053 812 1132 positurum
834 1071 906 1117 ease.
962 1117 963 1120 ,
1488 1053 1580 1130 1239,
1602 1051 1686 1132 Sept.
1708 1054 1760 1116 24.

300 1170 568 1239 Domnsepietolom
587 1175 611 1234 1)
630 1172 764 1242 accepia
780 1171 843 1225 In'b.
863 1171 938 1225 Part.
957 1178 976 1226 t.
996 1171 1058 1239 Η.
1080 1175 1145 1235 330,
1172 1176 1201 1239 2)
1219 1171 1241 1238 f.
1262 1175 1325 1225 332.
1363 1171 1406 1239 Of.
1424 1187 1451 1225 n.
1472 1175 1538 1226 833.

132 1391 143 1427 ⁵
197 1362 440 1455 Gregorius
484 1364 719 1456 episcopus
763 1388 925 1441 servus
968 1385 1199 1441 semorum
1240 1367 1316 1440 Dei
1356 1367 1526 1441 dilecto
1572 1367 1667 1440 lilio
1708 1368 1832 1441 nobil

256 1485 354 1556 viro
382 1484 484 1558 duci
511 1485 778 1561 Venetorum
805 1489 991 1563 salutem
1020 1495 1062 1563 et
1088 1487 1387 1580 apostolicam
1414 1487 1784 1562 benedictionem.

299 1633 472 1699 Nobilitati
493 1639 548 1714 tua
570 1635 720 1701 volumus
744 1658 818 1703 esse
841 1643 967 1713 notum,
997 1637 1083 1722 quod
1107 1637 1134 1700 si
1157 1637 1331 1721 eontigerit
1354 1635 1440 1702 inter
1461 1635 1643 1702 Romanam
1666 1638 1843 1704 ecelesiam

193 1745 227 1803 et
241 1737 278 1802 F.
301 1736 425 1803 dictum
446 1739 680 1824 imperatorem
702 1763 816 1827 pacem
840 1747 874 1806 et
896 1740 1103 1807 concordiam
1119 1739 1298 1820 reformari,
1323 1740 1465 1804 ecclesia
1480 1745 1513 1804 te
1530 1747 1564 1806 et
1578 1740 1847 1806 communitatem

193 1841 396 1906 Venetorum
418 1847 519 1929 ponet
541 1842 575 1906 in
598 1863 680 1929 pace
704 1865 776 1908 cum
801 1865 849 1908 eo.
896 1844 939 1908 Et
962 1845 988 1908 si
1007 1850 1179 1930 postquam
1202 1863 1262 1907 nos
1284 1849 1317 1908 te
1340 1864 1379 1906 ac
1402 1844 1669 1908 communitatem
1693 1841 1843 1909 eamdem

118 1965 142 2003 10
193 1945 254 2009 sub
276 1946 481 2032 protectione
504 1946 689 2031 recepimus
698 1947 720 2028 ¹,
743 1946 867 2033 aliqua,
892 1967 953 2032 que
976 1946 1018 2010 ad
1041 1953 1074 2012 tc
1097 1946 1151 2011 vel
1174 1945 1327 2010 ducatum
1351 1951 1441 2010 tuum
1464 1947 1629 2032 pertinere
1652 1953 1845 2028 noscuntur,

193 2070 253 2134 per
279 2049 462 2135 predictum
484 2048 521 2113 F.
545 2054 581 2113 tu
604 2050 656 2114 vel
686 2049 822 2115 ducatus
851 2056 926 2115 tuus
955 2050 1144 2114 ammisistis
1174 2071 1233 2114 seu
1262 2050 1471 2114 ammiseritic
1500 2049 1638 2115 durante
1668 2048 1847 2115 discordia:

193 2153 333 2218 ecclesia
360 2152 511 2217 Romana
538 2152 636 2217 faciet
665 2154 698 2217 in
729 2174 828 2239 pace,
863 2153 949 2239 quod
983 2154 1041 2217 tibi
1075 2161 1108 2217 et
1138 2153 1245 2218 eidem
1273 2151 1406 2217 ducatui
1434 2154 1651 2219 restituantur
1681 2154 1848 2220 ammissa.

192 2243 288 2330 Quod
310 2257 338 2320 si
362 2255 569 2343 postmodum
593 2255 679 2320 idem
695 2254 732 2319 F.
756 2256 815 2321 tibi
831 2259 884 2321 vel
907 2256 1038 2321 ducatui
1062 2263 1117 2320 tuo
1141 2277 1254 2343 pacem
1272 2256 1408 2342 fregerit
1424 2263 1634 2322 memoratam
1650 2265 1684 2322 et
1699 2257 1843 2322 monitus

192 2359 234 2424 ad
257 2360 445 2425 mandatum
468 2360 607 2439 ecclesie
630 2360 716 2424 infra
737 2367 804 2426 tres
832 2383 964 2425 menses
993 2359 1182 2425 satisfacere
1212 2381 1277 2424 non
1309 2361 1446 2436 curarit,
1477 2360 1619 2424 ecclesia
1648 2361 1682 2423 in
1705 2380 1780 2424 cum
1805 2381 1848 2424 ex

118 2481 140 2518 ιδ
194 2471 271 2528 tunc
293 2469 459 2549 tamquam
482 2468 709 2528 contumacem
732 2465 960 2529 ecclesiastice
983 2485 1121 2529 censura
1143 2462 1313 2549 procedet.

297 2583 384 2650 Data
406 2583 566 2670 Anagnie,
590 2591 705 2649 octavo
728 2583 804 2649 Kal.
828 2584 991 2662 Octobris,
1014 2584 1222 2670 pontificatus
1246 2584 1349 2648 nostri
1371 2603 1455 2647 anno
1479 2582 1716 2648 tertiodecimo.

298 2706 370 2791 Ego
398 2705 532 2770 Gabriel
558 2704 732 2784 Paulinus,
767 2705 913 2770 notarius
940 2710 973 2768 et
1008 2704 1134 2768 ducalis
1169 2704 1244 2782 aule
1268 2703 1481 2768 Venetiamm
1512 2702 1744 2778 cancellarius,
1779 2702 1843 2767 hoc

191 2810 380 2895 exemplum
406 2816 571 2894 sumptum
600 2830 643 2873 ex
681 2809 848 2873 autentico
883 2807 1006 2872 domini
1035 2807 1188 2893 Gregorii
1221 2828 1305 2893 pape
1341 2806 1419 2870 noni
1455 2807 1525 2871 eius
1559 2806 1649 2871 bulla
1685 2805 1842 2893 pendenti

191 2910 343 2975 roborato
367 2912 482 2998 scripsi
505 2912 545 2978 dc
568 2909 720 2975 mandato
737 2910 861 2974 domini
876 2910 989 2975 Iacobi
1005 2910 1146 2996 Teupuli
1163 2911 1226 2976 Dei
1249 2911 1355 2996 gratia
1376 2911 1480 2974 incliti
1502 2910 1595 2975 ducis
1610 2909 1838 2990 venetiarum,

112 3029 138 3067 2⁰
192 3021 342 3079 currente
366 3037 451 3079 anno
475 3015 516 3080 ab
532 3015 755 3079 incarnatione
780 3014 901 3078 domini
922 3015 1024 3078 nestri
1040 3013 1118 3078 Ieau
1135 3013 1257 3078 Christi
1272 3012 1369 3078 MCC
1378 3012 1439 3078 XL
1447 3012 1525 3093 IV·,
1550 3012 1603 3077 die
1628 3012 1677 3076 VI
1699 3013 1841 3078 intrante

191 3137 303 3183 mense
327 3117 460 3205 Aprilis,
483 3118 663 3183 indictione
686 3116 753 3196 11¹³,
777 3117 920 3181 Rivoalti
944 3118 976 3181 in
1000 3118 1124 3203 palatio
1148 3116 1285 3182 ducatus
1309 3117 1534 3182 Venetiarum.

295 3377 400 3442 avr.
487 3377 513 3446 b)
532 3381 610 3430 1111.

291 3498 318 3562 1)
337 3514 362 3550 a.
383 3501 469 3564 1238,
487 3496 555 3552 Dec.
575 3503 605 3564 5,·
623 3497 660 3566 cs.
679 3514 704 3550 n.
726 3501 790 3564 735,
807 3513 879 3565 quae
897 3495 1015 3565 epistota
1033 3494 1114 3549 etiam
1140 3493 1171 3550 in
1193 3495 1274 3564 copia
1293 3494 1356 3549 Irib.
1376 3495 1454 3548 Pact.
1472 3499 1492 3550 t.
1511 3495 1541 3563 1,
1557 3496 1580 3563 f.
1601 3500 1651 3550 331
1668 3495 1775 3566 iupiter,
1799 3495 1849 3550 nbi

185 3583 369 3651 praetereas.
390 3587 447 3638 332
465 3586 525 3639 eiua
539 3584 709 3653 confir-nantia
725 3585 761 3639 ab
781 3583 942 3638 Innocentio
961 3585 1008 3637 IV
1021 3583 1088 3637 dcta
1106 3583 1249 3652 Anagnia,
1274 3585 1375 3651 quarto
1394 3582 1489 3636 Nonas
1507 3580 1587 3644 lulii,
1616 3599 1642 3650 p.
1661 3598 1689 3636 n.
1707 3599 1732 3636 a.
1751 3581 1842 3651 primo

108 3671 133 3710 ²⁵
186 3674 212 3722 et
227 3668 251 3736 f.
271 3672 325 3723 316
340 3669 453 3724 alia-ab
472 3670 634 3725 Alexandro
651 3673 700 3724 IV
713 3671 781 3725 dota
799 3666 931 3739 Neapoli.
951 3670 1011 3724 Kal.
1030 3669 1188 3730 Februarii,
1206 3689 1232 3739 p.
1252 3687 1278 3723 n.
1297 3687 1321 3724 a.
1340 3668 1429 3739 primo
1448 3669 1553 3722 relatae
1571 3673 1642 3732 anm,
1661 3685 1731 3737 quae
1749 3683 1841 3723 ornnes

189 3769 250 3807 eum
266 3771 293 3808 n.
314 3759 367 3808 735
385 3754 423 3808 ad
439 3755 550 3809 amdam
567 3755 740 3810 concordant.
