4576 6390
760 395 961 456 maronis
979 395 1168 456 SELEC'I'AF..
1205 399 1281 457 12³4.
1787 401 1849 469 483

195 598 329 666 scopum
363 582 528 663 tamquam
570 577 714 662 legatum
751 575 892 642 ecclesie
930 573 1077 641 Romane
1114 573 1225 641 debito
1263 575 1480 663 suscipientes
1515 575 1639 643 honore
1676 584 1709 642 et
1746 577 1850 665 ipsius

196 683 329 747 monitis
353 689 387 748 et
409 681 571 746 mandatis
600 681 768 745 humiliter
796 677 1021 760 intendentes,
1054 680 1086 746 ei
1115 682 1213 767 pleno
1241 682 1360 746 mentis
1386 681 1506 746 aflectu
1536 690 1569 746 et
1597 683 1717 747 effectu
1741 685 1849 770 operis

196 788 376 867 assistatis,
411 787 457 850 ita
480 786 565 871 quod
594 807 614 848 a
642 785 737 849 nobis
768 785 884 849 merito
915 785 1136 849 commendari
1166 771 1314 872 possitis,
1349 792 1383 850 et
1404 807 1465 873 per
1488 786 1680 871 suffragium
1702 794 1849 852 vestrum

196 893 368 956 addiscant
396 890 514 954 devote
547 890 775 974 acquiescere,
810 888 865 972 qui
897 894 1049 972 proterve
1082 898 1224 953 renuunt
1252 890 1396 954 obedire.
1447 890 1604 974 Alioquin
1638 891 1846 969 senteutiam,

196 1016 292 1080 quam
319 993 407 1058 idem
435 994 564 1077 legatus
592 993 653 1056 rite
684 992 796 1054 tulerit
824 992 856 1054 in
884 991 1043 1072 rebelles,
1070 999 1174 1056 ratam
1198 993 1391 1058 habebimus
1414 1000 1448 1056 et
1471 993 1594 1057 servari
1617 998 1751 1058 auctore
1774 994 1847 1059 Deo

194 1118 299 1182 usque
323 1096 364 1160 ad
387 1095 646 1160 satisfactionem
671 1115 847 1179 congruam
872 1094 1041 1160 faciemus.

303 1215 379 1283 Dat.
404 1221 466 1280 eta.

304 1337 344 1402 In
368 1336 508 1401 cundem
532 1335 601 1399 lere
624 1333 756 1399 modum
780 1333 937 1419 scriptum
962 1339 1013 1396 est
1041 1333 1297 1420 archiepiscopis
1323 1343 1356 1400 et
1378 1337 1542 1423 episcopis
1567 1343 1600 1400 et
1623 1333 1750 1400 dilectis
1773 1336 1850 1400 filiis

196 1441 388 1520 abbatibus,
411 1439 590 1526 prioribus,
614 1437 767 1517 decanis,
790 1436 1029 1500 archidiaconis
1054 1443 1087 1500 et
1109 1438 1272 1502 universis
1296 1439 1369 1502 aliis
1394 1440 1608 1503 ecclesiarum
1634 1439 1769 1526 prelatis
1792 1460 1852 1524 per

196 1544 495 1608 lerosolimitanum
518 1563 656 1627 regnum
681 1541 875 1605 constitutis.
921 1540 973 1605 Dc
996 1541 1190 1605 liberatione
1205 1541 1306 1606 Terre
1324 1541 1443 1606 Sancte
1467 1550 1529 1607 etc.
1552 1549 1589 1606 ut
1612 1563 1711 1628 supra
1732 1562 1850 1626 usque:

195 1646 237 1710 ad
268 1653 379 1732 partes
411 1651 538 1709 vestras
568 1645 720 1709 duximus
750 1642 988 1708 destinandum.
1033 1642 1197 1716 Quocirca
1222 1645 1470 1709 universitatem
1504 1653 1647 1710 vestram
1679 1665 1851 1710 monemus

195 1772 256 1836 per
280 1749 461 1835 apostolica
483 1749 606 1834 scripta
628 1747 837 1827 mandentes,
868 1746 1021 1832 quatinus
1046 1769 1120 1811 eum
1149 1749 1233 1812 sicut
1255 1749 1437 1833 apostolice
1461 1747 1550 1813 sedis
1571 1748 1716 1833 legatum
1738 1747 1851 1812 debito

197 1855 414 1939 suscipientes
438 1853 578 1927 honore,
609 1851 794 1915 salubribus
823 1851 926 1935 ipsius
950 1851 1082 1914 monitis
1106 1858 1141 1915 et
1167 1852 1346 1931 mandatis,
1378 1859 1411 1915 et
1439 1852 1627 1937 specialiter
1649 1872 1748 1938 super
1769 1873 1851 1937 pace

196 1958 242 2022 ibi
265 1953 483 2036 reformanda,
504 1962 572 2018 tam
589 1955 707 2019 devote
732 1976 827 2040 quam
846 1954 1014 2019 humiliter
1036 1955 1206 2020 intendere
1229 1957 1425 2043 procuretis.
1469 1955 1626 2039 Alioquin
1643 1955 1851 2036 sententiam,

198 2081 294 2145 quam
317 2060 379 2123 rite
403 2059 515 2123 tulerit
538 2059 570 2121 in
594 2058 746 2136 rebelles,
770 2065 873 2122 ratam
891 2041 1087 2122 habebimus
1112 2065 1146 2123 et
1169 2061 1293 2123 servari
1315 2066 1449 2124 auctore
1465 2058 1538 2123 Deo
1561 2080 1665 2144 usque
1689 2058 1731 2123 ad
1754 2059 1850 2122 satis·

198 2163 376 2228 factionem
399 2183 577 2248 congruam
600 2162 768 2226 faciemus.

306 2282 383 2349 Dat.
407 2283 545 2368 Spoleti,
567 2283 617 2347 Vl
640 2282 718 2347 Idus
739 2283 826 2368 Aug.
850 2301 933 2346 anno
958 2247 1084 2346 octavo.

818 2527 1229 2534 mam-

982 2747 1068 2820 595.

307 2860 497 2970 (tremas
519 2887 575 2953 rx
593 2909 681 2968 papa
704 2888 957 2968 arcrrrepscoras,
980 2889 1131 2969 episcopis
1151 2893 1181 2952 a
1201 2889 1278 2953 arsa
1299 2889 1498 2954 acrearum
1515 2889 1691 2970 aretoas,
1713 2887 1756 2951 aa
1777 2907 1854 2969 quos

200 2992 321 3056 litterae
347 2992 427 3055 istac
450 2990 667 3071 perverterint,
699 2990 844 3068 mandat,
876 2995 912 3053 at
932 2991 1190 3075 [ltreodcricam]
1211 2993 1476 3074 archiepiscopum
1497 2992 1731 3068 Ravennam,
1764 3011 1854 3073 quem

202 3097 335 3177 leqatam
356 3095 394 3158 irs
419 3095 550 3159 Terram
572 3095 723 3160 Sanctam
745 3095 861 3172 mittat,
884 3094 1014 3178 bmiqae
1035 3096 1191 3176 recipiant
1212 3097 1299 3178 eique
1323 3099 1358 3161 in
1379 3098 1565 3163 massariis
1587 3096 1760 3162 liberaliter
1775 3113 1853 3175 pro-

198 3199 334 3262 videant.
382 3196 433 3283 Of.
456 3218 488 3264 a.
513 3199 585 3261 594.
1514 3203 1609 3277 1234,
1630 3200 1715 3281 Aac.
1738 3199 1767 3262 9.

304 3316 385 3386 (ἆνερ.
403 3318 453 3371 IX
470 3317 540 3388 Rea.
564 3318 619 3372 Vol.
638 3319 658 3371 Ι
664 3317 692 3382 V,
711 3320 777 3384 19&
795 3317 858 3372 Lib.
880 3317 967 3383 VIII,
986 3323 1048 3372 182.

559 3496 941 3588 ArchiepiscopiS‚
970 3496 1216 3589 episcopis,
1244 3495 1499 3583 abbatibuS,

199 3618 446 3710 prioribus,
475 3617 671 3706 decanis,
699 3617 1031 3692 archidiaconis
1059 3623 1099 3691 ct
1125 3619 1227 3691 aliis
1255 3617 1542 3691 ecclesiarum
1570 3617 1773 3707 prelatis
1804 3617 1856 3690 ad

661 3760 774 3830 quos
801 3739 955 3811 littere
982 3739 1066 3812 iste
1093 3737 1390 3831 pervenerint.

306 3887 399 3952 Inter
426 3887 658 3974 occupationes
693 3889 896 3969 innumeras,
927 3888 1044 3973 quibus
1069 3889 1222 3953 contiuuo
1245 3906 1474 3974 perurgemur,
1507 3904 1580 3948 oum
1603 3904 1668 3947 uon
1690 3882 1855 3968 possimus

200 3991 241 4055 ad
265 3992 376 4056 omnia
399 3991 550 4056 sufficere
573 4012 633 4076 per
655 3992 836 4077 nosipsos,
859 3991 970 4076 aliqua
991 3991 1039 4056 eis
1061 3991 1225 4055 interdum
1243 3989 1485 4068 committimus,
1509 3986 1550 4052 dc
1567 4006 1705 4073 quorum
1719 3992 1857 4072 experta

200 4092 264 4158 fide
288 4116 326 4158 ao
349 4093 511 4158 industria
532 4097 662 4180 plenam
685 4094 838 4159 fiduciam
856 4095 1051 4160 obtinemus.
1097 4095 1192 4160 Unde
1216 4115 1289 4159 cum
1306 4093 1529 4159 venerabilem
1551 4090 1685 4156 fratrem
1707 4097 1856 4154 nostrum

203 4245 211 4262 .
235 4197 489 4265 ‚Ravennatem
513 4199 807 4285 archiepiscopum,
832 4199 1012 4283 apostolice
1037 4197 1126 4263 sedis
1148 4198 1305 4283 legatum,
1330 4197 1423 4261 ouius
1446 4195 1620 4281 probitatis
1645 4195 1761 4258 merita
1784 4193 1855 4257 effi-

178 4303 325 4366 =csoiter
353 4323 412 4367 nos
439 4302 627 4384 hortantur,
658 4309 695 4367 ut
724 4304 759 4366 iu
789 4302 899 4367 arduis
927 4303 1071 4387 negotiis
1103 4303 1193 4366 vices
1225 4310 1355 4367 nostras
1386 4302 1625 4366 committamus
1659 4299 1782 4380 eidem,
1814 4298 1855 4363 ad

201 4413 312 4492 partes
346 4407 580 4471 transmarinas
613 4428 672 4493 pro
708 4406 810 4472 Terre
846 4406 966 4470 Sancte
1000 4408 1133 4492 negotio
1169 4407 1390 4486 destinemus,
1427 4405 1677 4469 universitatem
1712 4408 1856 4467 vestram

200 4529 366 4594 rogamus,
389 4531 449 4595 per
464 4510 645 4595 apostolica
661 4510 756 4574 vobis
778 4511 899 4596 scripta
916 4509 1127 4595 precipiendo
1148 4509 1353 4588 mandantes,
1374 4508 1526 4594 quatinus
1550 4527 1624 4571 oum
1645 4506 1739 4570 iuxta
1762 4506 1855 4570 testi-

202 4614 346 4677 monium
369 4613 526 4678 Veritatis
549 4614 582 4677 in
604 4613 699 4677 missi
719 4633 863 4699 persona
886 4613 995 4697 sperni
1020 4613 1188 4697 contingat
1212 4619 1245 4676 et
1267 4611 1422 4676 honorari
1448 4611 1650 4691 mittentem,
1683 4631 1745 4696 que
1769 4606 1856 4693 quod
1873 4631 1928 4674 nuc.
1943 4636 2011 4682 roas.

202 4716 260 4780 uni
282 4737 325 4781 ex
347 4717 490 4781 minimis
514 4717 581 4780 suis
604 4715 650 4795 fit,
674 4716 737 4781 sibi
759 4716 830 4779 fieri
853 4719 1037 4796 asseverat,
1069 4715 1212 4800 benigne
1235 4714 1434 4800 recipientes
1459 4720 1493 4779 et
1514 4713 1652 4778 honeste
1676 4718 1856 4778 tractantes
1874 4733 2030 4786 armana.

127 4847 152 4886 rs
206 4819 363 4900 eundem,
397 4819 459 4883 sibi
483 4819 606 4883 curetis
637 4819 670 4882 in
698 4819 896 4884 necessariis
919 4818 1101 4883 liberaliter
1122 4817 1315 4904 providere,
1347 4818 1395 4880 ita
1417 4816 1503 4902 quod
1524 4818 1557 4902 in
1580 4838 1722 4904 persona
1743 4817 1856 4903 ipsius,

205 4945 302 5008 quem
325 4943 405 5008 erga
426 4929 573 4987 nostram
595 4923 721 5008 geritis,
743 4944 803 5008 per
826 4923 980 4986 effectum
1005 4921 1185 4986 ostendatis
1210 4921 1357 4986 debitum
1380 4920 1566 4984 devotionis
1589 4921 1757 5000 affectum,
1779 4939 1857 4982 nos·

205 5048 269 5112 que
297 5026 372 5091 inde
396 5025 489 5090 vobis
518 5025 664 5091 reddatis
692 5027 796 5110 magis
825 5026 1023 5090 favorabiles
1051 5031 1085 5090 et
1118 5025 1289 5110 benignos.
1334 5023 1491 5107 Alioquin
1515 5023 1726 5100 sententiam,
1761 5042 1858 5105 quam

204 5137 340 5216 propter
360 5128 423 5195 hoc
445 5131 516 5216 ipsc
539 5131 601 5194 rite
624 5131 736 5194 tulerit
758 5130 790 5193 in
815 5130 968 5210 rebelles,
992 5134 1096 5192 ratam
1111 5129 1305 5194 habebimus
1329 5134 1362 5193 ct
1384 5126 1544 5191 faciemus
1568 5145 1671 5210 usque
1696 5123 1738 5188 ad
1761 5124 1857 5188 satis-

206 5232 382 5298 factionem
405 5233 600 5318 condignam
622 5240 757 5297 auotore
780 5231 922 5297 Domino
945 5233 1081 5298 firmiter
1104 5233 1282 5297 observari.

129 5378 156 5419 a
315 5355 391 5418 Dat.
416 5353 542 5441 Spolet.
565 5354 597 5419 V
619 5355 667 5420 ld.
690 5356 777 5440 Aug.
800 5376 885 5420 anno
908 5355 1020 5422 VIII⁰.

828 5597 1240 5607 ..—.—.—-——-—--
