4494 6426
411 417 451 476 72
997 411 1044 464 EX
1063 410 1217 464 HONORII
1238 410 1277 463 ΙΙΙ
1296 407 1476 462 REGISTRO

464 641 863 732 ..Ratisponensi
896 648 939 716 et
972 700 980 716 .
1011 700 1019 716 .
1052 640 1318 714 Pataviensi
1347 639 1580 730 episcopis
1612 644 1655 711 et
1692 695 1699 710 .
1730 695 1738 711 .
1772 636 2012 729 preposito

887 763 1036 836 Sancti
1062 761 1277 854 Nycholai
1304 759 1594 832 Pataviensia

267 924 313 966 1011-
328 928 382 975 aav-
520 909 594 974 Etsi
627 930 686 974 nos
721 931 795 974 eum
827 912 989 997 propheta
1023 913 1112 975 zelus
1141 910 1256 974 domus
1286 909 1419 972 Domini
1449 905 1615 986 comedat,
1641 907 1687 970 ita
1710 905 1795 991 quod
1820 905 1970 969 iniuriam
1994 904 2065 967 eius

414 1034 614 1099 nequeamus
638 1014 855 1098 equanimiter
876 1016 1054 1094 sustinere,
1087 1016 1190 1078 multo
1222 1014 1327 1097 magis
1355 1019 1464 1075 tamen
1487 1010 1607 1075 exinde
1632 1011 1745 1074 salutis
1768 1010 1897 1074 illorum
1919 1009 2068 1095 pericula

414 1115 636 1194 formidamus,
659 1117 713 1201 qui
736 1116 843 1181 eidem
866 1118 1014 1181 iniuriari
1036 1138 1119 1180 ausu
1149 1117 1308 1200 sacrilego
1331 1121 1575 1200 presumentes,
1603 1113 1680 1176 dum
1704 1113 1735 1177 ei
1758 1112 1899 1198 dampna
1921 1113 2066 1196 irrogant
2118 1128 2130 1164 s

252 1241 272 1276 2·
286 1233 340 1284 Ros-
352 1235 405 1284 221⁶·
416 1219 627 1304 temporalia,
659 1225 772 1284 eterne
795 1222 909 1284 mortis
940 1222 1092 1306 laqueum
1126 1220 1188 1283 sibi
1214 1226 1340 1305 parant.
1392 1216 1487 1282 Unde
1517 1216 1718 1280 amarissime
1746 1217 1952 1294 anexiamur,
1982 1214 2068 1299 quod

416 1321 607 1388 karissimus
631 1322 663 1384 in
687 1307 816 1387 Christe
839 1324 925 1387 filius
948 1331 1059 1388 noster
1084 1372 1091 1386 .
1115 1372 1122 1386 .
1146 1323 1282 1387 Boemie
1307 1344 1365 1385 rex
1388 1321 1539 1398 illustris,
1575 1319 1690 1383 salutis
1713 1339 1788 1398 sue,
1812 1339 1908 1403 quam
1930 1324 2068 1402 paterno

417 1426 562 1490 zelamur
584 1425 721 1504 affectu,
744 1426 927 1510 neglector,
951 1427 984 1489 in
1012 1427 1272 1512 persecutionem
1296 1425 1472 1508 Pragensis
1496 1422 1635 1487 ecclesie
1660 1442 1752 1484 suum
1775 1420 1904 1484 videtur
1925 1421 2069 1484 animum

418 1528 618 1604 obfirmasse,
655 1547 751 1610 quam
787 1526 944 1592 debuerat
971 1549 990 1590 a
1017 1529 1302 1614 persecutionibus
1331 1526 1552 1590 favorabiliter
1579 1523 1765 1604 defensare,
1800 1530 1836 1587 ut
1863 1545 1905 1588 ex
1929 1523 2070 1588 seculari

417 1631 564 1716 potentia
586 1630 720 1715 placens
743 1629 884 1693 Domino
908 1630 1091 1694 seculorum
1109 1637 1311 1716 compararet
1335 1630 1397 1694 sibi
1413 1628 1498 1716 apud
1516 1628 1622 1692 Deum
1647 1626 1900 1712 incomparabile
1916 1627 2068 1690 meritum

420 1741 453 1798 et
476 1732 562 1818 apud
585 1733 735 1796 homines
759 1753 878 1797 nomen
901 1733 1032 1799 bonum.
1072 1733 1154 1798 Nam
1170 1757 1242 1798 cum
1261 1735 1337 1798 olim
1355 1733 1441 1797 idem
1457 1755 1516 1796 rex
1541 1738 1574 1795 et
1596 1731 1737 1796 barones
1761 1731 1811 1794 sui
1834 1751 1893 1815 per
1914 1750 2069 1816 procura-

419 1842 507 1900 tores
530 1833 571 1898 ad
594 1835 656 1898 hoc
679 1835 866 1921 specialiter
888 1835 1069 1901 destinatos
1086 1836 1184 1901 fidem
1201 1859 1311 1901 coram
1328 1837 1507 1901 venerabili
1524 1835 1625 1898 fratre
1642 1840 1777 1898 nostro.
1797 1881 1804 1894 .
1822 1832 2070 1918 archiepiscopo

419 1937 634 2022 Magantino¹
658 1938 871 2022 prostiterint,
894 1961 931 2002 ae
947 1939 1155 2026 postmodum
1172 1961 1281 2004 coram
1297 1945 1340 2021 te,
1362 1939 1465 2003 frater
1479 1938 1739 2023 Ratisponensis,
1763 1957 1800 1999 ac
1818 1956 1926 2000 eoram
1943 1934 2071 1998 dilectis

419 2041 495 2105 filiis
520 2089 527 2104 .
552 2091 560 2107 .
584 2039 624 2104 de
647 2039 760 2104 Ebra²
782 2047 815 2106 et
839 2092 846 2107 .
870 2093 877 2107 .
902 2042 942 2107 de
966 2043 1183 2109 Walsassen³
1214 2042 1442 2107 Cisterciensis
1473 2041 1596 2105 ordinis
1626 2040 1799 2104 abbatibus
1820 2037 2072 2124 Ratisponensis

421 2151 455 2209 et
492 2143 743 2229 Herbipolensis
777 2144 944 2210 diocesum
976 2169 995 2210 a
1029 2146 1106 2212 sede
1140 2148 1322 2234 apostolica
1356 2146 1518 2230 delegatis
1551 2145 1689 2230 prestita
1718 2142 1782 2207 fide
1811 2142 1970 2205 timuerint
1999 2141 2070 2204 iura

421 2246 617 2311 venerabilis
639 2246 748 2311 fratris
771 2248 873 2312 nostri
898 2300 905 2316 .
930 2299 938 2314 .
962 2250 1108 2336 episcopi
1124 2257 1157 2313 et
1174 2251 1314 2314 ecclesie
1330 2249 1506 2334 Pragensis
1531 2247 1695 2311 dimittere
1719 2246 1856 2324 illibata,
1880 2245 1965 2308 sieut
1984 2243 2072 2308 idem

421 2371 481 2415 rex
503 2351 570 2414 suis
591 2350 687 2414 nobis
710 2351 828 2415 litteris
851 2353 1023 2430 intimavit,
1046 2375 1141 2432 nune,
1166 2355 1250 2417 sicut
1273 2353 1419 2438 prefatus
1443 2353 1632 2437 episcopus,
1657 2349 1744 2412 dicto
1768 2347 1887 2412 abbate
1910 2346 1951 2411 de
1976 2345 2071 2410 Wal-

422 2475 547 2534 sassen,
569 2454 624 2538 qui
640 2475 659 2516 a
675 2454 770 2518 nobis
788 2477 887 2540 super
900 2457 962 2520 hoe
979 2456 1074 2520 datus
1090 2458 1196 2521 fuerat
1212 2464 1379 2528 executor,
1404 2465 1437 2520 et
1459 2507 1466 2521 .
1490 2505 1498 2519 .
1521 2455 1635 2519 nuntio
1652 2453 1799 2518 eiusdem
1825 2452 1912 2536 regis
1935 2472 2073 2536 presen-

421 2556 528 2636 tibus,
563 2557 716 2642 exposuit
748 2557 914 2622 humiliter
948 2580 1055 2623 coram
1088 2561 1200 2640 nobis,
1235 2561 1340 2646 ipsum
1371 2567 1404 2623 et
1435 2559 1610 2622 eeclesiam
1635 2577 1727 2619 suam
1750 2554 1975 2639 multipliciter
1997 2574 2073 2638 per-

423 2665 609 2744 sequentes,
632 2660 665 2722 iu
689 2660 838 2723 ecelesiis
862 2661 929 2724 suis
952 2683 1109 2746 personas
1132 2664 1305 2727 instituunt
1328 2669 1362 2726 ct
1385 2663 1585 2740 destituunt,
1612 2661 1665 2724 vel
1697 2659 1806 2744 potius
1829 2656 2013 2735 intrudunt,
2041 2661 2075 2720 et
2126 2673 2137 2709 ·-’

424 2763 566 2849 spoliant
587 2783 645 2848 pro
670 2782 728 2827 sue
752 2763 846 2827 libito
870 2765 1061 2845 voluntatis,
1092 2787 1153 2829 nec
1176 2767 1368 2852 permittunt
1394 2787 1467 2828 cum
1491 2765 1544 2828 vel
1568 2763 1725 2827 officiales
1750 2782 1826 2824 suos
1850 2759 2076 2824 ecclesiastiea

424 2865 545 2930 iudicia
568 2887 733 2931 exercere.
778 2865 932 2931 Decimas
955 2888 1083 2952 quoque
1108 2869 1169 2933 sibi
1194 2871 1321 2934 solvere
1347 2869 1526 2952 denegant,
1549 2888 1682 2953 pravam
1706 2862 1976 2928 consuetudinem
1999 2883 2075 2948 pre-

424 2967 599 3049 tendeudo,
623 2989 684 3053 que
706 2969 768 3033 dici
784 2969 883 3034 debet
898 2972 1005 3056 potius
1023 2978 1225 3058 corrupteta;
1249 2980 1282 3037 et
1306 2994 1370 3036 non
1388 2974 1493 3035 solum
1508 2971 1632 3035 fructus
1656 2967 1951 3033 ecclesiasticarum
1967 2987 2075 3030 rerum

425 3078 458 3136 et
480 3071 545 3134 alia
566 3070 684 3154 quibus
707 3071 868 3156 prefatum
892 3073 1096 3159 episcopum,
1126 3075 1202 3138 dum
1230 3074 1314 3161 apud
1346 3074 1457 3138 sedem
1489 3072 1702 3158 apostolicam
1732 3075 1932 3147 moraretur,
1962 3067 2076 3131 illicite

426 3174 612 3260 spoliarant,
647 3178 679 3237 et
712 3174 819 3237 tallias
853 3196 933 3258 quas
965 3176 1006 3239 ab
1041 3176 1226 3240 hominibus
1259 3177 1326 3240 suis
1359 3183 1575 3246 extorserant,
1612 3175 1675 3238 sibi
1705 3173 1878 3237 restituere
1901 3170 2076 3255 denegant,
2128 3193 2132 3202 ⁴

425 3297 539 3340 verum
568 3275 667 3338 etiam
696 3276 834 3360 quedam
863 3277 977 3362 predia
1007 3279 1184 3362 Pragensis
1214 3280 1353 3344 ecclesie
1377 3300 1415 3342 ac
1444 3279 1580 3342 aliarum
1604 3277 1817 3341 eeclesiarum
1845 3294 1976 3339 suarum
1999 3293 2077 3336 nec-

425 3400 490 3442 non
513 3377 651 3463 quedam
674 3379 738 3441 alia
762 3401 821 3442 sua
843 3382 991 3466 propria,
1026 3403 1090 3466 que
1126 3384 1224 3467 longo
1253 3391 1417 3468 tempore,
1453 3388 1628 3466 antequam
1657 3379 1697 3443 ad
1725 3379 1837 3444 sedem
1864 3378 2078 3464 apostolicam

425 3481 488 3545 iter
514 3481 673 3566 arriperet
704 3481 875 3560 veniendi,
912 3484 1021 3568 quiete
1056 3484 1249 3570 possederat
1289 3493 1322 3549 et
1349 3485 1509 3568 Pragensi
1539 3484 1678 3547 ecclesie
1710 3504 1768 3568 pro
1801 3480 1939 3567 quodam
1966 3479 2079 3545 debito

425 3585 619 3668 assignarat,
635 3590 759 3649 temere
775 3585 966 3650 invadentes
983 3588 1145 3651 alienasse
1162 3587 1323 3661 dicuntur,
1340 3588 1421 3651 alias
1439 3587 1650 3652 ecclesiarum
1666 3586 1839 3672 privilegia
1860 3582 2078 3668 infringendo.

425 3688 584 3751 Preterea
607 3689 897 3753 excommunicatis
916 3691 1057 3754 scienter
1073 3691 1320 3762 communicant,
1346 3697 1379 3753 et
1402 3690 1604 3754 scismaticos
1626 3710 1691 3752 non
1714 3688 1941 3774 permittentes
1965 3685 2077 3758 debita
2131 3709 2134 3718 ¹

427 3810 512 3875 pena
533 3790 655 3876 puniri,
686 3792 811 3876 eisqui
835 3794 1043 3878 exigentibus
1075 3794 1179 3880 culpis
1209 3795 1276 3857 suis
1304 3793 1538 3857 ecclesiasticis
1562 3793 1731 3856 beneficiis
1756 3797 1830 3855 sunt
1852 3791 1980 3876 privati,
2002 3810 2079 3875 pro-

428 3900 544 3958 ventus
567 3894 801 3959 beneficiorum
826 3898 974 3961 subtrahi
996 3899 1183 3961 nullatenus
1207 3898 1392 3982 patiuntur,
1427 3897 1503 3981 quin
1528 3896 1626 3959 etiam
1650 3897 1803 3972 clericos,
1835 3893 1889 3979 qui
1914 3891 2080 3956 citationis

428 3998 481 4062 vel
503 3997 694 4082 privationis
717 4000 843 4064 litteras
869 4001 1063 4064 scismaticis
1092 4001 1232 4065 offerunt
1255 4001 1413 4063 eicientes
1443 3999 1483 4064 de
1511 4021 1628 4083 regno,
1652 3998 1817 4080 inhibent,
1840 4019 1882 4062 ne
1906 3997 2023 4082 aliquis
2046 3995 2079 4058 in

429 4107 498 4165 tota
519 4100 679 4185 Pragensi
700 4102 825 4167 diocesi
847 4104 1043 4189 apostolicas
1065 4105 1118 4168 vel
1141 4104 1244 4188 ipsius
1275 4103 1421 4189 episcopi
1450 4103 1575 4166 litteras
1607 4102 1754 4186 recipere
1778 4099 1898 4165 audeat
1919 4100 2080 4163 facientes

429 4203 470 4267 de
500 4204 664 4268 interdicti
693 4205 746 4269 vel
773 4207 1117 4270 excommunicationis
1146 4206 1317 4269 sententiis
1337 4205 1549 4270 mentionem.
1594 4202 1739 4268 Clericos
1764 4204 1862 4268 etiam
1891 4209 1924 4266 et
1947 4201 2079 4265 nuutios
2132 4243 2151 4256 υ

431 4307 578 4392 episcopi
600 4306 691 4371 exire
714 4308 767 4372 vel
795 4309 915 4374 intrare
945 4330 1079 4394 regnum
1111 4309 1217 4373 libere
1240 4331 1304 4373 non
1328 4310 1530 4394 permittunt,
1554 4329 1614 4372 nco
1638 4308 1702 4371 hiis
1726 4306 1885 4385 contenti,
1912 4326 1932 4368 a
1954 4303 2082 4368 clericis

431 4411 465 4472 in
498 4408 647 4494 pedagiis
676 4410 744 4474 sive
768 4411 928 4476 theloneis
957 4414 1090 4496 triginta
1117 4412 1269 4476 denarios
1298 4413 1434 4496 exigunt
1458 4420 1491 4476 ot
1514 4416 1725 4496 extorquent,
1754 4431 1827 4472 cum
1858 4430 1877 4472 a
1904 4408 1988 4471 laico
2018 4427 2082 4470 non

431 4512 495 4576 nisi
517 4533 601 4576 uuus
625 4512 776 4577 denarius
801 4517 962 4600 exigatur.
1006 4517 1037 4579 Α
1060 4515 1209 4580 domibus
1234 4523 1342 4580 autem
1364 4516 1528 4600 religiosis
1545 4535 1658 4578 currus
1682 4532 1874 4597 magnorum
1897 4516 2084 4595 sumptuum

433 4615 605 4680 occasione
630 4615 805 4680 cuiuslibet
827 4619 992 4682 exercitus
1016 4619 1205 4702 frequenter
1236 4626 1446 4702 extorquent,
1479 4625 1512 4682 et
1540 4618 1617 4681 licet
1646 4638 1705 4702 per
1732 4637 1791 4679 nos
1815 4621 1848 4679 et
1871 4613 2084 4697 delegatosa

433 4718 528 4782 nobis
557 4739 655 4802 super
684 4719 747 4782 hiis
777 4742 855 4806 sepe
883 4721 1051 4784 ammoniti
1080 4720 1201 4785 fuerint
1228 4720 1422 4804 diligenter,
1456 4741 1630 4804 numquam
1661 4725 1770 4782 tamen
1805 4716 1845 4781 ab
1877 4715 2025 4801 episcopi
2052 4721 2085 4778 et
2149 4739 2153 4766 r

435 4820 575 4884 ecclesie
598 4820 782 4905 Pragensis
798 4830 974 4909 potuerunt
996 4823 1156 4886 molestiis
1184 4824 1341 4887 revocari.
1399 4823 1493 4886 Licet
1522 4822 1620 4906 igitur
1647 4819 1814 4905 sepedicto
1838 4817 1908 4901 regi
1931 4823 2085 4901 tauquam

434 4924 627 5009 precellenti
651 4931 684 4988 et
705 4925 882 4990 baronibus
905 4934 1058 5011 tanquam
1088 4925 1128 4989 ab
1161 4947 1200 4988 eo
1233 4927 1341 4989 missis
1374 4925 1501 4989 deferre
1531 4924 1684 5000 velimus,
1713 4923 1789 5007 quia
1816 4928 1925 4985 tamen
1947 4927 2087 4983 nonest

435 5025 648 5090 deferendum
671 5027 858 5093 hominibus
882 5037 998 5094 eontra
1018 5029 1136 5108 Deum,
1171 5029 1224 5091 cui
1255 5035 1305 5091 est
1335 5033 1447 5112 eontra
1470 5048 1583 5090 omnes
1607 5025 1755 5089 homines
1780 5021 2009 5100 deferendum,
2044 5020 2085 5085 de

435 5132 570 5195 fratrum
593 5136 779 5195 nostrorum
802 5133 938 5196 consilio
963 5132 1152 5196 discretioni
1169 5137 1277 5194 vestre
1303 5152 1363 5216 per
1377 5131 1557 5216 apostolica
1574 5129 1695 5213 scripta
1718 5127 1853 5191 firmiter
1873 5123 2086 5212 precipiendo

435 5236 637 5308 mandamus,
663 5238 815 5322 quatinus
839 5259 951 5322 regem
974 5244 1007 5301 et
1029 5238 1170 5301 barones
1195 5233 1339 5312 cosdem,
1371 5241 1408 5296 ut
1435 5233 1562 5319 prefato
1587 5232 1741 5316 episeopo
1770 5229 1810 5293 de
1834 5227 1961 5292 damnis
1985 5227 2086 5291 illatis
2152 5269 2156 5280 ι

437 5346 470 5403 et
493 5339 667 5403 subtractis
698 5341 855 5405 fructibus
889 5362 1017 5406 necnon
1045 5341 1196 5423 irrogatis
1219 5338 1346 5400 iniuriis
1368 5337 1623 5400 satisfactionem
1645 5335 1823 5399 exhibeant
1846 5337 2086 5417 competentem

437 5448 470 5506 et
492 5442 533 5506 ab
557 5441 660 5527 ipsius
684 5442 724 5507 de
749 5451 857 5509 cetero
885 5443 1114 5508 molestatione
1139 5441 1315 5518 desistant,
1339 5446 1472 5524 recepta
1496 5461 1595 5525 super
1621 5438 1673 5500 his
1703 5436 1743 5500 ab
1767 5435 1847 5522 ipsis
1873 5433 2088 5519 pignoraticia

544 5603 714 5610 ..ψ-
721 5603 749 5610 ....
758 5599 1212 5611 —..-.---.....-.....————.--—-
1515 5597 1630 5604 ffl—
1831 5592 1982 5600 *αι-,-

543 5699 567 5764 f)
586 5699 695 5767 Sifrido
713 5701 753 5752 II.
822 5701 851 5768 2)
870 5699 1044 5754 Eberhardo.
1115 5699 1142 5767 3)
1163 5696 1330 5751 armanno.
