4494 6426
741 359 941 418 amsuchan
958 361 1147 416 SEhEC'l'AE.
1184 361 1258 415 1219.

966 607 1026 679 88.

222 733 225 738 ’
277 702 463 795 Honor-ius
498 730 565 794 ΙΙΙ
593 751 680 811 papa
713 729 919 814 R[arsnoldo]
948 733 1026 792 noto
1056 729 1211 810 quondam
1245 731 1406 815 [Conradi
1442 731 1479 794 rie
1516 730 1703 816 Urstinaenr]
1735 731 1823 796 ducis

165 835 329 914 spoletani
350 834 387 897 dc
409 833 523 898 ducatu
546 832 716 913 Spoletono
737 833 864 920 scribit·
886 832 925 912 cs.
948 851 1047 913 supra
1069 851 1101 898 n.
1123 836 1176 897 34.
1488 837 1582 914 1219,
1605 835 1678 900 Ion.
1704 840 1732 899 7.

270 953 343 1005 Han.
362 955 417 1005 III
431 953 496 1020 Rea.
515 951 576 1006 Lib.
600 955 657 1015 ΙΙΙ,
675 955 740 1006 223.

312 1145 459 1219 Nobili
485 1147 579 1220 viro
607 1147 652 1221 R.
681 1151 784 1219 nato
812 1147 930 1220 clare
957 1147 1162 1220 memorie
1193 1200 1200 1214 .
1231 1199 1239 1214 .
1268 1147 1396 1220 ducis
1428 1148 1673 1239 Spoletani.
1741 1177 1743 1184 ¹

88 1325 99 1358 s
276 1293 328 1357 Ad
352 1297 532 1380 profectum
552 1302 642 1360 tuum
664 1297 817 1375 libenter,
841 1303 997 1381 quantum
1021 1317 1094 1360 eum
1110 1297 1183 1362 Dco
1198 1318 1382 1383 possumus,
1396 1298 1616 1379 intendentes,
1633 1321 1705 1364 eum
1721 1297 1818 1384 Bler-

164 1394 269 1483 tuldo]
302 1397 401 1463 fratrc
432 1406 488 1463 tuo
522 1399 713 1484 diligentem
748 1400 921 1464 habuimus
954 1423 1052 1486 super
1078 1401 1163 1464 iacto
1192 1401 1329 1465 ducatus
1359 1400 1529 1486 Spolctani
1561 1409 1751 1480 tractatum,
1787 1408 1819 1466 et

165 1499 253 1582 quod
285 1501 370 1565 inter
402 1522 462 1565 nos
498 1508 531 1567 et
558 1503 666 1587 ipsum
695 1505 861 1578 convenit,
891 1504 923 1567 in
952 1504 1082 1590 scriptis
1105 1504 1210 1588 redigi
1234 1504 1371 1567 fecimus
1395 1503 1436 1567 ad
1459 1507 1634 1584 cautelam,
1659 1512 1692 1570 et
1714 1506 1819 1592 parati

165 1625 289 1683 sumus,
311 1625 384 1668 cum
407 1606 546 1684 veneris,
570 1605 603 1668 id
626 1613 759 1671 auctore
783 1607 924 1672 Domino
948 1608 1067 1673 ducere
1090 1607 1131 1672 ad
1155 1609 1317 1686 effectum,
1342 1607 1518 1671 dummodo
1538 1615 1574 1672 tu
1590 1629 1632 1672 ex
1647 1614 1739 1693 parte
1763 1614 1819 1671 tua

165 1705 252 1790 quod
276 1714 470 1771 conventum
494 1714 554 1786 est,
578 1709 622 1772 sis
646 1709 821 1774 observare
846 1717 989 1796 paratus.

87 1836 112 1872 ro
274 1809 350 1874 Dat.
371 1809 525 1874 Lateran.
548 1811 615 1875 VII
637 1811 715 1878 Idus
738 1812 867 1878 Ianuar.
891 1815 1098 1901 pontificatus
1122 1815 1225 1879 nostri
1248 1836 1332 1879 anno
1356 1814 1464 1879 tertio.

963 2250 1023 2324 89.

277 2337 478 2436 Frictcricus
500 2371 714 2436 Buritanorum
741 2393 799 2436 rea
821 2372 963 2437 Honorio
986 2373 1051 2436 ΙΙΙ
1066 2395 1169 2455 papae
1195 2373 1317 2450 scribit,
1348 2392 1380 2436 sc
1400 2374 1531 2451 proptor
1551 2371 1709 2452 difficilem
1732 2392 1818 2434 cacr-

162 2475 245 2540 citus
269 2473 446 2539 Christiani
468 2474 503 2536 in
529 2474 627 2537 Terra
651 2474 769 2538 Sancta
792 2479 923 2552 statum,
945 2476 1005 2556 pia
1037 2476 1246 2542 sollicitudine
1275 2479 1403 2552 motum,
1435 2473 1577 2537 omnihus
1598 2473 1819 2555 crucesiynatis

162 2577 332 2639 term-inum
365 2575 518 2640 indimissa
559 2579 589 2639 ct
626 2577 662 2639 in
695 2577 852 2641 Futdensi
883 2579 973 2642 curia
1005 2579 1182 2643 sollemnem
1216 2580 1317 2643 otiam
1350 2577 1471 2642 curiam
1504 2574 1541 2639 de
1578 2575 1636 2640 hae
1667 2597 1701 2639 re
1733 2575 1820 2654 apud

163 2680 361 2762 Mapdcdurp
388 2679 424 2741 in
450 2678 552 2743 media
585 2679 826 2761 quadropcsima
854 2700 1032 2745 convocasse
1039 2703 1050 2758 ;
1083 2681 1228 2745 hortatur
1249 2701 1372 2762 popam
1407 2678 1451 2742 od
1476 2677 1819 2742 excommunicationem

85 2795 109 2829 ¹³
166 2782 384 2846 intonandam
408 2783 450 2844 iis
472 2782 527 2863 qui
552 2781 596 2846 ad
614 2783 728 2862 festum
755 2785 857 2848 sancti
877 2784 1033 2847 Iohannis
1057 2783 1209 2864 baptistae
1232 2782 1325 2867 [Iun.
1346 2782 1409 2865 24]
1430 2781 1490 2844 iter
1512 2798 1576 2845 non
1601 2779 1818 2860 arripuerint;

156 2887 240 2965 petit
255 2886 385 2964 insopor
399 2889 435 2947 ut
451 2886 614 2964 imperinm
635 2889 664 2948 ct
678 2906 807 2969 raporum
830 2906 921 2950 suum
943 2885 999 2949 suh
1022 2905 1081 2950 suu
1096 2886 1286 2966 protectione
1301 2884 1454 2963 suscipiat
1474 2887 1503 2947 ct
1526 2904 1587 2963 per
1608 2882 1818 2946 coercitionem

162 2987 339 3051 Henricum
361 2987 496 3050 comitem
518 2987 554 3051 rte
575 2987 758 3054 Brunscich
779 2988 823 3053 ud
840 2988 1036 3070 assiananda
1058 2989 1119 3053 sihi
1142 2988 1282 3070 insipnia
1304 2987 1486 3068 imperialia
1507 2986 1653 3050 inducere
1674 2985 1756 3048 uelit.

269 3175 341 3227 non.
360 3177 414 3226 ΠΙ
430 3173 495 3240 neq.
521 3173 576 3226 ror.
596 3176 636 3236 11,
657 3180 701 3237 ar,
722 3179 770 3239 aa
790 3175 853 3230 acc.
873 3178 931 3239 nr,
949 3180 1012 3229 ore.
1366 3191 1367 3194 a
1462 3092 1555 3167 1219,
1580 3089 1653 3156 lan.
1678 3091 1729 3152 12.

271 3259 326 3312 Ed.
345 3276 363 3312 a
386 3259 581 3322 lh'inl'elnranm
599 3261 659 3316 Aet.
678 3265 747 3331 Imp.
766 3262 836 3315 ined.
855 3279 882 3331 p.
902 3266 962 3330 127,
980 3278 1006 3316 n.
1027 3268 1083 3317 151.

785 3472 1196 3480 —m———a-

956 3681 1016 3760 90.

271 3776 547 3868 Hircuosus
562 3821 649 3881 parra
674 3800 711 3864 dc
733 3800 847 3864 Zuctla
868 3803 897 3864 ct
927 3801 964 3864 ric
993 3801 1190 3865 Valdrohnch
1211 3802 1459 3886 [Watcicrhach]
1479 3801 1644 3866 abhatibus
1664 3803 1694 3864 ct
1708 3799 1816 3879 priori

161 3909 200 3971 dc
223 3908 336 3972 Zuctta
360 3905 498 3981 inundat,
521 3907 556 3966 nt
578 3903 614 3966 dc
636 3902 802 3987 R[ohcrti]
824 3904 958 3983 episcopi
983 3903 1193 3969 Otornnccnsis
1216 3906 1282 3968 vita
1305 3906 1481 3986 inquirant.

271 4077 344 4130 uon.
364 4079 417 4131 Η]
432 4075 499 4142 περ.
523 4073 579 4127 ror.
598 4076 639 4137 11,
659 4077 712 4133 sa·
730 4070 794 4124 mo.
813 4075 872 4138 nr,
891 4077 952 4128 aas.
1466 4008 1559 4084 1219,
1583 4005 1655 4069 ΙΙΙ·
1680 4006 1730 4068 18.

86 4173 111 4209 rs
271 4161 406 4225 Parnase,
426 4162 494 4229 nec.
515 4162 594 4214 5964.

168 4394 207 4414 ..
237 4340 286 4412 de
305 4340 462 4414 Zuctla
489 4345 533 4413 et
562 4393 569 4408 .
600 4394 607 4407 .
636 4338 985 4412 chaldrabaclr
1012 4339 1257 4413 abbatibus
1284 4345 1327 4412 et
1355 4394 1393 4413 ..
1422 4285 1639 4430 prioride
1658 4338 1818 4413 Zuella

724 4457 1013 4532 Pataviensis
1041 4459 1249 4533 diocesis.

274 4607 325 4672 Ad
348 4628 445 4671 aures
468 4612 594 4669 nostras
610 4606 730 4670 dilecto
753 4607 820 4670 tilio
844 4656 852 4670 .
877 4607 1019 4671 ¹abbate
1037 4606 1225 4672 Silacensc¹
1249 4606 1434 4671 insinuante
1451 4608 1611 4692 pervenit,
1636 4606 1817 4692 quodlicet

165 4710 363 4774 venerabilis
400 4709 501 4772 frater
537 4717 650 4774 noster
685 4708 724 4772 R.
758 4709 986 4774 Olomucensis
1025 4711 1201 4796 episcopus
1238 4709 1468 4774 Cistcrciensis
1508 4708 1629 4773 ordinis
1670 4710 1815 4794 regulam

85 4833 111 4868 -n
166 4813 209 4877 sit
232 4812 415 4897 professus,
443 4812 490 4875 ita
512 4817 622 4876 tamen
650 4819 701 4876 est
725 4813 759 4876 in
787 4812 962 4898 reprobum
987 4834 1119 4878 sensum
1143 4813 1249 4892 datus,
1278 4812 1365 4898 quod
1386 4811 1513 4876 duobus
1537 4812 1721 4877 homicidiis
1744 4834 1817 4898 per-

165 4916 323 4992 tractatis,
346 4914 426 4978 duas
446 4933 574 4978 sorores
590 4913 783 4979 (lunicensis
799 4916 989 4980 monasterii
1005 4917 1164 4980 moniales
1181 4924 1215 4981 et
1230 4918 1340 5003 plures
1356 4915 1511 4980 mulieres
1527 4916 1608 4978 alias
1626 4916 1817 4999 coniugatas

165 5018 318 5102 cognovit
343 5017 525 5096 carnaliter,
558 5022 592 5079 et
625 5017 786 5100 quandam
819 5018 979 5101 virginem
1013 5017 1199 5098 defloravit,
1235 5018 1295 5082 heo
1325 5024 1359 5083 et
1388 5017 1452 5080 alia
1480 5016 1687 5080 committens
1711 5018 1817 5101 turpia

164 5122 373 5210 impudenter
395 5121 428 5183 in
444 5141 501 5184 sue
519 5119 634 5183 salutis
652 5118 858 5204 dispendium
873 5127 906 5184 et
923 5120 1111 5184 scandalum
1129 5123 1277 5200 aliorum.
1323 5120 1485 5203 Quocirca
1501 5117 1690 5182 discretioni
1707 5125 1816 5182 vestre

164 5249 224 5314 per
246 5225 427 5311 apostolica
450 5223 571 5307 scripta
590 5222 791 5302 mandamus,
816 5224 967 5308 quatinus
985 5225 1139 5309 inquisita
1157 5226 1336 5311 superbiis
1355 5223 1545 5308 diligentius
1565 5223 1713 5302 veritate,
1730 5223 1817 5308 quod

86 5345 112 5380 ³³
166 5329 359 5394 canonicum
371 5325 479 5400 tuerit,
495 5324 716 5410 appellatione
729 5326 912 5410 postposita
924 5327 1083 5406 statuatis,
1108 5327 1267 5392 facientes
1281 5333 1341 5392 etc.
1378 5325 1473 5400 Quod
1497 5326 1524 5390 si
1538 5347 1603 5390 non
1624 5347 1737 5392 omnes
1754 5335 1815 5391 etc.

273 5429 348 5492 Dat.
371 5427 524 5492 Lateran.
546 5425 610 5489 XV
632 5425 710 5493 Kal.
734 5428 831 5492 Febr.
855 5430 1062 5515 pontificatus
1085 5431 1188 5494 nostri
1211 5451 1294 5494 anno
1318 5429 1426 5494 tertio.

277 5569 689 5580 -......-—-.-.....-.---...—-
702 5571 1125 5580 -.,.-.-.-.-„-—.....-.,-‚,.-„.-...,-
1136 5573 1262 5580 ———---——
1460 5571 1713 5578 w

270 5655 297 5718 ll
321 5653 494 5707 ll'itlehetrno.

269 5761 331 5810 ltro.
349 5761 430 5809 Pom.
449 5759 468 5810 1.
1590 5735 1607 5789 9
