4590 6366
453 381 516 450 598
1030 375 1079 433 EX
1097 372 1272 433 ennoean
1290 371 1328 429 IX
1347 369 1527 428 ancienne

540 555 653 631 ·Qu0d
678 554 826 642 episcopi
849 574 914 618 aon
936 553 1168 640 permittuntur
1190 549 1300 615 lacere
1323 549 1468 614 notarios
1490 549 1650 636 publicos,
1674 547 1760 614 sient
1781 551 2042 612 consueverunt.

560 660 655 735 Quod
678 659 712 723 in
734 659 831 724 terris
853 659 983 723 noviter
1005 656 1201 723 constructis
1225 677 1290 721 non
1312 656 1546 742 permittuntur
1568 654 1712 720 edificari
1735 653 1889 720 ecclesie.

559 762 655 839 Quod
678 763 780 827 multe
804 763 947 827 ecclesie
970 783 990 825 a
1011 761 1231 826 fundamentis
1256 767 1332 825 sunt
1354 759 1472 824 dirnte.

556 866 608 932 De
632 866 860 932 archidiacono
885 864 1094 931 Salernitana
1118 866 1189 930 sine
1213 885 1313 929 causa
1336 863 1486 949 expulso.

560 970 612 1036 De
634 971 724 1035 tilio1
747 970 836 1054 regis
860 968 977 1032 Tunici
1001 968 1187 1048 liberando,
1218 969 1273 1054 qni
1296 968 1451 1033 veniebat
1473 965 1515 1031 ad
1537 966 1750 1052 apostolicam
1774 965 1891 1030 sedem
1914 971 2109 1052 recepturus
2165 989 2174 1024 s

365 1075 366 1078 ’
452 1075 660 1162 baptismatis
693 1078 951 1152 sacramentnm,
986 1073 1042 1158 qni
1075 1073 1109 1136 ia
1140 1073 1293 1137 iniuriam
1328 1070 1405 1136 fidei
1440 1069 1601 1136 catholice
1636 1077 1670 1133 et
1703 1076 1930 1157 contemptum
1968 1069 2109 1135 ecclesie

454 1179 602 1243 Romane
626 1177 777 1264 captivas
793 1182 937 1266 tenetnr3
962 1176 1039 1260 quia
1061 1175 1147 1260 qnod
1171 1182 1364 1260 suggestum
1386 1175 1449 1239 fuit
1470 1174 1511 1240 dc
1535 1195 1613 1258 rege
1630 1173 1756 1254 Tunici,
1779 1173 1866 1259 qnod
1887 1179 2000 1237 motus
2023 1179 2111 1236 esset

452 1288 566 1347 contra
587 1280 706 1345 fratres
728 1280 875 1350 Minores
898 1285 932 1343 et
954 1279 1037 1342 alios
1061 1278 1235 1363 religiosos
1259 1285 1293 1344 et
1309 1277 1512 1342 Christianos
1535 1297 1594 1363 pro
1617 1283 1737 1363 nepote
1761 1298 1832 1358 suo,
1856 1278 1914 1361 qni
1938 1276 2112 1340 dicebatur

451 1385 623 1465 abductus,
646 1404 760 1448 verum
784 1381 944 1464 nonfuit,
969 1390 1021 1448 set
1044 1404 1158 1448 omncs
1182 1385 1230 1448 illi
1255 1384 1386 1448 suntin
1409 1403 1511 1467 regno
1536 1402 1594 1446 sno
1619 1381 1652 1445 in
1675 1402 1765 1466 pace.

1075 1645 1485 1654 w

1238 1889 1324 1961 701.

554 2004 758 2098 Elidensis
778 2031 994 2097 Ronmnomm
1020 2032 1191 2112 imperator
1216 2030 1367 2112 Greperio
1389 2029 1446 2094 IX
1460 2049 1566 2110 papae
1592 2029 1730 2094 scribens
1756 2029 1902 2109 miratur,
1930 2032 2017 2113 qaod
2044 2054 2111 2098 mni

452 2135 557 2216 ipsum
578 2137 742 2218 ropacerit,
764 2139 801 2199 ut
822 2135 1049 2201 contanmciam
1069 2133 1319 2199 Lambardorum
1335 2153 1395 2214 per
1417 2153 1581 2198 masuram
1607 2132 1843 2198 ecclesiasticam
1868 2141 2036 2214 coerceret,
2052 2157 2112 2216 per

456 2238 677 2323 G[rcporiam]
699 2239 736 2305 dc
758 2239 917 2304 Romania
940 2239 1151 2318 capellanum,
1180 2236 1247 2302 eius
1274 2236 1438 2315 nuntium,
1465 2235 1617 2318 quasdem
1638 2237 1807 2317 petitiones
1832 2237 1869 2302 ale
1896 2239 2015 2303 vialata
2044 2239 2113 2302 iure

452 2342 651 2406 ecclesiaram
672 2343 762 2425 rapui
786 2343 917 2409 Siciliae
944 2343 1080 2424 aliisque
1105 2341 1198 2406 rebus
1213 2361 1277 2422 pro
1306 2358 1453 2420 responso
1481 2340 1637 2420 receperit.
1692 2339 1810 2406 donna
1837 2344 1946 2406 omnia
1976 2344 2112 2406 erimina

446 2466 508 2526 per
530 2445 670 2510 ordinem
692 2465 724 2511 se
745 2445 896 2532 defendit,
919 2447 1083 2524 nuntians,
1107 2465 1175 2509 cum
1197 2445 1296 2523 caria,
1319 2465 1414 2525 quam
1435 2443 1566 2525 Mettica
1587 2444 1771 2526 conprecari
1791 2445 1934 2522 iusserit,
1952 2467 2016 2526 per
2038 2469 2113 2529 qino-

453 2548 591 2612 rundam
623 2550 774 2614 astutiam
806 2550 956 2632 impedita
986 2548 1105 2635 faerit,
1138 2567 1170 2612 sc
1203 2551 1267 2612 tam
1298 2547 1454 2632 [iliande
1486 2547 1523 2611 de
1548 2547 1696 2632 Aquino]
1725 2548 1828 2612 camin
1857 2553 2058 2614 Acerrarum
2085 2557 2112 2615 et
2168 2581 2176 2614 e

452 2652 610 2737 [chrieo
642 2654 679 2718 de
712 2653 847 2739 Merra]
881 2654 1031 2736 mapistro
1061 2652 1235 2717 iustitiaiio
1266 2671 1360 2732 quam
1393 2650 1610 2732 familiaribus
1642 2651 1730 2716 suis²
1759 2651 1925 2729 mandare,
1961 2657 1998 2716 nt
2023 2655 2114 2718 cuma

454 2755 585 2820 solemni
606 2755 707 2820 denuo
728 2760 912 2840 conprepata
928 2757 1071 2838 querelas
1094 2755 1231 2818 aadmnt
1251 2755 1352 2834 iisqne
1370 2755 1467 2835 sinam
1482 2753 1617 2818 debitum
1632 2755 1803 2836 imponant.
1839 2753 1989 2837 Denique
2003 2763 2114 2837 meet,

450 2879 570 2940 papam
591 2857 745 2944 defectum
765 2860 902 2941 alipuem
923 2860 1005 2925 circa
1029 2859 1252 2924 restitutionem
1275 2858 1453 2922 libertatum
1474 2862 1505 2922 et
1524 2859 1644 2922 inritam
1666 2859 1792 2924 causari
1813 2879 1877 2922 non
1900 2857 2023 2938 debere,
2047 2881 2115 2925 cum

458 2964 522 3044 ipse
547 2961 712 3026 Civitatem
738 2961 892 3028 &stellae
913 2967 1022 3028 cantra
1044 2983 1201 3027 cmnmunc
1219 2960 1365 3047 fratrum
1390 2980 1517 3026 suoram
1545 2962 1709 3026 consiliam
1730 2967 1759 3026 et
1779 2964 2002 3028 conscientiam
2025 2983 2115 3028 suam

456 3067 620 3130 restituere
641 3065 703 3129 sibi
724 3066 944 3149 denepaoeritl.
1742 3067 1836 3145 1236,
1860 3065 1947 3146 Sept.
1970 3070 2026 3134 20.

539 3187 542 3198 ‘
563 3200 644 3271 orep.
663 3203 712 3256 rx
729 3203 798 3272 nep.
822 3204 878 3258 ra.
903 3205 932 3272 r,
949 3207 1114 3266 ras-aaa·
1132 3202 1194 3257 aaa.
1212 3203 1249 3267 x,
1268 3207 1334 3256 aaa.

561 3290 811 3358 Britain-bleta,
830 3291 896 3361 ch.
915 3291 996 3346 Frid.
1019 3291 1063 3356 ΙΙ,
1080 3307 1106 3344 n.
1125 3294 1206 3345 2197.

1240 3781 1327 3854 toa.

569 3890 786 3986 Gravamina
807 3921 1006 4002 imperatoris
1028 3925 1138 3986 contra
1156 3943 1277 4004 papam
1298 3925 1327 3986 et
1347 3927 1541 4007 arpamenta,
1563 3923 1677 4004 quibus
1692 3941 1783 4002 papa
1803 3942 1836 3986 se
1857 3925 2026 4005 capurpat.

564 4053 644 4125 Grep.
653 4056 703 4109 IX
714 4055 783 4126 Rep.
799 4057 857 4112 Vol.
871 4057 903 4123 V,
922 4064 945 4114 1.
982 4057 1045 4114 Hoc
1062 4059 1196 4129 scriptum
1213 4059 1243 4112 in
1258 4058 1328 4129 Rep.
1344 4064 1411 4129 past
1426 4076 1453 4112 n.
1474 4063 1531 4113 700
1548 4061 1658 4130 tepitur,
1675 4077 1694 4114 a
1711 4075 1765 4129 quo
1782 4060 1814 4113 in
1831 4059 1998 4130 apoprapto
2010 4057 2119 4112 Perteii

458 4143 532 4196 lineo
549 4144 656 4196 tantum
672 4146 831 4213 separatum
849 4147 898 4198 est.
934 4145 971 4199 Id
988 4147 1039 4199 tac
1057 4146 1115 4200 loco
1132 4145 1307 4200 inserendam
1325 4144 1475 4204 credimus·
1493 4161 1557 4198 nam
1574 4150 1600 4212 1)
1613 4146 1684 4199 nibil
1694 4146 1725 4199 in
1738 4160 1768 4199 eo
1781 4152 2017 4212 commemoratur,
2036 4145 2119 4215 quod,
2179 4171 2189 4207 5

459 4227 552 4296 quoad
568 4229 682 4295 samus,
695 4232 762 4299 post
779 4235 908 4286 aestatem
925 4250 951 4286 a.
970 4236 1043 4287 1236
1060 4233 1165 4301 saetam
1183 4235 1232 4298 est,
1248 4237 1277 4300 2)
1295 4247 1366 4298 cum,
1384 4234 1416 4284 ut
1432 4247 1467 4285 ea
1483 4248 1511 4285 n.
1531 4235 1588 4286 703
1605 4233 1794 4302 comperimus,
1819 4232 1974 4301 imperator
1996 4249 2019 4286 c.
2041 4235 2120 4302 Sept

456 4320 570 4383 praeter
587 4331 613 4368 n.
635 4318 687 4370 701
710 4315 793 4372 aliam
812 4319 953 4388 epistolam
967 4337 1062 4390 papae
1080 4321 1225 4384 direxerit,
1248 4321 1279 4373 in
1302 4336 1358 4389 qua
1381 4318 1454 4372 inter
1470 4320 1562 4372 cetera
1588 4318 1620 4372 de
1638 4333 1774 4388 processu
1795 4317 1921 4386 episcopi
1939 4318 2121 4372 Praenestini

459 4407 623 4470 conquestus
640 4407 691 4465 est,
711 4403 790 4456 vaide
806 4404 886 4459 nabis
899 4405 1045 4475 probabile
1062 4413 1103 4462 est
1122 4423 1183 4461 eum
1199 4405 1299 4459 ibidem
1317 4405 1375 4459 alia
1397 4420 1505 4474 quoqne
1529 4406 1704 4474 pronomina,
1729 4420 1800 4473 qaae
1824 4419 1854 4456 eo
1878 4407 2000 4472 tempore
2021 4411 2121 4458 contro

459 4488 599 4542 ecclesiam
610 4487 715 4553 tabuit,
733 4490 817 4557 quasi
833 4490 1042 4560 pedaminibus
1060 4493 1097 4547 ad
1111 4492 1276 4564 precamina
1288 4490 1487 4560 respondendo,
1502 4507 1680 4546 arunurasse.
1709 4491 1763 4544 His
1775 4487 1874 4543 titteris
1883 4491 2003 4558 receptis
2010 4507 2121 4560 papam

461 4571 595 4642 Grepario
614 4571 647 4625 de
663 4572 802 4628 mirante
824 4577 867 4630 cet
891 4577 942 4631 alii
968 4580 1067 4632 nuntio
1084 4579 1161 4648 opud
1182 4579 1375 4648 imperatorem
1397 4579 1574 4632 commoranti
1599 4581 1650 4631 trae
1671 4576 1803 4646 scriptam
1825 4575 1863 4630 ad
1886 4577 2121 4643 repensationem

461 4659 587 4714 ecclesiae
605 4657 794 4716 transmisisse
811 4665 892 4718 rebus
910 4665 1009 4733 optimc
1026 4668 1157 4722 convenit.

524 4847 576 4913 De
599 4851 796 4937 repetitione
820 4854 971 4923 Civitatis
995 4857 1172 4922 Castellel.

666 4954 850 5043 Imperator
872 4959 992 5025 iuravit
1006 4959 1091 5024 hanc
1107 4967 1141 5025 et
1155 4961 1237 5025 alios
1252 4960 1480 5047 possessiones
1497 4958 1674 5024 defendere
1691 4963 1805 5022 contra
1825 4977 1940 5023 omnes
1967 4959 2123 5026 homines

667 5066 709 5142 et,
734 5061 762 5124 si
785 5083 848 5148 qua
870 5064 1119 5149 possessionum
1142 5062 1183 5128 ad
1206 5085 1321 5129 manns
1344 5064 1517 5129 deveniret
1538 5062 1653 5150 ipsias,
1676 5063 1861 5127 restituere.

564 5316 590 5384 1)
609 5319 712 5386 nepote
738 5321 810 5372 recte
827 5319 907 5388 infra
925 5322 950 5374 et
976 5320 1007 5374 in
1033 5337 1061 5374 n.
1087 5325 1140 5376 701
1167 5324 1193 5376 et
1217 5325 1278 5377 691.
1387 5322 1413 5390 2)
1432 5321 1495 5376 Scit.
1520 5320 1720 5376 Panormitano
1746 5326 1773 5375 ct
1799 5320 1933 5390 capuano
1962 5325 2122 5395 arentsps's·
2173 5344 2198 5384 ns

458 5405 550 5475 copis,
574 5404 623 5473 qni
656 5419 717 5458 curn
736 5405 892 5474 praedictis
916 5425 942 5461 a.
965 5411 1039 5462 1235
1047 5412 1147 5462 -1239
1180 5409 1211 5463 in
1240 5410 1368 5464 absentia
1396 5409 1573 5478 imperatoris
1602 5409 1824 5476 procurationem
1861 5409 1942 5476 repsi
1975 5411 2126 5468 trabebant.

458 5492 536 5546 Num
554 5490 703 5562 episcopus
718 5491 904 5560 Racellensia
922 5496 972 5563 qui
989 5494 1024 5549 ab
1044 5513 1070 5549 α.
1089 5499 1163 5550 1237
1180 5498 1275 5551 nntius
1292 5495 1476 5564 familiarium
1493 5497 1657 5560 nominatur,
1675 5495 1731 5550 iam
1748 5497 1798 5549 bac
1819 5507 1939 5564 tempore
1957 5498 1991 5552 in
2007 5515 2127 5556 numero

458 5596 550 5634 earum
571 5579 676 5647 referri
695 5578 802 5648 debeat,
825 5595 881 5634 non
898 5594 1012 5645 caesena
1039 5583 1076 5650 cf.
1111 5583 1300 5637 Wintelmann
1328 5583 1360 5636 in
1385 5580 1499 5636 Foescb.
1527 5599 1550 5636 a.
1569 5581 1713 5636 deumcten
1741 5581 1836 5637 caen.
1863 5592 1881 5634 t.
1901 5583 1980 5651 XII,
2008 5603 2039 5654 p.
2061 5592 2127 5646 552.

458 5669 484 5734 3)
505 5667 549 5736 (lp.
574 5665 780 5734 ll'iulcelmnnn,
804 5667 899 5721 nnec.
918 5668 962 5722 11.
980 5671 998 5720 t.
1020 5669 1069 5736 ΙΙ,
1092 5686 1121 5738 p.
1143 5675 1191 5724 141
1210 5673 1237 5723 et
1255 5669 1368 5735 Ficker,
1392 5668 1457 5724 Ital.
1477 5669 1592 5724 Forsctr.
1616 5673 1634 5724 t.
1654 5669 1704 5735 II,
1730 5672 1794 5723 435.
