4604 6420
221 5273 246 5314 ³5

860 387 1060 442 urrsronnn
1077 367 1266 445 innueris.
1303 392 1378 447 1231.
1886 399 1944 462 351

295 549 489 616 familiarem
520 575 630 632 sunm,
661 557 763 621 virum
801 560 972 646 providum
1001 567 1035 626 et
1065 561 1256 642 discretum,
1283 571 1417 650 propter
1448 565 1510 630 hoc
1539 565 1581 630 ad
1609 573 1720 653 partes
1750 568 1947 633 Lomberdie

295 654 511 736 transmittat,
540 657 711 723 fidelitatit
733 669 841 728 vestre
863 685 924 750 per
946 665 1125 750 apostolica
1148 667 1270 752 scripta
1291 667 1325 731 in
1347 667 1467 733 virtuto
1490 669 1678 734 obedientie
1702 668 1849 736 districte
1871 693 1946 757 pro·

296 755 448 841 cipiendo
470 759 681 842 mandamus,
705 765 855 849 quatinus
879 789 951 832 cum
974 789 994 832 a
1017 768 1103 833 dioto
1126 769 1234 834 iudice
1257 771 1385 834 fueritis
1410 772 1576 856 requisiti,
1599 767 1640 836 ad
1664 774 1831 856 negotium
1854 774 1948 839 vobis
1977 801 1982 812 ·

296 859 476 924 iniunctum
504 862 647 930 fideliter
680 869 910 954 exequendum
943 870 1129 956 procedatis
1158 872 1246 936 omni
1279 894 1371 937 mora
1403 875 1586 960 postposita
1616 896 1688 939 curn
1721 875 1855 958 eodem,
1888 877 1946 941 ad-

294 960 446 1027 hibentes
470 965 723 1034 sollicitudinem
747 978 780 1035 et
802 994 934 1058 operam
951 973 1135 1058 diligenter,
1158 981 1195 1038 ut
1217 975 1309 1039 iuxta
1324 975 1462 1040 eandem
1475 977 1612 1042 formam
1629 984 1817 1064 prestentur
1833 979 1946 1044 huius-

294 1064 383 1130 modi
404 1067 603 1146 iurumenta;
632 1075 789 1138 attentius
818 1076 980 1161 provisuri
1008 1083 1044 1139 ut
1076 1077 1123 1141 sic
1153 1083 1248 1141 cauto
1273 1084 1307 1142 et
1330 1077 1566 1166 circumspecte
1598 1081 1632 1144 in
1656 1082 1829 1146 commisso
1854 1082 1947 1147 vobis

293 1170 425 1253 negotio
463 1173 665 1258 procedatis,
704 1177 790 1262 quod
827 1178 928 1242 nichil
965 1177 1006 1243 do
1041 1179 1305 1265 contingentibus
1342 1182 1527 1262 omittatur,
1567 1190 1600 1248 et
1638 1205 1698 1248 nos
1733 1183 1876 1250 studium
1913 1192 1947 1250 et

293 1273 499 1359 diligentiam
531 1271 675 1343 vestram
709 1281 873 1366 possimus
909 1283 1025 1347 merito
1059 1282 1299 1349 commendare.
1359 1281 1453 1356 Quod
1490 1286 1519 1350 si
1551 1307 1616 1350 non
1652 1285 1748 1350 ambo
1773 1325 1829 1369 -,
1862 1289 1947 1353 alter

293 1386 439 1446 vestrum
462 1388 523 1447 etc.

403 1501 490 1567 Data
512 1503 678 1587 Laterani,
702 1503 788 1569 VIII
810 1502 886 1570 Kal.
909 1504 1064 1592 Aprilisb,
1087 1508 1296 1593 pontificatus
1316 1508 1423 1573 'nostri
1445 1529 1530 1573 anno
1554 1510 1678 1595 quinto.

916 1750 1325 1760 —-—-—-—-—-——-—..

1084 1975 1171 2048 436.

401 2085 591 2196 (sircam-tus
605 2113 661 2177 IX
675 2133 766 2194 popu
783 2112 1001 2179 Ocrtstantiunc
1015 2114 1157 2196 rupinum
1171 2113 1340 2179 Bohcmiuc
1362 2135 1431 2179 cunr
1448 2115 1590 2180 ouantibus
1612 2116 1701 2180 bonis
1721 2119 1750 2179 ct
1771 2117 1947 2197 specialiter

294 2219 344 2298 iic,
367 2238 447 2298 quac
467 2216 511 2280 ad
531 2237 599 2280 cam
621 2217 742 2281 ratione
763 2216 905 2282 dotalicii
919 2218 1113 2298 pertincant,
1135 2217 1193 2282 sub
1212 2219 1399 2298 protectione
1420 2237 1480 2282 sua
1500 2219 1639 2299 sasmpnt.

1561 2313 1656 2400 1231,
1678 2320 1785 2402 April.
1808 2324 1860 2389 10.

399 2404 481 2473 Grec.
500 2404 550 2458 IX
565 2403 634 2472 Req.
658 2402 715 2458 Vol.
732 2403 777 2469 11,
796 2407 843 2471 71;
860 2402 922 2458 Lib.
948 2404 976 2469 V,
995 2407 1038 2460 18.

397 2490 535 2559 Pottbost,
553 2489 622 2559 Rep.
641 2492 725 2544 8705.

692 2685 955 2762 Constantio
980 2686 1152 2760 illustri
1181 2686 1331 2780 regine
1357 2687 1548 2762 Boemie.

403 2835 477 2900 Etsi
499 2835 595 2902 sedes
620 2836 811 2923 apostolica,
842 2837 894 2901 cui
916 2837 995 2902 lieet
1015 2835 1169 2902 immeriti
1189 2835 1405 2924 presidemus,
1436 2843 1603 2922 tamquam
1622 2835 1818 2900 universalis
1840 2840 1946 2899 mater

294 2940 444 3005 omnibus
471 2941 598 3028 aperiat
624 2941 751 3006 viscera
776 2940 925 3026 pietatis,
963 2961 1028 3004 nou
1057 2947 1169 3006 tamen
1202 2961 1313 3005 omnes
1343 2940 1451 3026 equali
1483 2940 1604 3004 affectu
1631 2938 1857 3024 prosequitur,
1885 2936 1944 3002 sed

294 3043 409 3107 maiori
446 3045 653 3131 prerogativa
689 3064 846 3130 personas
883 3043 956 3107 illas
994 3041 1103 3128 diligit
1139 3049 1173 3108 et
1209 3044 1364 3124 honorat,
1402 3064 1482 3128 quus
1521 3043 1555 3107 in
1589 3041 1763 3110 devotione
1798 3039 1945 3127 repperit

217 3199 228 3211 .
294 3147 522 3232 promptiores.
567 3145 649 3211 Inde
683 3153 750 3228 est,
785 3144 870 3230 quod
904 3166 963 3210 nos
996 3145 1204 3212 attendentes
1238 3144 1463 3226 devotionem,
1499 3167 1596 3232 quam
1627 3145 1668 3209 ad
1703 3149 1944 3210 sacrosanctam

294 3248 476 3314 Romanam
499 3251 673 3315 ecclesiam
696 3254 833 3312 matrem
863 3254 951 3312 tuam
984 3255 1018 3312 et
1047 3269 1221 3335 personam
1243 3254 1387 3313 nostram
1417 3246 1598 3313 dinosceris
1625 3247 1749 3312 habere
1773 3246 1944 3326 sinceram,

295 3359 330 3418 et
363 3360 474 3439 preter
507 3375 643 3419 comune
671 3351 819 3417 debitum
851 3352 1025 3437 pastoralis
1059 3351 1178 3432 officii,
1213 3373 1276 3438 quo
1311 3372 1419 3416 curem
1451 3357 1485 3415 et
1514 3349 1767 3415 sollicitudinem
1794 3355 1946 3414 tenemur

295 3477 411 3541 gerere
434 3457 651 3542 singulorum,
684 3455 861 3542 specialem
885 3455 1053 3521 serenitati
1075 3463 1131 3521 tue
1155 3456 1294 3541 gratiam
1317 3455 1529 3534 exhibentes,
1562 3474 1736 3541 personam
1758 3459 1848 3516 tuam
1871 3473 1945 3516 curn

296 3558 447 3624 omnibus
470 3558 575 3640 bonis,
599 3580 662 3645 que
686 3559 970 3646 impresentiarum
993 3556 1231 3622 rationabiliter
1253 3557 1403 3644 possides
1426 3563 1482 3620 aut
1503 3556 1537 3621 in
1557 3555 1700 3621 futurum
1723 3556 1817 3621 iustis
1840 3552 1945 3618 modis

296 3667 465 3749 prestante
495 3661 636 3726 Domino
669 3661 792 3748 poteris
826 3661 980 3748 adipisci,
1015 3661 1076 3726 sub
1110 3661 1313 3746 protectione
1348 3659 1544 3746 suscipimus
1573 3659 1753 3745 apostolice
1789 3657 1876 3721 sedis
1912 3660 1946 3719 et

295 3772 422 3844 nostra,
457 3764 645 3852 specialiter
676 3772 785 3829 autern
818 3763 1142 3849 Brecyzlaviensem,
1176 3763 1476 3844 Pribizlarensem‚
1511 3761 1796 3841 (lumnicensem,
1834 3756 1944 3822 Gode-

295 3869 481 3948 ninensom,
510 3866 746 3933 Bisenzensem
776 3873 810 3931 et
832 3865 1145 3952 Budegewizensem
1167 3867 1353 3954 provincias
1365 3869 1386 3948 ¹,
1415 3887 1497 3952 quas
1526 3865 1568 3930 ad
1597 3869 1630 3929 te
1653 3863 1778 3927 ratione
1801 3860 1945 3927 dotalicii

296 3971 416 4035 asseris
443 3971 626 4057 pertinere,
656 3970 741 4034 sieut
769 3991 826 4034 eas
854 3969 940 4034 iuste
969 3968 1121 4055 possides
1146 3976 1180 4036 et
1202 3971 1328 4055 quiete,
1357 3969 1552 4033 auctoritate
1581 3966 1642 4031 tibi
1664 3963 1846 4052 apostolica
1868 3984 1945 4027 con·

295 4075 461 4140 firmamus
485 4080 519 4139 et
541 4075 704 4162 presentis
727 4073 839 4160 scripti
861 4073 1044 4159 patrocinio
1068 4073 1314 4137 communimus.
1356 4071 1447 4136 Nulli
1471 4093 1550 4157 ergo
1573 4077 1635 4136 etc.
1656 4074 1768 4133 nostre
1791 4066 1944 4153 protecti-

298 4178 369 4243 onis
393 4184 427 4244 et
449 4178 704 4245 confirmationis
727 4177 915 4262 infringere.
962 4176 996 4241 Si
1020 4176 1091 4262 quis
1114 4182 1224 4241 autem
1247 4183 1309 4241 ete.

403 4297 526 4364 Datum
547 4298 713 4380 Laterani,
735 4298 785 4364 IV
806 4297 884 4362 Idus
907 4295 1043 4384 Aprilis,
1065 4296 1274 4384 pontificatus
1296 4295 1400 4361 nostri
1421 4316 1507 4359 anno
1530 4294 1653 4381 quinto.

915 4539 1326 4550 ffl———w———a

1074 4766 1162 4839 437.

403 4879 594 4990 (ricquius
621 4907 677 4974 IX
700 4929 789 4988 popo
816 4907 949 4986 decano,
983 4906 1105 4973 cantori
1136 4909 1166 4970 ct
1197 4902 1379 4970 scholastico
1412 4903 1543 4967 ruuioris
1572 4904 1716 4968 corbe-iac
1750 4901 1947 4965 Trcvcrcnsis

297 5011 437 5091 mandat,
459 5015 495 5084 ut,
507 5011 700 5096 [Hearicum
715 5011 774 5096 ΙΙ]
795 5013 969 5094 episcopum
987 5009 1244 5078 Womnattcnscm
1265 5029 1287 5072 a
1308 5008 1520 5073 nwlestutionc
1529 5004 1675 5091 fratmm
1689 5005 1947 5070 Praedicatorum

297 5133 416 5180 cessare
435 5113 570 5195 fuciunt.
1561 5110 1655 5187 1231,
1676 5107 1783 5188 April.
1808 5109 1860 5170 13.
1882 5147 1884 5152 -

403 5248 486 5319 Grec.
503 5249 554 5305 IX
568 5251 635 5321 ch.
657 5250 714 5305 Vol.
732 5251 777 5316 11,
796 5254 841 5317 89,
860 5253 913 5319 90,-
930 5249 993 5304 hio.
1018 5251 1047 5320 V,
1066 5255 1111 5306 56.

782 5411 1177 5419 -----ιι.-.--..-.-.-.---..οΙῚ

407 5528 430 5595 ·)
447 5547 485 5580 an
502 5530 669 5582 fraternitati?
749 5528 834 5598 llap.
854 5527 1292 5598 Sauoli,Ann.Boto9c.c111‚
1317 5543 1351 5594 11,
1364 5545 1394 5594 p.
1413 5530 1472 5592 109,
1487 5545 1514 5580 n.
1534 5529 1602 5579 585:
1620 5527 1657 5577 IX
1675 5526 1732 5577 Ru.
1752 5525 1854 5592 Aprilis.

403 5667 429 5738 1)
447 5665 477 5718 in
495 5663 627 5724 nucula
643 5667 720 5726 dtas.
