4590 6366
1025 387 1073 442 EX
1092 384 1267 443 GREGORII
1284 389 1323 442 IX
1343 384 1523 442 REGISTRO

888 585 889 588 Ἴ
956 634 1177 726 Episcopo
1204 632 1594 726 Babembergensi.

555 781 638 847 Oum
661 803 704 848 ex
728 803 767 847 eo
791 781 878 865 quod
904 783 938 845 in
967 783 1136 847 servitium
1166 784 1361 870 apostolice
1378 782 1465 847 sedis
1494 784 1528 846 in
1560 785 1711 848 instantis
1735 784 1946 848 necessitatis
1970 783 2115 846 articulo

447 908 625 973 properare
649 909 722 951 cum
745 886 863 950 militia
885 893 918 951 te
943 893 1087 971 oportet,
1112 888 1266 951 solutioni
1289 887 1491 966 debitorum,
1515 888 1548 950 in
1572 889 1691 973 quibus
1715 887 1954 950 mercatoribus
1980 884 2115 949 Senen-

448 990 538 1054 sibus
561 997 593 1054 te
616 991 737 1055 asseris
762 989 953 1073 obligatum,
977 1010 1121 1073 nequeas
1145 991 1327 1071 imminere,
1352 991 1547 1055 auctoritate
1571 992 1633 1055 tibi
1657 991 1859 1076 presentium
1883 989 2113 1074 indulgemus,

446 1100 483 1156 ut
504 1099 689 1179 postquam¹
711 1093 775 1156 iter
802 1092 978 1178 arripueris
1009 1092 1059 1178 ad¹
1078 1093 1263 1158 huiusmodi
1287 1093 1478 1179 obsequium
1502 1093 1672 1174 veniendi,
1700 1115 1804 1178 usque
1832 1092 1874 1156 ad
1898 1113 2028 1156 annum
2053 1113 2114 1178 per

447 1199 574 1263 litteras
598 1196 794 1282 apostolicas
824 1216 923 1280 super
946 1194 1065 1259 debitis
1094 1196 1175 1281 ipsis
1206 1217 1351 1281 nequeas
1376 1197 1559 1275 conveniri,
1589 1197 1653 1260 nisi
1676 1218 1868 1282 expressam
1891 1196 2048 1260 facerent
2072 1195 2113 1258 de

447 1301 654 1389 presentibus
679 1301 888 1366 mentionem.
932 1297 1024 1362 Nulli
1048 1320 1125 1384 ergo
1148 1307 1259 1364 nostra
1284 1302 1505 1365 concessionis
1530 1307 1591 1366 etc.
1638 1300 1769 1385 Siquis
1794 1306 1905 1364 autem
1931 1305 1997 1362 etc.

555 1421 630 1486 Dat.
654 1420 795 1498 Perusii,
818 1419 919 1483 XVII
942 1417 1017 1483 Kal.
1041 1419 1137 1484 Febr.
1161 1442 1246 1486 anno
1270 1429 1397 1487 octavo.

1069 1700 1480 1708 ——-—-.--—-—-—

1232 1957 1318 2031 693.

556 2067 745 2179 Graecas
766 2098 824 2162 IX
840 2118 928 2178 papa
952 2095 1127 2181 Slipefrido
1149 2097 1230 2180 ΙΙΙ]
1252 2097 1480 2178 archiepiscopo
1502 2097 1692 2180 Moparrtirro
1714 2099 1879 2176 libertates,
1900 2100 2112 2179 principatus

445 2201 564 2266 etalio
585 2202 674 2277 bona,
696 2201 839 2266 ecclesiae
861 2220 937 2265 sace
959 2204 989 2264 et
1008 2201 1072 2280 ipsi
1092 2221 1114 2264 a
1128 2200 1293 2265 Frieterieo
1309 2199 1524 2264 Romanorum
1548 2203 1733 2282 imperatore
1747 2203 1881 2282 aliisqrre
1898 2203 2110 2282 principibus

446 2323 595 2382 certasse,
619 2306 791 2385 confirmat.
1749 2307 1842 2384 1235,
1865 2305 1939 2370 Iera.
1965 2310 2019 2370 17.

550 2426 631 2492 (ἔτερ.
650 2424 700 2476 IX
717 2423 784 2492 Rea.
808 2423 865 2478 Vol.
884 2422 938 2490 IV,
955 2427 1027 2489 252;
1045 2422 1108 2476 Lib.
1131 2422 1217 2488 VIII,
1237 2426 1298 2476 418.

910 2585 955 2692 S..
976 2619 1318 2712 archiepiscopo
1345 2618 1636 2711 Maguntin0¹.

305 2789 436 2842 nonan.
558 2767 715 2831 Debitum
738 2766 838 2830 officii
867 2767 1057 2851 pastoralis,
1081 2787 1144 2850 quo
1175 2765 1354 2831 secundum
1378 2769 1562 2852 apostolum
1586 2769 1789 2854 sapientibus
1813 2775 1846 2833 ct
1868 2770 2110 2856 insipientibus

449 2871 616 2935 debitores
641 2870 828 2950 existimus,
852 2890 912 2932 nos
936 2869 1097 2948 hortatur,
1126 2877 1163 2934 ut
1185 2868 1302 2934 iratres
1327 2876 1360 2934 et
1384 2871 1597 2956 coepiscopos
1620 2879 1750 2937 nostros
1774 2873 1902 2936 sincera
1925 2874 2109 2958 diligamus
2176 2931 2181 2942 .

448 2975 481 3037 in
497 2973 639 3038 Domino
664 2973 798 3037 caritate
823 2978 857 3035 et
878 2972 964 3051 hiis,¹
982 2994 1044 3057 que
1069 2995 1088 3037 a
1111 2972 1205 3036 nobis
1229 2973 1314 3037 iuste
1331 2972 1486 3037 duxerint
1509 2975 1715 3060 postulanda,
1739 2981 1907 3060 gratanter
1929 2998 2110 3042 assensum

449 3077 665 3162 apostolicum
688 3075 925 3162 impendamus.
970 3075 1173 3161 Eapropter,
1197 3075 1395 3140 venerabilis
1419 3076 1452 3138 in
1476 3075 1608 3141 Christo
1630 3077 1742 3158 frater,
1767 3079 1892 3142 sineere
1916 3078 2109 3144 devotionis

449 3180 612 3260 affectum,
636 3201 732 3264 quem
755 3178 796 3242 ad
819 3201 878 3243 nos
902 3185 936 3243 et
950 3178 1132 3244 Romanam
1155 3178 1243 3263 geris
1267 3179 1451 3252 ecclesiam,
1475 3179 1695 3259 attendentes,
1718 3182 1782 3245 tuis
1800 3181 1926 3246 devotis
1951 3183 2109 3267 precibus

329 3352 334 3359 ,
449 3283 606 3364 inclinati,
630 3284 809 3361 libertates,
833 3284 1006 3369 privilegia
1029 3290 1063 3347 et
1085 3282 1309 3346 immunitates
1333 3283 1528 3346 secularium
1552 3284 1770 3362 exactionum,
1794 3284 1998 3370 principatus
2024 3307 2109 3370 quo-

450 3375 512 3472 que
536 3407 574 3450 ac
597 3387 662 3450 alia
685 3386 786 3466 bona,
818 3387 960 3451 ecclesie
984 3385 1175 3469 Maguntine
1199 3407 1237 3450 ac
1266 3387 1326 3450 tibi
1356 3394 1423 3451 tam
1446 3408 1466 3450 a
1487 3387 1661 3450 karissimo
1685 3387 1718 3450 in
1742 3386 1872 3452 Christo
1896 3389 1965 3452 filio
1990 3399 2108 3455 nostro
2163 3455 2173 3468 ,

447 3490 626 3569 Friderieo,
649 3489 870 3554 Romanorum
899 3491 1096 3575 imperatore
1128 3509 1258 3574 semper
1281 3496 1440 3573 augusto,
1472 3488 1652 3554 Ierusalem
1676 3498 1710 3554 et
1733 3489 1845 3554 Sicilie
1869 3513 1948 3576 rege
1973 3493 2108 3572 illustri,

448 3615 545 3679 quam
575 3594 648 3657 aliis
680 3595 882 3680 principibus
913 3594 968 3679 pia
996 3591 1204 3678 providentia
1234 3614 1294 3657 seu
1324 3592 1461 3678 provida
1489 3593 1613 3678 pietate
1642 3615 1680 3658 ac
1711 3594 1907 3659 liberalitate
1932 3617 2108 3678 concessa,

449 3698 534 3762 sicut
562 3717 601 3760 ea
630 3697 715 3762 iuste
741 3719 779 3761 ac
802 3697 938 3783 pacifice
962 3696 1108 3776 obtinet,
1139 3697 1199 3760 tibi
1229 3704 1263 3760 et
1293 3718 1351 3781 per
1381 3703 1413 3760 te
1441 3696 1505 3780 ipsi
1535 3697 1674 3761 ecclesie
1704 3699 1897 3762 auctoritate
1920 3700 2109 3784 apostolica

448 3801 675 3865 confirmamus
699 3806 761 3867 etc.
784 3820 905 3886 usque:
930 3800 1176 3864 communimus.
1220 3798 1311 3863 Nulli
1335 3821 1413 3884 ergo
1436 3806 1547 3863 nostre
1571 3799 1824 3865 confirmationis
1849 3808 1910 3866 etc.
1969 3801 2006 3864 si
2031 3804 2107 3887 quis

448 3912 558 3968 autem
581 3910 644 3969 etc.

555 4023 632 4088 Dat.
655 4024 795 4104 Perusii,
818 4022 901 4087 XVI
924 4022 998 4087 Kal.
1022 4022 1119 4088 Febr.
1143 4043 1228 4087 anno
1252 4029 1377 4087 octavo.

1068 4296 1479 4304 ---.-...—-.-.-—-—-———-

1231 4557 1318 4631 624.

556 4669 746 4780 Greporr'as
767 4696 824 4763 ῙΧ
839 4700 1098 4781 pcparrrapistrc
1119 4699 1249 4783 P[etro]
1270 4699 1307 4762 etc
1333 4697 1514 4764 Collemertic
1532 4697 1676 4774 emetat,
1698 4701 1734 4760 at
1753 4699 1782 4761 si
1803 4699 2004 4783 [maceras
2027 4704 2105 4790 IX]

449 4827 506 4870 ree
520 4804 681 4868 Franciae
703 4805 818 4865 terram
836 4801 1028 4866 Vetrasinum
1051 4803 1184 4866 atterius
1205 4805 1339 4867 retinere
1361 4803 1449 4879 polit,
1471 4802 1539 4865 cias
1553 4801 1794 4884 resipaatiorem
1816 4804 1945 4883 recipiat
1967 4809 2105 4871 terram·

449 4929 507 4989 qao
526 4905 671 4986 personis
684 4905 804 4968 idoneis
819 4905 1050 4969 custodientem
1065 4907 1240 4983 eorrmittat,
1264 4910 1293 4970 et
1314 4905 1357 4970 ad
1372 4905 1615 4985 iaquisitiorrcrrr,
1639 4925 1734 4985 qaam
1755 4904 1792 4967 dc
1814 4923 1850 4968 ca
1870 4907 1942 4986 fieri
1961 4908 2101 4988 iusserit,

448 5011 587 5075 celeriter
606 5007 761 5088 procedat.
804 5008 859 5072 Ad
878 5008 952 5074 leaeo
973 5029 1074 5092 repara
1095 5014 1124 5074 ct
1137 5009 1352 5092 [Btaaclram]
1368 5010 1498 5071 matrem
1519 5007 1587 5069 cias
1608 5012 1739 5084 moneat,
1763 5010 1798 5070 at
1820 5010 1901 5072 inter
1914 5009 2102 5095 [Raymrra-
2160 5055 2188 5094 ,0

442 5115 524 5177 etam
545 5112 737 5195 Bereaparir'
758 5112 829 5197 IV]
853 5113 1037 5178 Proeimiae
1066 5117 1095 5177 et
1115 5113 1359 5198 [Raprnarutam
1387 5110 1473 5195 VH]
1504 5111 1693 5175 Totosaaara
1719 5111 1840 5175 comites
1863 5132 1970 5192 pacem
1992 5113 2099 5199 refor-

553 5405 578 5463 1)
602 5403 659 5457 Hie
680 5419 739 5456 cam
761 5404 884 5476 Epterto
911 5405 1039 5473 episcopo
1061 5403 1293 5474 Bebercberpeaai
1314 5420 1340 5456 a.
1364 5407 1436 5456 1234
1459 5417 1481 5455 e.
1506 5404 1580 5471 Aup.
1606 5401 1641 5454 ab
1665 5401 1789 5455 Hearico
1813 5419 1892 5473 repe,
1919 5417 1979 5456 cam
2002 5409 2104 5461 contra

445 5495 554 5560 patrem
571 5507 651 5544 auam
668 5491 723 5544 iam
740 5490 871 5544 rebellare
888 5490 1045 5556 intenderet,
1063 5491 1101 5545 art
1119 5491 1231 5544 candem
1248 5491 1371 5544 directas
1390 5494 1458 5552 eret,
1477 5488 1773 5551 Haillard-Britoltes,
1793 5489 1808 5541 l.
1828 5504 1850 5542 c.
1870 5496 1887 5544 t.
1907 5489 1959 5555 IV,
1975 5509 2006 5560 p.
2027 5492 2102 5560 ⁶85;

450 5578 518 5631 Noa.
537 5576 642 5645 Βορέαο
660 5581 733 5638 erat.
758 5577 808 5628 abi
824 5575 975 5644 imperator
993 5577 1020 5630 ei
1042 5593 1170 5644 mappam
1184 5576 1361 5645 privilepiam
1379 5592 1404 5627 a.
1425 5578 1511 5641 1220,
1535 5573 1626 5642 April.
1644 5578 1681 5628 26
1700 5575 1879 5644 principibus
1902 5577 2101 5634 ecclesiasticis

449 5678 602 5717 concessam
619 5663 804 5732 confirmarat,-
822 5661 1064 5726 Britan-Ficta,
1084 5662 1152 5733 Rep.
1171 5661 1251 5716 aare.
1269 5661 1312 5725 ΙΙ,
1330 5676 1357 5713 a.
1376 5662 1459 5715 2064.
2155 5691 2182 5732 35
