4576 6390
759 393 958 449 EPISTOLAE
976 394 1164 449 SELECTAE.
1202 395 1284 482 1234.Ὶ
1783 397 1842 458 471

193 567 365 632 iamdictus
390 589 498 632 comes
522 568 679 634 heredem
703 591 768 634 non
791 567 927 648 habeat,
956 569 1018 632 nisi
1042 569 1171 632 unicam
1194 569 1310 648 liliam,
1334 590 1396 652 quc
1419 569 1594 632 karissimo
1618 567 1711 632 fratri
1734 572 1845 630 nostra

194 695 236 737 ex
263 672 508 758 dispensatione
538 681 649 737 vestra
676 673 960 736 matrimonialiter
990 679 1041 736 cst
1075 672 1273 757 copulanda,
1308 679 1442 757 propter
1469 671 1555 754 quad
1583 671 1722 755 gratiam
1751 670 1846 732 istam

195 783 359 860 tamquam
382 776 423 838 ad
446 798 505 840 nos
530 784 563 841 et
586 784 715 841 nostros
739 777 880 862 petimus
904 782 1145 861 proventuram.
1190 774 1316 838 Idcirco
1341 774 1578 857 benignitatem
1601 781 1744 838 vestram
1768 793 1845 836 con-

196 879 303 942 silium
333 880 505 944 habuimus
536 882 653 944 iterum
688 879 905 966 deposcendi,
938 884 973 941 ut
1005 878 1185 963 predictam
1215 885 1334 941 terram
1358 877 1496 940 obtentu
1519 876 1719 953 devotionis,
1751 895 1847 960 quam

197 1005 365 1068 speramus
390 1006 432 1048 ex
454 984 517 1046 hoc
541 983 741 1047 concedente
765 981 908 1044 Domino
937 987 1138 1058 secuturam,
1171 980 1343 1043 restituere
1368 980 1476 1042 velitis
1508 980 1619 1042 comiti
1651 978 1848 1064 supradicto,

196 1087 403 1152 attendentes
428 1087 527 1151 etiam
551 1085 653 1170 quod,
678 1087 762 1149 sicut
786 1107 828 1148 ex
851 1075 1052 1170 prelatorum
1075 1084 1203 1145 illarum
1227 1084 1369 1166 partium
1393 1082 1566 1145 didicimus
1590 1082 1792 1159 testimonio,
1816 1081 1849 1143 in

196 1189 352 1253 hereticis
387 1189 614 1276 perquirendis
652 1196 684 1252 et
718 1189 908 1274 perquisitis
945 1185 986 1248 ad
1014 1187 1171 1248 honorem
1200 1184 1264 1248 Dei
1299 1192 1332 1249 et
1361 1191 1473 1248 sancte
1502 1185 1641 1249 ecclesie
1673 1181 1848 1271 puniendis

197 1293 372 1376 vigilanter
402 1315 436 1357 se
465 1293 595 1371 habuit,
625 1292 767 1356 fideliter
797 1298 829 1355 et
857 1291 985 1354 devote.
1038 1289 1133 1352 Unda
1164 1289 1260 1352 nobis
1291 1295 1323 1352 ct
1356 1288 1492 1351 consilio
1523 1295 1635 1352 nostra
1665 1287 1786 1350 bonum
1817 1292 1850 1349 et

196 1397 275 1459 utile
306 1396 435 1460 videtur
466 1398 565 1461 talem
597 1397 627 1460 ei
662 1395 732 1459 fieri
759 1395 913 1478 gratiam,
949 1392 1034 1478 quad
1064 1393 1137 1456 Deo
1167 1403 1199 1456 et
1232 1399 1344 1456 sancte
1375 1394 1516 1456 ecclesie
1545 1392 1602 1455 liat
1630 1391 1777 1455 devotior
1807 1410 1850 1452 cx

198 1499 333 1572 devoto;
356 1501 588 1583 paternitatcm
605 1505 747 1561 vestram
771 1498 869 1560 etiarn
894 1518 935 1559 ox
959 1497 1078 1559 affectu
1094 1503 1258 1578 rogantes,
1283 1504 1319 1558 ut
1343 1495 1532 1558 iamdictum
1550 1496 1701 1558 comitem
1725 1493 1758 1556 in
1782 1491 1849 1555 suis

198 1602 271 1664 aliis
295 1602 388 1664 iustis
411 1601 627 1687 petitionibus
652 1621 762 1663 amore
785 1600 890 1664 nostri
913 1601 1022 1663 velitis
1044 1599 1187 1682 benigne
1209 1607 1242 1662 et
1265 1599 1490 1663 favorabiliter
1514 1597 1680 1661 exarrdire.

305 1721 380 1785 Dat.
404 1719 490 1810 apud
513 1721 698 1812 Lciriacum
723 1720 756 1782 in
779 1721 921 1784 crastino
945 1721 1048 1783 sancti
1072 1718 1272 1803 Gregoriiss.

986 2187 1071 2258 578.

305 2283 495 2392 (air-aporire
518 2310 574 2374 IX
588 2331 678 2390 popa
701 2309 946 2388 conpositionem
972 2310 1056 2373 irater
1077 2307 1239 2392 [Ottarrcm
1261 2308 1297 2370 dc
1319 2306 1586 2388 lllcatcbetr'orcta]
1608 2305 1853 2381 conestabulum,

203 2415 332 2478 barones
354 2419 383 2478 at
405 2415 518 2477 militas
540 2414 629 2495 reperi
651 2413 935 2492 Hierasalpmr'tarii
965 2417 994 2475 ct
1020 2415 1098 2476 circs
1121 2413 1313 2476 Accorrcrrscs
1335 2432 1373 2473 cra
1399 2413 1490 2490 parta
1517 2430 1582 2473 arrio
1605 2414 1634 2472 et
1655 2409 1855 2472 Fridcricrrm

202 2519 414 2582 Rauracorum
440 2520 653 2598 irrrpcratarcrrr
675 2539 714 2578 aa
738 2516 840 2580 attera
863 2515 1072 2579 irradiantibus
1094 2514 1259 2598 [eilberto]
1275 2512 1465 2594 patriarcha
1491 2512 1684 2575 Antiocheae
1705 2515 1734 2574 ct
1754 2511 1855 2595 [Har-

201 2622 334 2705 rrramra]
357 2623 505 2703 rrrrryr'stra
530 2621 766 2683 Ibatorricorrrm
788 2619 902 2680 imitarer
924 2621 1095 2698 carisirmct.
1472 2617 1567 2692 1234,
1590 2613 1693 2680 Mart.
1715 2617 1768 2678 22.

305 2743 386 2808 (ἶνες.
405 2741 455 2792 IX
471 2741 537 2807 Ray.
562 2740 618 2794 Val.
637 2739 690 2805 IV,
709 2743 777 2803 170;
795 2738 858 2791 Lia.
881 2738 967 2802 VIII,
986 2743 1011 2792 2.

287 2919 430 2991 Nobili
458 2919 552 2990 viro
582 2974 589 2990 .
621 2973 628 2990 .
658 2916 962 2992 comestabulo
991 2921 1034 2988 et
1061 2914 1305 2986 baronibus
1333 2935 1380 2986 ac
1408 2913 1621 2985 militibus
1649 2911 1798 3004 regni¹

530 3037 876 3111 ierosolimitani
905 3042 945 3108 et
972 3037 1149 3109 civibus
1176 3035 1525 3107 Acconeusibus.

315 3189 365 3252 Ea
389 3211 451 3273 que
474 3187 594 3252 iudicio
619 3189 672 3251 vel
697 3187 870 3251 concordia
893 3192 955 3250 cte.
978 3185 1097 3270 usque:
1128 3205 1275 3262 assensu,
1300 3183 1580 3268 compositionem,
1604 3203 1666 3267 quc
1689 3181 1855 3243 intervos

206 3315 248 3356 cx
271 3301 364 3378 parte
388 3314 454 3356 una
478 3301 510 3356 et
535 3292 739 3356 carissimum
763 3293 796 3354 in
820 3289 951 3353 Christo
976 3289 1076 3353 lilium
1100 3295 1247 3351 nostrum
1272 3286 1485 3364 Fridcricum,
1507 3286 1728 3349 Romanorum
1752 3283 1855 3365 impc-

204 3402 345 3459 ratorem
369 3417 499 3481 semper
521 3401 713 3479 augustum,
742 3393 924 3458 Ierusalem
949 3401 982 3457 et
1007 3392 1118 3455 Sicilie
1142 3413 1255 3475 regem
1279 3391 1438 3454 illustrem
1464 3390 1611 3466 exalia,
1635 3386 1856 3450 mediantibus

203 3499 383 3562 venerabili
408 3500 507 3563 fratre
537 3491 685 3562 nostro'.
710 3497 946 3561 ‚Antiocheno
970 3495 1169 3581 patriarcha,
1200 3495 1310 3577 legato
1335 3492 1423 3558 sedis
1447 3493 1644 3578 apostalice,
1675 3511 1713 3553 ac
1737 3487 1856 3550 dilecto

204 3602 270 3666 filio
301 3651 308 3665 .
333 3653 340 3667 .
363 3603 521 3686 magistro
550 3601 665 3665 domus
694 3601 867 3686 hospitalis
899 3607 1009 3663 sancte
1033 3598 1137 3662 Maria
1160 3596 1439 3660 Theutonicorum
1463 3595 1744 3670 lerosolimitane,
1775 3589 1855 3653 ami-

206 3706 357 3770 cabiliter
383 3707 576 3786 intervenit,
609 3727 705 3789 quam
735 3704 822 3768 idem
850 3705 1026 3789 imperator
1054 3701 1262 3788 postmodum
1291 3721 1350 3786 por
1381 3721 1456 3763 suas
1487 3699 1615 3762 littcras
1645 3693 1858 3773 confirmavit,

205 3816 309 3873 ratam
332 3809 493 3874 hahentes
518 3815 550 3874 et
572 3810 707 3888 firmam,
730 3830 813 3888 eam,
838 3808 922 3870 sicut
945 3808 1006 3871 rite
1032 3807 1101 3870 sine
1121 3805 1282 3890 pravitate
1306 3801 1441 3889 provide
1465 3801 1552 3865 facta
1575 3807 1625 3864 est
1649 3807 1682 3862 et
1704 3799 1745 3862 ab
1768 3802 1857 3860 utra·

206 3933 267 3997 que
291 3921 383 3999 parte
414 3919 529 3999 sponte
560 3921 693 3997 recepta
717 3918 750 3976 ct
780 3911 938 3974 hactenus
967 3909 1103 3996 pacifice
1132 3908 1323 3984 observata,
1358 3906 1552 3969 auctoritato
1577 3901 1758 3989 apostolica
1781 3920 1858 3963 cou-

205 4016 370 4080 firmamus
398 4023 431 4080 et
463 4016 627 4102 presentis
659 4015 770 4100 scripti
798 4014 980 4098 patrocinio
1012 4011 1261 4076 communimus.
1306 4008 1396 4071 Nulli
1432 4029 1511 4092 crgo
1544 4013 1654 4070 nostre
1688 4002 1858 4068 coufirma-

206 4119 304 4182 tionis
330 4125 391 4183 etc.
438 4119 473 4184 si
496 4120 567 4204 quis
593 4125 704 4183 autem
728 4124 790 4181 etc.

315 4239 392 4306 Dat.
416 4240 570 4307 Lateran.
594 4239 645 4304 XI
667 4239 742 4303 Kal.
764 4237 869 4324 April.
893 4257 978 4302 anno
1003 4243 1129 4302 octavo.

827 4474 1238 4486 ,.-,.-..------,,

993 4703 1079 4775 579.

317 4805 507 4914 Graecei-as
529 4830 586 4895 IX
601 4851 690 4910 popa
712 4828 877 4913 Hlaporri]
898 4827 1046 4892 Itearcrrsr'
1072 4829 1101 4890 ct
1127 4821 1303 4908 Uaticani]
1330 4820 1560 4887 Catalaurrcrrsi
1584 4817 1815 4883 archidiaconis
1837 4820 1866 4880 et

212 4941 253 5007 G.
269 4939 306 5002 rte
321 4935 478 5000 Lorrdrma
493 4934 640 4997 carranica
654 4932 801 4995 ilamensi
816 4932 954 5008 arantiat,
976 4949 1008 4993 se
1022 4928 1203 5008 providisse,
1227 4929 1262 4988 at
1286 4925 1363 5004 ipsis
1384 4923 1421 4986 cte
1445 4923 1534 4987 barris
1551 4919 1866 5000 archiepiscopalibus

209 5048 238 5107 ct
259 5039 445 5126 [Goswr'rra]
474 5037 588 5101 decerta
614 5035 792 5102 Calaaimisi
822 5034 858 5097 dc
888 5033 976 5097 barris
1004 5033 1132 5095 creaioris
1160 5029 1304 5094 ecclcsiae
1339 5025 1535 5094 (lotariensis
1563 5043 1715 5103 repensae
1748 5021 1791 5084 ad
1816 5021 1866 5083 irr-

320 5177 1759 5206 Μ

320 5303 341 5366 ·)
361 5303 405 5352 Ita
424 5301 579 5351 correximus
598 5316 628 5349 ea:
646 5297 731 5362 Rayn.
750 5296 766 5346 l.
788 5313 809 5345 c.
826 5311 875 5359 pra
893 5293 996 5358 Georgii
1015 5290 1160 5358 apaprophi
1185 5290 1279 5352 riustri,
1304 5288 1373 5352 qnod
1394 5295 1459 5337 certe
1479 5285 1599 5336 merrdum
1618 5282 1720 5334 librarii
1737 5289 1784 5340 ert·
1805 5297 1867 5330 nam

213 5406 269 5438 erran
287 5406 311 5438 a.
331 5390 399 5437 1234
413 5386 514 5452 pascha
532 5383 619 5434 eadem
637 5383 677 5433 die
695 5400 744 5448 qna
756 5383 855 5450 sertrrm
873 5379 955 5429 cerreti
976 5379 1078 5444 Gearyii
1097 5377 1269 5426 celebraretur
1289 5372 1389 5440 [ripert.
1405 5371 1463 5438 23],
1487 5372 1541 5422 dier
1563 5371 1609 5421 hac
1630 5369 1706 5420 arado
1725 5366 1868 5434 computari

211 5491 264 5524 nora
277 5474 369 5540 patuit.

316 5592 341 5658 1)
361 5590 460 5656 Extat,
478 5595 509 5643 at
525 5593 613 5641 rnanet
637 5585 837 5650 ll'ialelmanrr,
861 5583 932 5636 Acta
949 5581 1020 5648 Imp.
1040 5577 1112 5631 ineat.
1130 5595 1157 5646 p.
1177 5581 1243 5644 516,
1266 5595 1292 5630 rr.
1314 5581 1382 5644 640,
1403 5581 1473 5642 aot„
1490 5574 1519 5628 in
1538 5573 1605 5643 Rep.
1624 5572 1685 5627 Lib.
1707 5571 1799 5637 VIII,
1821 5573 1870 5624 114

211 5680 268 5738 alia
288 5679 402 5752 epistola
419 5679 492 5750 rapis
510 5676 548 5732 ad
562 5691 667 5748 papam
685 5673 717 5728 de
736 5673 827 5728 eadem
844 5687 874 5726 re
893 5675 918 5724 et
937 5667 1027 5724 eodem
1045 5666 1089 5722 die
1107 5667 1182 5720 data.
