4604 6420
819 385 1018 450 rrrsromn
1035 385 1225 450 saoneres.
1258 395 1333 451 1232.
1843 397 1904 468 387

252 592 348 637 onem
370 567 513 655 benigne
536 565 728 634 duxerimus
751 567 1002 649 admittendam,
1032 589 1074 633 ne
1104 575 1211 633 castra
1234 575 1267 634 et
1296 568 1565 637 hovemarchias⁸
1594 571 1741 640 eiusdem
1765 576 1906 643 ecclesie

250 676 346 762 lapsu
361 673 518 759 temporis
534 673 568 738 in
589 672 790 738 successoris
806 670 1021 759 preiudioium
1038 673 1155 737 variari
1172 674 1352 758 contingat,
1375 677 1580 761 presentium
1596 678 1688 744 vobis
1708 681 1905 746 auctoritate

251 778 453 860 mandamus,
477 779 630 864 quatinus
655 776 868 856 Greifestcin,
893 775 1008 856 Gleua,
1031 775 1249 861 Ebelsporge‚
1271 776 1744 864 Vihtenstein,·0bernberch,
1767 782 1905 849 Rotom-

251 883 365 960 beroh,
395 882 519 960 Matse,
546 879 918 958 Ellenbrehschirchen,
948 878 1130 960 Vinberch,
1162 879 1257 944 Mons
1281 880 1393 946 Sancti
1417 882 1568 969 Georgii,
1600 884 1674 967 Ort,
1701 886 1902 970 Vurstenek,

251 984 494 1066 Aichembach,
524 984 677 1069 Morspao
699 990 733 1047 et
756 981 980 1067 Chirohperge
1009 988 1129 1060 castra,
1161 981 1202 1045 ad
1231 1004 1367 1068 quorum
1394 986 1575 1051 custodiam
1598 987 1705 1054 dictus
1729 990 1905 1076 episcopus

250 1088 407 1152 familiam
445 1136 453 1152 .
483 1135 492 1153 .
530 1087 661 1173 nepotis
701 1086 752 1151 sui
793 1084 958 1150 dimisisse
998 1086 1171 1166 asseritur,
1217 1086 1346 1152 faciatis
1383 1110 1444 1174 per
1485 1111 1644 1176 personas
1686 1091 1749 1158 fide
1786 1093 1904 1179 dignas

249 1212 354 1277 usque
381 1190 423 1256 ad
450 1190 649 1255 successoris
679 1188 856 1254 adventum
887 1187 1029 1252 fideliter
1057 1188 1228 1264 custodiri;
1257 1191 1513 1257 contradictores
1537 1201 1598 1260 etc.
1657 1194 1752 1270 Quod
1781 1197 1809 1262 si
1840 1219 1906 1262 non

250 1294 347 1359 ambo
370 1300 433 1360 etc.

355 1414 433 1482 Dat.
455 1414 619 1500 Anagnia,
642 1413 695 1479 III
717 1411 793 1478 Kal.
817 1411 910 1498 Sept.
933 1433 1019 1478 anno
1042 1422 1148 1479 sexto.

1046 1617 1109 1682 ru.

668 1745 712 1819 G.
741 1744 946 1836 episcopo
974 1745 1194 1836 quondam
1222 1744 1484 1819 Pataviensi.

357 1895 489 1961 Menses
512 1916 633 1960 vacuos
656 1901 690 1960 et
712 1902 826 1962 noctes
849 1896 1032 1961 laboriosas
1056 1916 1268 1976 enumerans,
1294 1895 1430 1982 quibus,
1454 1901 1490 1960 ut
1513 1896 1546 1959 in
1569 1903 1682 1962 nostra
1704 1901 1906 1986 proposuisti

250 1999 431 2085 presentia,
460 1997 565 2063 circab
587 1998 818 2064 Pataviensem
842 1999 1019 2064 ecclesiam
1047 1997 1220 2078 laborasti,
1250 2020 1323 2062 cum
1347 2005 1410 2065 eto.
1434 2045 1530 2063 .....
1555 1998 1696 2086 benigne
1720 2003 1904 2069 cessionem

249 2100 454 2182 admisimus,
486 2107 521 2166 et
542 2101 723 2186 integritati
745 2102 831 2167 fame
854 2110 911 2168 tue
934 2123 995 2188 per
1016 2122 1066 2180 ea,
1089 2122 1152 2185 que
1178 2108 1289 2166 contra
1312 2108 1345 2166 te
1369 2108 1443 2165 acta
1473 2109 1549 2166 sunt
1572 2124 1681 2168 coram
1704 2107 1814 2186 nobis,
1844 2108 1905 2172 ali-

251 2205 342 2269 cuius
366 2212 442 2269 note
466 2202 673 2290 dispendium
696 2206 848 2271 nolumus
875 2206 1037 2291 generari.

358 2323 434 2391 Dat.
456 2324 619 2410 Anagnia,
642 2323 712 2390 1111
735 2325 808 2392 Kal.
834 2326 926 2412 Sept.
950 2346 1035 2391 anno
1060 2332 1166 2392 sexto.

1048 2529 1108 2597 IV.

520 2712 528 2728 .
558 2711 567 2729 .
596 2655 804 2746 episeopo
832 2654 1122 2746 Frisingensi¹
1150 2658 1190 2726 et
1218 2709 1227 2726 .
1256 2709 1263 2724 .
1292 2653 1565 2746 Frisingensi
1593 2662 1635 2730 et

772 2831 781 2849 .
812 2832 821 2850 .
849 2775 1165 2867 Ratisponensi
1193 2773 1379 2847 decanis

356 2925 438 2989 Cum
460 2926 658 2991 venerabilis
688 2925 789 2990 frater
819 2933 932 2991 noster
955 2925 995 2993 G.
1019 2933 1081 2989 otc.
1106 2924 1244 2988 cesserit
1275 2971 1369 2988 .....
1372 2935 1394 3004 ⁰,
1424 2923 1466 2988 ad
1498 2925 1771 2990 sustentationem
1799 2924 1903 3010 ipsius

249 3035 378 3092 centum
408 3049 588 3094 marcarum
622 3028 768 3094 redditus
803 3029 970 3094 annuatim
1001 3077 1095 3093 .....
1125 3028 1158 3091 in
1187 3028 1299 3106 bonis,
1332 3049 1395 3114 que
1430 3027 1470 3092 ad
1499 3049 1647 3093 mensam
1678 3029 1900 3113 episcopalem

171 3147 197 3180 '⁰
249 3138 397 3218 spectare
425 3139 618 3211 noscuntur,
649 3139 683 3196 ot
711 3131 847 3197 totidem
875 3133 907 3196 in
936 3132 1105 3197 benefieiis
1140 3132 1374 3195 ecclesiasticis
1398 3179 1494 3197 .....
1518 3132 1648 3195 faciatis
1672 3130 1779 3196 eidem
1805 3179 1899 3198 .....

170 4224 195 4263 ²5

170 4885 196 4922 ³0

170 5555 195 5594 ³3

248 3235 408 3318 assignari
432 3242 495 3300 etc.

353 3354 430 3420 Dat.
452 3355 614 3440 Anagnia,
636 3354 705 3418 XII
727 3353 802 3421 Kal.
826 3355 916 3442 Sept.
940 3377 1027 3420 anno
1054 3360 1161 3420 sexto.

870 3616 886 3622 -
903 3615 1142 3622 —-—-—----.
1151 3615 1281 3622 -—...-

1029 3857 1118 3930 481.

352 3971 543 4082 Grcporiue
565 3997 621 4064 IX
634 4019 725 4080 popu
746 4000 886 4080 cpoiscopo
908 4003 937 4062 ct
957 3999 1038 4063 clero
1064 3999 1227 4063 Tiburtino
1249 3998 1369 4077 scribit,
1398 3995 1512 4078 quidue
1539 3993 1767 4061 conditionibus
1794 4011 1900 4076 pacem

246 4107 331 4169 inter
351 4105 435 4185 ipsos
456 4106 485 4167 et
506 4102 704 4166 Matthaoum
726 4102 869 4168 Rubcum
891 4103 1029 4168 comtum
1051 4107 1080 4166 ct
1096 4105 1250 4185 poputum
1276 4101 1477 4166 Tiburtinum
1498 4099 1723 4180 resoromverit.

1559 4203 1652 4280 1232,
1675 4201 1759 4282 Sept.
1783 4204 1813 4264 1.

352 4291 434 4360 (ἔτερ.
454 4289 505 4345 IX
521 4290 589 4359 Rea.
613 4289 669 4344 Vct.
687 4289 751 4359 111,
771 4294 805 4346 31
811 4308 822 4359 ,·
839 4290 900 4346 Lib.
923 4289 973 4356 VI,
993 4294 1044 4362 76,

564 4559 574 4577 .
602 4560 612 4577 .
640 4501 851 4596 episcopo
878 4511 920 4580 et
946 4506 1156 4581 universo
1184 4505 1306 4577 clero
1332 4501 1582 4575 Tiburtino.

354 4653 538 4718 Intellectis
561 4673 623 4737 que
646 4658 692 4734 tu,
716 4645 818 4718 frater
840 4653 1006 4741 episcope,
1029 4674 1088 4740 pro
1111 4659 1144 4718 te
1168 4673 1206 4716 ao
1226 4646 1347 4730 vobisd,
1373 4649 1432 4713 filii
1455 4647 1576 4729 clerici,
1599 4667 1726 4712 necnon
1748 4644 1899 4710 eeclesiis

247 4757 421 4822 Tiburtino
451 4756 611 4833 civitatis,
649 4764 684 4821 et
719 4756 839 4821 nobilis
868 4757 918 4821 vir
948 4756 1101 4822 Matheus
1130 4754 1285 4832 Rubeus,
1321 4772 1432 4817 comes
1461 4750 1672 4827 Tiburtinus,
1704 4770 1762 4836 pro
1793 4768 1829 4812 se
1860 4768 1898 4812 ac

248 4861 369 4948 populo
401 4859 541 4925 civitatis
578 4858 726 4924 eiusdem
761 4860 795 4923 in
830 4867 941 4924 nostra
973 4859 1193 4947 proposuistis
1227 4856 1395 4944 presentia
1434 4853 1622 4932 constituti,
1654 4853 1753 4917 finem
1785 4850 1899 4934 litigiis

247 4965 416 5050 imponere
454 4962 625 5049 cupientes
656 4969 690 5027 et
717 4961 862 5027 scandali
896 4963 1067 5028 materiam
1098 4968 1283 5047 amputare,
1320 4958 1361 5023 de
1391 4957 1560 5041 utriusque
1595 4975 1758 5020 consensu
1788 4953 1899 5016 taliter

247 5065 399 5130 duximus
429 5064 681 5152 providendum,
714 5064 868 5131 videlicet
900 5074 936 5131 ut
968 5087 1081 5133 omnes
1115 5065 1274 5129 officiales
1306 5069 1340 5127 et
1369 5059 1548 5126 consiliarii
1578 5058 1719 5122 civitatis
1748 5053 1896 5142 predicto

246 5171 321 5234 anni
344 5169 491 5258 preteriti
514 5189 643 5235 necnon
666 5168 810 5234 fossores
834 5169 1002 5235 domorum
1026 5174 1266 5235 nostrorumst
1290 5163 1503 5230 ecclesiarum
1526 5162 1650 5242 iurent,
1675 5180 1711 5224 se
1735 5155 1899 5222 mandatis

351 5465 373 5530 ⁸)
392 5464 578 5531 Hovemarchie
596 5462 628 5514 R.
726 5463 749 5529 ι)
767 5465 829 5516 eitra
847 5463 878 5515 R.
972 5465 993 5530 ⁰)
1010 5483 1063 5516 aon
1081 5464 1205 5529 inteyrcm
1223 5461 1291 5510 duae
1308 5459 1440 5524 epistotam
1459 5455 1575 5506 Pertziru
1593 5453 1733 5520 descripsit.
1831 5447 1853 5514 ιι)
1868 5467 1899 5500 ac

247 5553 354 5604 anobis
372 5550 403 5600 R.

349 5687 376 5754 1)
396 5684 531 5740 Conrado.

1639 5769 1692 5824 49*
