4524 6412
418 340 480 402 314
1000 337 1048 390 EX
1068 338 1243 396 GREGORII
1263 341 1298 394 lX
1319 338 1498 394 REGISTRO

410 511 550 576 filiorum
580 519 762 576 vestrorum
796 520 955 598 perpetuo
987 521 1216 598 sequerentur,
1255 520 1351 600 prout
1385 513 1449 598 ipsi
1484 512 1602 576 melius
1633 511 1752 574 intueri
1783 508 1939 594 potestis,
1975 527 2072 591 quarn

185 658 190 670 ·
256 642 400 690 maran.
415 622 528 702 posset
550 637 610 701 per
632 616 773 703 aliquem
798 616 838 680 de
861 616 949 680 facili
972 617 1125 680 enarrari.
1171 617 1220 681 Ne
1244 617 1345 702 igitur
1368 637 1483 679 manus
1507 622 1633 680 vestras
1656 613 1832 678 videamini
1855 613 1986 676 mittero
2011 610 2073 674 sub

410 721 566 800 ascellas,
601 742 681 807 quas
710 741 795 784 nunc
824 741 910 784 nune
940 721 1070 785 mittere
1095 720 1224 784 debetis
1248 720 1289 784 ad
1312 720 1426 798 fortia,
1456 727 1621 804 tamquam
1645 717 1777 803 propria
1800 717 1908 802 capita
1930 715 2072 779 viriliter

410 823 641 902 defendentes,
679 823 927 888 universitatem
961 830 1104 888 vestram
1139 843 1311 907 rogamus,
1350 843 1520 890 monemus
1559 828 1592 885 et
1625 821 1794 884 hortamur
1830 824 1974 898 attente,
2011 839 2073 903 per

411 927 593 1013 apostoliea
615 928 709 991 vobis
733 927 856 1012 scripta
879 927 938 991 sub
961 926 1074 990 debito
1098 927 1270 991 iuramenti
1297 927 1434 990 tirmiter
1455 924 1667 1012 precipiendo
1688 923 1890 1001 mandantes,
1914 923 2069 1008 quatinus
2139 946 2150 980 .·.

411 1031 537 1095 faciatis
572 1031 719 1112 omnino,
753 1037 790 1094 ut
823 1029 963 1116 predicti
998 1031 1120 1094 milites
1152 1031 1185 1093 in
1222 1030 1362 1094 ecclesie
1397 1029 1532 1093 servitio
1567 1035 1601 1093 et
1630 1035 1739 1091 vestro
1772 1029 1832 1113 per
1865 1046 2071 1110 consequens

411 1133 552 1199 fideliter
575 1142 802 1221 perseverent,
833 1133 1056 1197 ministrantes
1080 1133 1129 1198 eis
1152 1133 1306 1197 habunde
1331 1133 1496 1219 stipendia
1518 1139 1552 1196 et
1575 1132 1640 1196 alia
1663 1138 1839 1218 oportuna,
1862 1151 1923 1194 uec
1947 1150 2005 1193 vos
2029 1127 2071 1192 ad

411 1260 547 1323 presens
570 1238 683 1303 talium
707 1237 819 1302 tcdeat
842 1258 1077 1322 expensarum,
1108 1258 1170 1322 que
1198 1258 1218 1299 a
1246 1237 1357 1300 inultis
1388 1245 1422 1300 et
1451 1237 1606 1320 gravibus
1631 1235 1780 1320 dampnis
1804 1242 1838 1298 et
1860 1232 1987 1297 iniuriis
2011 1253 2071 1294 vos

411 1347 619 1428 preservaut,
654 1363 727 1406 curn
761 1340 887 1405 utiliter
919 1339 1073 1404 denarius
1107 1339 1311 1425 expendatur
1345 1361 1408 1424 quo
1444 1339 1526 1404 libre
1558 1339 1702 1424 parcitur
1731 1338 1802 1401 siue
1838 1344 1924 1401 nota.
1981 1335 2070 1398 Ilcee

412 1453 522 1520 autern
545 1446 776 1531 transcriptum
799 1445 979 1509 litterarum
1009 1444 1231 1530 predictorum
1260 1445 1409 1529 regiset
1437 1442 1611 1508 cardinalis
1634 1441 1728 1506 vobis
1758 1441 1818 1504 sub
1841 1439 1931 1504 bulla
1954 1445 2069 1502 nostra
2140 1493 2141 1496 ,

413 1548 570 1613 mittimus
599 1549 830 1622 interclusum,
859 1555 894 1612 ut
924 1548 1043 1612 exinde
1072 1548 1459 1633 urgentisnecessitatis
1487 1547 1622 1611 articulo
1652 1545 1818 1609 intellecto
1849 1542 2014 1629 impleatis
2039 1548 2072 1605 et

415 1651 554 1716 celerius
578 1658 612 1716 et
633 1651 768 1715 liberius
792 1651 877 1736 quod
900 1651 1109 1730 mandamus,
1140 1650 1312 1715 adiciendo
1344 1657 1494 1737 prompte
1522 1650 1643 1714 affeetu
1673 1656 1706 1712 et
1735 1647 1855 1712 effectu
1885 1642 2072 1710 omnimode

385 1755 640 1818 “subventionis
663 1754 830 1830 auxilium,
855 1755 938 1818 sieut
960 1754 1143 1818 liberaliter
1164 1755 1372 1839 promisistis,
1405 1756 1480 1840 quia
1503 1776 1575 1818 eum
1600 1775 1659 1839 per
1681 1752 1744 1817 Dei
1768 1752 1905 1836 gratiam
1929 1748 2074 1813 eeclesia

414 1858 563 1921 Romana
600 1858 711 1921 multis
753 1857 858 1921 modis
896 1859 1000 1942 possit
1039 1857 1102 1920 sibi
1141 1859 1330 1936 consulere,
1377 1879 1581 1943 nequaquam
1619 1858 1834 1942 imputaretur
1872 1851 1997 1930 eidem,
2045 1851 2072 1914 si

415 1961 647 2025 assistentibus
671 1962 733 2025 sibi
756 1961 897 2025 libenter
919 1961 1089 2039 assistens,
1114 1959 1230 2024 adesse
1255 1962 1442 2025 nolentibus
1467 1982 1531 2025 non
1555 1959 1696 2024 adesset.

522 2079 612 2144 Data
634 2081 773 2162 Perusii,
796 2079 845 2145 VI
871 2081 945 2144 Kal.
969 2081 1057 2159 Iulii,
1081 2081 1291 2165 pontificatus
1314 2082 1417 2145 nostri
1441 2103 1525 2146 anno
1549 2081 1655 2144 tertio.

1041 2381 1451 2388 m

1203 2657 1288 2728 396.

527 2764 717 2875 (rb-reportas
750 2794 806 2858 IX
832 2815 922 2874 papo
955 2796 1123 2859 vadardus
1155 2797 1311 2859 societatis
1339 2797 1547 2859 Lovubardioe
1573 2797 1707 2876 tenuiter
1737 2786 1921 2876 praecipit,
1941 2796 1976 2855 at
2006 2813 2076 2854 curru

419 2897 604 2962 Fridericas
631 2897 733 2960 distros
765 2897 935 2977 temerator
968 2898 1005 2960 dc
1033 2899 1182 2978 partibus
1208 2899 1435 2962 transmarinis
1465 2919 1606 2962 reuersas
1640 2900 1698 2974 sit,
1731 2897 1909 2974 nrilitibrm,
1931 2915 2009 2975 quos
2040 2896 2075 2957 r'u

419 3001 562 3066 ecclcsiae
590 3001 751 3063 servitiam
779 3000 1020 3077 destirmverint‚
1050 3001 1213 3078 attondeat,
1241 3005 1276 3062 ot
1305 3003 1414 3065 saltem
1442 3003 1542 3066 tribus
1570 3002 1727 3065 varonibus
1756 3001 1792 3063 ia
1820 2999 1922 3080 ipsius
1948 2998 2076 3062 servitio

415 3107 621 3184 perseverant.
1697 3121 1698 3124 ’
1728 3106 1822 3182 1229,
1845 3102 1910 3168 Iar.
1934 3105 1986 3165 13.
2125 3127 2149 3165 ao

527 3221 609 3292 Grep.
627 3221 677 3274 IX
695 3221 763 3293 Rep.
788 3223 844 3275 Vol.
863 3223 888 3286 Ι,
907 3227 967 3286 129,
986 3227 1054 3290 130‚·
1073 3223 1134 3277 Lib.
1154 3224 1215 3286 III,
1236 3227 1280 3278 36.

523 3308 658 3371 Pottlrast‚
676 3307 747 3379 Rep.
766 3313 849 3364 8427.

636 3520 868 3596 Nobilibus
895 3523 1000 3595 viris
1028 3524 1281 3598 rectoribus
1307 3525 1547 3598 societatis
1577 3525 1853 3600 Lcmbardie.

532 3669 567 3734 Si
588 3669 800 3734 meditatione
817 3671 928 3734 debita
949 3673 1143 3756 pensaretis,
1168 3675 1323 3759 quamsit
1345 3675 1578 3751 necessarium,
1601 3697 1696 3761 quam
1715 3677 1757 3739 sit
1772 3674 1852 3739 utile
1867 3670 2076 3748 Lombardie,

423 3797 464 3839 ne
487 3773 674 3838 Fridericus
702 3773 809 3838 dictus
838 3776 1015 3860 imperator
1038 3775 1240 3840 invalescere
1264 3777 1487 3861 permittatur,
1521 3798 1725 3863 nequaquam
1748 3800 1807 3842 nos
1837 3778 1957 3842 totiens
1980 3775 2076 3839 vobis
2127 3809 2151 3846 a

424 3880 567 3944 scribere
596 3879 794 3963 oporteret¹,
833 3886 883 3941 set
915 3878 977 3962 ipsi
1011 3879 1110 3941 etiam
1142 3881 1321 3965 irrequisiti
1354 3903 1413 3944 nos
1449 3882 1670 3945 sollicitaretis
1704 3883 1865 3946 instanter
1895 3888 1928 3945 et
1956 3902 2015 3944 vos
2045 3884 2079 3944 et

423 3989 534 4047 vestra
560 3982 703 4045 ultronei
727 3981 904 4058 offerretis,
936 3987 973 4044 ut
1001 3982 1134 4047 malitiis
1165 3983 1335 4048 obviantes
1360 3985 1478 4070 ipsius,
1505 4006 1585 4048 eum
1616 3985 1649 4047 in
1682 3981 1796 4069 primis
1820 3985 1912 4069 quasi
1935 3983 2078 4047 motibus

424 4087 601 4172 reprimere
635 4085 860 4160 studeremus,
898 4106 970 4148 euru
999 4086 1123 4150 'melius
1157 4087 1199 4150 sit
1233 4087 1265 4150 in
1308 4094 1454 4172 ternpore
1496 4109 1667 4152 occurrere
1706 4109 1802 4171 quam
1838 4094 1912 4173 post
1952 4087 2078 4151 exitum

423 4188 599 4252 vindicare.
647 4187 748 4263 Saue,
773 4189 856 4252 sicut
879 4189 998 4266 nostis,
1023 4190 1163 4266 milites,
1188 4212 1268 4274 quos
1293 4191 1325 4253 in
1350 4191 1580 4255 ecclesie-nco
1609 4191 1716 4254 minus
1739 4198 1884 4254 vestrum
1908 4191 2078 4254 servitium

423 4291 629 4369 destinastis,
664 4290 746 4354 adeo
780 4292 868 4354 lente
904 4299 1082 4368 venerunt,
1117 4292 1204 4377 quod
1238 4294 1341 4357 maior
1376 4315 1451 4378 pars
1485 4295 1641 4380 temporis
1675 4315 1739 4378 quo
1773 4294 1915 4358 debuere
1951 4293 2075 4359 servire
2127 4323 2152 4360 ao

424 4396 583 4459 inutiliter
605 4400 656 4457 est
680 4396 807 4478 elapsa,
836 4402 870 4458 et
893 4395 955 4469 sic,
984 4396 1075 4479 quasi
1106 4403 1182 4460 ante
1206 4417 1302 4481 quam
1331 4397 1454 4481 aliquid
1479 4398 1556 4460 boni
1580 4399 1723 4483 egerint,
1753 4397 1794 4462 ad
1816 4399 1947 4483 propria
1969 4397 2077 4462 redire

425 4501 602 4576 minantur,
638 4496 725 4581 quod
755 4503 845 4560 esset
880 4519 940 4562 nos
976 4506 1008 4562 et
1043 4520 1101 4562 vos
1137 4495 1275 4584 prodere
1311 4499 1473 4576 studiose,
1510 4501 1586 4585 quia
1617 4523 1690 4565 oum
1719 4523 1805 4566 nunc
1836 4503 1879 4566 sit
1905 4501 2077 4588 potissime

423 4601 647 4666 necessarium
671 4606 704 4664 et
728 4600 901 4685 plurimum
925 4609 1136 4686 oportunum,
1167 4609 1203 4666 ut
1231 4602 1317 4666 dicto
1342 4603 1509 4668 Friderico
1538 4626 1671 4669 reverso
1702 4605 1906 4681 confusotde
1928 4605 2077 4692 partibus

424 4703 648 4768 transmarinis
680 4704 846 4768 exercitus
878 4707 1018 4769 ecclesie
1051 4707 1268 4780 eonfortetur,
1303 4729 1344 4771 ne
1379 4708 1434 4772 ille
1470 4707 1600 4793 prodire
1635 4709 1774 4772 sinatur:
1812 4708 1889 4793 quid
1914 4730 2078 4794 umquam

425 4814 538 4872 contra
560 4828 620 4871 uos
644 4814 677 4871 et
700 4829 758 4870 vos
781 4814 893 4893 posset
916 4809 1133 4893 periculosius
1158 4812 1310 4894 cogitari,
1340 4831 1436 4895 quam
1459 4810 1581 4874 dictum
1606 4812 1787 4875 exercitum
1810 4811 1906 4875 modo
1930 4809 2075 4884 dissolvi,
2128 4837 2152 4876 a

425 4919 469 4992 ut,
492 4909 579 4997 quod
601 4910 698 4990 absit,
722 4910 902 4974 debilitatis
926 4913 1046 4976 nostris
1062 4912 1166 4977 hostis
1182 4914 1326 5000 perfidus
1349 4922 1455 4979 sumat
1476 4914 1646 4978 audaciam
1669 4914 1866 4979 resistendi?
1911 4914 1957 4978 Ut
1979 4914 2080 4999 igitur

424 5016 524 5079 tantis
554 5014 711 5102 periculis
740 5018 948 5079 occurrentes
981 5016 1082 5099 quieti
1111 5025 1220 5082 vestre
1252 5018 1387 5104 provide
1423 5020 1619 5097 consulatis,
1655 5019 1902 5083 universitatem
1936 5025 2080 5082 vestram

426 5140 593 5204 rogamus,
628 5139 796 5182 monemus
835 5124 869 5181 et
903 5117 1070 5182 hortamur
1102 5127 1243 5196 attente,
1281 5143 1341 5207 per
1373 5122 1556 5207 apostolica
1588 5121 1682 5185 vobis
1718 5124 1840 5209 scripta
1875 5120 1934 5185 sub
1967 5119 2078 5186 debito

426 5223 609 5302 iuramenti,
634 5242 697 5306 quo
721 5220 816 5285 nobis
839 5222 964 5286 astricti
988 5223 1159 5303 tenemini,
1187 5224 1321 5287 firmiter
1343 5223 1556 5310 precipiendo
1581 5223 1783 5302 mandantes,
1807 5225 1971 5308 quatinus,
1995 5225 2081 5289 sieut

426 5327 567 5391 divinam
590 5331 624 5390 et
646 5331 792 5388 nostram
811 5327 948 5410 gratiam
972 5349 1079 5392 earam
1100 5329 1239 5406 habetis,
1265 5329 1349 5392 sicut
1365 5328 1592 5393 confusionem
1608 5329 1707 5392 vultis
1731 5329 1853 5393 evitare
1872 5335 2077 5414 perpetuam,
2130 5353 2155 5390 o

529 5619 556 5688 1)
574 5621 611 5691 ef.
629 5635 656 5675 n.
676 5623 733 5674 385
751 5623 777 5674 et
795 5623 858 5678 395.
