4590 6366
923 337 926 342 ¹
1000 377 1048 435 nx
1066 375 1241 435 onuoonn
1259 375 1298 431 nr
1317 371 1498 430 enersnao

1212 728 1300 801 684.

540 848 732 958 Gemmeus
746 872 803 938 IX
816 893 906 954 papo
920 871 1184 956 [Marcellinum]
1198 869 1371 950 episcopum
1386 866 1599 931 Aesculouum
1622 865 1855 930 communitates
1876 861 2093 928 excommuni

432 981 549 1048 cationi
571 979 618 1044 vol
648 977 813 1042 interolicto
840 995 1013 1056 supponere
1043 978 1140 1052 octat,
1170 973 1237 1037 nisi
1254 970 1340 1056 forte
1367 969 1557 1034 Veronenscs
1578 973 1608 1033 ct
1628 967 1830 1032 Placentinos
1859 971 1889 1030 et
1912 966 2093 1030 turbatores

426 1086 520 1167 pacis
540 1103 655 1148 corum
705 1079 757 1165 ΟΥ.
781 1099 814 1144 n.
838 1081 911 1146 680.
1719 1073 1812 1149 1236,
1836 1069 1947 1151 April.
1970 1073 2004 1135 3.

439 1239 441 1242 -
538 1201 621 1272 Greq.
640 1201 690 1254 IX
706 1199 776 1269 Rep.
793 1198 857 1253 Lib.
876 1199 915 1265 X,
932 1202 973 1252 12.
1011 1198 1095 1252 Hunc
1112 1196 1256 1267 epistolam
1276 1195 1420 1260 ineditam,
1440 1209 1511 1263 quac
1528 1193 1600 1246 inter
1617 1191 1782 1260 apoqroplm
1800 1190 1909 1244 Perteii
1925 1205 1986 1243 non
2006 1193 2093 1252 cutm,

439 1291 468 1344 V.
489 1288 530 1343 Ol.
550 1289 585 1342 Ε.
610 1286 800 1343 Winlelmonn
818 1285 954 1350 debemus,
973 1284 1021 1353 qui
1039 1301 1097 1338 conr
1115 1301 1134 1338 a
1152 1283 1264 1337 Pertrio
1284 1300 1318 1336 ca
1333 1282 1401 1350 Rep.
1420 1280 1506 1334 Vatic.
1526 1283 1693 1348 exscriptam
1707 1282 1814 1346 putans
1832 1275 1863 1328 in
1880 1279 1953 1330 Acta
1971 1274 2094 1343 Imperii
2154 1287 2164 1322 s

433 1375 505 1431 ined.
517 1389 607 1444 nuper
612 1372 760 1443 publicata
772 1387 828 1424 non
839 1369 942 1439 recepit
961 1370 1093 1438 nobisque
1112 1369 1306 1423 liberalissime
1324 1367 1485 1426 transmisit.
1521 1365 1708 1434 Proponimus
1719 1381 1777 1418 cunr
1789 1379 1823 1417 ea
1843 1362 2012 1432 npoqrcplro
2031 1379 2049 1414 a
2063 1358 2094 1412 V.

437 1461 477 1516 Ol.
495 1462 521 1515 I.
539 1451 642 1516 Fictor
660 1475 694 1512 eu
714 1457 779 1512 Cod.
798 1457 905 1510 Bonon.
924 1457 974 1509 vol.
1002 1456 1180 1522 XXXVII,¹
1193 1473 1220 1509 n.
1240 1459 1276 1509 67
1298 1455 1422 1524 sumpt05
1447 1453 1548 1524 lepitnr
1566 1452 1662 1518 ettam,
1684 1457 1715 1505 nt
1734 1451 1769 1504 Ε.
1785 1449 1980 1514 tl'intrelmoun
1999 1450 2096 1508 monet,

435 1549 507 1602 inter
525 1545 739 1602 Fonturriniono
759 1545 832 1598 Bibl.
852 1543 963 1596 Archiv.
986 1541 1076 1596 Venct.
1094 1559 1120 1595 n.
1141 1545 1205 1608 650,
1223 1541 1245 1608 s.
1263 1546 1324 1596 242.

1023 1755 1247 1848 Episcopo
1273 1753 1501 1826 Esculeno.

545 1906 701 1980 Quamvis
723 1906 784 1970 tibi
806 1927 865 1993 per
885 1906 1011 1970 litteras
1033 1912 1162 1969 nostras
1184 1904 1433 1984 iniunxerimus,
1456 1908 1493 1966 ut
1513 1909 1626 1968 contra
1646 1900 1874 1967 inobedientes
1891 1908 1926 1965 et
1947 1901 2095 1966 rebelles
2147 1937 2170 1974 10

439 2013 634 2076 auctoritate
658 2016 772 2076 nostra
792 2009 966 2096 procedas,
989 2010 1201 2095 prohibemus
1225 2016 1352 2087 tamen,
1375 2014 1411 2072 ut
1435 2008 1504 2072 sine
1529 2008 1664 2094 speciali
1689 2007 1840 2071 mandato
1865 2013 1979 2070 nostro
2006 2025 2098 2068 com-

440 2116 614 2180 munitates
637 2117 727 2180 nullo
750 2114 846 2178 modo
871 2114 1203 2180 excommunicationi
1226 2114 1279 2178 rel
1308 2110 1483 2176 interdicto
1507 2133 1691 2198 supponas,
1722 2111 1944 2196 prohibitione
1978 2108 2099 2173 huius-

440 2218 528 2282 modi
558 2218 599 2283 ad
629 2218 841 2283 Veronenses
872 2240 932 2283 seu
963 2218 1174 2282 Placentinos
1206 2223 1262 2281 eut
1292 2216 1478 2280 turbatores
1511 2216 1602 2301 pacis
1635 2237 1746 2280 eorum
1781 2214 1866 2278 facte
1897 2213 1953 2276 vel
1994 2213 2100 2276 etiam

440 2322 589 2386 faciende
612 2323 798 2387 nullatenus
822 2320 1040 2408 proroganda.
1255 2329 1256 2332 ’

547 2443 623 2510 Dat.
647 2444 801 2522 Viterbii,
824 2444 922 2508 tertio
945 2443 1057 2508 Nonas
1081 2442 1216 2528 Aprilis,
1240 2442 1449 2527 pontificatus
1472 2442 1575 2504 nostri
1598 2463 1682 2505 anno
1708 2440 1845 2504 decimo.
2149 2469 2171 2505 n

1061 2706 1471 2714 m-

1223 2984 1309 3057 685.

550 3095 740 3207 Grcporins
759 3123 815 3188 IX
830 3143 918 3204 popo
940 3123 1094 3187 militibus
1115 3125 1144 3186 ct
1160 3122 1275 3202 populo
1296 3121 1482 3186 Placentino
1504 3120 1621 3200 scribit,
1644 3141 1712 3185 cum
1732 3094 1860 3202 quidnm
1875 3141 1990 3202 pacem
2014 3125 2106 3186 inter

443 3248 492 3294 cos
512 3228 632 3309 sactum
653 3227 853 3306 oioluoeriut,
881 3246 912 3290 se
934 3224 1162 3311 [Marcellino]
1192 3226 1330 3306 episcopo
1351 3225 1530 3289 Ausculono
1559 3225 1752 3303 intumuisse,
1784 3229 1819 3288 ut
1845 3225 1985 3306 somnam
2004 3229 2106 3307 procis

443 3331 610 3412 inspiciat,
638 3334 668 3393 ct
689 3331 718 3394 si
739 3351 808 3395 com
829 3330 938 3394 utilem
959 3330 1116 3408 inueniat,
1147 3349 1215 3392 com
1238 3329 1397 3394 obseruari
1414 3328 1535 3413 sociat,
1562 3329 1706 3410 alioquin
1734 3348 1801 3392 eoru
1830 3329 1969 3410 corripui
1990 3333 2043 3396 ool
2066 3332 2105 3395 de

443 3432 866 3513 nouorcsormct,·mundnt,
888 3431 1014 3496 utrius
1036 3431 1176 3495 consiliis
1199 3432 1375 3499 intendant.
1424 3431 1474 3516 Cfi
1498 3453 1530 3496 n.
1554 3434 1626 3499 679.
1726 3435 1819 3510 1236,
1842 3431 1950 3512 April.
1976 3435 2007 3498 5.

548 3553 631 3622 Greq.
650 3553 700 3606 IX
716 3551 784 3622 uec.
805 3551 864 3606 Vol.
885 3551 918 3615 V,
937 3554 1005 3614 139,·
1022 3549 1085 3604 Lib.
1105 3551 1142 3618 X,
1161 3554 1205 3606 13.

547 3640 684 3707 Pettium,
703 3637 771 3708 Req.
789 3639 862 3694 Aac.
881 3638 908 3705 I,
927 3639 1178 3692 10136a-26259.

879 3850 1094 3923 Militibus
1123 3856 1164 3924 et
1190 3850 1355 3942 populo
1383 3849 1656 3923 Placentino.

316 4033 354 4077 R,
369 4037 436 4085 ,m
556 3999 629 4064 Etsi
650 3998 792 4065 libenter
814 3999 888 4080 hiis,
913 4001 969 4085 qui
991 4002 1088 4085 longe
1112 4007 1245 4065 suntet
1269 4001 1323 4086 qui
1346 4022 1459 4087 prope,
1484 4003 1573 4090 pacis
1597 4003 1733 4066 consilia
1755 4003 1936 4087 cogitemus
1961 4025 2000 4066 ac
2025 4005 2104 4068 ubi-

444 4125 507 4189 que
532 4104 682 4168 subortas
706 4105 815 4190 sopire
837 4104 1017 4168 discordias
1040 4125 1078 4169 ac
1103 4106 1226 4192 sopitas
1248 4106 1434 4170 conservari
1454 4105 1548 4169 iuxta
1568 4106 1667 4170 officii
1690 4107 1792 4170 nostri
1812 4104 1958 4168 debitum
1984 4109 2103 4193 cupia-

428 4229 534 4288 mus,
559 4207 748 4294 specialiter
775 4213 885 4272 tamen
914 4208 1057 4273 civitatis
1085 4216 1209 4288 vestre,
1238 4215 1352 4295 utpote
1384 4208 1472 4272 sedis
1502 4210 1684 4294 apostolice
1710 4211 1775 4274 filie
1804 4211 1972 4294 specialis,
2004 4213 2102 4276 cuiue
2158 4241 2185 4281 er.

447 4311 590 4375 scissura
612 4331 673 4396 per
696 4311 958 4396 compassionem
973 4310 1121 4376 Romane
1145 4312 1287 4376 ecclesie
1312 4310 1411 4375 corda
1435 4310 1531 4375 scidit
1554 4317 1587 4374 et
1609 4311 1751 4376 turbatio
1776 4314 1920 4398 graviter
1942 4336 2004 4379 nos
2030 4323 2104 4380 tur-

446 4412 546 4492 bavit,
570 4434 685 4498 paoem
709 4414 809 4478 multo
834 4413 998 4478 desiderio
1020 4415 1225 4495 affectamus,
1250 4420 1372 4479 ettam
1395 4415 1577 4479 animorum
1599 4422 1782 4479 vestrorum
1805 4438 1901 4502 qnam
1923 4440 2104 4505 corporum

448 4516 611 4580 sinceram
634 4517 801 4602 cupimus,
827 4518 855 4581 ei
877 4517 1037 4583 Dominus
1061 4518 1204 4599 dederit,
1228 4517 1397 4583 unitatem.
1443 4516 1524 4582 Inde
1549 4524 1616 4598 est,
1640 4518 1727 4603 quod
1749 4519 1859 4585 audito
1882 4543 1990 4607 nuper
2012 4523 2104 4608 quod

447 4619 614 4704 intervos
637 4640 703 4705 pax
734 4626 823 4685 esset
852 4627 963 4685 actore
992 4622 1083 4706 pacis
1109 4620 1207 4685 dante
1230 4640 1364 4706 operam
1387 4621 1579 4700 reformata,
1609 4623 1829 4688 exultavimus
1858 4626 2035 4710 provehis
2067 4629 2103 4692 in

448 4720 590 4785 Domino
614 4727 647 4786 et
670 4723 701 4787 ei
729 4722 908 4807 gratiarum
938 4726 1108 4789 retulimus
1138 4724 1296 4789 actiones.
1342 4723 1400 4789 Set
1423 4731 1543 4810 quanto
1567 4724 1661 4788 nobie
1684 4725 1725 4789 de
1748 4726 1985 4794 reformatione¹
2004 4733 2101 4815 pacis
2157 4764 2185 4802 ³0

448 4822 552 4888 maius
575 4826 730 4890 attulerat
752 4826 906 4911 gaudium
929 4828 1015 4892 letus
1038 4847 1158 4904 rumor,
1182 4833 1272 4890 tauto
1296 4827 1417 4892 fuimus
1441 4829 1571 4912 gravius
1596 4829 1781 4893 conturbati
1804 4832 2023 4916 postmodum,
2047 4837 2100 4900 in-

449 4929 581 4992 tellecto
606 4929 692 5015 quod
715 4930 847 5015 quidam
863 4937 1004 4996 vestrum
1029 4931 1118 5016 pacis
1142 4930 1256 4995 federa
1271 4931 1441 4996 violarent.
1486 4931 1665 5018 Cupientes
1689 4933 1789 5017 igitur
1812 4940 1846 4997 et
1868 4937 2100 5020 tranquillitati

449 5032 589 5098 civitatis
621 5033 786 5115 eiusdem,
816 5035 908 5099 cuius
937 5041 1150 5118 augmentum
1182 5035 1349 5121 proprium
1380 5035 1468 5100 sedis
1495 5035 1676 5121 apostolice
1698 5043 1905 5122 reputamus,
1937 5046 1972 5104 et
1996 5041 2101 5125 quieti

448 5141 568 5214 vestre,
592 5156 730 5220 quorum
751 5136 943 5222 inquietudo
966 5157 1036 5210 nos
1049 5137 1208 5222 inquietat
1230 5159 1296 5202 non
1316 5138 1489 5220 modicum,
1513 5144 1651 5224 paterna
1673 5140 1893 5207 sollicitudine
1912 5143 2101 5228 providere,

449 5238 631 5303 venerabili
654 5239 747 5304 fratri
771 5247 882 5306 nostro
906 5289 913 5303 .
934 5291 941 5305 .
966 5239 1129 5306 Esoulano
1155 5243 1328 5328 episcopo,
1357 5243 1427 5306 viro
1449 5242 1585 5329 provido
1609 5251 1641 5307 et
1664 5243 1822 5328 discreto,
1851 5246 1892 5311 de
1916 5248 2009 5311 ouius
2033 5247 2100 5314 fide
2156 5277 2184 5316 ss

449 5362 487 5405 ac
509 5343 651 5428 puritate
675 5344 806 5430 plenam
829 5340 983 5406 fiduciam
1006 5342 1211 5425 obtinemus,
1239 5365 1336 5429 quem
1360 5345 1401 5409 ad
1423 5351 1535 5430 partes
1560 5353 1687 5412 vestras
1710 5369 1769 5433 pro
1793 5371 1874 5434 pace
1896 5350 1998 5414 totius
2021 5373 2101 5436 pro-

450 5445 556 5510 vincie
580 5446 797 5528 destinamus,
830 5447 915 5511 iuter
944 5446 1010 5510 alia
1032 5446 1184 5512 duximus
1207 5449 1460 5534 iniungendum,
1490 5456 1526 5514 ut
1547 5450 1686 5515 formam
1708 5451 1798 5537 pacis
1822 5451 1907 5517 lacte
1930 5453 2102 5519 intervos

450 5548 513 5613 sibi
535 5549 660 5614 faciens
684 5550 845 5632 exhiberi,
869 5550 897 5614 si
920 5569 992 5613 earn
1016 5551 1195 5616 secuudum
1210 5552 1319 5618 Deum
1342 5574 1401 5640 pro
1425 5554 1587 5619 communi
1610 5556 1753 5619 utilitate
1774 5557 1914 5642 partium
1938 5558 2105 5624 invenerit

450 5675 525 5718 esse
552 5652 689 5734 factam,
717 5654 822 5740 ipsam
845 5654 944 5718 faeiat
968 5653 1202 5722 inviolabiliter
1229 5658 1412 5734 observari;
1448 5658 1591 5742 alioquin
1614 5659 1667 5722 vel
1690 5659 1832 5744 corrigat
1855 5681 1944 5742 earn,
1977 5663 2006 5726 si
2030 5665 2105 5732 fieri
