4538 6426
422 411 463 474 44
1008 399 1057 456 EX
1075 397 1232 456 HONORII
1250 395 1290 452 III
1308 395 1489 453 REGIS'PRO

423 581 608 661 moderata,
647 579 675 644 si
709 599 784 645 eum
818 577 859 642 ad
899 582 1009 664 partes
1045 575 1117 639 illas
1152 573 1263 638 venire
1306 573 1527 658 contingeret,
1548 555 1623 638 Nsibi
1656 595 1693 640 ac
1726 575 1793 640 suis
1827 574 2075 639 successoribus

422 686 614 752 reservatis:
630 705 689 749 uos
705 683 824 772 vestris
837 682 934 746 iustis
950 679 1102 766 precibus
1120 677 1277 758 inclinati,
1301 679 1548 743 concessionem
1562 678 1677 764 ipsam,
1701 680 1787 742 sicut
1802 680 1855 765 pie
1878 701 1916 744 ac
1938 680 2075 765 provide

422 790 509 853 facta
531 796 582 852 est
604 793 637 852 et
659 787 693 850 in
714 785 819 873 ipsius
842 783 988 871 episcopi
1011 782 1129 845 litteris
1153 803 1252 866 super
1272 781 1335 845 hoc
1364 781 1457 845 lactis
1489 782 1619 868 plenius
1649 784 1853 864 continetur,
1880 785 2075 848 auctoritate

423 892 604 978 apostolica
626 889 853 954 confirmamus
876 895 910 952 et
931 885 1093 971 presentis
1117 885 1230 970 scripti
1251 885 1431 970 patrocinio
1455 885 1700 949 communimus.
1754 885 1899 960 Quarum
1925 898 2075 951 tenorem

423 994 464 1060 ad
487 995 644 1059 maiorem
666 992 852 1056 firmitatem
875 991 1029 1054 iussimus
1052 989 1092 1053 de
1116 987 1217 1053 verbo
1239 987 1439 1052 adverbum
1462 988 1670 1074 presentibus
1694 989 1856 1052 annotari:

531 1096 587 1164 W.
617 1095 681 1160 Dei
707 1095 812 1180 gratia
846 1093 1118 1158 Transsilvanusl
1140 1092 1312 1178 epIscopus
1350 1091 1513 1155 universis
1551 1090 1592 1155 ad
1634 1112 1715 1178 quos
1754 1092 1864 1157 littere
1904 1100 2076 1180 presentes

423 1201 630 1288 pervenerint
654 1199 793 1263 salutem
816 1198 849 1261 in
870 1217 949 1261 uero
974 1195 1118 1260 salutari.
1167 1191 1328 1267 Quoniam
1352 1195 1439 1257 uiros
1467 1194 1639 1280 religiosos
1663 1202 1697 1259 et
1719 1196 1780 1258 soli
1802 1195 1875 1261 Deo
1899 1198 2077 1261 militantes

424 1307 459 1370 in
481 1305 636 1391 amplexu
659 1301 814 1374 caritatis,
850 1300 934 1364 sicut
961 1300 1082 1363 iustum
1105 1303 1156 1362 est
1179 1304 1213 1361 et
1235 1297 1427 1377 honestum,
1456 1317 1572 1381 regere
1603 1299 1753 1362 volumus
1777 1305 1811 1362 et
1844 1299 1972 1380 fovere,
2002 1299 2077 1364 ideo

424 1407 519 1471 iustis
542 1404 817 1492 postulationibus
839 1403 974 1468 fratrum
997 1401 1180 1488 Hospitalis
1205 1406 1317 1465 saneto
1340 1399 1444 1465 Maria
1473 1401 1506 1464 in
1528 1400 1709 1466 Iemsalem
1738 1400 1897 1466 dedomo
1920 1402 2077 1468 Teutoni-

426 1530 536 1575 corum
559 1513 751 1584 annuentes,
775 1507 808 1569 in
827 1513 992 1590 terraque
1010 1503 1117 1567 Borza
1139 1509 1355 1589 nuncupatur,
1378 1524 1474 1587 qnam
1489 1524 1625 1567 vacuam
1642 1510 1674 1568 ct
1690 1503 1905 1569 inhabitatam
1929 1527 1972 1570 ex
1987 1507 2076 1590 regis

426 1611 613 1690 donatione,
636 1611 733 1673 immo
757 1608 866 1694 potius
888 1607 1020 1693 proprio
1044 1607 1202 1691 sanguine
1219 1604 1331 1691 adepti
1354 1612 1438 1684 sunt,
1462 1612 1496 1670 et
1517 1627 1537 1670 a
1560 1606 1730 1671 cotidianis
1746 1630 1947 1693 paganorum
1963 1609 2078 1673 deien-

426 1715 507 1778 dunt
530 1714 715 1778 incursibus
739 1733 774 1776 se
797 1711 947 1775 omnibus
979 1711 1134 1796 periculis
1163 1709 1378 1789 subicientes,
1407 1708 1448 1772 ab
1471 1709 1633 1773 universis
1660 1709 1806 1775 eiusdem
1836 1719 1923 1777 terre
1950 1713 2079 1792 incolis,

427 1816 634 1904 presentibus
659 1821 692 1880 et
714 1815 841 1894 futuris,
864 1813 1002 1878 liberam
1025 1813 1226 1899 percipiendi
1250 1812 1392 1876 decimas
1411 1810 1536 1876 eisdem
1559 1812 1714 1877 iratribus
1738 1813 1778 1878 de
1803 1836 1966 1880 consensu
1988 1816 2079 1900 capi-

426 1921 488 1984 tuli
510 1919 614 1983 nostri
636 1918 856 1983 concessimus
880 1917 1079 1994 facultatem,
1103 1937 1142 1980 ao
1166 1921 1275 1980 tamen
1297 1924 1447 2001 excepte,
1476 1915 1562 2000 quod
1586 1916 1612 1978 si
1637 1916 1787 2001 Ungaros
1810 1920 1863 1983 vel
1887 1918 2014 1983 Siculos
2037 1917 2080 1982 ad

427 2022 548 2088 dictam
585 2028 703 2086 terram
738 2020 877 2085 transire
917 2019 1108 2104 contigerit,
1148 2019 1244 2084 nobis
1275 2024 1308 2083 et
1343 2019 1483 2082 ecclesie
1520 2024 1630 2083 nostre
1668 2019 1702 2082 in
1736 2017 1871 2084 decimis
1906 2028 2080 2086 teneantur

428 2123 643 2211 respondere3
677 2123 899 2188 institutiones
935 2123 1034 2186 etiam
1067 2121 1272 2187 sacerdotum
1307 2123 1341 2186 in
1364 2121 1514 2186 ecclesiis
1549 2122 1583 2184 in
1611 2120 1726 2186 eadem
1760 2129 1848 2187 terra
1878 2123 2079 2206 edificandis,

427 2228 674 2314 presentaticne
709 2233 820 2291 tamen
851 2246 962 2290 eorum
991 2225 1214 2290 Ultrasilvano
1249 2226 1403 2311 episcopo
1437 2223 1603 2305 facienda,
1638 2225 1740 2290 libere
1770 2225 2005 2308 concedentes,
2034 2228 2081 2291 ita

427 2337 538 2395 tamen
561 2328 647 2415 quod
669 2329 887 2414 prenominati
910 2329 1026 2393 fratres
1049 2329 1144 2392 nobis
1174 2328 1477 2394 et'successoribus
1500 2328 1636 2408 nostris,
1665 2328 1693 2391 si
1720 2327 1763 2392 ad
1790 2336 1901 2414 partes
1924 2330 1998 2395 illas
2020 2353 2081 2395 nos

430 2434 635 2518 contingeret
657 2432 831 2512 declinare,
862 2454 936 2497 cum
956 2433 1041 2498 iusto
1065 2441 1098 2497 et
1121 2432 1277 2497 canonico
1296 2432 1553 2517 equitaturarum
1574 2453 1710 2496 numero
1733 2431 1877 2498 debitam
1901 2433 2082 2498 exhibeant

428 2536 710 2622 procurationem
750 2557 920 2600 causarum
960 2536 1059 2600 etiam
1098 2535 1330 2615 criminalium,
1371 2534 1513 2598 maxime
1551 2555 1663 2600 earum
1700 2557 1763 2620 quc
1797 2535 1838 2601 ad
1872 2535 2080 2601 sacerdotum
2133 2558 2144 2594 a

427 2640 593 2726 pertinent
615 2638 865 2725 depositionem,
888 2639 983 2702 nobis
1007 2638 1247 2703 iurisditionem
1269 2635 1402 2723 pe'nitus
1425 2637 1658 2721 relinquentes.

515 2744 635 2809 Actum
665 2742 812 2829 publice,
844 2763 928 2806 anno
960 2742 1051 2806 verbi
1085 2742 1245 2805 incarnati
1285 2739 1478 2820 MOOXIII,
1518 2739 1726 2825 presentibus
1762 2739 1892 2805 domino
1924 2741 2082 2807 Bertoldo

431 2845 605 2910 Colocsnsi
636 2847 898 2932 archiepiscopo,
931 2845 1092 2910 Rollandc
1129 2846 1298 2932 preposito
1334 2843 1501 2921 Budensi,
1536 2844 1673 2909 Nicolao
1708 2846 1826 2909 comite
1859 2845 1926 2910 filio
1962 2846 2082 2934 Borcy‚

430 2948 566 3014 Orbatio
591 2951 708 3015 comite
731 2959 765 3014 et
787 2950 860 3014 aliis
883 2971 980 3035 quam
997 2948 1163 3035 pluribus;
1186 2948 1394 3035 presentibus
1417 2948 1515 3012 etiam
1532 2947 1919 3031 canonicisAlbensibus,
1934 2949 2084 3014 Ruberto

430 3059 577 3134 cantore,
600 3051 719 3138 Egidio
746 3053 991 3133 archidiacono,
1024 3053 1180 3136 magistro
1215 3053 1347 3137 Rogero
1383 3051 1628 3132 archidiacono,
1664 3051 1807 3136 Hugone
1841 3052 2082 3134 archidiacono,

429 3154 520 3220 Esau
542 3154 665 3220 domini
688 3155 910 3222 Transsilvani
934 3156 1082 3242 episcopi
1104 3155 1270 3240 yconimob
1292 3163 1325 3220 et
1348 3156 1477 3220 ceteris.

537 3256 628 3323 Nulli
666 3281 744 3345 ergo
778 3267 838 3325 etc.
876 3268 986 3324 nostre
1022 3259 1278 3324 confirmationis
1311 3260 1488 3345 infringere
1520 3258 1572 3322 vel
1609 3259 1639 3322 ei
1669 3264 1730 3324 etc.
1758 3280 1876 3343 usque:
1911 3260 2084 3326 contraire.

434 3359 469 3424 Si
493 3361 565 3447 quis
588 3368 698 3426 autem
721 3368 784 3426 etc.

538 3461 615 3531 Dat.
639 3462 792 3529 Lateran.
816 3463 903 3528 XIII
926 3464 1000 3530 Kal.
1023 3463 1113 3545 Maii,
1136 3465 1344 3550 pontificatus
1368 3463 1471 3527 nostri
1493 3483 1578 3528 anuo
1602 3462 1756 3528 secundo.

1050 3707 1460 3716 —-—-——--——--——-——

1234 3985 1296 4058 61.

540 4097 728 4191 Honorias
738 4124 806 4189 ΠΙ
805 4145 894 4206 papa
906 4127 1051 4204 potestati
1067 4129 1096 4190 at
1104 4126 1223 4208 patale
1237 4126 1533 4204 Mediohmensiam,
1552 4147 1628 4208 qaas
1642 4129 1796 4211 cepionem
1811 4129 1937 4192 turbare
1952 4129 2086 4193 volantes

433 4227 656 4307 capcditicaem
671 4248 740 4291 cum
755 4228 890 4292 castratio
902 4248 1096 4308 praeparare
1110 4233 1278 4310 acceperat,
1295 4227 1434 4294 districte
1446 4231 1609 4309 praecipit,
1630 4234 1665 4293 at
1685 4230 1726 4294 ab
1740 4231 1917 4294 huiusmodi
1925 4233 2088 4312 proposito

432 4331 584 4394 desistam
590 4352 601 4410 ,·
622 4332 766 4413 alioquin
787 4351 819 4395 se
840 4331 877 4394 ia
898 4351 948 4396 cos
969 4332 1296 4397 excommunicationis
1317 4331 1502 4396 senentiam
1518 4335 1794 4416 prmnalpataram
1816 4353 1888 4400 csse.

1698 4438 1792 4515 1218,
1814 4435 1922 4517 April.
1944 4438 1998 4499 20.

536 4515 611 4571 Han.
630 4519 684 4570 ΙΙΙ
697 4517 765 4586 Rep.
789 4517 847 4573 Va.
865 4522 889 4584 I,
907 4523 977 4580 24&
995 4518 1059 4574 Lib.
1077 4521 1119 4584 ΙΙ,
1137 4523 1216 4574 1024.

537 4801 545 4818 .
573 4784 587 4819 .·
609 4747 824 4840 potestati
851 4753 893 4822 et
919 4747 1088 4841 populo
1115 4749 1535 4826 MediolanIensium
1564 4751 1768 4845 spiritum
1796 4751 1974 4825 consilii
2082 4781 2085 4788 ¹

1152 4893 1374 4946 sanioris

545 5016 626 5083 Cum
650 5039 710 5105 per
733 5067 740 5082 .
765 5069 772 5083 .
797 5018 967 5103 syndicum
983 5019 1125 5084 civitatis
1142 5027 1251 5086 vestre
1275 5028 1436 5107 seperta
1459 5022 1577 5108 ipsum,
1600 5022 1646 5085 lili
1661 5027 1820 5106 potestas,
1843 5020 1964 5085 uostris
1981 5041 2089 5106 nuper

433 5121 620 5186 iuraveritis
644 5121 777 5188 obedire
793 5121 970 5203 mandatis,
994 5144 1117 5208 nosque
1134 5122 1175 5188 ad
1190 5132 1300 5209 partes
1317 5130 1442 5188 vestras
1459 5122 1619 5188 delatore
1643 5130 1755 5188 nostro
1778 5125 1923 5208 legatum
1945 5123 2088 5208 dirigere

434 5224 467 5287 in
489 5224 639 5309 proximo
662 5245 891 5311 proponamus,
914 5226 1040 5290 turbari
1063 5227 1210 5311 cogimur
1233 5233 1266 5292 et
1288 5228 1427 5308 moveri,
1450 5226 1537 5312 quod
1559 5248 1628 5308 vos,
1652 5227 1735 5292 sicut
1758 5227 1954 5313 accepimus,
1976 5227 2087 5311 regio-

434 5347 510 5391 nem
532 5327 663 5393 turbare
687 5330 847 5410 volentes,
871 5327 1114 5414 expeditionem
1140 5351 1215 5394 cum
1239 5331 1376 5394 corratio
1400 5331 1594 5416 preparetis,
1618 5352 1683 5394 non
1706 5329 1915 5394 attendentes
1939 5329 2026 5414 quod
2053 5337 2088 5394 et

436 5428 601 5511 Crucifixi,
614 5432 706 5496 cuius
721 5431 784 5497 hoe
799 5439 947 5519 tempore
964 5434 1132 5518 negotium
1148 5434 1271 5519 agitur,
1287 5441 1321 5498 et
1334 5441 1478 5498 nostram
1494 5455 1555 5498 neo
1572 5455 1638 5499 non
1653 5435 1753 5498 totius
1769 5433 1882 5520 populi
1898 5432 2087 5516 Christiani,

1823 5591 1982 5600 ——----

539 5689 562 5756 ⁸)
579 5691 755 5745 uanssivanus
773 5693 806 5744 R.
888 5691 910 5759 h)
927 5694 944 5745 i.
962 5710 983 5746 e.
1002 5710 1145 5745 oeconomo.

2135 3071 2161 3108 tt

2138 4151 2164 4188 30

2139 5355 2167 5392 lc
