4524 6412
758 379 957 433 EPISTOLAE
974 379 1162 436 SELEC'I'AE.
1199 384 1274 436 1227.
1782 387 1839 449 271

193 555 337 619 fautores
369 551 499 626 eorum,
527 560 561 618 et
590 574 652 638 que
682 575 740 639 pro
769 553 993 618 ecclesiastica
1020 554 1172 619 libertate
1202 557 1381 641 apostolica
1411 563 1445 620 et
1473 557 1651 642 imperialis
1679 558 1844 622 sarrexerit

193 658 386 738 auctoritas,
417 665 450 722 et
474 657 746 744 specialiterque
777 679 876 743 super
897 657 960 720 hiis
985 663 1108 722 statuta
1128 657 1260 723 luerunt
1282 659 1315 722 in
1340 659 1478 725 concilio
1501 661 1664 744 generali,
1696 682 1757 726 nec
1779 681 1843 724 non

196 783 236 826 ca
259 782 321 847 que
339 761 531 826 karissimus
554 763 588 826 in
606 760 736 825 Christo
754 760 840 824 filius
864 766 976 824 noster
991 760 1188 838 Fridericus,
1211 760 1432 827 Romanorum
1448 762 1628 848 imperator
1649 770 1722 844 etc,
1745 786 1844 850 super

195 865 319 930 eisdem
343 866 526 946 constituit,
558 873 676 950 etque
699 866 732 929 in
755 864 859 927 forma
882 862 1055 927 concordie
1079 864 1164 928 inter
1187 865 1294 949 ipsum
1318 871 1351 930 et
1376 865 1533 950 quosdam
1556 873 1699 931 vestrum
1723 888 1742 930 a
1765 866 1843 932 sede

130 995 142 1030 s
196 969 377 1054 apostolica
399 990 503 1055 nuper
525 969 612 1032 facte
636 989 735 1054 super
757 965 921 1040 iamdictis
944 967 1090 1031 articulis
1114 973 1189 1031 sunt
1212 989 1386 1054 expressa,
1409 990 1471 1053 qne
1495 970 1708 1050 volumusad
1731 991 1844 1035 omnes

195 1072 344 1136 civitates
360 1071 558 1136 Lombardie
582 1071 727 1148 extendi,
751 1071 878 1135 sincere
902 1091 941 1133 ac
961 1069 1102 1134 fideliter
1126 1071 1308 1136 observetis
1332 1078 1365 1136 et
1384 1072 1512 1136 faciatis
1536 1094 1555 1136 a
1578 1073 1704 1137 civibus
1725 1074 1844 1139 vestris

195 1182 229 1238 ct
257 1173 395 1238 subditis
425 1176 559 1240 excluso
596 1173 772 1238 cuiuslibet
808 1172 931 1237 fraudis
962 1179 1145 1238 commento
1176 1175 1408 1240 inviolabiliter
1437 1176 1620 1257 observari,
1652 1177 1778 1242 nullum
1804 1176 1845 1242 ad

195 1277 390 1342 solutionem
429 1300 600 1342 usurarum
636 1278 833 1362 compellere
867 1278 921 1341 vel
957 1278 1024 1356 eis,
1065 1278 1120 1363 qni
1155 1286 1267 1343 contra
1307 1279 1473 1342 usurarios
1507 1279 1634 1343 litteras
1670 1280 1844 1365 impetrant

196 1381 404 1465 apostolicas,
428 1380 469 1444 ob
492 1381 554 1445 boc
577 1401 695 1466 penam
718 1380 866 1464 infligere
889 1386 1134 1466 presumentem
1157 1387 1347 1466 preceptum
1371 1389 1516 1447 nostrum
1539 1384 1649 1470 taliter
1670 1385 1845 1470 impleturi,

198 1482 283 1568 quod
301 1483 468 1569 sepedicta
491 1484 575 1548 labis
593 1483 735 1564 iufamia,
760 1504 822 1569 que
845 1505 903 1547 vos
919 1482 1061 1548 reddidit
1083 1485 1205 1570 ubique
1221 1485 1396 1558 notabiles,
1420 1488 1641 1572 conquiescat,
1665 1494 1698 1552 et
1721 1494 1846 1552 remota

196 1587 383 1674 huiusmodi
397 1589 533 1652 macula.
558 1609 630 1673 que,
656 1589 740 1651 sicut
763 1608 782 1650 a
804 1588 963 1673 principio
979 1587 1133 1668 diximus,
1157 1588 1290 1653 laudum
1306 1596 1488 1654 vestrarum
1504 1590 1616 1654 titulos
1632 1591 1847 1655 vehementer

199 1689 359 1770 obfuscat,
382 1691 423 1756 de
447 1692 588 1775 puritate
605 1689 682 1754 fidei
705 1697 738 1754 et
761 1690 1008 1753 conservatione
1033 1691 1258 1757 ecclesiastice
1280 1692 1441 1757 libertatis
1464 1693 1598 1778 possitis
1617 1693 1733 1758 merito
1757 1714 1845 1757 com-

196 1792 359 1866 mendari;
387 1815 445 1879 pro
470 1800 559 1858 certo
583 1793 743 1868 scientes,
772 1791 858 1878 qnod
889 1793 916 1856 si
939 1793 1059 1856 uostris
1089 1793 1122 1856 in
1146 1794 1207 1858 hoc
1241 1795 1426 1860 salubribus
1450 1795 1684 1860 monitionibus
1713 1802 1746 1860 ct
1768 1818 1843 1882 pre·

197 1896 301 1980 ceptis
331 1897 544 1981 neglexeritis
577 1897 725 1969 obedire,
754 1903 788 1959 et
817 1901 930 1959 contra
956 1916 996 1959 ea
1026 1899 1294 1983 presumpseritis
1325 1920 1384 1984 per
1413 1898 1661 1964 adinventiones
1685 1898 1848 1984 quaslibet

136 2020 147 2056 s
200 1998 354 2064 hereticis
388 2001 442 2064 vel
479 2021 590 2064 eorum
629 1997 810 2064 fautoribus
844 1998 989 2062 levorem
1026 1999 1193 2083 indiguum
1232 2001 1437 2086 impendere,
1471 2008 1664 2087 vestrosque
1703 2003 1847 2088 prelatos

196 2105 320 2168 aliasve
351 2124 508 2190 personas
538 2102 781 2167 ecclesiasticas
805 2102 838 2164 in
870 2102 1051 2187 prenotatis
1074 2104 1219 2168 articulis
1250 2126 1442 2188 aggravare,
1475 2126 1536 2169 nos
1564 2111 1676 2171 contra
1698 2127 1847 2191 presum-

197 2207 343 2293 ptionem
366 2205 552 2270 huiusmodi
576 2227 615 2268 ea
639 2205 828 2288 excogitare
852 2205 1053 2282 curabimus,
1086 2227 1145 2291 per
1168 2228 1231 2291 que
1263 2206 1379 2271 eadem
1401 2208 1570 2293 comprimi
1593 2207 1712 2272 debeat
1734 2214 1768 2272 et
1789 2229 1847 2270 vos

197 2310 358 2375 avestris
388 2309 659 2394 perversitatibus
688 2307 729 2371 ad
756 2309 844 2370 viam
873 2307 1076 2372 rectitudinis
1107 2310 1264 2375 revocari.
1309 2310 1515 2374 Provideatis
1548 2311 1647 2396 igitur
1676 2311 1761 2374 sicut
1787 2311 1848 2373 viri

197 2414 364 2498 sapientes
392 2418 426 2476 et
453 2410 596 2498 providi,
628 2433 670 2475 ne
695 2417 808 2475 contra
829 2433 904 2490 vos,
935 2433 1071 2497 quornm
1095 2414 1233 2477 salntem
1257 2419 1392 2498 paterno
1416 2414 1562 2478 zelamur
1584 2414 1720 2493 affectu,
1748 2434 1847 2498 grave

121 2541 147 2579 ro
199 2514 322 2599 aliquid
345 2516 489 2600 cogitare
513 2535 667 2599 cogamur
689 2515 855 2600 culparum
879 2520 1060 2579 vestrarum
1084 2516 1304 2580 immensitate
1328 2516 1496 2601 compulsi.

306 2635 393 2699 Data
414 2635 566 2700 Lateran.
590 2634 643 2698 ΙΙΙ
667 2633 742 2700 Kal.
766 2634 856 2712 Maii,
882 2632 978 2720 [anno
1002 2634 1151 2724 primolt.

818 2917 1227 2924 ..m-...ffl-

978 3193 1063 3266 356.

308 3307 497 3416 (tropatus
512 3336 568 3401 IX
582 3357 674 3416 papa
689 3335 848 3416 praelatis
867 3334 1057 3397 llrcatoaicc
1072 3334 1180 3396 scribit
1201 3333 1238 3397 dc
1252 3333 1439 3413 arctandam
1452 3332 1638 3395 rrciserrtatis
1660 3332 1851 3409 mutieribus,

198 3461 278 3520 creas
306 3438 501 3524 R[o‹tulfas]
523 3439 687 3523 presbyter
714 3438 883 3502 canonicas
906 3437 1017 3500 Sancti
1039 3436 1194 3500 Mauritr'i
1216 3435 1482 3500 Hildesbcmeasis
1509 3438 1714 3512 converterat,
1743 3454 1852 3513 cosque

199 3548 308 3622 ramat,
331 3549 366 3606 at
388 3543 566 3608 traiasmodi
587 3543 742 3620 mutieres,
765 3543 795 3604 si
816 3539 860 3604 ad
879 3559 929 3604 cos
949 3539 1153 3622 coafapcriat,
1176 3539 1404 3604 commendatos
1425 3539 1561 3603 labeant
1581 3542 1610 3601 ct
1629 3536 1851 3618 presbyteram,

124 3668 148 3706 n
200 3666 269 3711 cum
290 3645 334 3710 ad
354 3666 404 3710 cos
425 3647 594 3722 occesserit,
617 3645 746 3727 beaipac
767 3645 931 3724 recipiant.
1519 3642 1612 3718 1227,
1635 3637 1710 3702 Ian.
1734 3643 1763 3704 7.

305 3765 388 3834 Grec.
407 3765 456 3818 IX
473 3764 542 3834 Rep.
562 3764 623 3819 Lib.
642 3764 742 3828 1,111.

237 3979 482 4070 Gregorius
513 3985 591 4052 etc.
619 3975 978 4069 archiepiscopis
1006 3980 1048 4048 et
1075 3973 1302 4066 episcopis
1331 3976 1371 4044 et
1397 3972 1498 4046 aliis
1525 3969 1817 4045 ecclesiarum

573 4098 759 4192 prelatis
786 4119 864 4189 per
890 4095 1184 4169 Thentoniam
1212 4093 1485 4167 constitutis

309 4247 440 4312 Dilecto
470 4248 535 4312 filio
564 4246 603 4311 R.
634 4246 817 4332 presbitero
848 4245 1007 4310 canonico
1037 4242 1148 4307 Sancti
1169 4242 1320 4306 Mauricii
1343 4239 1623 4317 Hildesemensis,
1653 4239 1852 4303 venerabilis

127 4381 152 4422 ³0
205 4351 313 4415 fratris
336 4351 440 4414 nostri
464 4401 471 4415 .
496 4399 503 4414 .
526 4350 719 4414 Portuensis
743 4349 912 4435 episcopi²
942 4347 1152 4433 cappellano,
1183 4345 1370 4430 accepimns
1393 4344 1574 4424 referente,
1608 4343 1694 4429 quod
1717 4342 1788 4430 ipse
1811 4343 1852 4408 de

202 4453 354 4519 mandato
377 4453 576 4518 venerabilis
600 4451 708 4516 fratris
732 4451 837 4515 nostri
859 4450 1098 4535 archiepiscopi
1114 4447 1321 4534 Magantini²
1346 4453 1380 4511 et
1402 4446 1549 4533 episcopi
1568 4448 1750 4522 memorati,
1772 4454 1849 4512 tunc

202 4556 382 4642 apostolice
408 4555 494 4619 sedis
517 4555 634 4638 legati,
666 4553 808 4617 officium
831 4551 1065 4638 predicationis
1095 4571 1265 4614 assumens
1289 4555 1322 4612 et
1349 4549 1516 4613 hominum
1544 4551 1687 4635 piscator
1709 4551 1848 4616 effectus
1862 4567 1927 4610 aas.
1943 4573 1995 4618 ror.

205 4660 296 4746 qnasi
319 4657 452 4723 iubente
469 4656 611 4721 Domino
628 4663 696 4721 rete
713 4656 858 4742 piscibus
879 4656 1011 4741 plenum
1028 4655 1183 4732 extraxit,
1207 4653 1283 4717 dum
1299 4651 1456 4738 quasdam
1472 4653 1671 4718 miserrimas
1687 4654 1852 4732 mulieres,

126 4897 151 4934 :o
204 4867 325 4936 volute,
349 4863 389 4929 de
413 4865 486 4928 lacu
503 4865 644 4942 miserie,
667 4883 708 4926 nc
726 4862 920 4926 absorberet
942 4861 1031 4947 ipsas
1047 4867 1168 4947 puteus
1184 4858 1433 4945 desperationis,
1457 4857 1579 4938 eduxit,
1604 4860 1715 4944 sicque
1731 4858 1851 4922 factum

204 4975 272 5050 est,
302 4967 389 5054 qnod
416 4968 527 5031 multis
555 4989 598 5032 ex
628 4967 708 5053 ipsis
736 4966 852 5052 nuptui
875 4964 1021 5043 traditis,
1050 4964 1114 5027 alic
1144 4963 1229 5027 facte
1253 4963 1294 5028 dc
1317 4961 1544 5026 meretricibus
1567 4961 1726 5026 moniales
1756 4966 1790 5024 et
1810 4958 1851 5024 de

204 5072 386 5159 prostibulo
403 5072 568 5156 fugientes
585 5069 624 5134 ad
641 5071 819 5134 claustrum
834 5090 965 5134 servare
982 5073 1140 5132 voverunt
1155 5065 1297 5130 Domino
1314 5065 1507 5130 castitatem.
1553 5062 1635 5126 Cum
1658 5064 1758 5148 igitur
1779 5063 1851 5148 ipsc

203 5175 321 5240 chorus
344 5174 513 5257 angelicus
536 5174 693 5258 gandeat,
725 5175 810 5238 sicut
833 5172 1012 5250 credimus,
1044 5193 1087 5236 ex
1109 5170 1171 5236 hoc
1193 5170 1300 5250 lacto,
1330 5191 1402 5248 vos,
1430 5168 1485 5254 qui
1507 5167 1688 5230 animarum
1712 5167 1851 5230 salutem

202 5277 364 5356 zelamini,
386 5275 524 5362 potestis
543 5276 663 5340 exinde
686 5297 750 5340 non
767 5275 928 5340 immerito
944 5273 1122 5340 iocundari.
1169 5272 1255 5337 Sane
1274 5272 1350 5358 quia
1365 5271 1489 5337 occurri
1504 5269 1605 5334 debet
1620 5289 1694 5333 cum
1709 5266 1848 5354 panibus
1863 5280 1900 5322 rs.
1915 5285 1982 5332 rma

126 5555 152 5598 4⁰
310 5533 334 5602 ⁸)
351 5553 419 5586 anuo
437 5536 518 5602 primo
536 5535 605 5585 dccet
621 5535 649 5584 ia
668 5533 699 5583 Il.

307 5669 334 5736 ι)
354 5667 483 5724 omaus.
552 5667 579 5736 a)
596 5665 700 5738 asan
716 5667 760 5728 11.
