4448 6420
703 227 904 288 EPISTOLAE
921 232 1114 290 subucula.
1152 233 1226 291 1226.
1724 241 1786 304 225

135 410 283 484 vocatur,
315 410 348 469 et
379 404 556 470 cessabunt
580 427 693 471 omnes
718 406 843 472 offense
872 407 959 472 inter
982 408 1183 473 abbatissam
1212 413 1246 472 et
1273 408 1424 474 comitem
1447 409 1607 476 Hoierum
1633 415 1665 474 et
1694 432 1783 491 suos,

135 529 338 592 quecumque
355 514 431 572 ante
450 510 645 574 eiectionem
663 511 830 575 abbatisse
846 513 899 574 vel
917 519 992 597 post
1009 518 1224 578 emerserunt.
1262 511 1408 598 Septimo
1424 513 1510 597 quod
1527 514 1784 597 resignationem

136 610 295 674 bonomm
319 612 352 675 in
369 611 598 697 Oropelrods⁸,
616 635 713 698 quam
730 614 808 678 fecit
832 636 943 680 comes
961 616 1015 696 H,
1033 623 1066 680 et
1082 615 1302 694 donationem,
1323 637 1419 701 quam
1435 617 1514 681 fecit
1534 617 1661 682 electab
1685 618 1783 682 beato

137 713 327 801 Wipperto‚
351 715 520 800 abbatissa
547 723 637 781 ratas
667 717 818 796 habebit,
842 719 939 783 immo
965 719 1065 784 dabit.
1119 719 1244 783 Octavo
1268 719 1354 803 quod
1381 721 1613 784 ministeriales
1639 741 1678 784 ea
1701 721 1781 798 iura,

137 837 198 901 que
221 817 406 882 babuerunt
428 840 533 904 usque
556 819 597 884 ad
620 827 751 906 tempus
775 821 952 903 abbatisse,
976 825 1150 887 retineant.
1196 822 1289 887 Nono
1314 821 1400 907 quod
1430 824 1676 908 possessiones,
1700 845 1782 908 quas

136 921 295 1004 obligavit
319 923 426 986 electa
450 925 549 988 etiam
574 923 615 988 de
638 925 738 988 rebus
761 927 970 1011 prepositure
994 947 1051 990 sue
1075 926 1129 990 vel
1153 926 1293 990 ecclesia
1308 947 1512 1011 quocumque
1537 924 1643 1006 modo,
1666 946 1779 990 mane·
1893 961 1894 964 ¹

137 1029 192 1084 ant
220 1023 306 1109 apud
331 1046 399 1106 eos,
424 1028 540 1112 quibus
564 1035 639 1093 sunt
662 1029 817 1113 obligate,
841 1030 945 1096 donec
967 1032 1168 1097 redimantur
1191 1032 1232 1097 ab
1255 1033 1423 1097 abbatissa
1446 1032 1603 1119 predicta.
1647 1032 1784 1097 Decimo

136 1125 220 1209 quod
238 1127 359 1206 clerici,
375 1151 454 1215 quos
468 1132 575 1195 electa
592 1133 768 1211 investivit,
782 1134 946 1198 retineant
959 1136 999 1199 de
1017 1137 1123 1220 gratia
1136 1134 1257 1200 domini
1274 1136 1376 1220 legati
1393 1135 1565 1216 beneficia,
1578 1156 1639 1221 que
1651 1134 1785 1200 domina

137 1229 243 1293 electa
259 1233 395 1296 eontulit
419 1235 476 1311 eis,
494 1235 558 1298 nisi
576 1235 657 1299 forte
684 1237 792 1300 electa
815 1238 991 1322 privaverit
1008 1239 1134 1324 aliquos
1151 1238 1218 1302 suis
1235 1238 1404 1302 beneficiis
1428 1238 1460 1301 iu
1478 1238 1587 1302 odium
1605 1238 1783 1302 abbatisse.

137 1333 221 1398 Item
245 1329 497 1402 concessionese
521 1340 664 1402 omnium
687 1339 856 1405 feudorum
882 1343 1078 1406 secularium
1095 1342 1197 1405 factas
1222 1340 1262 1403 ab
1280 1340 1385 1405 electa
1409 1347 1441 1404 et
1464 1341 1528 1404 alia
1551 1340 1648 1421 facta,
1671 1342 1697 1403 si
1722 1361 1785 1426 qua

136 1437 213 1501 fecit
237 1440 358 1519 electa,
381 1447 452 1503 rata
475 1441 685 1507 habebuntur
717 1445 758 1508 ab
789 1443 957 1509 abbatissa
987 1453 1053 1508 tam
1084 1445 1117 1508 in
1147 1444 1412 1508 ministerialibus
1441 1464 1537 1527 quam
1566 1444 1599 1506 in
1622 1444 1783 1508 vassallis.

135 1539 301 1605 Alledium
318 1543 351 1606 in
367 1541 573 1609 Balerslem⁰l
589 1545 719 1610 domine
738 1549 842 1611 electe
866 1547 908 1611 ad
932 1569 1009 1611 suos
1033 1570 1111 1612 usus
1128 1548 1278 1611 volumus
1294 1547 1465 1632 assignari,
1484 1549 1510 1610 si
1533 1548 1784 1633 preposituram,

136 1667 232 1728 quam
254 1646 354 1710 modo
376 1656 481 1726 tenet,
505 1649 645 1713 voluerit
670 1650 824 1715 retinere.
876 1651 911 1715 Si
941 1659 1051 1716 autem
1081 1652 1287 1738 prepositure
1317 1652 1507 1716 renuntiare
1531 1651 1689 1730 volucrit,
1720 1672 1784 1716 non

136 1749 269 1812 habebit
292 1750 447 1814 allodium
472 1752 678 1832 iamdictam,
702 1762 752 1817 set
775 1760 877 1838 totum
903 1756 1068 1842 predium.
1093 1755 1178 1840 quod
1205 1754 1306 1817 Sina⁰
1331 1761 1479 1833 vocatur,
1504 1775 1576 1816 cum
1602 1754 1689 1817 omni
1713 1755 1782 1817 iure

138 1873 194 1914 suo
218 1859 251 1916 et
274 1855 481 1939 pertinentiis
504 1856 665 1921 omnihus.
720 1855 814 1929 Quod
840 1859 867 1922 si
890 1859 1039 1945 predium
1064 1859 1097 1921 in
1122 1858 1219 1921 Sina⁰
1243 1858 1423 1940 obligatum
1448 1863 1515 1936 est,
1538 1855 1620 1920 illud
1643 1856 1785 1919 radiaret

134 1953 264 2018 domina
297 1955 465 2019 abbatissa
497 1957 581 2020 infra
611 1959 786 2022 terminum
818 1953 1079 2047 competentem,
1108 1966 1141 2024 et
1168 1970 1245 2023 tunc
1278 1961 1310 2022 in
1342 1979 1421 2022 casu
1450 1959 1512 2022 isto
1543 1960 1784 2044 preposituram

135 2065 246 2122 nostre
276 2057 444 2122 donationi
472 2081 689 2127 reservamus.
745 2061 829 2126 Item
859 2062 1025 2143 volumus,
1057 2067 1094 2126 ut
1123 2062 1205 2126 Octo
1237 2062 1398 2125 Pinoerna
1428 2066 1461 2124 ct
1490 2060 1678 2124 Bernardus
1711 2060 1784 2124 Mor

134 2167 270 2245 uterque
294 2162 439 2248 Ipsorum
461 2169 528 2226 tres
552 2183 684 2227 mansos
709 2165 880 2229 obtineant
904 2166 936 2228 in
961 2165 1059 2244 Gara,
1083 2186 1164 2250 quos
1189 2164 1320 2229 domina
1343 2163 1468 2250 Sophia
1491 2165 1556 2226 illis
1581 2163 1728 2248 porrexit
1751 2164 1783 2226 in

135 2263 243 2342 feudo,
268 2273 319 2329 set
341 2264 549 2350 postmodum
573 2267 709 2331 abstulit
732 2267 812 2353 ipsis
831 2267 975 2333 eosdem.
1020 2268 1105 2332 Item
1123 2268 1322 2348 ordinamus,
1339 2275 1375 2333 ut
1398 2267 1571 2353 privilegia
1595 2274 1627 2330 et
1650 2273 1783 2331 ornatus

137 2368 277 2431 ecclesie
299 2375 500 2453 reponantur
523 2370 556 2432 in
581 2372 724 2434 sacrario
747 2373 800 2435 vel
824 2373 857 2436 in
880 2373 968 2450 loco,
992 2373 1049 2436 ubi
1071 2378 1311 2436 consueverunt
1342 2372 1471 2456 reponi,
1499 2368 1714 2433 custodienda
1742 2368 1793 2431 ab.

135 2469 207 2548 hiis,
232 2471 287 2554 qui
311 2479 553 2536 consueverunt
576 2472 750 2538 custodire.
796 2474 880 2538 Item
904 2469 1109 2554 ordinamus,
1135 2473 1220 2558 quod
1244 2471 1362 2558 prelati
1385 2473 1599 2536 ecclesiarum
1629 2470 1785 2535 obediant
1896 2483 1900 2489 ’

136 2573 166 2636 ei
193 2573 372 2638 secundum
401 2575 607 2660 prohabilem
637 2576 908 2640 consuetudinem
939 2597 1042 2661 usque
1077 2576 1117 2640 ad
1150 2577 1220 2639 eius
1253 2583 1402 2661 tempora
1429 2574 1647 2638 observatam.
1699 2572 1783 2636 Item

135 2677 295 2758 volumus,
318 2699 359 2742 ue
383 2677 470 2741 bona
494 2685 527 2742 st
549 2679 670 2744 liberos
694 2679 839 2744 redditus
855 2681 987 2744 abbatie
1006 2680 1158 2765 cuiquam
1175 2679 1323 2744 conferat
1349 2681 1382 2742 in
1405 2678 1504 2764 feqdo
1522 2679 1573 2740 vel
1597 2677 1661 2741 alio
1686 2675 1782 2739 modo

135 2779 272 2843 alienets
299 2781 368 2844 sine
397 2801 560 2846 consensu
587 2782 722 2866 capituli
753 2784 813 2849 sui.
856 2782 941 2846 Item
964 2783 1132 2864 volumus,
1156 2804 1197 2847 ne
1221 2780 1447 2846 Buroherdum
1479 2781 1520 2844 de
1544 2779 1722 2844 Wulfbutss
1753 2785 1786 2843 et

137 2881 307 2948 Cesarium
330 2883 507 2949 familiares
530 2885 668 2964 haheat,
692 2893 725 2949 et
748 2887 917 2966 volumus,
939 2892 975 2949 ut
998 2887 1144 2972 ipsorum
1171 2884 1295 2950 devitet
1323 2884 1487 2968 colloquia
1516 2890 1549 2947 et
1571 2905 1591 2947 a
1614 2884 1681 2946 suis
1706 2903 1785 2944 con-

136 2987 217 3050 siliis
240 2988 331 3071 ipsos
348 2993 490 3072 separet,
507 3009 568 3052 nee
583 2989 618 3051 in
634 2990 862 3074 procuratione
876 2989 983 3053 victus
1001 2995 1035 3054 et
1050 2989 1189 3051 aliorum
1205 2987 1316 3051 foveat
1332 2985 1476 3051 eosdem.
1522 2985 1607 3050 Item
1624 2987 1784 3064 volumus,

136 3110 177 3154 ne
205 3097 347 3154 castrum
375 3089 727 3176 QuindeIImburgeuse
755 3093 996 3170 incastelletur,
1025 3113 1086 3157 nec
1114 3091 1261 3156 destruat
1283 3091 1482 3154 munitiones
1514 3097 1548 3153 et
1571 3110 1681 3152 muros
1705 3089 1783 3164 civi-

136 3193 212 3256 tatis
236 3193 341 3256 factos
363 3199 439 3278 post
461 3190 653 3256 abscessum
677 3194 747 3256 cius
764 3194 817 3257 vel
840 3200 927 3274 ante,
944 3215 1004 3258 nec
1028 3195 1126 3259 etiam
1150 3194 1333 3277 burgenses
1356 3193 1497 3256 civitatis
1520 3193 1554 3255 in
1577 3190 1785 3256 edificatione

136 3303 169 3359 et
191 3297 225 3359 in
248 3296 322 3360 alifa
344 3295 580 3360 munitionibus
604 3298 852 3362 constmendish
868 3299 1036 3384 impediat.
1082 3298 1168 3362 Item
1184 3298 1344 3377 volumus,
1359 3304 1397 3361 ut
1418 3296 1617 3360 monetarios
1642 3303 1675 3359 et
1698 3296 1782 3358 alios

138 3419 250 3463 omnes
274 3399 434 3463 officiatos
457 3400 491 3463 in
514 3419 574 3462 sua
596 3402 812 3466 conventione
836 3423 940 3488 usque
964 3402 1005 3466 ad
1035 3408 1191 3465 statutum
1214 3401 1389 3466 terminum
1413 3420 1606 3486 permanere
1630 3399 1784 3484 patiatur.

135 3499 219 3565 Item
247 3503 414 3582 volumus,
446 3523 488 3566 ne
514 3503 660 3588 prelatos
691 3505 754 3567 sibi
783 3505 931 3570 subditos
959 3506 1106 3570 indebita
1135 3504 1358 3590 hospitalitate
1390 3504 1546 3566 molestet
1575 3508 1631 3566 aut
1659 3507 1784 3586 gravet.

136 3605 170 3669 si
197 3606 316 3690 aliquis
344 3607 396 3670 vel
424 3607 526 3691 aliqui
555 3603 596 3670 de
626 3613 790 3671 conventu
812 3608 865 3671 vel
895 3609 936 3672 ds
960 3609 1111 3672 vassallis
1134 3607 1187 3670 vel
1215 3605 1256 3670 de
1286 3605 1551 3670 ministerialibus
1574 3606 1628 3668 vel
1658 3603 1784 3667 civibus

136 3717 276 3788 asserat,
306 3707 393 3794 quod
424 3709 594 3774 abbatissa
622 3708 744 3794 aliquid
775 3708 816 3775 de
846 3709 1002 3796 predictis
1031 3731 1096 3774 non
1126 3710 1364 3786 observaverit,
1389 3709 1504 3772 damus
1529 3727 1627 3790 super
1649 3707 1710 3770 hoc
1734 3707 1784 3768 in·

136 3811 309 3894 quisitores
339 3859 346 3876 .
378 3861 387 3876 .
415 3813 619 3898 prepositum
655 3811 776 3876 Sancte
808 3812 928 3892 Maria,
962 3862 970 3877 .
1000 3864 1006 3878 .
1040 3814 1243 3899 prepositum
1266 3809 1471 3889 Williberti¹,
1505 3857 1512 3874 .
1543 3857 1551 3874 .
1580 3810 1784 3894 prepositum

138 3912 342 3978 Meinardum
369 3912 687 3980 Halberstadensem
718 3915 774 3980 et¹¹
805 3919 999 4002 magistrum
1027 3917 1085 3981 A.¹
1115 3915 1322 3981 scolasticum
1351 3914 1707 3998 Megedeburgensem,
1738 3920 1784 3990 ut,

138 4038 208 4081 cum
232 4018 340 4082 vocati
362 4017 502 4098 fuerint,
526 4020 559 4082 in
582 4039 667 4082 anno
691 4020 795 4084 semel
817 4021 950 4084 veniant
972 4020 1013 4083 ad
1041 4021 1149 4084 locum
1174 4026 1208 4084 et
1235 4038 1334 4103 super
1354 4017 1516 4104 premisso
1538 4016 1592 4081 vel
1615 4017 1784 4102 premissis

138 4120 300 4206 inquirant
323 4121 513 4206 diligentius
535 4123 708 4186 veritatem
732 4125 802 4188 sine
826 4126 966 4210 strepitu
990 4123 1202 4203 iudiciorum,
1232 4128 1265 4186 et
1288 4123 1317 4185 si
1339 4121 1507 4186 abbatissa
1529 4121 1662 4184 inventa
1686 4120 1785 4185 fuerit

139 4223 177 4288 de
200 4225 358 4312 predictis
374 4227 522 4289 articulis
539 4226 682 4310 aliquem
705 4249 770 4291 non
787 4249 947 4308 servasse,
963 4227 1025 4292 uisi
1042 4226 1223 4291 satisfaciat
1245 4231 1435 4310 antequam
1457 4223 1614 4289 recedant
1636 4223 1677 4286 de
1701 4224 1784 4304 loco,

139 4326 206 4411 ipso
229 4329 301 4393 iure
325 4329 420 4394 cadat
442 4350 462 4393 a
484 4327 645 4413 dignitate
670 4329 845 4410 abbaciam,
874 4337 907 4394 et
931 4336 1111 4396 conventus
1135 4330 1244 4393 statim
1273 4331 1410 4392 alteram
1434 4327 1635 4392 abbatissam
1660 4327 1783 4410 eligere

140 4437 296 4498 teneatur.
348 4432 443 4506 Quod
475 4433 503 4498 si
530 4454 595 4497 non
624 4454 736 4498 omnes
766 4435 827 4497 hiis
858 4434 1061 4519 exequendis
1090 4434 1254 4521 potuerint
1285 4432 1461 4508 interesse,
1494 4436 1561 4494 tres
1596 4450 1708 4494 eorum
1731 4431 1786 4494 vel

142 4536 235 4598 etiam
259 4534 324 4600 duo
347 4557 387 4600 ea
409 4537 639 4601 nichilominus
663 4543 899 4621 exequanturr.
945 4531 1072 4608 Quibus
1088 4537 1239 4599 volumus
1256 4533 1341 4618 quod
1365 4533 1537 4596 abbatissa
1558 4530 1729 4617 provideat
1752 4532 1785 4595 in

142 4639 304 4722 expensis.
349 4637 445 4712 Quod
469 4639 497 4702 si
521 4638 605 4702 forte
624 4639 796 4722 contigerit
820 4639 962 4722 aliquem
987 4639 1116 4702 illorum
1140 4638 1354 4701 transfretare
1372 4636 1424 4699 vel
1447 4635 1528 4698 alias
1552 4633 1715 4719 proficisci
1731 4636 1783 4699 vel

141 4737 280 4804 debitum
304 4742 411 4805 carnis
436 4742 602 4820 exolvere,
620 4763 693 4806 oum
717 4741 855 4805 consilio
879 4739 1258 4826 proficiscentisreliqui
1282 4759 1456 4825 personam
1480 4735 1606 4801 adhoc
1630 4735 1785 4801 studeant

144 4843 278 4927 eligere,
303 4865 365 4928 que
390 4851 501 4908 careat
530 4845 617 4907 omui
650 4845 842 4930 suspitione.
891 4843 1053 4908 Predictis
1077 4864 1155 4907 vero
1179 4841 1424 4927 inquisitoribus
1449 4839 1656 4924 adiungimus
1681 4839 1783 4902 domi-

144 4964 212 5010 num
241 4994 281 5011 ..
311 4947 589 5032 archiepiscopum
623 4945 959 5032 Magdeburgensem,
989 4953 1026 5010 ut
1053 4946 1142 5032 ipsos
1170 4946 1309 5010 forsitan
1337 4942 1564 5007 discordantes
1588 4943 1783 5005 auctoritate

1457 5079 1680 5088 .—....—----—--—

238 5171 262 5236 a)
282 5171 441 5238 Cruppalrod
460 5173 493 5224 A.
581 5171 606 5238 b)
624 5175 733 5226 ecelesia
749 5172 1065 5238 Il.cs.Erath,p.143.
1157 5169 1180 5244 ἒ)
1199 5171 1389 5222 concessionem
1408 5169 1440 5220 If.
1527 5165 1553 5230 (¹)
1572 5169 1620 5233 teg.
1638 5167 1785 5218 Balsrsleva

144 5261 167 5302 ul
182 5256 208 5306 in
227 5257 259 5308 A.
353 5257 377 5321 ο)
396 5259 442 5324 lep.
462 5259 540 5310 Sman
557 5269 585 5310 ut
602 5261 631 5310 iu
643 5261 676 5309 Α.
764 5255 785 5322 f)
803 5258 961 5310 alienantR.
1048 5261 1073 5318 Β)
1093 5257 1256 5309 Wlfferhrrtlc
1269 5257 1302 5306 A.
1390 5253 1415 5320 ὴ)
1432 5253 1610 5306 construendis
1628 5252 1695 5302 deest
1712 5253 1739 5302 io
1752 5251 1784 5305 lt.

145 5335 159 5400 ί)
175 5342 445 5407 lepwildebrandum
463 5346 583 5412 Magdeb.
601 5355 629 5396 ut
645 5345 719 5396 iuri.
815 5341 843 5408 k)
861 5343 949 5406 E.R.;
968 5344 1036 5394 decet
1053 5344 1127 5394 iuri.
1233 5340 1253 5406 ¹)
1271 5341 1460 5394 Amoldumrl.
1559 5339 1591 5400 ηὶ)
1609 5339 1737 5388 abbatisse
1752 5337 1784 5389 lt.

146 5424 167 5488 n)
184 5427 290 5494 Reliqua
306 5429 334 5479 in
354 5429 387 5480 A.
406 5429 453 5480 hcc
470 5433 562 5482 ordine
580 5433 712 5498 leynam.-
741 5431 842 5494 Quibus
859 5431 1023 5496 adiungimus
1044 5430 1175 5480 dominum
1197 5431 1414 5496 arehiepiscopum
1438 5456 1474 5467 -
1492 5427 1649 5477 observetur.
1684 5425 1785 5488 Quibus

148 5512 257 5564 volumus
273 5541 307 5550 ·-
325 5515 394 5564 omni
411 5517 560 5583 suspitione.

240 5610 301 5658 Rau.
320 5609 400 5659 Porvr.
425 5609 445 5659 l.
1545 5595 1579 5647 29
