4524 6412
730 379 930 434 Errs'rotaa
948 381 1138 435 SELECTAE.
1171 383 1245 436 1229.
1753 389 1815 451 319

162 547 303 610 ecclesia
327 547 473 612 11999919
502 550 542 612 ad
567 551 637 615 cius
663 553 849 616 instantiam
874 553 1051 634 fideiussit,
1083 576 1214 618 servaro
1245 556 1454 644 contempsit,
1488 566 1521 621 et
1547 557 1633 642 quod
1662 559 1814 623 comitem

160 650 338 734 ltogcrium
364 654 633 736 crucesignatum,
658 656 718 720 snb
742 658 946 741 protectione
963 658 1144 744 apostolice
1171 658 1260 722 sodis
1284 667 1462 746 receptum,
1485 661 1639 725 comitatu
1662 667 1696 726 ct
1719 663 1814 726 terris

162 754 230 816 suis
254 756 383 840 ponitus
409 757 571 842 spoliavit,
595 780 632 822 ac
656 760 726 822 eius
743 759 845 823 lilium
869 761 901 824 in
927 762 1118 848 captivitate
1134 760 1304 825 detentum
1326 761 1366 826 ad
1389 761 1576 827 mandatum
1600 765 1814 851 apostolicum

162 857 272 942 sepius
295 858 448 922 iteratum
472 861 644 925 restituere
667 883 732 925 non
754 864 888 928 curavit.

267 960 352 1025 Item
376 965 697 1030 excommunicamus
721 988 794 1030 eurn
819 975 852 1030 ct
875 968 1199 1047 anathematizamus,
1223 991 1281 1054 pro
1306 991 1345 1033 co
1368 967 1456 1054 quod
1478 971 1519 1034 ab
1543 971 1813 1056 oppressionibus

161 1069 193 1126 ct
205 1063 455 1148 spoliationibus
472 1068 685 1132 eeclesiarum
702 1077 735 1134 et
746 1091 959 1156 personarum
973 1071 1269 1136 ecclesiasticarum
1286 1078 1319 1135 ct
1332 1073 1576 1138 conculcatione
1589 1074 1812 1140 ecclesiastice

159 1164 321 1228 libertatis
345 1169 487 1233 monitus
510 1191 575 1234 non
595 1171 732 1238 destitit.

266 1267 350 1333 Item
381 1275 699 1339 excommunicamus
727 1297 801 1340 eum
833 1265 867 1340 ct
895 1277 1222 1358 anathematizamus,
1251 1299 1309 1364 pro
1340 1299 1379 1342 9ο
1411 1276 1497 1363 quod
1525 1280 1566 1343 ab
1596 1282 1811 1366 oppressione

159 1372 375 1457 pupillorum,
408 1377 626 1461 orphanorum
651 1387 684 1444 et
707 1380 891 1458 viduarum,
924 1403 983 1445 seu
1006 1380 1165 1445 nobilium
1194 1388 1227 1445 91
1254 1381 1392 1444 aliorum
1424 1382 1589 1446 bominum
1621 1383 1729 1467 regni,
1761 1384 1812 1448 vel

162 1475 383 1542 destructione
408 1479 570 1562 eiusdem,
595 1482 682 1566 quod
704 1483 746 1546 ad
768 1482 948 1548 Romanam
973 1485 1146 1548 ecclesiam
1171 1484 1360 1570 specialiter
1382 1485 1526 1548 noscitur
1547 1486 1731 1571 pertinere,
1754 1508 1813 1571 pro

160 1601 224 1664 quo
255 1582 395 1646 ecclesie
420 1583 568 1649 Romane
601 1587 818 1651 iuramentum
846 1588 1012 1652 fidelitatis
1043 1588 1192 1652 exhibuit
1214 1594 1248 1651 et
1272 1587 1458 1671 homagium
1482 1589 1642 1673 prestitit,
1673 1589 1813 1652 monitus

160 1702 224 1745 non
247 1685 398 1748 cessavit.

269 1786 369 1868 Item,
400 1790 476 1874 quia
497 1799 691 1879 ‘contempta
714 1794 1054 1858 excommunicatione
1084 1794 1125 1857 ad
1154 1793 1342 1858 mandatum
1369 1794 1586 1880 apostolicum
1613 1814 1678 1857 non
1708 1790 1814 1872 rediit,

161 1909 289 1970 omnes,
317 1892 371 1975 qui
395 1902 469 1958 suut
493 1896 522 1958 ei
546 1897 728 1961 iuramento
752 1897 919 1962 fidelitatis
944 1897 1086 1976 astricti,
1114 1905 1147 1961 et
1171 1898 1357 1983 specialiter
1374 1897 1524 1962 homines
1548 1897 1656 1982 regni,
1686 1918 1706 1961 a
1728 1897 1814 1960 iura-

98 2043 101 2052 .
161 1999 282 2068 mento,
306 2016 369 2079 quo
394 1994 453 2060 sibi
479 2005 641 2076 tenentur,
668 2000 929 2066 denuntiavimus
953 2007 986 2066 et
1002 1999 1230 2066 denuntiamus
1246 2002 1425 2082 absolutos,
1450 2000 1613 2087 quiaDeo
1637 2007 1670 2065 et
1693 2001 1814 2064 sanctis

160 2098 231 2163 eius
248 2098 434 2164 adversanti
451 2109 548 2187 atquc
570 2104 640 2168 cius
655 2112 812 2190 precepta
829 2105 970 2169 calcanti
992 2105 1073 2168 nulli
1095 2104 1287 2170 fidelitatem
1303 2125 1434 2169 servare
1451 2110 1624 2167 tenentur·
1657 2104 1815 2168 Preterea

160 2202 322 2282 civitates,
346 2209 453 2268 castra
476 2212 510 2269 et
533 2207 641 2270 omnia
663 2207 745 2286 loca,
769 2208 810 2272 ad
834 2229 897 2292 que
922 2209 993 2294 ipse
1010 2209 1209 2294 pervenerit,
1234 2208 1459 2273 ecclesiastico
1477 2207 1689 2293 supponimus
1712 2206 1813 2271 inter·
1871 2197 1872 2200 ¹

160 2304 257 2384 dioto,
281 2312 316 2370 ut
339 2306 493 2392 quamdiu
516 2330 652 2394 presens
676 2310 783 2390 fuerit,
816 2311 938 2374 ibidem
964 2311 1055 2374 nulla
1077 2310 1188 2375 divina
1211 2311 1318 2374 officia
1341 2310 1558 2390 celebrentur,
1582 2309 1689 2374 officio
1710 2309 1813 2374 bene-

159 2408 297 2495 ficioque
334 2411 501 2497 privantes
537 2435 650 2477 omnes
685 2414 920 2499 cuiuscumque
953 2413 1166 2499 professionis
1200 2415 1253 2478 vel
1287 2412 1425 2490 ordinis,
1464 2413 1519 2498 qui
1555 2413 1603 2492 ei,
1641 2418 1814 2498 postquam

84 2545 94 2578 ·.
160 2512 370 2577 denuntiatus
393 2514 455 2578 fuit
478 2518 780 2581 excommunicatus
803 2517 949 2597 anobis,
974 2516 1083 2580 divina
1105 2538 1188 2581 ausu
1211 2517 1384 2581 temerario
1407 2515 1623 2597 celebrarunt,
1647 2516 1699 2580 vel
1721 2522 1813 2580 ante·

160 2637 255 2701 quarn
279 2617 320 2680 ad
343 2618 529 2683 mandatum
554 2622 693 2685 ecclesie
718 2619 840 2700 redeat,
864 2619 904 2685 de
929 2626 1040 2684 cetero
1064 2620 1288 2684 celebrabunt.

267 2720 351 2785 Item
375 2721 694 2789 excommunicamus
719 2731 752 2788 et
774 2723 1088 2788 anathematizamus
1107 2721 1335 2806 Raynaldum¹
1358 2721 1462 2786 tilium
1485 2721 1648 2807 quondam
1671 2720 1814 2786 Conradi

160 2822 252 2888 ducis
276 2824 419 2910 Spoleti,
451 2849 509 2914 pro
538 2849 577 2892 co
606 2828 692 2913 quod
725 2827 897 2912 occupavit
920 2834 954 2890 et
976 2833 1115 2912 occupat
1138 2827 1368 2912 patrimonium
1392 2826 1532 2891 ecclesie
1556 2827 1589 2890 in
1612 2825 1758 2890 Marchia
1781 2830 1815 2888 et

160 2927 258 3010 alibi,
282 2937 315 2994 ct
339 2952 451 2995 onrnes
476 2938 508 2995 et
532 2919 694 3016 singulos,
719 2933 810 2995 cuius
834 2931 886 2995 vel
909 2951 1045 3015 quorum
1069 2932 1281 3008 auctoritate,
1304 2930 1445 3008 auxilio,
1469 2929 1605 3026 consilio
1627 2929 1680 2992 vel
1702 2927 1813 2992 lavore

84 3055 101 3092 ·.›.
161 3031 240 3094 talia
262 3033 340 3095 fecit
364 3034 416 3097 vel
439 3034 517 3098 lacit
540 3036 592 3099 vel
615 3036 715 3098 faciet
737 3036 769 3098 in
792 3035 946 3099 futurum.

267 3133 352 3199 Item
381 3137 547 3216 civitates,
577 3145 684 3202 castra
714 3147 747 3202 ct
777 3139 843 3202 alia
871 3140 944 3202 loca
974 3133 1097 3218 orrin'ra,
1129 3137 1170 3202 ad
1198 3158 1261 3222 que
1290 3137 1376 3202 idem
1399 3136 1588 3223 Raynaldus
1616 3133 1815 3222 pervenerit,

159 3238 313 3323 quamdiu
337 3239 407 3325 ipse
432 3241 554 3305 ibidem
577 3263 714 3327 presens
738 3242 847 3320 fuerit,
872 3241 1099 3305 ecclesiastico
1124 3240 1316 3304 subiaceant
1339 3240 1521 3305 interdicto.

267 3342 352 3406 Item
382 3345 703 3408 excommunicamus
736 3351 769 3408 et
796 3345 1110 3409 anathematizamus
1134 3341 1325 3408 Bertoldum
1353 3343 1456 3406 filium
1486 3341 1648 3426 quondam
1672 3338 1815 3404 Conradi

163 3443 253 3509 ducis
279 3445 423 3532 Spoleti,
454 3469 513 3532 pro
537 3469 576 3511 eo
608 3447 693 3531 quod
724 3456 832 3512 castra
861 3448 965 3511 sancti
990 3446 1136 3521 Quirici²
1165 3445 1337 3531 occupavit
1363 3452 1397 3509 et
1426 3443 1552 3510 detinet
1579 3449 1752 3529 occupata,
1781 3448 1814 3506 et

84 3581 103 3614 .*
163 3554 282 3612 terram
299 3551 439 3614 ecclesia
456 3551 605 3614 Romane
629 3550 753 3614 invadit
769 3551 932 3616 hostiliter
956 3558 988 3615 et
1012 3552 1175 3627 molestat,
1198 3557 1231 3614 et
1247 3570 1370 3629 omnes,
1395 3548 1450 3632 qui
1473 3549 1506 3611 in
1529 3547 1590 3612 boc
1614 3548 1645 3612 ei
1667 3551 1815 3632 prestant

160 3653 318 3718 auxilium
341 3656 394 3719 vel
417 3655 572 3720 favorem.

268 3755 351 3822 Item
387 3759 706 3822 excommunicamus
740 3758 895 3842 Egidium
929 3758 970 3822 de
1006 3756 1215 3820 Palumbaria
1251 3763 1284 3820 et
1317 3754 1489 3819 Nicolaum
1523 3751 1564 3816 de
1599 3751 1740 3815 Arcione
1775 3771 1814 3814 ao

162 3859 294 3923 Petrum
319 3859 470 3945 Gregorii
493 3860 623 3946 Pagurc
655 3863 742 3926 cives
766 3861 947 3932 Romanos,
977 3883 1035 3946 pro
1064 3880 1103 3924 eo
1134 3858 1219 3944 quod
1243 3857 1409 3923 Fridcrico
1440 3855 1526 3920 dicto
1556 3847 1745 3940 imperatori
1776 3874 1814 3917 ac

162 3963 331 4049 Raynaldo
356 3972 390 4029 et
412 3964 568 4029 Bertoldo
599 3965 674 4028 filiis
705 3964 796 4028 ducis
821 3964 963 4028 Conradi
992 3969 1104 4028 contra
1126 3963 1308 4026 Romanam
1336 3960 1509 4026 ecclesiam
1540 3958 1753 4044 prestiterunt
1781 3963 1814 4021 ct

84 4119 89 4131 .
162 4073 309 4152 prestant
331 4068 512 4148 consilium,
536 4069 692 4133 auxilium
716 4073 750 4133 et
771 4067 926 4132 favorem.

268 4170 351 4235 Item
375 4173 696 4236 excommunicamus
724 4179 758 4237 et
786 4171 1100 4236 anathematizamus
1125 4169 1277 4234 comitem
1300 4165 1509 4232 Fuxensem³
1532 4170 1566 4230 et
1588 4161 1814 4229 vicecomitem

161 4273 408 4338 Biterrensem⁴
432 4283 466 4338 ct
488 4275 580 4352 alios,
605 4275 659 4359 qni
683 4276 730 4340 eis
754 4281 902 4361 prestant
924 4275 1093 4352 auxilium,
1117 4273 1288 4336 consilinm
1311 4276 1345 4336 et
1367 4271 1522 4336 savorem.

270 4378 355 4443 Item
379 4379 699 4444 excommunicamus
724 4387 758 4443 91
780 4379 1095 4442 anathematizamus
1120 4398 1233 4440 omnes
1256 4375 1408 4439 falsarios
1431 4375 1520 4440 bulla
1543 4379 1665 4438 nostre.

270 4481 354 4546 Item
377 4484 696 4547 excommunicamus
721 4488 754 4548 et
776 4483 1088 4548 anathematizamus
1117 4502 1229 4546 omnes
1258 4480 1348 4560 illos,
1379 4479 1432 4564 qui
1462 4479 1495 4542 in
1521 4477 1617 4543 terris
1641 4475 1708 4540 suis
1731 4495 1815 4538 nova

164 4582 304 4668 pedagia
326 4585 506 4672 imponunt.
690 4655 696 4664 ,

271 4687 355 4752 Item
390 4691 709 4754 excommunicamus
738 4697 772 4754 et
805 4688 1120 4753 anathematizamus
1161 4708 1274 4751 omnes
1309 4687 1401 4764 illos,
1438 4685 1492 4770 qni
1526 4684 1569 4748 ad
1601 4682 1814 4769 apostolicam

165 4791 277 4855 sedern
312 4798 428 4856 euntes
462 4793 516 4856 vel
551 4791 726 4857 redeuntes
761 4793 907 4879 capiunt,
941 4791 1082 4878 spoliant
1116 4791 1168 4854 vel
1203 4789 1351 4854 detinere
1385 4795 1591 4874 presumunt,
1626 4784 1815 4851 nominatim

164 4894 377 4958 castellanum
423 4893 463 4958 de
502 4894 623 4959 Sancto
660 4895 835 4972 Miniatol,
880 4895 955 4979 qnia
998 4895 1117 4958 multos
1155 4894 1325 4958 venientes
1369 4891 1411 4955 ad
1455 4890 1567 4955 sedern
1603 4888 1815 4974 apostolicam

164 4997 326 5082 spoliavit.

274 5183 294 5189 ...
309 5183 403 5188 -..-.--
419 5183 486 5188 ux..—
495 5183 537 5187 -.—
545 5183 572 5188 --..
585 5183 616 5188 ..-
625 5175 1710 5188 -—-----—---v--—.-—..———-——-———.-..-—--——-—--————

269 5310 294 5372 l)
308 5309 344 5375 cf.
356 5323 383 5362 rr.
395 5307 452 5360 375
465 5312 489 5360 et
503 5310 567 5359 377.
620 5307 647 5373 2)
666 5305 700 5360 de
713 5305 870 5366 introduco,
886 5320 965 5374 pron.
977 5304 1111 5370 Abruzso,
1126 5317 1215 5372 prope
1227 5302 1300 5356 11119
1315 5303 1419 5356 ducale.
1471 5301 1498 5367 3)
1512 5299 1641 5368 Roperae
1652 5296 1817 5351 Bernartius

164 5408 250 5446 comes
268 5392 410 5446 Forensis
434 5393 482 5460 [ele
499 5391 588 5461 Foir]
607 5393 662 5446 iam
679 5392 744 5447 Iure.
766 5395 802 5444 16
819 5391 947 5444 ecciesiae
964 5397 989 5445 et
1006 5389 1067 5460 regi
1084 5389 1223 5456 Fraaoioe
1240 5403 1269 5440 se
1289 5387 1470 5454 submiserat,-
1487 5385 1524 5454 cs.
1547 5384 1696 5451 Tillemoat,
1718 5381 1768 5438 Vie
1785 5381 1817 5435 de

162 5477 202 5534 St.
219 5477 320 5541 Lenis,
341 5478 380 5532 ed.
400 5477 433 5531 de
453 5477 564 5545 Gnaite,
586 5481 605 5531 1.
624 5477 674 5544 ΙΙ,
694 5493 724 5546 p.
744 5481 785 5532 16.
906 5477 933 5542 4)
953 5476 998 5530 De
1015 5474 1184 5546 Raymaado
1206 5473 1379 5528 Trencoreito
1397 5472 1437 5525 ΙΙ
1450 5469 1603 5526 aicecmaite
1619 5468 1776 5522 Biterrensi
1792 5471 1817 5521 et

165 5567 354 5620 Carcassrmae
372 5565 410 5633 cf.
429 5563 511 5618 L’art
528 5563 561 5617 de
579 5563 661 5636 seris,
678 5563 716 5616 les
734 5561 820 5620 dates.
838 5566 856 5617 1.
874 5562 930 5628 ΙΧ,
944 5579 975 5638 p,
994 5565 1055 5622 131.
1177 5561 1205 5628 b)
1223 5561 1296 5616 inter
1313 5558 1487 5638 Florentiam
1506 5555 1651 5620 11111991,
1669 5552 1702 5608 de
1719 5553 1771 5609 hac
1788 5569 1818 5609 re

163 5651 200 5720 ef.
219 5651 301 5706 etiarn
317 5665 343 5706 a.
364 5653 429 5704 306.
800 5667 807 5678 ·
