4590 6366
761 403 960 459 EPlS'I'Othl
978 405 1168 461 SELEC'I'AE.
1204 405 1280 460 1236.
1780 407 1842 468 569

193 568 362 638 immensis
385 575 590 641 donaverunt
611 579 834 660 libertatibus,
862 580 915 644 vel
940 601 1012 644 eam
1034 581 1160 667 potius,
1188 603 1208 645 a
1232 602 1295 666 qua
1322 581 1385 666 ipsi
1414 601 1543 645 omnem
1566 584 1764 665 potestatem
1787 601 1841 645 ac·

193 686 364 763 ceperant,
387 681 420 744 in
443 681 595 747 libertate
619 682 731 748 debita
754 691 981 765 servaverunt,
1004 693 1196 772 reputantes
1220 685 1406 771 indignum,
1430 693 1466 750 nt
1488 685 1594 766 locus,
1617 685 1673 750 ubi
1696 685 1842 750 divinum

193 799 312 846 nomen
336 784 512 866 excolitur,
540 786 596 850 ubi
621 785 771 851 Christus
785 779 835 866 [in
858 787 969 854 altaris
992 789 1101 853 hostia
1124 791 1156 853 in
1180 797 1362 853 nostrorum
1386 787 1647 875 redemptionem
1671 789 1843 854 criminum

194 883 396 968 immolatur,
428 888 565 954 alicuius
596 893 763 956 servitutis
788 892 966 956 subiciatur
990 893 1158 970 oneribus,
1189 914 1263 957 cnm
1286 893 1328 957 sit
1352 913 1451 978 supra
1474 893 1678 957 intellectum
1702 893 1842 959 hominis

193 985 412 1054 honorandus.
458 991 493 1056 Si
523 1015 601 1079 ergo
633 997 764 1080 proprie
794 1007 903 1059 servat
931 1017 1076 1082 propago
1106 997 1181 1060 vitis
1209 997 1387 1081 originem,
1420 997 1446 1061 si
1478 1017 1594 1060 succus
1625 995 1712 1062 idem
1734 1018 1841 1062 ramos

192 1091 337 1156 vivificat
359 1101 393 1158 et
417 1095 573 1178 radicem,
598 1099 653 1162 vix
677 1097 836 1178 creditur,
860 1106 896 1163 ut
918 1099 1044 1164 eisdem
1067 1099 1351 1185 progenitoribus,
1376 1098 1494 1184 quibus
1516 1099 1695 1185 parificaris
1718 1101 1842 1166 honore

193 1193 338 1278 dominii,
360 1199 495 1285 patiaris
518 1208 551 1265 te
569 1203 765 1266 contrarium
782 1203 928 1267 moribus
953 1209 986 1267 et
1007 1202 1198 1268 interiorem
1213 1203 1370 1266 virtutum
1390 1203 1519 1267 actibus
1542 1203 1692 1270 inveniri.
1738 1203 1842 1278 Quin·

192 1297 291 1363 immo
315 1309 476 1387 speratur,
500 1303 586 1389 quod
602 1306 709 1389 gratia
723 1306 891 1386 bonitatis,
915 1328 978 1391 que
1000 1307 1081 1392 ipsis
1105 1315 1176 1372 erat
1194 1307 1318 1384 innata,
1343 1306 1385 1370 ad
1402 1312 1490 1370 tuam
1507 1307 1653 1372 derivata
1668 1329 1842 1392 personam

193 1409 225 1466 te
249 1405 349 1470 nichil
372 1409 543 1492 permittat
565 1409 712 1492 efficere,
742 1410 828 1496 quod
857 1410 1004 1475 libertati
1027 1417 1060 1474 et
1090 1409 1206 1474 honori
1228 1410 1377 1475 Romane
1401 1411 1542 1476 ecclesie
1566 1417 1599 1474 et
1622 1410 1841 1475 membrorum

195 1507 266 1571 eius
295 1511 402 1594 possit
429 1511 462 1574 in
492 1512 600 1597 aliquo
633 1513 805 1598 derogare,
840 1535 914 1578 curn
944 1535 1042 1600 sapor
1067 1513 1206 1578 fontium
1239 1533 1417 1577 concessus
1445 1513 1562 1598 origini
1592 1514 1769 1579 fluentibus
1800 1536 1842 1579 ex

191 1611 263 1696 ipso
287 1612 401 1676 rivulis
423 1635 488 1678 non
510 1616 620 1681 valeat
642 1617 810 1702 abnegari.

301 1715 359 1780 Set
380 1738 458 1783 ecce
480 1719 663 1784 audivimus
685 1728 718 1785 et
737 1720 895 1801 dolemus,
919 1720 1004 1806 quod
1026 1729 1072 1800 tn,
1095 1721 1142 1784 lili
1159 1720 1338 1802 carissime,
1362 1726 1396 1785 et
1412 1721 1505 1806 regni
1525 1722 1666 1786 barones
1682 1721 1842 1784 malorum

191 1819 243 1881 usi
267 1819 403 1884 consilio
428 1823 619 1902 ecclesiam,
651 1846 714 1910 que
737 1846 796 1889 vos
825 1845 868 1889 ex
894 1832 989 1889 utero
1019 1819 1287 1888 sanctificationis
1317 1823 1525 1908 regeneravit
1552 1823 1586 1886 in
1614 1822 1699 1888 filios
1721 1845 1760 1888 ac
1782 1844 1842 1910 pro

192 1923 298 1986 salute
328 1931 437 1989 vestra
465 1927 710 1992 immaculatum
737 1949 858 2012 agnum
886 1929 982 1992 offert
1012 1928 1132 2012 iugiter
1161 1927 1235 1992 Deo
1258 1927 1362 2002 Patri,
1392 1928 1425 1992 in
1457 1927 1648 1992 servitutem
1671 1928 1842 2014 cupientes

196 2026 363 2111 redigere,
401 2031 492 2114 quasi
519 2031 584 2094 iam
615 2053 681 2095 non
710 2031 814 2096 liber'e
838 2031 946 2096 velitis
970 2031 1079 2095 vocari
1109 2031 1168 2094 lilii
1200 2037 1251 2094 set
1280 2031 1415 2110 ancille,
1450 2031 1548 2094 immo
1579 2051 1731 2116 sponsam
1755 2031 1843 2115 regis
1874 2034 1922 2076 ⁶³¹·
1936 2038 1992 2086 ⁴1³¹·

193 2131 313 2209 eterni,
345 2133 400 2216 qui
425 2153 482 2196 vos
505 2156 524 2197 a
548 2135 705 2199 servitute
729 2141 889 2221 perpetua
912 2135 1079 2213 liberavit,
1112 2142 1267 2198 conantes
1298 2134 1530 2199 miserabiliter
1552 2134 1723 2211 ancillare,
1753 2155 1841 2198 com-

192 2235 281 2298 muni
305 2241 427 2301 statuto
443 2238 496 2301 vel
519 2237 730 2303 destitutione
753 2239 863 2324 potius
880 2244 994 2303 contra
1008 2238 1193 2302 libertatem
1212 2235 1364 2317 ecclesie,
1387 2237 1471 2301 sicut
1493 2237 1622 2320 dicitur,
1644 2237 1841 2315 firmavistis,

191 2344 228 2402 ut
250 2339 400 2405 homines
424 2343 526 2406 vestri
549 2342 629 2406 iuris
654 2343 890 2408 ecelesiasticis
913 2343 966 2406 vel
990 2341 1291 2406 ecclesiastieorum
1322 2340 1509 2405 hominibus
1538 2349 1595 2406 aut
1617 2337 1691 2405 aliis
1714 2341 1748 2405 in
1770 2339 1842 2404 loro

191 2463 256 2506 non
280 2449 455 2509 teneantur
478 2447 703 2511 eeclesiastico
727 2446 943 2533 respondere,
979 2446 1159 2531 quinimmo
1193 2445 1221 2509 si
1253 2444 1353 2509 iudex
1381 2445 1626 2510 ecclesiasticus
1655 2444 1690 2508 in
1717 2465 1776 2508 eos
1800 2443 1841 2508 ob

193 2549 431 2612 contumaciam
470 2551 819 2615 excommunicationis
865 2551 1062 2614 senteutiam
1103 2549 1232 2628 tulerit,
1277 2547 1462 2614 huiusmodi
1498 2549 1694 2614 sententiam
1731 2568 1841 2612 rerum

192 2653 407 2737 occupatione
432 2674 563 2717 suarum
585 2654 638 2718 vel
663 2676 792 2734 eorum,
815 2654 856 2718 ad
880 2676 1018 2740 quorum
1041 2654 1230 2718 instantiam
1254 2652 1530 2717 excommunicati
1552 2651 1683 2733 fuerint,
1705 2653 1739 2715 in
1763 2672 1839 2715 con-

192 2763 351 2840 temptum
387 2757 529 2821 clavium
562 2758 722 2838 ecclesie,
760 2758 918 2823 adversus
958 2781 1039 2844 quas
1074 2779 1139 2821 non
1174 2764 1313 2843 possunt
1346 2756 1492 2842 potentie
1527 2756 1624 2820 inferi
1658 2755 1840 2841 prevalere,
1858 2770 2014 2824 aaronem.

191 2859 340 2923 relaxare
365 2868 515 2944 cogatur,
547 2867 596 2940 ct,
628 2862 713 2946 quod
737 2861 882 2926 deterius
907 2871 974 2942 cst,
1005 2862 1286 2946 archiepiscopos,
1319 2861 1492 2946 episcopos
1516 2865 1549 2924 et
1579 2859 1660 2924 alias
1683 2879 1841 2944 personas

191 2961 433 3027 ecclesiasticas
461 2974 495 3028 et
525 2985 637 3029 carum
666 2964 815 3029 homines
848 2987 947 3051 snper
976 2965 1223 3049 quibuscunque
1254 2965 1362 3029 causis
1392 2963 1558 3044 civilibus,
1587 2961 1734 3027 ordinem
1761 2961 1841 3025 iuris

114 3083 120 3100 ⁸
195 3065 308 3150 scripti
333 3073 367 3131 et
389 3068 523 3152 antique
548 3068 793 3132 consuetudinis
816 3075 1055 3154 pervertentes,
1078 3075 1188 3133 vestro
1211 3089 1326 3155 parere
1350 3067 1469 3133 iudicio
1493 3066 1677 3146 coarctatis,
1700 3065 1778 3130 licet
1800 3063 1841 3128 ab

191 3171 333 3254 antiquis
357 3172 560 3258 temporibus
593 3193 633 3236 ea
663 3172 816 3237 libertate
846 3194 949 3257 usquc
980 3171 1021 3236 ad
1051 3172 1113 3236 hec
1143 3180 1292 3258 tempora
1315 3172 1349 3235 in
1380 3192 1481 3255 regno
1504 3171 1643 3236 Francis
1668 3169 1842 3234 observata

190 3295 250 3337 usa
271 3275 389 3340 fuerit³
412 3277 553 3342 ecclesia
573 3275 755 3356 Gallicana,
778 3284 815 3340 ut
835 3277 910 3340 laici
932 3277 1083 3361 personis
1104 3276 1337 3340 ecclesiasticis
1361 3282 1394 3339 et
1417 3273 1631 3339 ecclesiarum
1653 3273 1840 3339 hominibus

191 3376 224 3440 in
245 3377 365 3443 iudicio
383 3381 609 3444 ecclesiastico
631 3381 878 3467 responderent.
916 3378 1100 3444 Considera
1117 3380 1227 3464 igitur,
1243 3379 1299 3458 fili,
1316 3377 1496 3458 considera,
1513 3384 1668 3462 quantum
1685 3377 1746 3441 tibi
1761 3377 1842 3441 talia

192 3484 403 3548 consulentes
432 3492 523 3548 tuum
555 3485 759 3549 commodum
783 3484 923 3568 diligunt
953 3490 987 3548 ct
1016 3481 1189 3563 honorem,
1219 3485 1273 3568 qni
1296 3482 1525 3547 desiderantes
1549 3482 1582 3544 in
1604 3502 1690 3566 aqua
1711 3480 1842 3544 turbata

113 3599 118 3610 “
191 3586 321 3670 piscari,
345 3589 454 3672 pravis
479 3588 748 3672 suggestionibus
772 3588 934 3674 incipiunt
958 3588 1117 3651 maculam
1141 3587 1174 3650 in
1198 3593 1254 3650 tua
1276 3585 1381 3671 gloria
1402 3605 1543 3670 ponere,
1566 3591 1603 3648 ut
1626 3606 1668 3648 ex
1691 3584 1753 3648 hoe
1775 3605 1840 3648 non

191 3709 254 3772 que
278 3697 334 3752 tua
357 3697 408 3755 set
430 3711 493 3775 que
519 3713 577 3754 sua
600 3699 675 3755 sunt
697 3693 829 3756 valeant
861 3691 1033 3755 commoda
1055 3697 1234 3776 reportare.
1281 3688 1479 3770 Considera,
1505 3695 1662 3774 quantum
1683 3687 1839 3752 indecens
1923 3751 1930 3762 ,

127 3837 132 3844 ·
190 3793 250 3857 tibi
274 3795 379 3878 possit
407 3795 570 3876 existere,
605 3797 632 3860 si
665 3796 698 3860 in
730 3796 945 3860 ecclesiarum
974 3793 1243 3880 oppressionibus
1274 3793 1322 3856 tui
1352 3793 1446 3878 regni
1477 3791 1638 3879 primitias
1669 3791 1839 3876 suggestio

191 3895 400 3961 familiarium
423 3898 566 3964 hostium
591 3907 733 3980 statuat,
764 3907 797 3964 et
827 3899 868 3965 de
891 3899 972 3963 ilore
996 3897 1174 3962 iuventutis
1197 3904 1264 3975 tue,
1287 3896 1327 3961 dc
1351 3918 1416 3982 qua
1437 3897 1539 3961 multe
1563 3894 1705 3960 fructum
1728 3894 1839 3958 dulce-

191 4000 276 4064 dinis
300 4009 456 4087 expectet
479 4003 631 4084 ecelesia,
653 4001 891 4082 amaritudinis,
916 4000 1003 4087 quod
1025 4001 1122 4080 absit,
1145 4000 1259 4065 botrus
1283 4007 1443 4087 erumpat.
1487 3999 1575 4074 Quid
1597 4001 1714 4085 plura?
1752 3998 1839 4062 Con-

183 4105 292 4187 venit,
315 4113 351 4170 ut
373 4105 564 4191 frequenter
585 4107 670 4171 infra
692 4107 739 4170 tui
761 4107 905 4193 pectoris
921 4126 1041 4170 arcana
1058 4105 1240 4184 revolvem,
1263 4103 1349 4189 quod
1371 4126 1437 4168 non
1460 4104 1564 4168 solum
1588 4102 1840 4190 predecessores

190 4208 254 4288 tui,
285 4209 403 4294 quibus
437 4217 471 4274 et
503 4210 563 4274 tibi
595 4231 637 4275 ex
661 4209 784 4274 honore
808 4209 956 4295 impenso
980 4209 1121 4274 ecclesie
1144 4207 1335 4293 multiplicis
1366 4206 1472 4271 laudis
1495 4205 1629 4271 titulusb
1652 4213 1685 4271 et
1707 4205 1841 4271 honoris

190 4313 351 4392 accrevit,
391 4315 470 4379 totis
511 4335 584 4379 eam
623 4313 817 4379 studuerunt
850 4314 974 4378 viribus
1013 4313 1192 4388 honorare,
1234 4319 1285 4376 set
1320 4318 1353 4376 et
1391 4311 1503 4375 multis
1538 4313 1635 4397 longe
1670 4309 1842 4374 retroactis

190 4417 391 4502 temporibus
406 4417 660 4482 Valentinianus
683 4418 863 4502 imperator
885 4416 1103 4502 suffraganeis
1118 4415 1376 4480 Mediolanensis
1399 4414 1483 4479 dixit
1505 4414 1685 4479 ccclesie¹:
1709 4411 1841 4478 ‘Talem

102 4563 107 4572 ·
191 4520 225 4583 in
247 4521 429 4605 pontificali
452 4521 642 4586 constituite
667 4520 764 4600 sede,
797 4521 850 4584 cui
874 4527 907 4584 et
930 4541 1006 4600 nos,
1037 4519 1093 4605 qui
1115 4519 1336 4602 gubernamus
1359 4517 1545 4604 imperium,
1579 4518 1706 4584 sincere
1729 4523 1842 4580 nostra

192 4624 422 4689 submittamus
445 4626 563 4711 capita,
588 4611 685 4690 etad
709 4625 779 4689 eius
802 4625 936 4703 monita,
960 4623 1037 4688 dum
1060 4633 1214 4708 tanquam
1231 4623 1380 4687 homines
1397 4622 1617 4707 delinquimus
1641 4621 1840 4700 necessario,

190 4729 281 4793 velut
310 4728 350 4792 ad
382 4730 526 4793 curantis
555 4729 772 4793 medicamina
798 4729 1030 4806 recurramus',
1066 4749 1162 4792 aures
1198 4735 1272 4790 tuas
1301 4726 1382 4804 illis,
1415 4728 1471 4812 qui
1499 4735 1532 4791 te
1559 4727 1601 4792 ad
1629 4725 1841 4790 afflictionem

190 4833 402 4896 ecclesiarum
425 4833 536 4918 pravis
560 4831 806 4897 seductionibus
829 4832 976 4896 nituntur
998 4831 1165 4911 inducere,
1189 4831 1321 4896 minime
1344 4832 1494 4916 prebeas,
1519 4837 1552 4898 et
1575 4851 1616 4894 ea
1637 4830 1696 4895 tibi
1720 4851 1840 4915 sugge-

191 4935 352 5016 rentibus,
381 4935 500 5021 quibus
524 4937 631 5000 anime
654 4935 887 5001 detrimentum
916 4936 1073 5016 incurris,
1101 4936 1248 5001 auditum
1276 4935 1408 5021 penitus
1438 4935 1623 4999 interdicas.
1668 4934 1756 4999 Hine
1779 4941 1841 5014 est,

190 5039 277 5125 quod
315 5039 546 5104 excellentiam
581 5039 706 5124 regiam
740 5037 918 5124 rogandam
953 5038 1106 5102 duximus
1140 5045 1174 5104 et
1205 5037 1419 5117 monendam,
1458 5043 1619 5121 quatenus
1653 5037 1695 5101 ob
1731 5036 1840 5100 divine

192 5144 374 5208 maiestatis
411 5144 631 5209 reverentiam
666 5151 700 5208 et
736 5143 917 5229 apostolice
952 5142 1042 5207 sedis
1083 5143 1242 5207 honorem
1282 5147 1441 5206 statutum
1480 5140 1665 5228 predictum
1703 5147 1737 5206 et
1777 5141 1842 5204 alia
1883 5129 1885 5136 ¹

192 5247 416 5314 ecclesiastice
451 5247 614 5312 contraria
645 5246 792 5310 libertati
824 5247 859 5311 in
894 5247 1021 5311 irritum
1058 5267 1218 5311 revocans
1253 5252 1286 5310 et
1317 5265 1338 5310 a
1370 5243 1467 5309 dictis
1502 5243 1681 5308 baronibus
1718 5243 1841 5309 faciens

298 5543 322 5609 ¹)
339 5545 389 5594 suit
406 5544 491 5612 Roya-
573 5543 597 5610 b)
616 5545 698 5596 titulis
717 5545 800 5613 Rapsa

295 5685 319 5748 1)
340 5681 383 5748 Cf.
405 5679 566 5734 Cassiodori
585 5680 658 5736 Hast.
678 5683 789 5752 tripart.
808 5681 870 5738 Lib.
892 5682 1040 5751 V11,eap.
1060 5685 1092 5748 8,·
1109 5699 1154 5752 ap.
1175 5681 1272 5753 Mtqae
1290 5681 1395 5736 Patrai.
1414 5682 1432 5733 t.
1453 5681 1497 5748 69,
1510 5695 1540 5748 p.
1560 5681 1643 5732 1073.

295 5781 357 5831 Rae.
375 5781 455 5830 Pom.
474 5780 493 5830 1.
1602 5773 1635 5828 72
