4590 6366
472 391 534 452 578
1052 381 1099 434 EX
1118 381 1292 435 GREGORII
1311 380 1349 432 tx
1369 378 1548 433 ernustum

580 560 620 623 In
644 557 784 624 eundem
807 557 876 621 lere
905 555 1037 619 modum
1062 555 1218 640 seriptum
1243 559 1294 617 est
1321 600 1354 616 ..
1383 552 1538 636 magistro
1570 549 1742 635 hospitalis
1774 551 1890 609 sancte
1916 543 2031 607 Mario
2056 540 2142 604 Τρο-

472 665 657 730 tonicorum
672 682 791 747 usque:
815 661 947 725 valeant
963 680 1150 745 procurare.
1183 657 1344 731 Quocirca
1359 655 1562 734 mandamus,
1582 653 1734 737 quatinus
1752 649 1877 715 dictum
1895 648 2144 734 imperatorem

473 768 514 832 ad
536 767 569 831 id
593 765 775 832 efficaciter
797 785 932 829 moneas
956 770 990 828 et
1012 762 1157 826 induces.

580 889 657 955 Dat.
680 887 824 952 Viterbii
846 894 883 951 ut
906 906 1013 971 supra.

579 1008 784 1074 Iucundum
807 1007 940 1071 modum
965 1055 999 1070 ..
1023 1007 1178 1092 episcopo
1201 1003 1469 1090 Ratisponensi¹,
1493 1001 1672 1088 imperialis
1696 1001 1770 1064 aule
1794 999 2015 1064 cancellario.
2200 1017 2210 1052 r

582 1113 622 1176 Iu
645 1111 787 1177 eundem
808 1110 940 1175 modurn
964 1159 996 1177 ..
1020 1109 1235 1195 Magantino²
1258 1115 1291 1172 et
1314 1155 1346 1174 ..
1371 1105 1594 1171 Trevercnsi⁸
1617 1104 1886 1189 archiepiscopis.

581 1217 622 1280 In
645 1214 788 1280 eundem
810 1214 943 1279 modum
967 1260 1000 1278 ..
1025 1214 1181 1299 episcopo
1202 1211 1451 1276 Ildesemcnsi‘.

1259 1647 1345 1721 679.

581 1743 773 1854 (inmortua
797 1769 853 1834 IX
869 1791 959 1852 papa
982 1771 1134 1834 militibus
1157 1775 1186 1834 et
1204 1771 1320 1852 popolo
1342 1769 1528 1834 Placentino
1550 1766 1694 1845 nurndnt,
1723 1770 1758 1829 nt
1779 1764 2053 1849 [blnrcellinnm]
2076 1763 2138 1844 epi-

474 1895 598 1956 scopam
619 1873 848 1951 Aesculannm,
869 1894 931 1953 pro
953 1872 1131 1938 roboranda
1153 1873 1316 1937 eoncordia
1338 1872 1382 1936 acl
1402 1873 1487 1952 ipsos
1508 1871 1651 1948 miserm,
1679 1869 1807 1950 bcnipae
1833 1867 1999 1946 recipiant
2020 1871 2050 1930 et
2071 1867 2139 1930 eins

474 1977 635 2043 madalis
656 1975 759 2039 devote
781 1975 959 2040 intendant.
1741 1975 1834 2049 1236,
1857 1971 1963 2036 Mart.
1988 1973 2043 2034 24.
2180 1997 2200 2034 n

579 2095 661 2164 Grec.
680 2095 729 2148 IX
745 2093 815 2162 Req.
838 2094 896 2149 Vol.
917 2093 949 2161 V,
966 2098 1036 2156 13&
1055 2093 1118 2147 Lib.
1136 2094 1175 2161 X,
1192 2097 1217 2148 9.

905 2272 1131 2347 Militibus
1160 2280 1203 2348 et
1229 2275 1395 2366 populo
1423 2272 1698 2346 Placentino.

582 2424 782 2488 Exultamus
804 2423 838 2486 in
860 2421 1003 2487 Domino
1028 2428 1061 2486 ct
1084 2421 1203 2507 gaudio
1226 2423 1392 2488 reficimur
1414 2422 1558 2499 salutari,
1583 2419 1670 2507 quod
1693 2421 1775 2506 ipse,
1799 2421 1853 2505 qui
1876 2427 1929 2484 est
1952 2442 2020 2507 pax
2044 2441 2132 2486 vera.

476 2528 624 2592 diversos
653 2528 687 2590 in
716 2526 848 2591 civitate
877 2533 988 2590 vestre
1015 2525 1250 2590 discordiarum
1279 2517 1422 2611 parietes
1452 2524 1618 2610 copulavit
1646 2523 1680 2587 in
1707 2543 1822 2604 unum,
1850 2543 1909 2586 vos
1938 2530 2018 2608 post
2045 2523 2132 2588 bella

475 2631 632 2696 intestina
656 2635 689 2694 et
711 2629 897 2715 periculosa
919 2628 1056 2693 dissidia
1079 2628 1120 2692 ad
1142 2650 1258 2714 pacem
1281 2650 1341 2715 per
1377 2649 1468 2692 suam
1492 2626 1750 2708 miscricordiam
1773 2625 1959 2691 revocando
1971 2629 1994 2691 ³.
2041 2626 2132 2691 Sicut
2179 2635 2197 2671 ¹³

477 2735 564 2800 enim
592 2733 745 2797 immensi
776 2731 897 2795 doloris
925 2733 1059 2797 aculeus
1095 2755 1154 2796 nos
1185 2733 1324 2817 urgebat
1353 2753 1411 2818 pro
1447 2731 1626 2795 innumeris
1655 2729 1810 2816 periculis
1839 2749 2031 2814 corporum,
2062 2731 2132 2794 ani-

476 2858 602 2901 marum
626 2842 660 2900 et
682 2855 808 2914 rerum,
837 2854 900 2917 que
924 2833 1016 2898 vobis
1041 2835 1276 2920 contingebant
1300 2837 1453 2898 continuo
1479 2857 1521 2898 ex
1545 2833 1804 2897 dissensionibus
1828 2840 1861 2897 et
1889 2833 2061 2912 scissuris,
2089 2833 2133 2897 ita

477 2945 606 3025 gratum
636 2937 796 3023 gerimus,
829 2935 914 3021 quod
945 2937 1134 3002 seminatori
1158 2939 1355 3002 zizaniorum
1386 2945 1419 3002 ct
1448 2938 1562 3001 salutis
1591 2944 1699 3001 vestro
1727 2937 1858 3000 inimico
1881 2935 1958 2999 dato
1982 2935 2132 3022 repudio,

478 3040 680 3106 reconciliati
711 3038 986 3104 reconciliationis
1017 3043 1135 3120 actori,
1168 3042 1324 3105 salvatori
1348 3048 1476 3119 vestro,
1504 3041 1544 3104 ad
1567 3041 1653 3104 viam
1680 3040 1810 3105 redistis
1839 3040 1879 3103 ab
1907 3039 1998 3103 invio
2029 3046 2066 3103 et
2093 3038 2132 3102 ad

478 3144 650 3209 dexteram
678 3163 697 3206 a
724 3143 867 3207 sinistra.
913 3140 1092 3228 Cupientes
1122 3145 1224 3228 igitur
1249 3151 1393 3208 vestrum
1424 3151 1457 3209 et
1487 3144 1627 3208 civitatis
1658 3150 1766 3208 vestre
1798 3146 2025 3207 statumesse
2057 3162 2131 3227 pro·
2151 3161 2155 3172 ’
2177 3155 2198 3192 2⁰

479 3268 611 3335 sperum
634 3252 668 3310 et
691 3246 856 3331 quietum,
887 3252 920 3310 et
943 3254 1155 3331 augmentum
1178 3249 1321 3312 civitatis
1344 3247 1492 3312 eiusdem
1516 3247 1684 3333 proprium
1707 3246 1794 3311 sedis
1818 3246 2002 3331 apostolice
2033 3266 2131 3331 repu-

476 3355 598 3430 tantes,
626 3349 807 3414 venerabili
836 3350 928 3414 fratri
957 3356 1070 3413 nostro
1094 3399 1127 3414 ..
1152 3353 1308 3437 episcopo
1333 3351 1514 3432 Esculano,
1539 3352 1608 3415 viro
1632 3350 1768 3437 provido
1792 3357 1825 3414 et
1849 3349 2011 3430 discreto,
2036 3369 2133 3434 quem

476 3452 651 3539 adportes
674 3459 800 3516 vestras
823 3474 881 3539 pro
904 3473 987 3539 paee
1011 3453 1111 3516 totius
1134 3454 1304 3539 provincie
1329 3453 1542 3535 destinamus,
1567 3455 1756 3540 specialiter
1778 3455 1866 3518 inter
1887 3454 1954 3516 alia
1977 3452 2132 3515 duximus

475 3555 728 3640 iniungendum,
752 3563 789 3620 ut
809 3577 869 3642 pro
895 3555 1070 3619 concordia
1092 3557 1178 3619 inter
1200 3576 1259 3619 vos
1283 3556 1518 3620 inviolabiliter
1541 3556 1746 3621 observanda
1770 3577 1900 3621 omnem
1924 3554 2132 3640 diligentiam
2156 3627 2162 3641 ,

478 3665 520 3724 et'
535 3657 678 3722 studium
700 3659 904 3745 interponat,
936 3680 1008 3722 eam
1039 3659 1235 3724 auctoritate
1260 3660 1439 3745 apostolica
1464 3661 1658 3725 roborando.
1706 3660 1884 3746 Sperantes
1908 3659 2021 3744 itaque
2047 3655 2132 3742 quod
2180 3669 2200 3707 ²³

477 3782 537 3847 per
559 3783 644 3842 eum,
668 3762 752 3827 sicut
775 3764 928 3848 angelum
944 3763 1035 3848 pacis
1059 3770 1092 3827 et
1115 3764 1252 3842 consilii,
1277 3764 1476 3829 desiderium
1493 3771 1638 3829 nostrum
1662 3766 1695 3828 in
1718 3765 1779 3828 hac
1793 3769 1886 3849 parte
1911 3761 1953 3826 ad
1977 3761 2134 3826 ellectum

357 3885 395 3929 ss.
410 3891 465 3938 eon.
480 3863 678 3951 perducetur
702 3865 869 3946 obtatum,
891 3887 993 3951 prava
1016 3867 1049 3930 in
1072 3867 1198 3931 directa
1220 3875 1254 3932 et
1277 3868 1403 3932 invias
1426 3869 1541 3952 plenas
1564 3887 1681 3953 aspera
1705 3872 1945 3943 convertentur,
1969 3863 2134 3928 universi-

478 3974 581 4033 tatem
604 3975 746 4032 vestrsm
777 3969 974 4034 monendam
1004 3969 1156 4035 duximus
1191 3980 1224 4036 et
1254 3971 1448 4036 hortandam
1476 3993 1535 4057 per
1566 3972 1748 4058 apostolica
1781 3971 1903 4055 scripta
1926 3968 2133 4048 mandantes,

479 4077 640 4155 quatenus
675 4093 750 4135 eum
784 4073 984 4158 recipientes
1019 4073 1161 4159 benigne
1194 4095 1232 4139 ae
1267 4074 1405 4139 honeste
1439 4080 1636 4152 tractantes,
1672 4073 1857 4138 salubribus
1886 4073 1959 4137 eius
1990 4070 2136 4148 monitis,

480 4175 625 4238 consiliis
661 4181 695 4239 et
728 4173 889 4239 mandatis
928 4176 1046 4241 devote
1081 4199 1119 4242 ac
1152 4178 1323 4243 humiliter
1356 4178 1526 4243 intendere
1559 4179 1760 4264 procuretis,
1794 4167 1847 4241 ita
1869 4175 1958 4261 quod
1994 4181 2135 4239 matrem
2184 4191 2206 4228 w

479 4283 624 4342 vestram
645 4278 827 4342 Romanam
850 4278 1024 4342 ecclesiam
1055 4280 1089 4344 in
1111 4280 1286 4345 devotione
1310 4286 1420 4345 vestra
1448 4281 1595 4346 letificnri
1625 4282 1793 4365 contingat
1821 4286 1855 4344 et
1877 4300 1944 4344 non
1969 4279 2080 4343 minus
2104 4279 2137 4341 in

480 4379 574 4444 vobis
596 4380 706 4444 filialis
729 4379 911 4446 affectionis
935 4382 1079 4447 inveniat
1102 4405 1199 4468 quam
1223 4385 1378 4471 sperarit,
1402 4383 1542 4469 indeque
1566 4385 1757 4449 mereamini
1781 4383 1931 4447 obtinere
1955 4382 1990 4446 in
2014 4383 2137 4447 vestris

480 4481 758 4568 oportunitatibus
781 4491 929 4548 nostrum
951 4485 1109 4550 auxilium
1132 4495 1165 4552 et
1188 4487 1345 4552 favorem.
1389 4487 1547 4574 Alioquin
1571 4489 1726 4574 episcopo
1749 4487 1813 4573 ipsi
1835 4485 2080 4568 mandavimus,
2103 4493 2140 4550 ut

482 4587 676 4651 auctoritate
699 4591 811 4650 nostra
834 4593 947 4651 contra
970 4588 1060 4672 pacis
1085 4589 1233 4654 eiusdem
1249 4591 1426 4656 violatores
1444 4590 1572 4654 sublato
1589 4591 1819 4676 appellationis
1843 4591 2040 4655 obstaculo*
2062 4613 2139 4680 pro-

483 4687 603 4754 cedere
625 4711 692 4753 non
713 4695 898 4775 postponat.
2191 4708 2214 4746 n

588 4808 665 4873 Dat.
689 4807 842 4889 Viterbii,
866 4809 916 4874 IX
937 4808 1013 4875 Kal.
1036 4811 1142 4896 April.
1166 4832 1250 4877 anno
1274 4813 1411 4878 decimo.

590 4929 630 4994 In
654 4929 794 4995 eundern
816 4929 886 4994 fere
909 4931 1039 4996 modum
1064 4933 1219 5019 scriptum
1243 4941 1294 5000 est
1318 4956 1417 5020 super
1440 4935 1502 5000 hoc
1525 4934 1633 5000 eidem
1656 4936 1822 5022 episcopo.

1614 5093 2035 5110 Q

588 5191 610 5254 ¹)
628 5193 677 5243 snb
695 5195 833 5260 apostolice
850 5195 994 5246 obedientia
1011 5195 1040 5245 in
1058 5212 1148 5261 αρορν.
1165 5204 1267 5256 nostra·
1285 5197 1321 5262 cs.
1337 5213 1364 5261 p.
1382 5201 1417 5246 45
1418 5201 1443 5260 5,
1459 5205 1511 5247 not.
1530 5214 1554 5246 α.

584 5310 611 5370 1)
632 5309 783 5380 Siqesrido.
863 5311 891 5377 2)
910 5311 1054 5383 Styefrirlo
1071 5313 1132 5367 ΙΙΙ.
1215 5315 1244 5380 3)
1266 5312 1430 5367 Theoderico
1448 5313 1491 5368 II.
1572 5315 1600 5378 4)
1621 5314 1748 5368 Conrado
1765 5314 1807 5367 II.
1892 5317 1922 5385 5)
1948 5317 1987 5372 Ut
2006 5323 2150 5379 medimna

479 5394 561 5448 initio
578 5410 605 5448 α.
623 5397 710 5462 1236,·
726 5411 789 5449 nam
807 5396 838 5449 in
856 5397 929 5451 Ann.
944 5397 1021 5450 Pluc.
1040 5395 1101 5453 (lib.
1122 5415 1147 5452 α.
1167 5403 1247 5466 1236,
1265 5399 1313 5453 SS.
1332 5405 1350 5454 t.
1363 5398 1484 5466 XVIII,
1497 5416 1528 5469 ρ.
1543 5403 1598 5452 472
1616 5399 1743 5469 lepitana:
1761 5399 1863 5453 Eodem
1882 5403 2020 5473 tempore
2040 5409 2151 5479 [mense
2200 5436 2225 5472 ω

481 5479 595 5549 Martio]
615 5480 704 5534 maior
722 5498 785 5550 pars
803 5482 905 5536 militie
923 5483 1067 5537 Placentie
1086 5487 1165 5538 extra
1183 5485 1327 5539 civitatem
1346 5485 1473 5538 exierant
1491 5487 1520 5538 et
1538 5485 1673 5555 populum
1691 5488 1720 5540 et
1738 5485 1882 5540 civitatem
1902 5492 2101 5562 gueriabsnt,
2127 5503 2153 5554 ct

480 5565 661 5720 gisam-gd.
677 5567 841 5636 populares,
859 5567 907 5638 qni
924 5584 984 5622 cam
1002 5570 1169 5640 imperatore
1181 5577 1323 5640 steterunt,
1340 5575 1511 5625 continenter
1528 5572 1559 5624 in
1576 5571 1686 5626 civitate
1693 5573 1891 5642 praeualuisse
1910 5577 2065 5652 videntur,¹
2082 5585 2153 5642 ibid.

519 5670 571 5708 .n.
591 5656 609 5706 6
631 5658 656 5708 5.
