4596 6406
435 375 498 438 622
848 379 851 386 ’
1005 368 1052 425 EX
1070 367 1245 426 ennoean
1263 366 1301 424 lX
1321 367 1500 425 REGISTRO

436 557 504 614 tum
527 555 692 635 nungente
716 547 881 633 octoginta
903 553 970 611 tres
993 567 1101 611 marce
1126 545 1235 610 extitit
1258 541 1522 630 sterlinguorum,
1546 552 1579 610 et
1602 567 1637 612 se
1660 567 1698 611 ac
1716 552 1929 611 memoratum
1946 543 2089 612 fratrem

436 675 530 718 suum
554 651 752 740 expendisse
776 651 933 716 ducentas
957 653 1124 738 octoginta
1145 673 1270 715 mareas
1295 650 1545 734 sterlinguorum
1568 651 1603 714 iu
1625 651 1856 716 advocatorum
1888 651 2022 716 salariis
2053 659 2090 714 et

435 757 508 822 aliis
530 757 726 822 necessariis
748 777 807 842 pro
831 755 948 819 cedem
969 755 1192 841 recuperando
1214 755 1324 819 debito
1349 762 1506 840 preeunte
1531 762 1642 819 nostra
1664 757 1832 820 taxatione
1855 755 1992 834 iuravit,
2023 776 2088 819 nee

434 884 499 927 non
523 863 663 949 dampna
678 869 812 948 propter
827 859 889 924 hoc
913 861 1107 945 multiplicia
1129 860 1315 940 incurrisse,
1340 881 1401 944 que
1425 859 1557 944 triginta
1581 864 1706 944 septem
1730 881 1912 924 marearum
1935 857 2086 944 excede-

435 967 514 1031 bant
536 968 690 1044 valerem,
715 971 847 1050 recepto
871 963 993 1027 domini
1017 985 1100 1049 pape
1124 962 1276 1027 mandato
1300 961 1341 1025 ad
1365 962 1565 1026 sententiam
1588 962 1826 1047 proterendam,
1851 961 1962 1027 habito
1981 963 2087 1026 etiam

434 1070 631 1156 prudentum
653 1069 795 1133 virorum
819 1076 852 1132 et
875 1068 1063 1153 specialiter
1092 1067 1288 1132 venerabilis
1319 1067 1428 1129 fratris
1461 1065 1584 1130 domini
1607 1065 1718 1150 ligidii
1742 1065 1936 1130 Sanctorum
1960 1064 2088 1130 Cosme

435 1181 469 1238 et
491 1173 644 1238 Damiani
666 1172 794 1237 diaconi
818 1171 993 1235 cardinalis
1017 1171 1168 1248 consilio,
1204 1178 1328 1256 partem
1352 1170 1430 1234 dieti
1453 1169 1691 1255 archiepiscopi
1722 1177 1755 1235 et
1783 1171 1889 1256 ipsum
1917 1169 2087 1255 archiepi-

436 1299 579 1364 scopum,
603 1277 658 1362 qui
681 1275 869 1340 multotiens
893 1281 926 1339 et
949 1276 1135 1360 percuteris
1160 1274 1200 1339 ad
1224 1275 1420 1340 sententiam
1443 1273 1638 1338 audiendam
1670 1274 1788 1338 citatus
1817 1296 1877 1339 uec
1904 1275 1996 1338 venit
2020 1294 2087 1337 uec

434 1381 523 1446 misit
544 1380 701 1450 idoneum
725 1380 967 1465 responsalem,
995 1401 1057 1443 non
1082 1379 1233 1443 obstante
1257 1379 1359 1465 ipsius
1381 1377 1531 1442 absentia
1547 1377 1717 1463 corporali,
1741 1378 1774 1441 in
1803 1378 1891 1443 mille
1919 1377 2086 1443 trecentis

435 1485 553 1549 marcis
568 1485 738 1564 bonorum,
762 1505 919 1548 novorum
944 1491 976 1548 et
998 1484 1154 1568 legalium
1179 1484 1441 1568 sterlinguorum,
1465 1482 1622 1547 tredecim
1646 1482 1758 1547 solidis
1782 1489 1815 1546 et
1838 1491 1977 1568 quatuor
2000 1489 2088 1547 ster·
2187 1501 2189 1506 ‘

434 1588 532 1673 lingis
564 1610 621 1674 pro
652 1609 762 1652 marea
785 1588 931 1673 qualibet
954 1587 1195 1673 computandis,
1226 1588 1308 1672 ipsis
1340 1586 1464 1650 civibus
1488 1586 1778 1672 condempnemus,
1807 1589 1840 1652 in
1863 1588 1983 1652 ceteris
2007 1587 2089 1651 aliis

435 1692 469 1755 in
492 1690 604 1757 libello
628 1692 790 1756 contentis
814 1698 941 1777 partem
969 1692 1207 1777 archiepiscopi
1239 1698 1272 1756 et
1302 1693 1408 1777 ipsum
1437 1691 1720 1777 archiepiscopum
1752 1691 1992 1755 sententialiter
2023 1690 2087 1754 ab·

436 1797 612 1860 solventes.
658 1794 754 1860 Unde
791 1794 831 1859 ad
866 1796 1007 1859 futuram
1031 1797 1221 1861 memoriam
1249 1817 1385 1881 presens
1414 1796 1566 1880 seriptum
1597 1817 1658 1880 per
1688 1815 1803 1858 rnauus
1836 1794 1969 1862 Andree
2001 1795 2087 1859 scri-

435 1900 531 1964 niarii
564 1899 635 1964 fieri
670 1899 823 1974 fecimus,
865 1900 966 1963 nostri
999 1908 1033 1964 et
1060 1899 1258 1964 venerabilis
1285 1899 1416 1964 fratrisl
1437 1899 1560 1965 domiui
1590 1898 1701 1984 Egidii
1733 1898 1904 1963 cardinalis
1933 1898 2089 1963 iamdicti

436 2005 617 2090 sigillorum
639 2004 818 2068 munimine
843 2002 1038 2068 roboratum.

541 2125 662 2190 Actum
684 2125 798 2193 Rome.
828 2146 912 2189 anno
935 2125 1068 2191 Domini
1090 2124 1377 2199 mdcxxxviii,
1401 2123 1577 2188 indictione
1601 2124 1660 2205 XI,
1684 2144 1796 2188 mense
1819 2123 1940 2198 Martii,
1964 2123 2019 2188 die
2041 2124 2089 2204 V,

435 2228 788 2317 pontificatusdomini
813 2229 964 2315 Gregorii
989 2231 1039 2295 IX
1061 2253 1146 2318 pape
1170 2253 1254 2294 anno
1278 2229 1461 2295 undecimo.

541 2351 625 2414 Lata
647 2350 709 2413 luit
732 2351 793 2414 hec
810 2353 973 2432 sententia
990 2353 1021 2416 in
1039 2354 1160 2437 palatio
1175 2353 1316 2438 Augusti
1325 2352 1348 2434 ¹³,
1372 2354 1405 2416 in
1421 2353 1588 2438 presentia
1603 2353 1750 2438 magistri
1764 2349 1933 2427 Bernardi,
1957 2350 2090 2415 domini

434 2455 525 2519 Petri
540 2453 691 2534 Moronti,
714 2455 860 2539 magistri
883 2455 1088 2542 Caputlerrei
1112 2459 1316 2537 clericorum,
1341 2464 1374 2521 et
1397 2456 1599 2521 dominorum
1616 2456 1741 2521 Odonis
1758 2455 1898 2534 Iordaui,
1922 2454 2088 2522 Iohannis

435 2557 579 2639 Andree,
605 2558 717 2622 Iacchi
742 2558 781 2623 dc
812 2558 947 2623 Cataldo
980 2567 1013 2625 et
1040 2560 1195 2626 Iohannis
1218 2561 1346 2626 Rustici
1376 2562 1529 2640 militum,
1559 2561 1599 2625 ad
1630 2559 1690 2626 hee
1719 2563 1851 2626 testium
1881 2569 2088 2644 rogatorum.
2147 2587 2174 2626 eo

543 2679 587 2743 Et
622 2701 683 2765 ego
714 2680 864 2745 Andreas
901 2688 1013 2745 sancte
1048 2683 1196 2749 Romane
1231 2684 1370 2768 ecclesie
1406 2685 1593 2748 scriniarius
1625 2683 1665 2748 dc
1697 2681 1847 2747 mandato
1882 2682 2092 2747 venerabilis

435 2783 537 2869 patris
553 2783 676 2847 domini
688 2783 844 2849 Iohannis
861 2785 947 2849 tituli
963 2785 1082 2851 Sancte
1096 2787 1257 2853 Praxedis
1273 2789 1459 2874 presbyteri
1483 2789 1655 2852 cardinalis
1679 2787 1817 2872 predicti
1839 2787 1924 2850 hano
1949 2795 2092 2852 senten·

433 2888 511 2950 tiam
536 2887 651 2972 scripsi
677 2895 711 2950 et
733 2889 863 2973 signum
886 2888 959 2955 ioci.

543 3468 732 3581 Gregorius
753 3499 810 3564 IX
826 3521 913 3582 papa
935 3501 1135 3566 Ferae-aaa
1159 3501 1373 3566 Romanorum
1401 3503 1618 3582 iaperatorem
1646 3506 1751 3584 rapat,
1785 3506 1820 3565 at
1850 3504 2091 3586 crucesignatis,

434 3609 490 3689 piri
522 3606 558 3669 ia
585 3604 758 3670 subsidiem
779 3605 1025 3684 periclitantium
1047 3605 1236 3670 Latinorum
1265 3612 1371 3671 contra
1397 3609 1534 3672 Graecas
1561 3607 1771 3671 srlrismaticos
1802 3611 1831 3671 el
1859 3607 2032 3671 baereticae
2055 3629 2091 3672 ae
2149 3627 2174 3665 ar

434 3711 637 3788 acciaeeriat,
656 3708 863 3796 favorabilem
886 3727 917 3772 sc
938 3709 1090 3773 exhibeat.
1704 3715 1797 3790 1238,
1820 3711 1921 3777 Mart.
1945 3715 1996 3776 12.

540 3831 620 3900 (ἶνες.
640 3831 688 3884 IX
704 3830 770 3901 Rea.
793 3829 850 3884 Vol.
874 3829 904 3892 V,
928 3833 998 3896 3655
1021 3829 1084 3882 Lib.
1103 3829 1159 3898 XI,
1185 3833 1247 3883 447.

539 3919 673 3984 Poltbast,
694 3916 762 3986 Rep.
781 3919 881 3969 10534.

691 4113 940 4202 Friderico,
968 4112 1155 4188 illustri
1183 4113 1511 4189 Romanorum
1538 4113 1822 4207 imperatori

1003 4258 1193 4330 semper
1219 4243 1424 4330 augusto
1452 4242 1536 4312 etc.

541 4385 719 4472 Postquam
749 4385 928 4450 Grecorum
962 4386 1103 4471 populus
1138 4386 1178 4451 ab
1214 4385 1403 4450 obedientia
1431 4385 1577 4450 Romane
1611 4385 1752 4450 ecclesie
1785 4384 1977 4466 declinavit,
2013 4407 2082 4452 nou

435 4492 540 4556 solum
564 4497 676 4556 contra
699 4489 835 4555 eandem
860 4491 1033 4554 ecclesiam
1057 4491 1181 4555 scisma
1202 4491 1292 4572 fovit,
1316 4511 1429 4555 verum
1453 4491 1550 4554 etiam
1574 4491 1621 4554 sic
1643 4489 1857 4574 degeneravit
1887 4490 1926 4555 de
1950 4491 2019 4555 filio
2049 4491 2085 4555 in

434 4595 619 4681 privignum
643 4602 676 4660 et
698 4596 790 4659 vanis
812 4616 850 4658 ac
873 4594 971 4657 variis
995 4593 1196 4660 diversarum
1219 4594 1372 4659 heresum
1396 4594 1537 4659 nexibus
1569 4616 1603 4658 sc
1631 4593 1787 4678 ingessit,
1820 4592 1904 4678 quod
1928 4593 2084 4660 Greciam

434 4719 519 4783 pene
543 4705 644 4763 totam
667 4698 810 4762 heretice
834 4697 1003 4783 pravitatis
1038 4698 1162 4762 zizania
1190 4697 1387 4780 infecerunt,
1418 4707 1551 4785 propter
1580 4697 1667 4783 quod
1696 4699 1730 4762 iu
1757 4696 2081 4764 abhominationibus

435 4802 503 4865 suis
538 4810 649 4867 contra
684 4825 740 4868 ecs
763 4800 924 4865 Dominus
956 4800 997 4865 ad
1028 4800 1229 4865 iracundiam
1252 4810 1457 4888 provecatus,
1485 4810 1522 4867 ut
1544 4823 1643 4888 super
1666 4811 1759 4876 eum⁰
1782 4803 1915 4886 sanguis
1950 4805 2079 4870 veniret
2136 4852 2143 4865 .

279 4907 553 4994 tritennaripsius,
576 4908 706 4972 vocavit
721 4908 845 4972 electos
868 4927 955 4986 suos,
979 4913 1012 4971 et
1034 4907 1173 4991 ingressi
1197 4914 1272 4971 sunt
1294 4913 1405 4994 portas
1429 4908 1510 4986 eius,
1532 4928 1592 4992 per
1614 4927 1695 4991 quos
1717 4905 1854 4993 perditis
1877 4906 1962 4971 male
1985 4909 2082 4973 malis

435 5012 565 5075 vineam
604 5031 695 5074 suam
736 5009 857 5074 locavit
890 5010 962 5073 aliis
1005 5009 1157 5094 agricolis
1193 5011 1421 5094 excolendam,
1459 5012 1592 5076 tradens
1632 5009 1812 5076 Grecorum
1842 5011 2016 5096 imperium
2048 5014 2083 5077 in

434 5114 583 5180 manibus
604 5113 812 5189 Latinorum;
851 5134 908 5199 pro
933 5114 1024 5178 euius
1049 5113 1317 5180 conservationer
1343 5122 1463 5202 quanto
1497 5115 1614 5181 sudore
1649 5113 1830 5180 laboratum
1853 5115 1896 5178 sit
1919 5115 2081 5180 haetenus

436 5228 622 5305 quantoque
638 5217 750 5283 labere
767 5217 928 5298 sudatum,
952 5217 1154 5303 imperialem
1179 5220 1409 5285 excellentiam
1432 5221 1594 5286 credimus
1617 5242 1684 5285 non
1699 5220 1812 5285 latero.
1860 5218 1918 5283 Set
1932 5223 2081 5305 peccatis

435 5325 643 5408 exigentibus
667 5321 749 5386 adeo
772 5322 932 5386 diminuta
956 5331 1007 5385 est
1030 5329 1063 5386 et
1086 5322 1274 5390 diminuitur
1289 5325 1646 5412 potentiaLatinorum,
1670 5323 1948 5389 invalescentibus
1966 5332 2083 5390 contra
2137 5352 2166 5392 aa

435 5449 492 5492 eos
524 5429 667 5513 graviter
700 5427 855 5508 inimicis,
892 5425 976 5511 quod
1005 5426 1067 5492 nisi
1096 5428 1248 5493 celeriter
1276 5429 1382 5494 eidem
1414 5430 1551 5516 imperio
1582 5435 1807 5516 succurratur,
1837 5426 1966 5492 Latinis
1996 5429 2080 5515 ipsis

965 5590 1029 5595 —-
1925 5590 1975 5597 -—

548 5693 569 5755 ι)
589 5692 667 5759 patna
686 5690 718 5740 Β,
826 5690 850 5754 ¹³)
869 5692 987 5758 Anguste
1009 5690 1041 5741 Il.
1144 5691 1166 5758 Ε)
1186 5693 1221 5742 ita
1240 5692 1271 5744 n.
1380 5689 1403 5754 ἀ>
1422 5692 1603 5744 observatione
1621 5692 1653 5742 B.
