4590 6366
752 343 952 406 amsuchan
969 346 1158 408 amacura.
1195 349 1271 408 1235.
1811 355 1874 421 517

221 528 370 591 retorem.
387 523 528 591 eundem
559 522 658 589 ivisse
681 521 722 590 de
751 521 905 590 mandato
935 523 1013 589 dicti
1040 524 1160 592 nobilis
1187 527 1371 592 referuntur
1381 525 1405 608 ¹,
1437 547 1615 614 suspensos
1639 526 1680 594 ab
1709 527 1817 595 officio
1841 535 1875 594 et

218 628 380 694 beneficio
404 629 447 694 sd
473 635 620 692 nostram
644 628 756 693 venire
779 629 981 715 presentiam
1010 651 1070 715 per
1092 650 1263 694 censuram
1287 629 1545 694 ecclesiasticam
1575 633 1796 718 appellatione
1820 653 1872 698 re·

219 739 309 796 mota
337 732 532 818 compelles,
564 731 761 811 iuramenta,
791 752 855 816 que
886 731 963 795 dicti
998 731 1144 819 episcopi
1174 753 1232 796 seu
1263 731 1401 817 quilibet
1428 731 1485 795 alii
1515 740 1627 798 contre
1655 735 1873 800 iuramentum

218 833 386 914 fidelitatis
417 835 564 922 predicto
596 834 786 919 imperatori
815 834 988 919 prestitum
1016 834 1142 920 prelato
1174 834 1277 898 nobili
1300 835 1533 920 prestiterunt,
1564 836 1657 900 irrita
1678 838 1872 902 auctoritate

153 960 165 998 s
218 943 330 1001 nostra
364 938 593 1025 promulgans,
626 957 755 1001 necnon
784 936 968 1021 quibusque
1002 937 1130 1002 clericis
1163 938 1223 1002 sub
1255 959 1341 1024 pena
1371 938 1468 1002 officii
1503 945 1538 1014 et
1568 939 1720 1004 beneficii
1755 941 1872 1006 eadem
1999 955 2003 966 ’

217 1041 410 1105 auctoritate
442 1040 620 1105 districtius
656 1039 828 1118 inhibens,
848 1039 950 1125 'quod
987 1039 1156 1127 sepedicto
1189 1040 1293 1105 nobili
1323 1047 1436 1106 contra
1469 1041 1702 1129 imperatorem
1732 1043 1871 1108 eundem

215 1143 373 1208 assistere
396 1143 602 1228 aliquatenus
626 1163 691 1206 nou
714 1148 916 1228 presumant.
1285 1143 1288 1148 ’

322 1260 400 1328 Dat.
422 1263 563 1344 Perusii‚
584 1261 637 1327 III
659 1262 708 1328 Id.
732 1262 854 1343 Martii,
878 1283 963 1328 anno
986 1267 1113 1326 octavo.

322 1381 361 1446 In
384 1383 524 1449 eundem
546 1382 676 1448 modum
701 1430 708 1445 .
732 1431 740 1446 .
764 1382 920 1468 episcopo
942 1380 1192 1447 Ildesemensi².

997 1831 1084 1904 632.

137 2002 162 2041 ro
320 1949 511 2060 Graecias
537 1971 594 2038 IX
615 1991 704 2053 papa
730 1973 910 2050 potestatem
943 1974 973 2034 et
998 1971 1154 2051 populum
1186 1970 1413 2039 Taacoaeascm
1442 1996 1464 2039 o
1493 1975 1681 2042 iuramenta
1710 1977 1866 2046 Rauracis

204 2080 371 2163 praestitis
390 2079 516 2160 penitae
537 2075 677 2141 absolvit.
725 2071 777 2158 Of.
800 2093 833 2137 a.
858 2075 921 2137 618
942 2078 973 2138 et
995 2074 1066 2140 629.
1483 2080 1577 2157 1235,
1599 2079 1703 2146 Mart.
1727 2083 1778 2148 18.

315 2197 397 2268 Grec.
416 2197 466 2252 IX
481 2196 551 2266 Ray.
575 2194 630 2248 Vol.
649 2192 703 2263 IV,
720 2197 792 2260 260;
809 2193 871 2248 Lib.
894 2193 981 2260 VIII,
998 2196 1063 2246 468.

596 2431 605 2448 .
635 2429 644 2447 .
671 2371 884 2466 potestati
912 2376 953 2444 et
980 2373 1143 2464 populo
1170 2372 1477 2448 Tuscenensi³.

319 2524 400 2589 Cum
424 2524 502 2588 olim
531 2523 646 2588 civitas
669 2522 908 2602 Tuscanensis‚
941 2543 1003 2607 que
1033 2523 1113 2586 iuris
1144 2522 1235 2610 beati
1258 2524 1348 2588 Petri
1371 2524 1502 2606 existit,
1533 2526 1696 2590 continuis
1726 2533 1817 2591 esset
1843 2548 1864 2590 a

135 2653 158 2691 e
210 2628 366 2694 Romanis
390 2629 502 2692 attrita
523 2647 713 2712 guerrarum
737 2625 931 2711 impulsibus
955 2632 989 2690 et
1010 2625 1160 2712 dampnis
1183 2627 1337 2711 gravibus
1353 2627 1517 2702 lacessita,
1540 2627 1707 2692 fidelitatis
1731 2629 1779 2693 eis
1802 2651 1863 2715 per

209 2733 399 2797 violentiam
421 2731 615 2810 iuramenta,
638 2730 729 2794 salvo
751 2728 904 2794 mandato
928 2750 987 2793 seu
1009 2727 1167 2794 fidelitate
1184 2729 1272 2794 sedis
1289 2730 1480 2816 apostolice,
1504 2730 1650 2795 dicimini
1666 2732 1861 2817 prestitisse.

208 2833 278 2899 Nos
308 2835 423 2920 igitur,
458 2831 667 2897 attendentes
697 2833 881 2897 iuramenta
912 2831 1098 2897 huiusmodi
1127 2853 1193 2896 non
1221 2854 1319 2918 posse
1350 2833 1453 2920 recipi
1483 2834 1536 2899 vel
1564 2835 1707 2919 prestari
1737 2833 1861 2919 absque

207 2937 388 3023 preiudioio
406 2935 553 3000 Romane
577 2935 718 2999 ecclesie
742 2955 780 2999 ac
802 2935 906 3021 ipsius
929 2935 1048 3000 iniuria
1071 2943 1104 3000 et
1127 2941 1327 3021 contemptu,
1350 2934 1391 3000 de
1414 2937 1550 3000 fratrum
1573 2943 1758 3000 nostrorum
1782 2957 1860 3000 oon-

209 3042 282 3106 silio
306 3035 489 3105 iurambnta
511 3037 627 3104 eadem
650 3038 849 3118 relaxantes,
872 3059 931 3102 vos
954 3039 995 3103 ab
1019 3039 1068 3102 eis
1085 3037 1250 3102 reddimus
1273 3039 1404 3124 penitus
1420 3038 1599 3120 absolutos,
1623 3059 1662 3103 ac
1685 3039 1727 3103 ad
1749 3060 1861 3106 eorum

132 3165 159 3203 ao
211 3144 455 3210 observantiam
489 3141 694 3208 decernimus
728 3161 796 3204 non
827 3141 943 3206 teneri.
997 3139 1089 3205 Nulli
1122 3163 1201 3227 ergo
1234 3147 1346 3206 nostre
1381 3142 1598 3207 absolutionis
1632 3149 1666 3207 et
1701 3144 1861 3208 constitu·

123 3273 130 3286 ·
172 3313 182 3332 ,
209 3249 307 3314 tionis
331 3255 394 3314 eto.
441 3246 571 3331 Siquis
595 3251 706 3310 autem
730 3251 792 3309 etc.

316 3368 393 3432 Dat.
417 3367 558 3447 Perusii‚
580 3363 645 3429 XV
667 3361 743 3428 Kal.
765 3363 872 3451 April.
896 3384 981 3428 anno
1006 3370 1132 3428 octavo.

313 3489 353 3552 In
377 3488 518 3554 eundem
540 3486 672 3552 modum
697 3486 884 3550 consulibus
909 3491 942 3550 et
964 3487 1086 3573 populo
1111 3485 1306 3550 Oorneteno.

312 3592 352 3657 In
377 3592 516 3658 eundem
539 3590 671 3655 modum
695 3589 885 3654 oonsulibus
908 3596 942 3654 et
964 3591 1087 3676 populo
1111 3589 1255 3653 Sutrino.

312 3697 351 3760 In
375 3694 515 3760 eundem
538 3692 669 3758 modum
692 3693 882 3757 consulibus
906 3698 940 3757 et
962 3693 1083 3779 populo
1108 3691 1260 3757 Civitatis
1285 3689 1483 3756 Castellane.

311 3799 351 3862 Iu
374 3798 515 3864 eundem
538 3796 670 3861 modum
693 3797 849 3882 potestati
873 3802 907 3861 et
929 3797 1051 3882 populo
1075 3796 1258 3862 Narniensi.

310 3901 350 3966 In
374 3901 515 3966 eundem
537 3899 669 3965 modum
693 3900 883 3963 consulibus
907 3906 941 3962 et
963 3901 1085 3987 populo
1108 3898 1301 3964 Montisalti.

311 4005 350 4069 In
374 4005 514 4070 eundem
537 4004 669 4069 modum
691 4003 848 4090 potestati
872 4009 905 4068 et
928 4004 1050 4089 populo
1072 4002 1266 4068 Ameliensi.

310 4108 350 4173 In
373 4108 514 4173 eundem
537 4106 669 4171 modum
692 4106 876 4170 rectoribus
900 4113 933 4169 et
955 4107 1077 4193 populo
1102 4105 1236 4171 Ortano.

309 4211 349 4275 In
373 4211 513 4277 eundem
535 4210 667 4275 modum
691 4209 881 4274 consulibus
905 4215 939 4274 et
960 4210 1082 4295 populo
1105 4208 1284 4295 Nepesino.

310 4315 350 4379 Iu
373 4315 514 4381 eundem
536 4314 668 4379 modum
691 4313 854 4378 universis
878 4311 1030 4376 fidelibus
1053 4311 1174 4375 nostris
1197 4331 1256 4396 per
1280 4308 1446 4373 Sabiniam
1469 4306 1665 4372 constitutis.

821 4555 1232 4564 ---—-—————-

982 4765 1070 4836 633.

308 4879 499 4991 &reperias
524 4906 581 4971 IX
597 4926 689 4987 popa
714 4905 870 4970 universis
895 4903 1041 4986 fidelitate
1062 4904 1130 4968 sois
1148 4925 1207 4984 per
1228 4901 1394 4968 sabiniam
1414 4901 1589 4965 constitutis
1608 4898 1782 4978 inbrdmit,
1811 4918 1851 4962 ae

199 5016 336 5077 castrum
357 5012 425 5074 sine
446 5008 735 5090 apostolicaesedis
756 5009 884 5073 licentio
905 5007 1069 5088 aedificent
1089 5007 1138 5071 ocl
1158 5007 1363 5087 reaedificent.
1467 5005 1561 5080 1235,
1585 5003 1687 5067 Mart.
1712 5005 1763 5066 18.

304 5128 384 5198 Greq.
404 5127 453 5182 IX
470 5128 541 5199 aeq.
562 5127 620 5182 Vol.
639 5126 692 5192 IV,
710 5130 783 5195 260;
799 5126 862 5180 Lib.
883 5125 971 5190 VIII,
989 5129 1052 5179 469.

120 5228 146 5267 aa
302 5217 439 5284 Potttast
458 5213 526 5283 Bep.
546 5216 629 5268 9862.

303 5457 329 5526 l)
349 5455 392 5525 Os.
411 5455 528 5510 Heastei
543 5455 619 5526 repis
637 5417 744 5509 litteras
761 5471 788 5508 o.
806 5457 886 5521 1234,
905 5453 976 5506 Noc.
993 5455 1030 5505 13
1047 5458 1073 5506 et
1090 5456 1123 5506 14
1140 5451 1232 5516 datos,
1249 5467 1295 5519 ep.
1314 5446 1614 5512 Haillarddlrtbolles,
1635 5445 1653 5499 1.
1671 5459 1694 5499 c.
1711 5448 1731 5500 t.
1749 5443 1803 5510 IV,
1816 5461 1847 5514 p.

199 5546 352 5608 cue—696,
369 5547 396 5597 et
411 5543 620 5598 iastrumastam
636 5540 760 5610 foederis
777 5539 850 5594 later
867 5541 959 5609 ipsum
976 5541 1002 5592 et
1020 5537 1191 5593 Lombardca
1209 5537 1277 5592 Dec.
1295 5540 1330 5590 17
1346 5534 1418 5601 iaits',
1435 5532 1533 5588 ibidem
1549 5549 1577 5600 p.
1597 5535 1660 5584 701.
1730 5531 1757 5598 2)
1777 5528 1847 5584 (loa-

196 5629 267 5688 rodo
285 5631 325 5684 II.
395 5629 422 5696 3)
441 5628 519 5683 Haec
536 5627 635 5682 aeras
652 5629 678 5680 ct
694 5627 775 5696 iufra
792 5626 949 5681 minatae
967 5640 1058 5678 amaea
1075 5625 1106 5678 ἐκ
1125 5621 1334 5695 septentrionali
1346 5619 1512 5692 patrimonii
1525 5620 1607 5689 porte
1622 5618 1693 5672 attae
1711 5620 1784 5674 aaut.
