<?xml version="1.0" encoding="UTF-8"?>
<!DOCTYPE html PUBLIC "-//W3C//DTD XHTML 1.0 Transitional//EN"
    "http://www.w3.org/TR/xhtml1/DTD/xhtml1-transitional.dtd">
<html xmlns="http://www.w3.org/1999/xhtml" xml:lang="en" lang="en">
 <head>
  <title>
</title>
<meta http-equiv="Content-Type" content="text/html;charset=utf-8" />
  <meta name='ocr-system' content='tesseract 3.04.00' />
  <meta name='ocr-capabilities' content='ocr_page ocr_carea ocr_par ocr_line ocrx_word'/>
</head>
<body>
  <div class='ocr_page' id='page_1' title='image "./monumentagerman00peipgoog/monumentagerman00peipgoog_0520.png"; bbox 0 0 4576 6390; ppageno 0'>
   <div class='ocr_carea' id='block_1_1' title="bbox 722 399 1242 459">
    <p class='ocr_par' dir='ltr' id='par_1_1' title="bbox 722 399 1242 459">
     <span class='ocr_line' id='line_1_1' title="bbox 722 399 1242 459; baseline 0.01 -7"><span class='ocrx_word' id='word_1_1' title='bbox 722 399 923 456; x_wconf 79' lang='lat' dir='ltr'><strong>EPISTOLAE</strong></span> <span class='ocrx_word' id='word_1_2' title='bbox 941 400 1130 456; x_wconf 69' lang='lat' dir='ltr'>subitonus.</span> <span class='ocrx_word' id='word_1_3' title='bbox 1167 403 1242 459; x_wconf 77' lang='lat'>1234.</span> 
     </span>
    </p>
   </div>
   <div class='ocr_carea' id='block_1_2' title="bbox 268 570 1173 3525">
    <p class='ocr_par' dir='ltr' id='par_1_2' title="bbox 268 570 1096 659">
     <span class='ocr_line' id='line_1_2' title="bbox 268 570 1096 659; baseline 0.002 -23"><span class='ocrx_word' id='word_1_4' title='bbox 268 572 308 636; x_wconf 93' lang='lat' dir='ltr'>In</span> <span class='ocrx_word' id='word_1_5' title='bbox 332 571 472 638; x_wconf 88' lang='lat' dir='ltr'>eundem</span> <span class='ocrx_word' id='word_1_6' title='bbox 495 570 627 637; x_wconf 88' lang='lat' dir='ltr'>modum</span> <span class='ocrx_word' id='word_1_7' title='bbox 651 573 806 659; x_wconf 88' lang='lat' dir='ltr'>episcopo</span> <span class='ocrx_word' id='word_1_8' title='bbox 830 572 1096 659; x_wconf 88' lang='lat' dir='ltr'>Herbipolensi¹.</span> 
     </span>
    </p>

    <p class='ocr_par' dir='ltr' id='par_1_3' title="bbox 269 675 1101 866">
     <span class='ocr_line' id='line_1_3' title="bbox 270 675 1101 762; baseline 0.007 -23"><span class='ocrx_word' id='word_1_9' title='bbox 270 675 310 739; x_wconf 93' lang='lat' dir='ltr'>In</span> <span class='ocrx_word' id='word_1_10' title='bbox 333 676 473 740; x_wconf 87' lang='lat' dir='ltr'>eundem</span> <span class='ocrx_word' id='word_1_11' title='bbox 496 676 628 740; x_wconf 87' lang='lat' dir='ltr'>modum</span> <span class='ocrx_word' id='word_1_12' title='bbox 652 677 808 762; x_wconf 88' lang='lat' dir='ltr'>episeopo</span> <span class='ocrx_word' id='word_1_13' title='bbox 830 675 1101 760; x_wconf 81' lang='lat' dir='ltr'>Argentinensi².</span> 
     </span>
     <span class='ocr_line' id='line_1_4' title="bbox 269 776 1016 866; baseline 0.003 -26"><span class='ocrx_word' id='word_1_14' title='bbox 269 776 309 841; x_wconf 92' lang='lat' dir='ltr'>In</span> <span class='ocrx_word' id='word_1_15' title='bbox 332 780 473 845; x_wconf 88' lang='lat' dir='ltr'>eundem</span> <span class='ocrx_word' id='word_1_16' title='bbox 497 779 628 844; x_wconf 88' lang='lat' dir='ltr'>modurn</span> <span class='ocrx_word' id='word_1_17' title='bbox 650 779 806 866; x_wconf 92' lang='lat' dir='ltr'>episcopo</span> <span class='ocrx_word' id='word_1_18' title='bbox 830 778 1016 864; x_wconf 83' lang='lat' dir='ltr'>Spirensi³.</span> 
     </span>
    </p>

    <p class='ocr_par' dir='ltr' id='par_1_4' title="bbox 269 881 1005 968">
     <span class='ocr_line' id='line_1_5' title="bbox 269 881 1005 968; baseline 0 -22"><span class='ocrx_word' id='word_1_19' title='bbox 269 881 310 946; x_wconf 93' lang='lat' dir='ltr'>In</span> <span class='ocrx_word' id='word_1_20' title='bbox 332 883 472 947; x_wconf 87' lang='lat' dir='ltr'>eundem</span> <span class='ocrx_word' id='word_1_21' title='bbox 495 882 627 947; x_wconf 90' lang='lat' dir='ltr'>modum</span> <span class='ocrx_word' id='word_1_22' title='bbox 650 883 805 968; x_wconf 86' lang='lat' dir='ltr'>episcopo</span> <span class='ocrx_word' id='word_1_23' title='bbox 828 881 1005 946; x_wconf 77' lang='lat' dir='ltr'>Mctensi‘.</span> 
     </span>
    </p>

    <p class='ocr_par' dir='ltr' id='par_1_5' title="bbox 268 983 1163 1381">
     <span class='ocr_line' id='line_1_6' title="bbox 268 983 1112 1070; baseline 0.001 -22"><span class='ocrx_word' id='word_1_24' title='bbox 268 983 308 1048; x_wconf 93' lang='lat' dir='ltr'>In</span> <span class='ocrx_word' id='word_1_25' title='bbox 333 984 470 1050; x_wconf 90' lang='lat' dir='ltr'>cundem</span> <span class='ocrx_word' id='word_1_26' title='bbox 495 985 627 1050; x_wconf 91' lang='lat' dir='ltr'>modum</span> <span class='ocrx_word' id='word_1_27' title='bbox 651 985 807 1070; x_wconf 86' lang='lat' dir='ltr'>episcopo</span> <span class='ocrx_word' id='word_1_28' title='bbox 830 983 1112 1069; x_wconf 79' lang='lat' dir='ltr'>Mersburgensi⁵.</span> 
     </span>
     <span class='ocr_line' id='line_1_7' title="bbox 268 1083 1163 1174; baseline 0.001 -23"><span class='ocrx_word' id='word_1_29' title='bbox 268 1087 309 1152; x_wconf 91' lang='lat' dir='ltr'>In</span> <span class='ocrx_word' id='word_1_30' title='bbox 332 1089 472 1154; x_wconf 88' lang='lat' dir='ltr'>eundem</span> <span class='ocrx_word' id='word_1_31' title='bbox 496 1089 627 1154; x_wconf 87' lang='lat' dir='ltr'>modum</span> <span class='ocrx_word' id='word_1_32' title='bbox 650 1090 805 1174; x_wconf 87' lang='lat' dir='ltr'>episeopo</span> <span class='ocrx_word' id='word_1_33' title='bbox 830 1087 1105 1154; x_wconf 63' lang='lat' dir='ltr'>Constantianam.</span> <span class='ocrx_word' id='word_1_34' title='bbox 1160 1083 1163 1090; x_wconf 78' lang='grc'><strong><em>’</em></strong></span> 
     </span>
     <span class='ocr_line' id='line_1_8' title="bbox 269 1189 1119 1278; baseline 0.001 -24"><span class='ocrx_word' id='word_1_35' title='bbox 269 1190 310 1254; x_wconf 91' lang='lat' dir='ltr'>In</span> <span class='ocrx_word' id='word_1_36' title='bbox 333 1189 473 1256; x_wconf 88' lang='lat' dir='ltr'>eundem</span> <span class='ocrx_word' id='word_1_37' title='bbox 497 1192 628 1256; x_wconf 90' lang='lat' dir='ltr'>modum</span> <span class='ocrx_word' id='word_1_38' title='bbox 651 1193 807 1278; x_wconf 85' lang='lat' dir='ltr'>episeopo</span> <span class='ocrx_word' id='word_1_39' title='bbox 831 1191 1119 1256; x_wconf 57' lang='lat' dir='ltr'>Menanteriensii.</span> 
     </span>
     <span class='ocr_line' id='line_1_9' title="bbox 268 1292 1048 1381; baseline 0.003 -25"><span class='ocrx_word' id='word_1_40' title='bbox 268 1292 308 1356; x_wconf 93' lang='lat' dir='ltr'>In</span> <span class='ocrx_word' id='word_1_41' title='bbox 331 1293 472 1358; x_wconf 87' lang='lat' dir='ltr'>eundem</span> <span class='ocrx_word' id='word_1_42' title='bbox 495 1294 627 1360; x_wconf 90' lang='lat' dir='ltr'>modum</span> <span class='ocrx_word' id='word_1_43' title='bbox 651 1295 805 1381; x_wconf 87' lang='lat' dir='ltr'>episeopo</span> <span class='ocrx_word' id='word_1_44' title='bbox 828 1295 1048 1359; x_wconf 79' lang='lat' dir='ltr'>Prixinensi⁸.</span> 
     </span>
    </p>

    <p class='ocr_par' dir='ltr' id='par_1_6' title="bbox 269 1394 1059 1484">
     <span class='ocr_line' id='line_1_10' title="bbox 269 1394 1059 1484; baseline 0.001 -24"><span class='ocrx_word' id='word_1_45' title='bbox 269 1395 310 1460; x_wconf 91' lang='lat' dir='ltr'>In</span> <span class='ocrx_word' id='word_1_46' title='bbox 333 1394 474 1461; x_wconf 88' lang='lat' dir='ltr'>eundem</span> <span class='ocrx_word' id='word_1_47' title='bbox 497 1397 629 1462; x_wconf 92' lang='lat' dir='ltr'>modum</span> <span class='ocrx_word' id='word_1_48' title='bbox 653 1399 808 1484; x_wconf 87' lang='lat' dir='ltr'>episcopo</span> <span class='ocrx_word' id='word_1_49' title='bbox 831 1397 1025 1462; x_wconf 81' lang='lat' dir='ltr'>Tridentino</span> <span class='ocrx_word' id='word_1_50' title='bbox 1036 1399 1059 1461; x_wconf 77' lang='lat'>⁹.</span> 
     </span>
    </p>

    <p class='ocr_par' dir='ltr' id='par_1_7' title="bbox 271 1497 1066 1566">
     <span class='ocr_line' id='line_1_11' title="bbox 271 1497 1066 1566; baseline 0.005 -5"><span class='ocrx_word' id='word_1_51' title='bbox 271 1497 311 1562; x_wconf 91' lang='lat' dir='ltr'>In</span> <span class='ocrx_word' id='word_1_52' title='bbox 334 1499 474 1564; x_wconf 88' lang='lat' dir='ltr'>eundem</span> <span class='ocrx_word' id='word_1_53' title='bbox 497 1500 630 1564; x_wconf 92' lang='lat' dir='ltr'>modum</span> <span class='ocrx_word' id='word_1_54' title='bbox 653 1500 765 1564; x_wconf 88' lang='lat' dir='ltr'>abbati</span> <span class='ocrx_word' id='word_1_55' title='bbox 788 1500 1019 1565; x_wconf 83' lang='lat' dir='ltr'>Hersfeldensi</span> <span class='ocrx_word' id='word_1_56' title='bbox 1029 1501 1066 1566; x_wconf 85' lang='lat'>¹⁰.</span> 
     </span>
    </p>

    <p class='ocr_par' dir='ltr' id='par_1_8' title="bbox 270 1601 1056 1671">
     <span class='ocr_line' id='line_1_12' title="bbox 270 1601 1056 1671; baseline 0.009 -7"><span class='ocrx_word' id='word_1_57' title='bbox 270 1601 310 1664; x_wconf 93' lang='lat' dir='ltr'>In</span> <span class='ocrx_word' id='word_1_58' title='bbox 333 1601 472 1666; x_wconf 88' lang='lat' dir='ltr'>eundern</span> <span class='ocrx_word' id='word_1_59' title='bbox 495 1603 627 1668; x_wconf 90' lang='lat' dir='ltr'>modum</span> <span class='ocrx_word' id='word_1_60' title='bbox 650 1604 760 1667; x_wconf 87' lang='lat' dir='ltr'>abbati</span> <span class='ocrx_word' id='word_1_61' title='bbox 784 1602 896 1667; x_wconf 79' lang='lat' dir='ltr'>Sancti</span> <span class='ocrx_word' id='word_1_62' title='bbox 919 1602 1056 1671; x_wconf 55' lang='lat' dir='ltr'>Gallim.</span> 
     </span>
    </p>

    <p class='ocr_par' dir='ltr' id='par_1_9' title="bbox 269 1705 1022 1771">
     <span class='ocr_line' id='line_1_13' title="bbox 269 1705 1022 1771; baseline 0.003 -2"><span class='ocrx_word' id='word_1_63' title='bbox 269 1705 309 1769; x_wconf 93' lang='lat' dir='ltr'>In</span> <span class='ocrx_word' id='word_1_64' title='bbox 333 1705 472 1770; x_wconf 90' lang='lat' dir='ltr'>eundem</span> <span class='ocrx_word' id='word_1_65' title='bbox 497 1706 628 1771; x_wconf 91' lang='lat' dir='ltr'>modum</span> <span class='ocrx_word' id='word_1_66' title='bbox 651 1706 762 1771; x_wconf 84' lang='lat' dir='ltr'>abbati</span> <span class='ocrx_word' id='word_1_67' title='bbox 785 1706 970 1771; x_wconf 83' lang='lat' dir='ltr'>Elwsoensi</span> <span class='ocrx_word' id='word_1_68' title='bbox 984 1706 1022 1771; x_wconf 81' lang='lat'>¹².</span> 
     </span>
    </p>

    <p class='ocr_par' dir='ltr' id='par_1_10' title="bbox 269 1807 994 1894">
     <span class='ocr_line' id='line_1_14' title="bbox 269 1807 994 1894; baseline 0.003 -22"><span class='ocrx_word' id='word_1_69' title='bbox 269 1807 309 1873; x_wconf 93' lang='lat' dir='ltr'>In</span> <span class='ocrx_word' id='word_1_70' title='bbox 332 1808 472 1873; x_wconf 87' lang='lat' dir='ltr'>cundem</span> <span class='ocrx_word' id='word_1_71' title='bbox 495 1809 627 1874; x_wconf 89' lang='lat' dir='ltr'>modum</span> <span class='ocrx_word' id='word_1_72' title='bbox 650 1809 760 1874; x_wconf 87' lang='lat' dir='ltr'>abbati</span> <span class='ocrx_word' id='word_1_73' title='bbox 782 1809 994 1894; x_wconf 83' lang='lat' dir='ltr'>Augiensi¹³.</span> 
     </span>
    </p>

    <p class='ocr_par' dir='ltr' id='par_1_11' title="bbox 270 1911 1161 2102">
     <span class='ocr_line' id='line_1_15' title="bbox 270 1911 1161 1998; baseline 0.002 -23"><span class='ocrx_word' id='word_1_74' title='bbox 270 1911 309 1975; x_wconf 92' lang='lat' dir='ltr'>In</span> <span class='ocrx_word' id='word_1_75' title='bbox 333 1913 473 1976; x_wconf 87' lang='lat' dir='ltr'>eundem</span> <span class='ocrx_word' id='word_1_76' title='bbox 497 1911 628 1976; x_wconf 93' lang='lat' dir='ltr'>modum</span> <span class='ocrx_word' id='word_1_77' title='bbox 651 1911 898 1998; x_wconf 79' lang='lat' dir='ltr'><strong>archiepiscopo</strong></span> <span class='ocrx_word' id='word_1_78' title='bbox 921 1912 1161 1997; x_wconf 81' lang='lat' dir='ltr'>Maguntino¹⁴.</span> 
     </span>
     <span class='ocr_line' id='line_1_16' title="bbox 271 2014 1070 2102; baseline -0.001 -24"><span class='ocrx_word' id='word_1_79' title='bbox 271 2014 311 2078; x_wconf 93' lang='lat' dir='ltr'>In</span> <span class='ocrx_word' id='word_1_80' title='bbox 334 2015 474 2080; x_wconf 85' lang='lat' dir='ltr'>eundem</span> <span class='ocrx_word' id='word_1_81' title='bbox 497 2015 628 2079; x_wconf 89' lang='lat' dir='ltr'>modum</span> <span class='ocrx_word' id='word_1_82' title='bbox 652 2017 808 2102; x_wconf 90' lang='lat' dir='ltr'>episcopo</span> <span class='ocrx_word' id='word_1_83' title='bbox 831 2015 1070 2080; x_wconf 77' lang='lat' dir='ltr'>Pataviensi¹³.</span> 
     </span>
    </p>

    <p class='ocr_par' dir='ltr' id='par_1_12' title="bbox 269 2117 1093 2205">
     <span class='ocr_line' id='line_1_17' title="bbox 269 2117 1093 2205; baseline 0.005 -25"><span class='ocrx_word' id='word_1_84' title='bbox 269 2117 309 2182; x_wconf 95' lang='lat' dir='ltr'>In</span> <span class='ocrx_word' id='word_1_85' title='bbox 332 2118 471 2183; x_wconf 89' lang='lat' dir='ltr'>cundem</span> <span class='ocrx_word' id='word_1_86' title='bbox 496 2118 627 2183; x_wconf 87' lang='lat' dir='ltr'>modum</span> <span class='ocrx_word' id='word_1_87' title='bbox 651 2119 807 2205; x_wconf 90' lang='lat' dir='ltr'>episcopo</span> <span class='ocrx_word' id='word_1_88' title='bbox 831 2117 1093 2184; x_wconf 80' lang='lat' dir='ltr'>Olomucensi¹⁸.</span> 
     </span>
    </p>

    <p class='ocr_par' dir='ltr' id='par_1_13' title="bbox 270 2221 1042 2309">
     <span class='ocr_line' id='line_1_18' title="bbox 270 2221 1042 2309; baseline 0 -24"><span class='ocrx_word' id='word_1_89' title='bbox 270 2221 309 2285; x_wconf 92' lang='lat' dir='ltr'>In</span> <span class='ocrx_word' id='word_1_90' title='bbox 332 2222 473 2296; x_wconf 88' lang='lat' dir='ltr'>eundem</span> <span class='ocrx_word' id='word_1_91' title='bbox 495 2221 626 2286; x_wconf 90' lang='lat' dir='ltr'>modum</span> <span class='ocrx_word' id='word_1_92' title='bbox 650 2223 805 2309; x_wconf 88' lang='lat' dir='ltr'>episcopo</span> <span class='ocrx_word' id='word_1_93' title='bbox 827 2221 989 2306; x_wconf 86' lang='lat' dir='ltr'>Pragensi</span> <span class='ocrx_word' id='word_1_94' title='bbox 1004 2223 1042 2285; x_wconf 74' lang='lat'>¹⁷.</span> 
     </span>
    </p>

    <p class='ocr_par' dir='ltr' id='par_1_14' title="bbox 269 2323 1149 2513">
     <span class='ocr_line' id='line_1_19' title="bbox 271 2323 1149 2412; baseline 0.003 -26"><span class='ocrx_word' id='word_1_95' title='bbox 271 2323 310 2387; x_wconf 92' lang='lat' dir='ltr'>In</span> <span class='ocrx_word' id='word_1_96' title='bbox 333 2325 472 2389; x_wconf 86' lang='lat' dir='ltr'>eundem</span> <span class='ocrx_word' id='word_1_97' title='bbox 496 2325 628 2390; x_wconf 90' lang='lat' dir='ltr'>modum</span> <span class='ocrx_word' id='word_1_98' title='bbox 652 2327 808 2412; x_wconf 86' lang='lat' dir='ltr'>episcopo</span> <span class='ocrx_word' id='word_1_99' title='bbox 830 2324 1149 2410; x_wconf 78' lang='lat' dir='ltr'>Nuemburgensi¹⁸.</span> 
     </span>
     <span class='ocr_line' id='line_1_20' title="bbox 269 2425 1061 2513; baseline 0.006 -24"><span class='ocrx_word' id='word_1_100' title='bbox 269 2425 309 2489; x_wconf 94' lang='lat' dir='ltr'>In</span> <span class='ocrx_word' id='word_1_101' title='bbox 332 2427 473 2492; x_wconf 86' lang='lat' dir='ltr'>eundem</span> <span class='ocrx_word' id='word_1_102' title='bbox 497 2427 628 2492; x_wconf 82' lang='lat' dir='ltr'>modurn</span> <span class='ocrx_word' id='word_1_103' title='bbox 652 2429 806 2513; x_wconf 87' lang='lat' dir='ltr'>episcopo</span> <span class='ocrx_word' id='word_1_104' title='bbox 830 2428 1008 2493; x_wconf 84' lang='lat' dir='ltr'>Basiliensi</span> <span class='ocrx_word' id='word_1_105' title='bbox 1022 2429 1061 2494; x_wconf 77' lang='lat'>¹⁹.</span> 
     </span>
    </p>

    <p class='ocr_par' dir='ltr' id='par_1_15' title="bbox 270 2529 1173 2721">
     <span class='ocr_line' id='line_1_21' title="bbox 272 2529 1173 2617; baseline 0.003 -24"><span class='ocrx_word' id='word_1_106' title='bbox 272 2529 312 2593; x_wconf 92' lang='lat' dir='ltr'>In</span> <span class='ocrx_word' id='word_1_107' title='bbox 335 2530 475 2594; x_wconf 88' lang='lat' dir='ltr'>eundem</span> <span class='ocrx_word' id='word_1_108' title='bbox 498 2530 629 2595; x_wconf 91' lang='lat' dir='ltr'>modum</span> <span class='ocrx_word' id='word_1_109' title='bbox 652 2531 901 2617; x_wconf 73' lang='lat' dir='ltr'>archiepiscopo</span> <span class='ocrx_word' id='word_1_110' title='bbox 924 2531 1173 2597; x_wconf 82' lang='lat' dir='ltr'>Treverensi²⁰.</span> 
     </span>
     <span class='ocr_line' id='line_1_22' title="bbox 270 2632 1064 2721; baseline 0.006 -26"><span class='ocrx_word' id='word_1_111' title='bbox 270 2633 310 2696; x_wconf 93' lang='lat' dir='ltr'>In</span> <span class='ocrx_word' id='word_1_112' title='bbox 333 2633 473 2698; x_wconf 88' lang='lat' dir='ltr'>eundern</span> <span class='ocrx_word' id='word_1_113' title='bbox 496 2632 627 2698; x_wconf 89' lang='lat' dir='ltr'>modum</span> <span class='ocrx_word' id='word_1_114' title='bbox 651 2635 806 2721; x_wconf 89' lang='lat' dir='ltr'>episeopo</span> <span class='ocrx_word' id='word_1_115' title='bbox 830 2633 1064 2700; x_wconf 79' lang='lat' dir='ltr'>Leodiensi²².</span> 
     </span>
    </p>

    <p class='ocr_par' dir='ltr' id='par_1_16' title="bbox 268 2734 1114 2906">
     <span class='ocr_line' id='line_1_23' title="bbox 270 2734 1114 2823; baseline 0.005 -25"><span class='ocrx_word' id='word_1_116' title='bbox 270 2735 309 2799; x_wconf 94' lang='lat' dir='ltr'>In</span> <span class='ocrx_word' id='word_1_117' title='bbox 332 2734 473 2801; x_wconf 88' lang='lat' dir='ltr'>eundem</span> <span class='ocrx_word' id='word_1_118' title='bbox 496 2737 625 2801; x_wconf 90' lang='lat' dir='ltr'>modum</span> <span class='ocrx_word' id='word_1_119' title='bbox 649 2738 807 2823; x_wconf 87' lang='lat' dir='ltr'>episcopo</span> <span class='ocrx_word' id='word_1_120' title='bbox 832 2736 1061 2802; x_wconf 71' lang='lat' dir='ltr'>cameracensi</span> <span class='ocrx_word' id='word_1_121' title='bbox 1074 2736 1114 2802; x_wconf 83' lang='lat'>²².</span> 
     </span>
     <span class='ocr_line' id='line_1_24' title="bbox 268 2837 1034 2906; baseline 0.007 -5"><span class='ocrx_word' id='word_1_122' title='bbox 268 2837 308 2901; x_wconf 95' lang='lat' dir='ltr'>In</span> <span class='ocrx_word' id='word_1_123' title='bbox 331 2837 471 2904; x_wconf 89' lang='lat' dir='ltr'>eundem</span> <span class='ocrx_word' id='word_1_124' title='bbox 494 2839 626 2904; x_wconf 90' lang='lat' dir='ltr'>modum</span> <span class='ocrx_word' id='word_1_125' title='bbox 648 2841 755 2906; x_wconf 88' lang='lat' dir='ltr'>electo</span> <span class='ocrx_word' id='word_1_126' title='bbox 779 2839 1034 2906; x_wconf 80' lang='lat' dir='ltr'>Traiectensi²³.</span> 
     </span>
    </p>

    <p class='ocr_par' dir='ltr' id='par_1_17' title="bbox 269 2939 1139 3238">
     <span class='ocr_line' id='line_1_25' title="bbox 270 2939 1103 3030; baseline 0.005 -26"><span class='ocrx_word' id='word_1_127' title='bbox 270 2939 310 3005; x_wconf 92' lang='lat' dir='ltr'>In</span> <span class='ocrx_word' id='word_1_128' title='bbox 333 2941 474 3006; x_wconf 88' lang='lat' dir='ltr'>eundem</span> <span class='ocrx_word' id='word_1_129' title='bbox 496 2942 628 3008; x_wconf 90' lang='lat' dir='ltr'>modum</span> <span class='ocrx_word' id='word_1_130' title='bbox 651 2945 807 3030; x_wconf 91' lang='lat' dir='ltr'>episeopo</span> <span class='ocrx_word' id='word_1_131' title='bbox 829 2944 1103 3010; x_wconf 59' lang='lat' dir='ltr'>Perburnensiu.</span> 
     </span>
     <span class='ocr_line' id='line_1_26' title="bbox 269 3043 1139 3134; baseline 0.007 -27"><span class='ocrx_word' id='word_1_132' title='bbox 269 3043 310 3107; x_wconf 93' lang='lat' dir='ltr'>In</span> <span class='ocrx_word' id='word_1_133' title='bbox 332 3043 472 3108; x_wconf 89' lang='lat' dir='ltr'>eundem</span> <span class='ocrx_word' id='word_1_134' title='bbox 496 3044 628 3109; x_wconf 90' lang='lat' dir='ltr'>modum</span> <span class='ocrx_word' id='word_1_135' title='bbox 651 3047 805 3134; x_wconf 85' lang='lat' dir='ltr'>episcopo</span> <span class='ocrx_word' id='word_1_136' title='bbox 829 3047 1139 3132; x_wconf 76' lang='lat' dir='ltr'>Osemburgensi²⁵.</span> 
     </span>
     <span class='ocr_line' id='line_1_27' title="bbox 270 3147 1049 3238; baseline 0.006 -27"><span class='ocrx_word' id='word_1_137' title='bbox 270 3147 310 3211; x_wconf 93' lang='lat' dir='ltr'>In</span> <span class='ocrx_word' id='word_1_138' title='bbox 333 3147 475 3213; x_wconf 89' lang='lat' dir='ltr'>eundem</span> <span class='ocrx_word' id='word_1_139' title='bbox 497 3147 628 3213; x_wconf 91' lang='lat' dir='ltr'>modum</span> <span class='ocrx_word' id='word_1_140' title='bbox 652 3150 808 3238; x_wconf 89' lang='lat' dir='ltr'>episcopo</span> <span class='ocrx_word' id='word_1_141' title='bbox 831 3150 1049 3216; x_wconf 81' lang='lat' dir='ltr'>Mindensi²⁸.</span> 
     </span>
    </p>

    <p class='ocr_par' dir='ltr' id='par_1_18' title="bbox 270 3248 1155 3442">
     <span class='ocr_line' id='line_1_28' title="bbox 271 3248 1155 3339; baseline 0.003 -26"><span class='ocrx_word' id='word_1_142' title='bbox 271 3250 310 3315; x_wconf 91' lang='lat' dir='ltr'>In</span> <span class='ocrx_word' id='word_1_143' title='bbox 333 3248 474 3315; x_wconf 87' lang='lat' dir='ltr'>eundem</span> <span class='ocrx_word' id='word_1_144' title='bbox 495 3250 627 3315; x_wconf 87' lang='lat' dir='ltr'>modum</span> <span class='ocrx_word' id='word_1_145' title='bbox 651 3253 806 3339; x_wconf 88' lang='lat' dir='ltr'>episcopo</span> <span class='ocrx_word' id='word_1_146' title='bbox 830 3252 1155 3319; x_wconf 78' lang='lat' dir='ltr'>Helverstadensi²⁷.</span> 
     </span>
     <span class='ocr_line' id='line_1_29' title="bbox 270 3351 1032 3442; baseline 0.008 -26"><span class='ocrx_word' id='word_1_147' title='bbox 270 3351 310 3416; x_wconf 91' lang='lat' dir='ltr'>In</span> <span class='ocrx_word' id='word_1_148' title='bbox 333 3353 473 3418; x_wconf 88' lang='lat' dir='ltr'>eundem</span> <span class='ocrx_word' id='word_1_149' title='bbox 496 3353 628 3418; x_wconf 89' lang='lat' dir='ltr'>modum</span> <span class='ocrx_word' id='word_1_150' title='bbox 652 3356 805 3442; x_wconf 91' lang='lat' dir='ltr'>episcopo</span> <span class='ocrx_word' id='word_1_151' title='bbox 830 3355 1032 3422; x_wconf 79' lang='lat' dir='ltr'>Ouricnsi²⁸.</span> 
     </span>
    </p>

    <p class='ocr_par' dir='ltr' id='par_1_19' title="bbox 272 3456 1050 3525">
     <span class='ocr_line' id='line_1_30' title="bbox 272 3456 1050 3525; baseline 0.003 -5"><span class='ocrx_word' id='word_1_152' title='bbox 272 3456 311 3520; x_wconf 88' lang='lat' dir='ltr'>Iu</span> <span class='ocrx_word' id='word_1_153' title='bbox 334 3457 474 3522; x_wconf 87' lang='lat' dir='ltr'>eundem</span> <span class='ocrx_word' id='word_1_154' title='bbox 497 3457 629 3522; x_wconf 91' lang='lat' dir='ltr'>modum</span> <span class='ocrx_word' id='word_1_155' title='bbox 651 3460 762 3523; x_wconf 88' lang='lat' dir='ltr'>abbati</span> <span class='ocrx_word' id='word_1_156' title='bbox 787 3457 1050 3525; x_wconf 80' lang='lat' dir='ltr'>Curbiacensi²⁹.</span> 
     </span>
    </p>
   </div>
   <div class='ocr_carea' id='block_1_3' title="bbox 786 3702 1199 3710">
    <p class='ocr_par' dir='ltr' id='par_1_20' title="bbox 786 3702 1199 3710">
     <span class='ocr_line' id='line_1_31' title="bbox 786 3702 1199 3710; baseline -0.002 0"><span class='ocrx_word' id='word_1_157' title='bbox 786 3702 1199 3710; x_wconf 77' lang='lat'><em>.---—-——--—-——-—1</em></span> 
     </span>
    </p>
   </div>
   <div class='ocr_carea' id='block_1_4' title="bbox 88 3927 1818 4250">
    <p class='ocr_par' dir='ltr' id='par_1_21' title="bbox 88 3927 1818 4250">
     <span class='ocr_line' id='line_1_32' title="bbox 947 3927 1034 3999; baseline -0.011 0"><span class='ocrx_word' id='word_1_158' title='bbox 947 3927 1034 3999; x_wconf 89' lang='grc'><strong>608.</strong></span> 
     </span>
     <span class='ocr_line' id='line_1_33' title="bbox 88 4037 1818 4151; baseline -0.003 -25"><span class='ocrx_word' id='word_1_159' title='bbox 88 4087 114 4126; x_wconf 65' lang='grc' dir='ltr'><strong>ω</strong></span> <span class='ocrx_word' id='word_1_160' title='bbox 218 4083 220 4088; x_wconf 93' lang='grc'><strong><em>·</em></strong></span> <span class='ocrx_word' id='word_1_161' title='bbox 273 4037 464 4147; x_wconf 62' lang='lat' dir='ltr'>(ireneus</span> <span class='ocrx_word' id='word_1_162' title='bbox 493 4066 549 4130; x_wconf 86' lang='lat' dir='ltr'>rx</span> <span class='ocrx_word' id='word_1_163' title='bbox 570 4087 660 4148; x_wconf 70' lang='lat' dir='ltr'>papa</span> <span class='ocrx_word' id='word_1_164' title='bbox 689 4067 872 4151; x_wconf 59' lang='lat' dir='ltr'>[nenne</span> <span class='ocrx_word' id='word_1_165' title='bbox 894 4065 954 4150; x_wconf 84' lang='grc' dir='ltr'>Π]</span> <span class='ocrx_word' id='word_1_166' title='bbox 981 4065 1055 4128; x_wconf 72' lang='lat' dir='ltr'>eun</span> <span class='ocrx_word' id='word_1_167' title='bbox 1081 4062 1234 4128; x_wconf 68' lang='lat' dir='ltr'>Aetnae</span> <span class='ocrx_word' id='word_1_168' title='bbox 1265 4065 1294 4126; x_wconf 79' lang='lat' dir='ltr'>n</span> <span class='ocrx_word' id='word_1_169' title='bbox 1323 4061 1442 4126; x_wconf 65' lang='lat' dir='ltr'>stiriae</span> <span class='ocrx_word' id='word_1_170' title='bbox 1471 4059 1552 4124; x_wconf 70' lang='lat' dir='ltr'>nnn</span> <span class='ocrx_word' id='word_1_171' title='bbox 1578 4058 1686 4124; x_wconf 62' lang='lat' dir='ltr'>mun</span> <span class='ocrx_word' id='word_1_172' title='bbox 1717 4057 1818 4122; x_wconf 75' lang='lat' dir='ltr'>vernn</span> 
     </span>
     <span class='ocr_line' id='line_1_34' title="bbox 163 4159 1648 4250; baseline -0.005 -16"><span class='ocrx_word' id='word_1_173' title='bbox 163 4170 301 4234; x_wconf 78' lang='lat' dir='ltr'>mutatis.</span> <span class='ocrx_word' id='word_1_174' title='bbox 325 4207 364 4217; x_wconf 88' lang='lat'>—-</span> <span class='ocrx_word' id='word_1_175' title='bbox 388 4169 431 4234; x_wconf 93' lang='lat' dir='ltr'>In</span> <span class='ocrx_word' id='word_1_176' title='bbox 452 4169 582 4234; x_wconf 68' lang='lat' dir='ltr'>mndcm</span> <span class='ocrx_word' id='word_1_177' title='bbox 603 4169 727 4234; x_wconf 79' lang='lat' dir='ltr'>modum</span> <span class='ocrx_word' id='word_1_178' title='bbox 747 4170 855 4235; x_wconf 82' lang='lat' dir='ltr'>multis</span> <span class='ocrx_word' id='word_1_179' title='bbox 875 4169 952 4232; x_wconf 82' lang='lat' dir='ltr'>aliis</span> <span class='ocrx_word' id='word_1_180' title='bbox 966 4159 1169 4250; x_wconf 70' lang='lat' dir='ltr'>pr&#39;incspibns</span> <span class='ocrx_word' id='word_1_181' title='bbox 1190 4163 1404 4228; x_wconf 62' lang='lat' dir='ltr'>saecffloribns</span> <span class='ocrx_word' id='word_1_182' title='bbox 1424 4162 1648 4226; x_wconf 78' lang='lat' dir='ltr'>Alamanniae.</span> 
     </span>
    </p>
   </div>
   <div class='ocr_carea' id='block_1_5' title="bbox 270 4263 1728 4513">
    <p class='ocr_par' dir='ltr' id='par_1_22' title="bbox 270 4263 1728 4513">
     <span class='ocr_line' id='line_1_35' title="bbox 1456 4263 1728 4343; baseline 0 -15"><span class='ocrx_word' id='word_1_183' title='bbox 1456 4267 1550 4343; x_wconf 75' lang='lat'><strong><em>1234,</em></strong></span> <span class='ocrx_word' id='word_1_184' title='bbox 1573 4263 1652 4328; x_wconf 87' lang='lat' dir='ltr'>Non.</span> <span class='ocrx_word' id='word_1_185' title='bbox 1675 4265 1728 4328; x_wconf 83' lang='lat'>27.</span> 
     </span>
     <span class='ocr_line' id='line_1_36' title="bbox 270 4356 1027 4429; baseline -0.003 -18"><span class='ocrx_word' id='word_1_186' title='bbox 270 4356 353 4428; x_wconf 63' lang='grc' dir='ltr'>(ἔτερ.</span> <span class='ocrx_word' id='word_1_187' title='bbox 371 4358 421 4411; x_wconf 88' lang='lat' dir='ltr'>IX</span> <span class='ocrx_word' id='word_1_188' title='bbox 437 4358 507 4429; x_wconf 79' lang='lat' dir='ltr'>Rep.</span> <span class='ocrx_word' id='word_1_189' title='bbox 531 4359 588 4412; x_wconf 79' lang='lat' dir='ltr'>Vol.</span> <span class='ocrx_word' id='word_1_190' title='bbox 607 4358 660 4422; x_wconf 84' lang='lat' dir='ltr'>IV,</span> <span class='ocrx_word' id='word_1_191' title='bbox 678 4361 750 4424; x_wconf 80' lang='lat'><strong><em>235,-</em></strong></span> <span class='ocrx_word' id='word_1_192' title='bbox 769 4356 832 4411; x_wconf 77' lang='lat' dir='ltr'>Lib.</span> <span class='ocrx_word' id='word_1_193' title='bbox 856 4357 941 4422; x_wconf 85' lang='lat' dir='ltr'><strong><em>VIII,</em></strong></span> <span class='ocrx_word' id='word_1_194' title='bbox 961 4359 1027 4410; x_wconf 84' lang='lat'><strong><em>333.</em></strong></span> 
     </span>
     <span class='ocr_line' id='line_1_37' title="bbox 270 4444 589 4513; baseline 0.006 -17"><span class='ocrx_word' id='word_1_195' title='bbox 270 4444 404 4510; x_wconf 77' lang='lat' dir='ltr'>Pottlsnat,</span> <span class='ocrx_word' id='word_1_196' title='bbox 421 4444 487 4513; x_wconf 78' lang='lat' dir='ltr'>Rsp.</span> <span class='ocrx_word' id='word_1_197' title='bbox 507 4448 589 4498; x_wconf 88' lang='grc'>9776.</span> 
     </span>
    </p>
   </div>
   <div class='ocr_carea' id='block_1_6' title="bbox 533 4631 1452 4712">
    <p class='ocr_par' dir='ltr' id='par_1_23' title="bbox 533 4631 1452 4712">
     <span class='ocr_line' id='line_1_38' title="bbox 533 4631 1452 4712; baseline -0.007 -1"><span class='ocrx_word' id='word_1_198' title='bbox 533 4638 676 4712; x_wconf 91' lang='lat' dir='ltr'>Nobili</span> <span class='ocrx_word' id='word_1_199' title='bbox 702 4638 798 4711; x_wconf 87' lang='lat' dir='ltr'>viro</span> <span class='ocrx_word' id='word_1_200' title='bbox 827 4694 835 4710; x_wconf 93' lang='lat'><strong>.</strong></span> <span class='ocrx_word' id='word_1_201' title='bbox 866 4693 874 4710; x_wconf 92' lang='lat'><strong>.</strong></span> <span class='ocrx_word' id='word_1_202' title='bbox 904 4637 1004 4710; x_wconf 89' lang='lat' dir='ltr'>duci</span> <span class='ocrx_word' id='word_1_203' title='bbox 1030 4633 1212 4707; x_wconf 83' lang='lat' dir='ltr'>Austris</span> <span class='ocrx_word' id='word_1_204' title='bbox 1241 4636 1282 4703; x_wconf 85' lang='lat' dir='ltr'>et</span> <span class='ocrx_word' id='word_1_205' title='bbox 1307 4631 1452 4705; x_wconf 87' lang='lat' dir='ltr'>Stiric.</span> 
     </span>
    </p>
   </div>
   <div class='ocr_carea' id='block_1_7' title="bbox 167 4775 1817 5079">
    <p class='ocr_par' dir='ltr' id='par_1_24' title="bbox 167 4775 1817 5079">
     <span class='ocr_line' id='line_1_39' title="bbox 275 4775 1816 4862; baseline -0.009 -8"><span class='ocrx_word' id='word_1_206' title='bbox 275 4789 357 4854; x_wconf 86' lang='lat' dir='ltr'>Cum</span> <span class='ocrx_word' id='word_1_207' title='bbox 380 4797 485 4855; x_wconf 86' lang='lat' dir='ltr'>mater</span> <span class='ocrx_word' id='word_1_208' title='bbox 507 4789 649 4853; x_wconf 86' lang='lat' dir='ltr'>ecelesia</span> <span class='ocrx_word' id='word_1_209' title='bbox 672 4787 781 4852; x_wconf 86' lang='lat' dir='ltr'>multis</span> <span class='ocrx_word' id='word_1_210' title='bbox 805 4787 968 4850; x_wconf 81' lang='lat' dir='ltr'>excitetur</span> <span class='ocrx_word' id='word_1_211' title='bbox 985 4785 1087 4849; x_wconf 85' lang='lat' dir='ltr'>Terre</span> <span class='ocrx_word' id='word_1_212' title='bbox 1105 4782 1224 4846; x_wconf 80' lang='lat' dir='ltr'>Sancte</span> <span class='ocrx_word' id='word_1_213' title='bbox 1248 4780 1456 4862; x_wconf 82' lang='lat' dir='ltr'>clamoribus,</span> <span class='ocrx_word' id='word_1_214' title='bbox 1479 4786 1516 4844; x_wconf 90' lang='lat' dir='ltr'>ut</span> <span class='ocrx_word' id='word_1_215' title='bbox 1538 4779 1608 4843; x_wconf 92' lang='lat' dir='ltr'>eius</span> <span class='ocrx_word' id='word_1_216' title='bbox 1631 4775 1816 4842; x_wconf 87' lang='lat' dir='ltr'>miserando</span> 
     </span>
     <span class='ocr_line' id='line_1_40' title="bbox 167 4878 1817 4978; baseline -0.009 -22"><span class='ocrx_word' id='word_1_217' title='bbox 167 4893 265 4956; x_wconf 86' lang='lat' dir='ltr'>statui</span> <span class='ocrx_word' id='word_1_218' title='bbox 282 4898 343 4957; x_wconf 87' lang='lat' dir='ltr'>etc.</span> <span class='ocrx_word' id='word_1_219' title='bbox 359 4899 396 4956; x_wconf 89' lang='lat' dir='ltr'>ut</span> <span class='ocrx_word' id='word_1_220' title='bbox 418 4893 451 4956; x_wconf 94' lang='lat' dir='ltr'>in</span> <span class='ocrx_word' id='word_1_221' title='bbox 474 4893 531 4957; x_wconf 88' lang='lat' dir='ltr'>illa</span> <span class='ocrx_word' id='word_1_222' title='bbox 551 4892 593 4957; x_wconf 87' lang='lat' dir='ltr'>de</span> <span class='ocrx_word' id='word_1_223' title='bbox 616 4891 781 4978; x_wconf 87' lang='lat' dir='ltr'>episcopis</span> <span class='ocrx_word' id='word_1_224' title='bbox 791 4890 822 4929; x_wconf 83' lang='lat'>³⁰</span> <span class='ocrx_word' id='word_1_225' title='bbox 843 4910 962 4976; x_wconf 86' lang='lat' dir='ltr'>usque:</span> <span class='ocrx_word' id='word_1_226' title='bbox 986 4887 1121 4967; x_wconf 84' lang='lat' dir='ltr'>tollitur,</span> <span class='ocrx_word' id='word_1_227' title='bbox 1145 4886 1209 4950; x_wconf 91' lang='lat' dir='ltr'>nisi</span> <span class='ocrx_word' id='word_1_228' title='bbox 1231 4886 1321 4971; x_wconf 92' lang='lat' dir='ltr'>prius</span> <span class='ocrx_word' id='word_1_229' title='bbox 1344 4883 1512 4948; x_wconf 72' lang='lat' dir='ltr'>discordes</span> <span class='ocrx_word' id='word_1_230' title='bbox 1535 4882 1568 4946; x_wconf 93' lang='lat' dir='ltr'>in</span> <span class='ocrx_word' id='word_1_231' title='bbox 1591 4881 1680 4967; x_wconf 83' lang='lat' dir='ltr'>pecie</span> <span class='ocrx_word' id='word_1_232' title='bbox 1703 4878 1817 4945; x_wconf 84' lang='lat' dir='ltr'>federa</span> 
     </span>
     <span class='ocr_line' id='line_1_41' title="bbox 167 4981 1815 5079; baseline -0.008 -21"><span class='ocrx_word' id='word_1_233' title='bbox 167 4995 400 5075; x_wconf 77' lang='lat' dir='ltr'>reformentur,</span> <span class='ocrx_word' id='word_1_234' title='bbox 430 5003 464 5059; x_wconf 87' lang='lat' dir='ltr'>et</span> <span class='ocrx_word' id='word_1_235' title='bbox 493 4995 681 5059; x_wconf 87' lang='lat' dir='ltr'>carissimus</span> <span class='ocrx_word' id='word_1_236' title='bbox 705 5001 909 5079; x_wconf 71' lang='lat' dir='ltr'>stonsque:</span> <span class='ocrx_word' id='word_1_237' title='bbox 942 4991 1100 5070; x_wconf 88' lang='lat' dir='ltr'>obtineri,</span> <span class='ocrx_word' id='word_1_238' title='bbox 1127 4989 1333 5054; x_wconf 80' lang='lat' dir='ltr'>nobilitatem</span> <span class='ocrx_word' id='word_1_239' title='bbox 1363 4995 1452 5052; x_wconf 88' lang='lat' dir='ltr'>tuam</span> <span class='ocrx_word' id='word_1_240' title='bbox 1480 5005 1632 5069; x_wconf 82' lang='lat' dir='ltr'>rogamus</span> <span class='ocrx_word' id='word_1_241' title='bbox 1655 4991 1689 5046; x_wconf 90' lang='lat' dir='ltr'>et</span> <span class='ocrx_word' id='word_1_242' title='bbox 1719 4981 1815 5046; x_wconf 85' lang='lat' dir='ltr'>obse-</span> 
     </span>
    </p>
   </div>
   <div class='ocr_carea' id='block_1_8' title="bbox 167 5235 1818 5748">
    <p class='ocr_par' dir='ltr' id='par_1_25' title="bbox 167 5235 1818 5748">
     <span class='ocr_line' id='line_1_42' title="bbox 270 5235 1817 5320; baseline -0.011 -16"><span class='ocrx_word' id='word_1_243' title='bbox 270 5254 295 5320; x_wconf 94' lang='lat'>1)</span> <span class='ocrx_word' id='word_1_244' title='bbox 316 5251 485 5305; x_wconf 78' lang='lat' dir='ltr'>Hermanno.</span> <span class='ocrx_word' id='word_1_245' title='bbox 549 5251 578 5317; x_wconf 97' lang='grc'>2)</span> <span class='ocrx_word' id='word_1_246' title='bbox 595 5249 768 5304; x_wconf 77' lang='lat' dir='ltr'>Berobtoldo.</span> <span class='ocrx_word' id='word_1_247' title='bbox 833 5249 861 5316; x_wconf 87' lang='lat'>3)</span> <span class='ocrx_word' id='word_1_248' title='bbox 882 5245 1009 5301; x_wconf 77' lang='lat' dir='ltr'>Oomodo</span> <span class='ocrx_word' id='word_1_249' title='bbox 1026 5241 1081 5300; x_wconf 89' lang='lat' dir='ltr'>IV.</span> <span class='ocrx_word' id='word_1_250' title='bbox 1147 5246 1174 5312; x_wconf 80' lang='lat'>4)</span> <span class='ocrx_word' id='word_1_251' title='bbox 1194 5245 1321 5299; x_wconf 71' lang='lat' dir='ltr'>Iohanni.</span> <span class='ocrx_word' id='word_1_252' title='bbox 1387 5244 1415 5309; x_wconf 78' lang='lat'>5)</span> <span class='ocrx_word' id='word_1_253' title='bbox 1436 5240 1570 5296; x_wconf 73' lang='lat' dir='ltr'>Eccardu</span> <span class='ocrx_word' id='word_1_254' title='bbox 1638 5239 1666 5306; x_wconf 89' lang='lat'>6)</span> <span class='ocrx_word' id='word_1_255' title='bbox 1685 5235 1817 5290; x_wconf 77' lang='lat' dir='ltr'>chrn&#39;co.</span> 
     </span>
     <span class='ocr_line' id='line_1_43' title="bbox 168 5319 1818 5406; baseline -0.011 -15"><span class='ocrx_word' id='word_1_256' title='bbox 168 5339 195 5406; x_wconf 77' lang='lat'>7)</span> <span class='ocrx_word' id='word_1_257' title='bbox 213 5337 345 5404; x_wconf 76' lang='lat' dir='ltr'>Inndoifo.</span> <span class='ocrx_word' id='word_1_258' title='bbox 397 5337 426 5404; x_wconf 87' lang='grc'>8)</span> <span class='ocrx_word' id='word_1_259' title='bbox 445 5336 574 5389; x_wconf 75' lang='lat' dir='ltr'>ilenrico.</span> <span class='ocrx_word' id='word_1_260' title='bbox 627 5335 654 5404; x_wconf 88' lang='grc'>9)</span> <span class='ocrx_word' id='word_1_261' title='bbox 672 5335 794 5390; x_wconf 80' lang='lat' dir='ltr'>Aldrico.</span> <span class='ocrx_word' id='word_1_262' title='bbox 849 5335 892 5402; x_wconf 88' lang='lat'>10)</span> <span class='ocrx_word' id='word_1_263' title='bbox 911 5333 1068 5388; x_wconf 68' lang='lat' dir='ltr'>Lunenses.</span> <span class='ocrx_word' id='word_1_264' title='bbox 1122 5333 1166 5400; x_wconf 91' lang='lat' dir='ltr'>ll)</span> <span class='ocrx_word' id='word_1_265' title='bbox 1187 5331 1322 5385; x_wconf 82' lang='lat' dir='ltr'>Conrado.</span> <span class='ocrx_word' id='word_1_266' title='bbox 1377 5331 1421 5397; x_wconf 90' lang='grc'>12)</span> <span class='ocrx_word' id='word_1_267' title='bbox 1439 5327 1550 5382; x_wconf 72' lang='lat' dir='ltr'>Ammo</span> <span class='ocrx_word' id='word_1_268' title='bbox 1568 5327 1625 5380; x_wconf 90' lang='lat' dir='ltr'><strong><em>III.</em></strong></span> <span class='ocrx_word' id='word_1_269' title='bbox 1680 5323 1723 5390; x_wconf 84' lang='grc'>13)</span> <span class='ocrx_word' id='word_1_270' title='bbox 1743 5319 1818 5374; x_wconf 80' lang='lat' dir='ltr'>Hen-</span> 
     </span>
     <span class='ocr_line' id='line_1_44' title="bbox 167 5409 1818 5491; baseline -0.008 -15"><span class='ocrx_word' id='word_1_271' title='bbox 167 5423 236 5490; x_wconf 82' lang='lat' dir='ltr'>rs&#39;co,</span> <span class='ocrx_word' id='word_1_272' title='bbox 254 5423 304 5491; x_wconf 76' lang='lat' dir='ltr'>qui</span> <span class='ocrx_word' id='word_1_273' title='bbox 320 5422 409 5476; x_wconf 79' lang='lat' dir='ltr'>eodem</span> <span class='ocrx_word' id='word_1_274' title='bbox 427 5437 502 5475; x_wconf 81' lang='lat' dir='ltr'>anno</span> <span class='ocrx_word' id='word_1_275' title='bbox 514 5425 585 5474; x_wconf 70' lang='lat'>1234</span> <span class='ocrx_word' id='word_1_276' title='bbox 600 5424 726 5476; x_wconf 78' lang='lat' dir='ltr'>mortuus</span> <span class='ocrx_word' id='word_1_277' title='bbox 744 5427 791 5476; x_wconf 80' lang='lat' dir='ltr'>est.</span> <span class='ocrx_word' id='word_1_278' title='bbox 849 5422 893 5488; x_wconf 76' lang='grc'>14)</span> <span class='ocrx_word' id='word_1_279' title='bbox 914 5419 1057 5488; x_wconf 73' lang='lat' dir='ltr'>Sipesn&#39;do</span> <span class='ocrx_word' id='word_1_280' title='bbox 1067 5421 1131 5482; x_wconf 87' lang='lat' dir='ltr'><strong><em>III,·</em></strong></span> <span class='ocrx_word' id='word_1_281' title='bbox 1148 5417 1185 5485; x_wconf 61' lang='grc' dir='ltr'>σί.</span> <span class='ocrx_word' id='word_1_282' title='bbox 1196 5433 1222 5470; x_wconf 87' lang='lat' dir='ltr'>n.</span> <span class='ocrx_word' id='word_1_283' title='bbox 1237 5421 1293 5470; x_wconf 79' lang='grc'>602</span> <span class='ocrx_word' id='word_1_284' title='bbox 1306 5423 1331 5470; x_wconf 80' lang='lat' dir='ltr'>st</span> <span class='ocrx_word' id='word_1_285' title='bbox 1342 5434 1370 5487; x_wconf 89' lang='lat' dir='ltr'>p.</span> <span class='ocrx_word' id='word_1_286' title='bbox 1385 5419 1440 5468; x_wconf 80' lang='grc'>496</span> <span class='ocrx_word' id='word_1_287' title='bbox 1449 5421 1505 5468; x_wconf 82' lang='lat' dir='ltr'>not.</span> <span class='ocrx_word' id='word_1_288' title='bbox 1518 5419 1544 5467; x_wconf 84' lang='grc'>2.</span> <span class='ocrx_word' id='word_1_289' title='bbox 1605 5413 1648 5478; x_wconf 80' lang='grc'>15)</span> <span class='ocrx_word' id='word_1_290' title='bbox 1667 5409 1818 5478; x_wconf 65' lang='lat' dir='ltr'>Recipere.</span> 
     </span>
     <span class='ocr_line' id='line_1_45' title="bbox 168 5497 1818 5576; baseline -0.007 -14"><span class='ocrx_word' id='word_1_291' title='bbox 168 5509 212 5576; x_wconf 89' lang='lat'>16)</span> <span class='ocrx_word' id='word_1_292' title='bbox 231 5507 361 5562; x_wconf 80' lang='lat' dir='ltr'>Roberto.</span> <span class='ocrx_word' id='word_1_293' title='bbox 426 5509 469 5575; x_wconf 82' lang='grc'>17)</span> <span class='ocrx_word' id='word_1_294' title='bbox 488 5507 608 5561; x_wconf 75' lang='lat' dir='ltr'>Iohanni</span> <span class='ocrx_word' id='word_1_295' title='bbox 625 5509 666 5560; x_wconf 90' lang='lat' dir='ltr'>II.</span> <span class='ocrx_word' id='word_1_296' title='bbox 733 5509 776 5574; x_wconf 88' lang='grc'>18)</span> <span class='ocrx_word' id='word_1_297' title='bbox 796 5506 981 5575; x_wconf 78' lang='lat' dir='ltr'>Enpslbordo.</span> <span class='ocrx_word' id='word_1_298' title='bbox 1049 5505 1092 5571; x_wconf 91' lang='grc'>19)</span> <span class='ocrx_word' id='word_1_299' title='bbox 1112 5503 1234 5556; x_wconf 80' lang='lat' dir='ltr'>Henrs&#39;oo</span> <span class='ocrx_word' id='word_1_300' title='bbox 1252 5504 1293 5556; x_wconf 86' lang='grc' dir='ltr'>ΙΙ.</span> <span class='ocrx_word' id='word_1_301' title='bbox 1357 5501 1403 5567; x_wconf 89' lang='grc'>20)</span> <span class='ocrx_word' id='word_1_302' title='bbox 1427 5499 1591 5554; x_wconf 76' lang='lat' dir='ltr'>Ibeoderico</span> <span class='ocrx_word' id='word_1_303' title='bbox 1608 5501 1650 5553; x_wconf 90' lang='lat' dir='ltr'>II.</span> <span class='ocrx_word' id='word_1_304' title='bbox 1710 5497 1754 5562; x_wconf 92' lang='grc'>21)</span> <span class='ocrx_word' id='word_1_305' title='bbox 1772 5499 1818 5550; x_wconf 85' lang='grc' dir='ltr'>Ιο-</span> 
     </span>
     <span class='ocr_line' id='line_1_46' title="bbox 167 5581 1818 5662; baseline -0.007 -15"><span class='ocrx_word' id='word_1_306' title='bbox 167 5594 254 5648; x_wconf 82' lang='lat' dir='ltr'>banni</span> <span class='ocrx_word' id='word_1_307' title='bbox 271 5596 311 5647; x_wconf 89' lang='lat' dir='ltr'>II.</span> <span class='ocrx_word' id='word_1_308' title='bbox 370 5594 416 5661; x_wconf 82' lang='grc'>22)</span> <span class='ocrx_word' id='word_1_309' title='bbox 440 5591 606 5662; x_wconf 79' lang='lat' dir='ltr'>Godefredo.</span> <span class='ocrx_word' id='word_1_310' title='bbox 670 5593 716 5660; x_wconf 86' lang='grc'>23)</span> <span class='ocrx_word' id='word_1_311' title='bbox 741 5593 835 5646; x_wconf 78' lang='lat' dir='ltr'>Ottoni</span> <span class='ocrx_word' id='word_1_312' title='bbox 852 5594 910 5646; x_wconf 87' lang='lat'><em>111.</em></span> <span class='ocrx_word' id='word_1_313' title='bbox 970 5590 1016 5658; x_wconf 81' lang='grc'>24)</span> <span class='ocrx_word' id='word_1_314' title='bbox 1041 5587 1209 5643; x_wconf 68' lang='lat' dir='ltr'>Bernhardo</span> <span class='ocrx_word' id='word_1_315' title='bbox 1228 5590 1279 5642; x_wconf 87' lang='lat' dir='ltr'>IV.</span> <span class='ocrx_word' id='word_1_316' title='bbox 1348 5588 1392 5654; x_wconf 79' lang='grc'>25)</span> <span class='ocrx_word' id='word_1_317' title='bbox 1417 5586 1553 5641; x_wconf 79' lang='lat' dir='ltr'>Conrado.</span> <span class='ocrx_word' id='word_1_318' title='bbox 1611 5583 1656 5652; x_wconf 83' lang='grc'>26)</span> <span class='ocrx_word' id='word_1_319' title='bbox 1682 5581 1818 5643; x_wconf 80' lang='lat' dir='ltr'>Conrado.</span> 
     </span>
     <span class='ocr_line' id='line_1_47' title="bbox 168 5669 1721 5748; baseline -0.009 -13"><span class='ocrx_word' id='word_1_320' title='bbox 168 5681 213 5748; x_wconf 79' lang='grc'>27)</span> <span class='ocrx_word' id='word_1_321' title='bbox 233 5680 387 5734; x_wconf 80' lang='lat' dir='ltr'>Friderico.</span> <span class='ocrx_word' id='word_1_322' title='bbox 447 5680 492 5748; x_wconf 81' lang='grc'>28)</span> <span class='ocrx_word' id='word_1_323' title='bbox 515 5679 644 5734; x_wconf 75' lang='lat' dir='ltr'>Udalra&#39;co</span> <span class='ocrx_word' id='word_1_324' title='bbox 665 5683 716 5734; x_wconf 87' lang='lat' dir='ltr'>IV.</span> <span class='ocrx_word' id='word_1_325' title='bbox 777 5679 822 5748; x_wconf 88' lang='grc'>29)</span> <span class='ocrx_word' id='word_1_326' title='bbox 848 5677 1008 5734; x_wconf 72' lang='lat' dir='ltr'>uincetur</span> <span class='ocrx_word' id='word_1_327' title='bbox 1027 5676 1185 5730; x_wconf 81' lang='lat' dir='ltr'>Hermanno</span> <span class='ocrx_word' id='word_1_328' title='bbox 1203 5674 1300 5730; x_wconf 77' lang='lat' dir='ltr'>abbati</span> <span class='ocrx_word' id='word_1_329' title='bbox 1319 5673 1486 5730; x_wconf 83' lang='lat' dir='ltr'>Corbeiensi.</span> <span class='ocrx_word' id='word_1_330' title='bbox 1547 5669 1592 5738; x_wconf 85' lang='grc'>90)</span> <span class='ocrx_word' id='word_1_331' title='bbox 1611 5687 1638 5723; x_wconf 85' lang='lat' dir='ltr'>n.</span> <span class='ocrx_word' id='word_1_332' title='bbox 1658 5673 1721 5723; x_wconf 78' lang='lat'><em>607.</em></span> 
     </span>
    </p>
   </div>
   <div class='ocr_carea' id='block_1_9' title="bbox 272 5765 1613 5830">
    <p class='ocr_par' dir='ltr' id='par_1_26' title="bbox 272 5765 1613 5830">
     <span class='ocr_line' id='line_1_48' title="bbox 272 5765 1613 5830; baseline -0.001 0"><span class='ocrx_word' id='word_1_333' title='bbox 272 5779 334 5830; x_wconf 85' lang='lat' dir='ltr'>an.</span> <span class='ocrx_word' id='word_1_334' title='bbox 351 5779 433 5829; x_wconf 83' lang='lat' dir='ltr'>Posr.</span> <span class='ocrx_word' id='word_1_335' title='bbox 450 5778 470 5829; x_wconf 94' lang='lat'>1.</span> <span class='ocrx_word' id='word_1_336' title='bbox 1579 5765 1613 5820; x_wconf 77' lang='grc'>63</span> 
     </span>
    </p>
   </div>
   <div class='ocr_carea' id='block_1_10' title="bbox 0 0 2292 6388">
    <p class='ocr_par' dir='ltr' id='par_1_27' title="bbox 0 0 2292 6388">
     <span class='ocr_line' id='line_1_49' title="bbox 0 0 2292 6388; baseline 0 0"><span class='ocrx_word' id='word_1_337' title='bbox 0 0 2292 6388; x_wconf 95' lang='lat' dir='ltr'> </span> 
     </span>
    </p>
   </div>
  </div>
 </body>
</html>
