4538 6426
763 343 963 406 aelstanus
981 343 1170 404 SELECTAE.
1201 349 1275 406 1217.

990 648 1050 720 34.

302 764 489 860 Honorius
511 795 577 860 ΠΙ
593 816 682 876 popo
707 795 840 860 nobilem
861 797 964 858 virum
986 795 1192 876 Roynotdunt
1221 797 1264 860 ad
1282 801 1500 878 praesentiam
1527 821 1617 867 sitam
1645 804 1773 882 incitet,
1808 810 1845 869 nt

189 902 346 981 negotium
367 901 471 964 votem
492 901 710 978 consrrrnrnori,
733 900 770 962 rte
791 921 852 980 qno
873 899 1062 978 cumfratre
1084 899 1151 961 circs
1173 900 1216 965 B.
1241 904 1430 968 tractaverit.

1478 1010 1572 1086 1217,
1595 1007 1680 1088 Sept.
1703 1013 1755 1076 30.

294 1089 368 1142 Hon.
388 1089 442 1140 ΙΙΙ
457 1087 525 1157 Rep.
550 1086 605 1140 Vol.
625 1089 648 1150 I,
668 1094 732 1144 160:
751 1086 814 1140 Lib.
834 1089 876 1150 II,
896 1093 956 1140 665.

733 1333 886 1406 Nobili
913 1333 1013 1406 viro
1041 1333 1296 1425 Raynaldo.

286 1484 495 1548 Venientem
518 1482 559 1546 ad
582 1484 780 1570 presentiam
803 1491 948 1548 nostram
971 1483 1127 1548 dilectum
1149 1485 1251 1549 filium
1277 1486 1420 1552 nobilem
1443 1488 1547 1551 virum
1569 1489 1625 1554 B.¹
1652 1511 1841 1574 germanum

188 1591 279 1649 tuum
295 1585 439 1670 benigne
463 1585 668 1671 recepimus,
696 1592 730 1648 et
761 1586 824 1649 hiis
853 1607 915 1682 que
942 1586 1037 1650 nobis
1069 1609 1111 1651 ex
1134 1593 1225 1673 parte
1253 1593 1309 1651 tua
1331 1590 1502 1675 proposuit
1524 1588 1699 1675 diligenter
1722 1591 1841 1655 auditis

187 1709 226 1751 ae
249 1695 388 1752 tractatu
411 1710 510 1774 super
532 1689 579 1752 eis
603 1689 714 1753 habito
738 1687 903 1772 diligenti,
935 1690 1104 1773 negotium
1132 1691 1236 1775 parati
1266 1713 1392 1772 sumus,
1423 1699 1579 1776 quantum
1605 1695 1639 1757 in
1662 1695 1757 1757 nobis
1780 1701 1840 1774 est,

189 1790 370 1877 perducere
393 1791 435 1855 ad
458 1792 620 1856 effectum.
672 1791 738 1855 Sed
767 1790 853 1855 idern
885 1811 1060 1875 germanus
1093 1798 1167 1856 tuus
1203 1814 1242 1856 ea
1271 1815 1333 1878 quo
1363 1793 1507 1878 oportuit
1535 1797 1682 1881 nequivit
1704 1817 1762 1882 pro
1786 1802 1841 1860 tua

121 1929 135 1958 r..
188 1901 281 1978 parte
305 1895 480 1980 complere.
526 1894 576 1958 Tu
599 1916 677 1979 ergo
700 1894 740 1958 de
773 1895 836 1958 hiis
861 1914 923 1979 que
947 1901 1086 1958 tractata
1109 1896 1239 1960 fuerunt
1261 1918 1321 1982 per
1344 1897 1490 1961 eiusdem
1513 1901 1661 1983 germani
1683 1901 1730 1963 tui
1753 1900 1838 1964 rela-

186 1998 310 2061 tionem
334 1997 480 2078 edoctus,
503 1999 531 2061 si
553 2004 711 2061 tractatus
734 1997 871 2061 formam
896 2004 1059 2082 acceptae,
1084 2019 1123 2062 ea
1145 2020 1301 2084 preparas
1325 2006 1391 2063 tam
1412 2001 1446 2063 in
1460 2004 1610 2086 personis
1628 2025 1724 2088 quam
1741 2006 1839 2068 robus
1897 2043 1899 2048 ,

186 2121 250 2184 que
273 2102 461 2165 necessaria
484 2101 614 2166 suntad
631 2101 733 2185 ipsius
750 2101 873 2184 nogotii
894 2102 1179 2185 complementum,
1203 2109 1235 2165 ct
1252 2103 1469 2187 personaliter
1485 2101 1525 2166 ad
1541 2111 1684 2168 nostram
1701 2105 1840 2178 accedas

185 2203 397 2288 presentiam,
419 2204 466 2268 ita
488 2204 573 2288 quod
590 2205 758 2288 negotium
781 2203 891 2302 valeat
913 2205 1106 2285 consumari,
1130 2205 1205 2284 quia
1225 2226 1294 2286 nos,
1319 2207 1523 2288 quantumin
1538 2207 1631 2270 nobis
1648 2213 1708 2287 est,
1732 2210 1837 2294 parati

186 2307 309 2370 erimus
332 2306 412 2370 illud
436 2307 569 2372 effectui
592 2308 788 2392 mancipare.

295 2408 371 2474 Dat.
394 2409 574 2491 Ferentini,
597 2410 632 2473 ΙΙ
653 2409 728 2474 Kal.
753 2409 870 2474 Octob.
894 2431 979 2474 anno
1003 2409 1157 2474 secundo.

806 2671 1216 2678 Μ*-

987 2947 1047 3020 35.

296 3063 476 3180 Sfiterius]
503 3095 724 3161 Utinbonensis
745 3096 906 3176 elusanus
926 3096 1045 3175 aliique
1067 3094 1210 3158 Honorio
1231 3094 1296 3158 ΙΙΙ
1312 3115 1416 3175 papae
1442 3100 1581 3159 narrant
1608 3097 1838 3160 rtrultitndinem

182 3199 465 3280 crucesignatorum
497 3197 534 3261 de
566 3198 763 3263 Alamannia
794 3203 822 3262 et
852 3197 889 3260 de
919 3198 1081 3261 Flendrio
1114 3197 1158 3260 ad
1183 3201 1312 3278 portam
1344 3197 1381 3261 de
1419 3197 1576 3262 Ultronea
1608 3220 1647 3262 en
1679 3200 1839 3279 insperato

181 3301 350 3380 appulisse,
373 3301 553 3380 quibuscum
574 3301 731 3362 coniuncti
749 3298 925 3364 Christiani
951 3298 1181 3378 Hispanienses
1203 3303 1231 3361 et
1246 3297 1488 3380 Portunatenses
1509 3320 1657 3382 mwnonr
1677 3301 1838 3365 uicturam

181 3403 221 3466 rle
243 3403 432 3467 Sarracenos
453 3389 542 3482 apud
561 3406 699 3466 castrum
721 3403 860 3466 Alcanor
881 3403 1119 3482 reportaverint.
1166 3400 1282 3465 Petunt
1303 3423 1325 3465 o
1343 3423 1444 3482 popa,
1467 3406 1502 3466 ut
1524 3403 1748 3485 crucesignatis
1770 3404 1838 3466 illis

100 3527 111 3562 a
182 3507 275 3569 liccat
294 3526 351 3585 pn
373 3524 494 3568 onerem
514 3504 602 3586 apud
621 3524 653 3568 sc
673 3505 859 3568 remanere².
1275 3506 1368 3583 1217,
1392 3505 1476 3584 Sept.
1501 3508 1596 3567 11-
1610 3503 1674 3572 Oct.
1696 3508 1749 3571 21.

286 3624 360 3677 Han.
380 3626 433 3676 III
447 3625 513 3693 Rea.
532 3623 593 3678 In'b.
615 3625 655 3686 ΙΙ,
675 3629 731 3676 817.
766 3623 888 3678 Eulimna
907 3639 941 3677 ce
959 3623 1105 3694 Ropnatdi
1121 3623 1193 3676 Anu.
1213 3622 1273 3676 eccl.
1293 3640 1318 3678 a.
1337 3629 1409 3688 1217,
1426 3627 1443 3688 §
1461 3629 1575 3679 32—34.

181 3889 424 3962 Sanctissimo
453 3886 550 3978 patri
577 3907 620 3958 ac
643 3885 795 3957 domino
817 3885 984 3958 Honorio
1004 3887 1071 3958 Dei
1094 3885 1213 3976 gratia
1236 3891 1473 3958 sacrosancte
1492 3885 1662 3958 Romane
1681 3887 1835 3958 ecclesie

181 4032 332 4082 summo
368 4007 532 4100 pontifici
567 4007 752 4096 Sluerius]
790 4007 1071 4094 UlixbonensiS,
1113 4005 1298 4095 Sluerius]
1337 4005 1553 4077 Elborensis
1587 4009 1623 4076 et
1659 4006 1835 4095 magister

180 4132 221 4203 in
248 4129 429 4219 Hispania
462 4126 589 4199 militie
615 4123 784 4217 Templi³
820 4131 856 4198 et
888 4126 989 4217 prior
1024 4127 1063 4198 in
1089 4126 1303 4216 Portugalia
1329 4125 1526 4216 hospitalis
1552 4125 1834 4234 lerosolirnitani

268 4255 304 4323 et
330 4249 610 4322 commendator
637 4247 762 4319 militie
790 4247 914 4320 Sancti
942 4246 1065 4319 lacobi
1091 4247 1138 4318 de
1166 4235 1355 4318 Palmela⁴
1383 4246 1545 4340 salutem
1573 4249 1609 4317 et
1636 4245 1750 4335 pedes

811 4367 1000 4439 humiliter
1027 4365 1200 4439 osculari.

291 4517 462 4582 Sanctitati
484 4520 595 4580 vestre
618 4513 826 4598 presentibus
849 4513 1041 4593 innotescat,
1065 4512 1151 4597 quod
1174 4513 1315 4576 Domino
1338 4513 1495 4592 iaciente,
1523 4512 1577 4596 qui
1602 4519 1771 4596 sperantes
1794 4513 1985 4582 inuasurum

180 4644 218 4686 se
242 4643 306 4684 non
328 4619 460 4699 deserit,
482 4617 623 4701 quedam
645 4617 769 4700 navigii
784 4614 956 4678 multitudo
972 4616 1272 4700 cmoesignatorum
1287 4614 1327 4679 de
1343 4614 1539 4679 Alemannis
1562 4622 1595 4678 et
1617 4613 1658 4679 de
1680 4614 1835 4678 Flandria

181 4731 217 4790 et
239 4723 280 4788 de
308 4724 381 4787 aliis
409 4722 558 4809 partibus
582 4725 657 4806 post
679 4720 781 4783 multa
804 4719 902 4781 maris
925 4718 1095 4804 naufragia
1123 4739 1160 4782 ao
1192 4717 1322 4780 diversa
1344 4717 1491 4802 pericula
1512 4717 1545 4778 in
1567 4715 1752 4801 navigando
1774 4738 1834 4803 per

102 4867 126 4900 μ..
180 4833 320 4912 quatuor
341 4846 472 4890 menses
495 4825 696 4901 laborantes,
733 4821 819 4906 quod
841 4821 905 4884 XV
939 4820 1010 4884 dies
1039 4821 1124 4884 solet
1158 4840 1177 4882 a
1207 4819 1355 4905 pluribus
1384 4819 1547 4902 navigari,
1575 4818 1617 4881 ad
1640 4825 1769 4903 portum
1793 4817 1833 4882 de

180 4928 347 4992 Ulixbona
369 4927 496 5014 appulit
518 4947 561 4991 ex
584 4928 750 5012 insperato
760 4928 782 4987 ⁵.
827 4924 924 4988 Unde
952 4945 1012 4988 nos
1042 4924 1258 5008 prenominati
1287 4921 1434 5007 episcopi
1457 4921 1717 5002 considerantes,
1747 4921 1833 5006 quod

179 5055 246 5096 non
268 5033 332 5095 nisi
354 5037 390 5095 ut
412 5029 575 5117 Hispania
598 5031 802 5109 liberaretur,
826 5027 957 5092 eosdem
980 5027 1171 5113 peregrinos
1187 5025 1348 5089 Dominus
1371 5032 1496 5089 tantum
1519 5024 1552 5087 iu
1574 5023 1628 5086 via
1649 5023 1833 5087 detinuerat

932 5185 1008 5191 ...-.-..
1030 5185 1035 5189 .
1047 5184 1152 5190 --.--.—-
1163 5184 1210 5190 -·—-
1224 5182 1397 5189 -.-.-...-.-—--
1578 5180 1730 5187 ..Μ-..-

287 5287 313 5354 1)
331 5287 366 5340 Β.
385 5285 547 5340 Bertuldnm
565 5286 651 5350 titium
669 5285 795 5353 defuncti
812 5285 890 5338 ducis
910 5282 1055 5352 Spoletoni
1075 5282 1198 5336 Conradi
1223 5282 1256 5334 de
1280 5281 1430 5350 Urstinpen
1453 5295 1510 5332 esse
1529 5283 1612 5347 puto.
1630 5292 1690 5331 curn
1705 5294 1783 5346 popa
1800 5279 1833 5330 rte

180 5373 263 5428 retus
282 5373 440 5441 Spole-tants
457 5372 533 5440 loqui
550 5371 684 5426 videatur.
722 5371 763 5439 Os.
782 5377 864 5424 n.88.
934 5369 964 5436 2)
985 5367 1062 5421 Haec
1085 5368 1201 5434 epistole
1224 5367 1331 5434 scripta
1357 5372 1396 5420 est
1417 5371 1481 5434 post
1503 5365 1645 5418 victoriam
1663 5364 1834 5431 nuceriano·

177 5467 267 5512 torum
285 5457 362 5526 opud
380 5461 501 5510 castrum
518 5459 640 5511 nnozor
656 5459 825 5524 reportatam
852 5458 939 5524 (Sept.
968 5457 1005 5520 11)
1030 5458 1054 5506 ct
1072 5458 1136 5506 ante
1154 5453 1385 5521 conspirationem
1407 5451 1493 5504 taius
1510 5451 1598 5504 castri
1616 5449 1686 5514 (Oct.
1701 5453 1751 5514 21).
1789 5449 1831 5510 Cf.

179 5547 278 5598 t'trrou.
308 5559 365 5612 req.
397 5542 453 5596 Col.
484 5541 525 5595 ed.
556 5543 589 5595 G.
627 5543 718 5597 ll'oitc
748 5543 777 5594 in
807 5548 856 5596 oct.
885 5558 913 5610 p.
941 5545 1094 5593 240—242
1118 5544 1144 5591 ct
1166 5543 1328 5590 340-342.
1403 5537 1429 5602 3)
1448 5537 1556 5589 Petrus.
1634 5536 1661 5592 ll
1680 5533 1832 5588 Martinus.

176 5632 204 5698 b)
222 5631 298 5682 cirea
317 5629 372 5682 lul.
392 5635 428 5680 11.

1591 5713 1628 5765 4*
