4538 6426
740 336 939 392 EPIS'I'OLAE
956 335 1148 392 SELEC'I'AE.
1185 335 1260 388 1217.

965 616 1024 689 39.

276 728 462 826 Honorias
487 762 552 826 111
570 783 656 842 papo
677 761 888 847 [Radallbm]
910 762 1050 827 abbatem
1072 762 1108 826 ele
1127 762 1372 828 Ororrrsnrnnstcr
1393 768 1421 828 et
1442 766 1687 853 [Allnronnam]
1708 768 1820 835 Socrati

161 866 314 930 Floriani
340 869 369 927 el
397 865 435 927 dc
460 865 581 928 blaisee
603 866 800 945 praepositos
826 865 862 927 in
891 865 1011 944 negotio
1041 867 1125 929 inter
1153 867 1408 952 [Eberhardmn]
1435 869 1700 950 archiepiscopum
1728 871 1817 937 Sale-

161 969 342 1048 bargcnsern
364 971 393 1030 ct
420 967 594 1032 Woltcrnrn
616 967 798 1031 monacham
821 968 932 1031 Sancti
958 967 1119 1031 Laneberti
1135 968 1300 1046 procedere
1321 973 1416 1047 octat,
1443 990 1512 1034 arne
1533 972 1657 1052 utrique
1675 974 1818 1051 portium

163 1071 279 1134 littoris
302 1069 505 1146 marrdovcrit,
527 1073 562 1131 nt
584 1069 620 1138 in
644 1070 799 1134 Kalendis
816 1071 944 1150 Aprilis
960 1071 1108 1150 proximo
1130 1072 1271 1135 uenturis
1289 1073 1480 1152 sufficienler
1501 1073 1672 1138 instructae
1691 1079 1817 1154 proptor

97 1185 108 1220 ⁵
162 1173 219 1237 hoe
235 1195 295 1253 per
317 1191 349 1235 se
370 1173 418 1235 oel
433 1193 495 1252 per
516 1173 712 1252 responsales
734 1173 860 1236 teloneos
881 1173 999 1236 Rornae
1021 1193 1053 1236 se
1075 1177 1315 1253 repraesentent.
1464 1178 1558 1258 1217,
1581 1176 1654 1241 Dec.
1678 1182 1730 1240 11.

270 1292 343 1346 Hori.
361 1293 416 1344 ΙΙῙ
431 1291 496 1358 Rea.
522 1290 577 1342 Vol.
597 1293 620 1354 Ι,
643 1298 701 1354 179;
722 1291 784 1344 Lib.
804 1293 844 1356 Il,
865 1299 922 1344 746.

241 1559 250 1576 .
279 1559 286 1574 .
314 1498 481 1576 abbati¹
505 1505 555 1576 de
583 1503 910 1578 Cremmunster
936 1508 977 1576 et
1004 1503 1153 1576 Sancti
1180 1503 1376 1578 Floriani
1403 1510 1445 1577 et
1473 1558 1480 1572 .
1510 1561 1517 1578 .
1546 1507 1738 1582 Matsehe

605 1623 847 1715 prepositis
874 1622 1154 1695 Pataviensis
1182 1623 1382 1696 diocesis.

274 1770 319 1834 Ut
341 1772 504 1857 patefacta
527 1772 647 1835 veritas
670 1773 816 1856 patulam
843 1772 967 1834 iustitie
991 1770 1075 1834 viam
1099 1769 1235 1855 pandat,
1262 1772 1433 1834 veritatem
1458 1773 1618 1837 laetorum
1641 1774 1816 1860 diligenter

86 1896 108 1930 ro
163 1872 328 1956 inquirere
351 1896 409 1938 nos
434 1882 576 1959 oportet,
604 1881 640 1938 ut
663 1875 819 1938 iustitiam
846 1875 877 1937 in
909 1873 1063 1938 iudicium
1087 1881 1322 1937 convertamus.
1374 1872 1460 1938 Sane
1490 1877 1688 1941 venerabilis
1716 1879 1816 1943 frater

160 1984 276 2040 noster
299 2025 305 2038 .
330 2025 337 2040 .
362 1977 629 2062 Salzeburgensis
652 1977 918 2062 archiepiscopus
934 1979 1053 2040 uostris
1070 1976 1202 2040 auribus
1218 1977 1396 2054 intimavit,
1430 1977 1609 2062 quodcum
1633 1981 1720 2062 olim,
1744 1983 1814 2045 exi·

162 2078 317 2160 gentibus
340 2081 450 2144 multis
474 2089 507 2144 et
530 2080 717 2143 enormibus
744 2080 848 2166 culpis
872 2078 1012 2142 Walteri
1041 2079 1191 2141 monachi
1217 2078 1328 2143 Sancti
1351 2080 1520 2144 Lamberti
1543 2081 1814 2168 Salzeburgeusis

162 2179 314 2258 diocesis,
337 2184 369 2245 in
393 2204 467 2246 eum
492 2191 524 2246 et
547 2185 722 2268 complices
747 2205 822 2247 suos
840 2183 1189 2246 excommunicationis
1207 2190 1240 2246 et
1257 2184 1289 2247 in
1314 2185 1487 2247 ecclesiam
1505 2183 1616 2248 Sancti
1632 2186 1815 2267 Michaelis,

162 2282 204 2346 ad
228 2285 319 2347 cuius
343 2292 412 2349 erat
434 2285 474 2348 ab
499 2334 506 2347 .
531 2336 538 2350 .
562 2286 681 2350 abbate
712 2307 770 2350 suo
801 2287 946 2369 regimen
970 2285 1155 2370 deputatus,
1179 2285 1344 2349 interdicti
1373 2287 1554 2351 sententias
1577 2287 1816 2351 rationabiliter

164 2387 423 2472 promulgasset,
457 2389 532 2470 quia
555 2388 641 2452 idem
667 2388 843 2452 monachus
875 2389 989 2472 spiritu
1020 2387 1208 2452 rebellionis
1236 2395 1387 2473 arreptus
1417 2409 1473 2452 eas
1502 2389 1714 2473 pertinaciter
1738 2411 1814 2453 con-

163 2491 363 2575 tempnebat,
379 2490 484 2553 dictus
500 2491 765 2576 archiepiscopus
782 2491 999 2576 personaliter
1015 2490 1055 2553 ad
1070 2492 1243 2554 ecclesiam
1258 2492 1399 2554 accessit
1412 2490 1558 2568 eandem,
1574 2497 1610 2555 ut
1624 2491 1814 2556 rebellionis

164 2614 296 2657 causam
317 2593 497 2678 inquireret
521 2601 554 2656 et
577 2595 763 2678 inquisitam
787 2615 929 2678 congrue
946 2594 1130 2678 castigaret.
1184 2593 1242 2656 Set
1258 2593 1344 2656 idem
1362 2595 1551 2657 canonicam
1572 2594 1702 2678 fugiens
1717 2595 1814 2658 ultio-

163 2717 238 2760 nem
262 2703 374 2759 contra
402 2695 542 2759 eundem
572 2696 854 2781 archiepiscopum
888 2717 922 2758 sc
955 2696 1106 2774 armavit,
1141 2701 1173 2758 et
1197 2695 1299 2780 ipsius
1323 2696 1463 2759 ecclesie
1486 2696 1593 2758 locum
1617 2697 1814 2761 eminentem

164 2798 345 2863 ascendens
368 2798 446 2862 iecit
469 2819 543 2862 curu
566 2821 626 2885 per
649 2820 725 2864 suos
749 2800 909 2862 satellites
934 2799 1097 2882 sagittari,
1122 2819 1220 2881 quare
1245 2797 1411 2883 predictus
1441 2797 1718 2884 archiepiscopus,
1742 2787 1815 2862 cum

88 2923 99 2956 e
165 2903 246 2966 elias
270 2903 492 2989 impudentem
508 2903 722 2990 pertinaciam
740 2923 831 2966 suem
847 2923 911 2964 non
927 2907 1040 2986 posset
1056 2902 1232 2985 corripere,
1255 2902 1362 2986 ipsum
1386 2902 1458 2987 capi
1478 2901 1602 2966 iaciens
1619 2909 1653 2966 et
1668 2901 1815 2966 custodie

165 3007 352 3090 mancipari,
375 3006 582 3092 postmodum
611 3004 651 3069 de
679 3006 814 3068 consilio
846 3004 1124 3088 suffraganeorum
1150 3024 1280 3066 suorum
1313 3005 1347 3067 in
1381 3005 1479 3090 plena
1513 3003 1636 3089 synodo
1670 3005 1704 3067 in
1740 3025 1815 3069 eum

165 3107 378 3193 depositionis
403 3110 598 3174 sententiam
620 3107 852 3194 promulgatam
876 3127 939 3191 que
964 3127 1036 3169 cum
1060 3105 1166 3169 dictus
1183 3106 1450 3192 archiepiscopus
1467 3105 1508 3170 ad
1522 3113 1666 3170 nostram
1682 3106 1816 3171 audien-

164 3212 243 3275 tiam
266 3211 452 3294 detulisset,
480 3214 600 3277 nostris
624 3211 688 3275 sibi
709 3210 859 3274 dedimus
887 3210 1005 3274 litteris
1029 3209 1062 3272 in
1085 3208 1260 3289 mandatis,
1288 3216 1325 3272 ut
1352 3209 1393 3273 ad
1416 3208 1575 3294 agendam
1598 3209 1813 3295 penitentiam

164 3316 271 3400 ipsum
299 3316 424 3381 faceret
457 3316 620 3399 iustique
654 3313 792 3378 honesto
821 3314 893 3377 loco
925 3311 1059 3376 retrudi.
1116 3311 1310 3397 sepedictus
1337 3333 1415 3376 vero
1447 3311 1625 3376 monachus
1649 3333 1752 3399 nuper
1774 3312 1815 3376 ad

89 3441 100 3462 ⁴
166 3417 278 3483 sedem
305 3420 518 3505 apostolicam
549 3417 703 3496 veniens,
737 3417 836 3481 tacito
870 3414 956 3500 quod
988 3415 1022 3477 in
1051 3436 1086 3478 se
1110 3436 1148 3478 ac
1172 3415 1348 3501 complices
1373 3437 1449 3480 suos
1471 3416 1579 3479 fuerat
1601 3414 1814 3500 depositionis

165 3522 328 3585 sententia
350 3523 566 3607 promulgata,
598 3526 632 3585 et
655 3541 811 3605 expresso
841 3518 1042 3582 mendaciter
1071 3515 1156 3601 quod
1179 3518 1415 3581 monasterium
1439 3518 1544 3582 saneti
1566 3517 1735 3582 Lamberti
1756 3541 1815 3603 per

164 3623 252 3688 sedis
275 3626 456 3710 apostolice
479 3624 686 3711 privilegium
710 3629 798 3687 esset
821 3628 1025 3706 exemptum,
1054 3641 1115 3683 nec
1143 3642 1208 3684 non
1232 3621 1402 3685 electionis
1426 3641 1524 3684 causa
1546 3621 1631 3685 inter
1653 3622 1759 3707 ipsum
1782 3629 1815 3686 et

164 3723 402 3814 W[oleherum]
428 3727 698 3810 salzeburgensis
722 3725 863 3788 diocesis
886 3744 994 3788 coram
1017 3723 1180 3786 iudicibus
1204 3745 1224 3786 a
1248 3721 1326 3786 sede
1350 3723 1533 3808 apostolica
1550 3722 1710 3806 delegatis
1733 3745 1814 3808 pen-

163 3827 261 3893 dente
284 3830 392 3916 ipsum
415 3831 487 3917 capi
510 3830 633 3894 fecerat
657 3836 690 3893 et
712 3829 869 3893 carcerali
893 3826 1039 3892 custodie
1063 3827 1258 3912 mancipari,
1281 3833 1319 3890 ut
1342 3827 1388 3891 sic
1412 3827 1520 3911 ipsum
1542 3847 1561 3889 a
1584 3827 1813 3912 prosecutione

89 3959 115 3990 ..ι
166 3932 325 3998 desistere
351 3934 563 4019 compelleret
586 3934 638 3996 sui
660 3933 758 4012 iuris,
782 3931 822 3995 ad
851 3929 991 3995 eundem
1014 3929 1295 4014 archiepiscopum
1324 3935 1452 3992 nostras
1480 3928 1607 3992 litteras
1636 3930 1815 4014 reportavit

164 4041 200 4098 ut
225 4035 408 4121 predictum
430 4036 486 4100 W.
519 4057 539 4099 a
572 4036 730 4120 regimine
764 4034 882 4121 prefati
916 4032 1105 4096 monasterii
1136 4053 1307 4111 amovens,
1343 4039 1377 4094 et
1408 4030 1610 4117 supradictas
1635 4031 1814 4095 sententias

165 4139 508 4204 excommunicationis
532 4146 566 4203 et
587 4139 753 4203 interdicti
780 4139 948 4216 relaxans,
979 4156 1110 4200 causam
1139 4136 1224 4200 inter
1251 4134 1392 4199 eundem
1420 4134 1614 4198 monachum
1636 4139 1670 4198 et
1692 4133 1813 4198 dictum

166 4237 220 4302 W.
256 4261 365 4304 coram
407 4241 568 4306 iudicibus
611 4239 773 4324 delegatis
817 4239 1023 4326 permitteret
1067 4238 1171 4302 libere
1214 4237 1401 4317 terminari,
1450 4237 1543 4300 vobis
1584 4237 1814 4303 executoribus

165 4342 410 4423 nichilominus,
455 4345 482 4408 si
523 4344 584 4408 heo
629 4351 827 4408 memoratus
869 4341 1134 4428 archiepiscopus
1172 4363 1237 4404 non
1279 4340 1438 4420 efiiceret,
1477 4361 1497 4404 a
1526 4341 1625 4432 „nobis
1662 4341 1814 4426 optentis.

93 4489 98 4502 ,
167 4443 261 4508 Unde
306 4444 400 4510 nubis
438 4469 480 4511 ex
509 4454 603 4531 parte
635 4446 753 4530 prefati
787 4445 1026 4530 archiepiscopi
1066 4444 1175 4508 extitit
1213 4443 1448 4528 supplicatum,
1488 4448 1525 4506 ut
1563 4464 1636 4508 curn
1672 4443 1815 4508 mendax

165 4553 316 4631 precator
339 4568 450 4612 carere
475 4547 595 4613 debeat
616 4548 810 4632 impetratis,
833 4569 898 4611 non
921 4547 1127 4611 obstantibus
1151 4547 1268 4609 litteris
1293 4545 1339 4608 sic
1363 4544 1522 4626 obtentis,
1551 4546 1637 4630 quud
1659 4568 1717 4632 per
1740 4569 1815 4611 eum

167 4659 280 4713 contra
302 4650 498 4713 monachum
522 4650 743 4735 supradictum
772 4657 880 4714 actum
909 4657 969 4729 est,
1001 4651 1183 4714 faceremus
1205 4648 1398 4712 auctoritate
1421 4649 1602 4733 apostoliea
1624 4649 1816 4713 confirmari.

166 4752 215 4816 Ne
239 4752 338 4836 igitur
354 4753 439 4816 inter
462 4759 510 4817 tot
525 4754 700 4817 varietates
716 4754 837 4818 veritas
861 4753 1041 4832 delitescat,
1065 4773 1124 4816 nos
1140 4773 1331 4837 processum
1347 4752 1445 4815 totius
1462 4751 1587 4834 negotii
1604 4772 1642 4814 aa
1662 4752 1814 4817 effectum

166 4855 349 4918 litterarum
371 4855 501 4919 iuterim
526 4855 780 4941 suspendentes,
810 4857 937 4940 utrique
961 4857 1101 4941 partium
1131 4855 1249 4918 nostris
1274 4853 1423 4918 dedimus
1446 4853 1565 4916 litteris
1588 4854 1621 4916 in
1644 4854 1815 4932 mandatis,

106 4985 118 5008 η
166 4965 201 5022 ut
223 4959 257 5020 iu
279 4956 438 5022 Kalendis
461 4957 585 5044 Aprilis
612 4959 761 5044 proximo
787 4960 933 5023 venturis
958 4960 1158 5023 sufficienter
1180 4960 1339 5022 instructa
1363 4963 1497 5042 propter
1522 4954 1584 5018 hoc
1616 4977 1676 5041 per
1703 4978 1739 5020 se
1764 4958 1814 5020 vel

166 5060 373 5146 responsales
403 5059 550 5143 ydoneos
580 5067 691 5126 nostro
727 5083 762 5126 se
796 5063 987 5146 conspectui
1015 5068 1262 5148 representant,
1290 5067 1401 5124 actare
1429 5079 1467 5123 sc
1495 5078 1692 5143 responsura
1719 5065 1816 5142 prout

167 5185 225 5226 sua
247 5163 398 5227 noverint
421 5162 591 5228 interesse.
633 5163 795 5237 Quocirca
817 5163 964 5229 districte
980 5165 1074 5228 vobis
1096 5185 1155 5250 per
1171 5162 1352 5250 apostoliea
1368 5162 1490 5247 scripta
1511 5159 1712 5239 mandamus,
1735 5180 1814 5244 qua-

167 5265 253 5329 tinus
275 5265 309 5328 in
332 5263 447 5329 eodem
471 5266 603 5352 negotio
626 5266 814 5331 nullatenus
836 5265 1031 5351 procedatis.

273 5367 350 5430 Dat.
373 5366 525 5432 Lateran.
542 5368 595 5432 III
618 5368 695 5432 idus
718 5368 922 5443 Decembris,
945 5388 1030 5432 anno
1055 5365 1208 5432 secundo.

277 5623 301 5684 l)
322 5623 365 5688 Cl'.
385 5639 410 5675 n.
431 5627 475 5674 32.
