4538 6426
437 402 477 462 56
1025 395 1072 450 ux
1090 376 1246 451 riononu
1264 397 1304 450 111
1323 396 1503 451 aacrsrno

438 592 501 655 qua
523 570 606 635 turri
636 571 825 658 potenditur
856 579 972 636 eatena
998 571 1107 636 ferrea
1135 591 1193 656 per
1221 570 1363 634 medium
1387 570 1520 634 fiuvium
1548 591 1652 655 usquc
1676 570 1716 633 ad
1741 570 1917 650 civitatem,
1939 575 2091 656 prestans

438 673 708 760 impedimentum
732 675 851 739 nestris
874 674 1013 739 navibus
1043 675 1239 738 transituris.
1292 673 1416 738 Tamen
1445 675 1479 738 in
1507 695 1641 739 recessu
1669 674 1861 738 nunciorum
1888 675 1935 737 ita
1956 693 2090 760 proees-

437 799 584 842 seramus
619 779 652 842 in
691 780 829 864 negocio
856 779 935 843 Iesu
963 778 1102 859 Christi,
1141 777 1226 863 quod
1254 798 1356 842 naves
1394 784 1428 842 et
1469 779 1563 862 galee
1598 784 1709 842 nostre
1748 777 1852 862 galeis
1888 777 2092 841 inimieorum

438 886 623 944 nostrorum
653 881 686 944 in
720 882 817 946 fluvio
852 881 1067 968 prevalebant
1102 887 1135 945 et
1170 882 1202 944 in
1227 881 1386 965 superiori
1424 888 1516 965 parte
1549 881 1639 944 fluvii
1665 880 1902 960 consistebant,
1932 882 1978 945 ita
2006 877 2094 965 quod

435 982 573 1048 hostiles
595 984 690 1069 galee
713 979 852 1050 liberum
876 986 1041 1070 navigium
1065 1006 1129 1048 non
1152 983 1326 1064 habebant,
1349 1006 1410 1048 neo
1434 985 1571 1048 aliorum
1595 984 1848 1049 sarracenorum
1870 986 1965 1069 galee
1988 985 2091 1049 habe-

437 1087 516 1151 bant
539 1087 662 1152 aditum
685 1090 726 1153 ad
750 1090 924 1154 civitatem.
969 1089 1032 1153 llis
1056 1090 1155 1173 igitur
1178 1088 1271 1152 vobis
1300 1089 1455 1152 nuntiatis
1487 1088 1709 1174 supplicamus
1740 1090 1904 1153 sanctitati
1927 1094 2036 1153 vestre
2060 1088 2093 1150 in

436 1189 578 1255 Domino
602 1197 636 1255 et
657 1213 715 1277 pro
738 1191 880 1257 Domino
903 1193 998 1257 flexis
1023 1193 1162 1276 genibus
1185 1200 1370 1272 exorantes,
1399 1193 1550 1278 quatinus
1570 1191 1755 1257 Christiano
1779 1195 1941 1258 exercitui
1965 1193 2093 1278 magnis

437 1293 593 1379 perieulis
618 1295 771 1380 exposite
802 1296 922 1360 curetis
945 1295 1201 1359 misericorditer
1235 1303 1269 1360 et
1298 1297 1449 1360 celeriter
1477 1296 1653 1360 subveniri.
1704 1296 1778 1360 Non
1802 1296 1887 1361 enim
1914 1297 1955 1362 de
1978 1297 2095 1360 virium

439 1403 624 1462 nostrarum
658 1399 852 1463 confidentia
879 1405 1005 1462 tanturn
1040 1420 1121 1462 onus
1150 1398 1260 1462 subire
1289 1400 1563 1484 presumpsimus,
1598 1399 1656 1463 sed
1684 1398 1724 1462 de
1754 1405 1863 1464 vestra
1890 1405 1964 1486 post
1986 1398 2096 1464 Deum

439 1505 610 1586 sperantes
634 1501 849 1566 subventione
872 1503 943 1566 ausi
967 1524 1078 1566 sumus
1096 1503 1129 1566 in
1153 1504 1286 1567 remotis
1303 1503 1450 1588 partibus
1467 1503 1671 1567 obsidionem
1687 1503 1842 1568 inchoare
1866 1509 1899 1568 et
1921 1503 2090 1567 civitatem

439 1603 750 1668 excellentissimam
767 1612 800 1670 et
815 1606 1068 1670 munitissimam
1085 1606 1286 1692 impugnare.
1333 1605 1405 1679 Qua
1423 1606 1557 1670 obtenta
1578 1607 1714 1671 firmiter
1736 1627 1917 1692 speramus,
1938 1613 1976 1670 ut
1990 1611 2095 1669 totam

439 1727 611 1792 possemus
634 1705 801 1793 Egyptum
825 1709 973 1774 obtinere
992 1716 1025 1774 et
1046 1709 1181 1773 Terram
1202 1709 1364 1784 Sanctam,
1388 1730 1446 1795 pro
1470 1730 1534 1794 qua
1555 1710 1752 1788 laboramus,
1777 1710 1920 1774 finaliter
1941 1709 2095 1773 liberare.

439 1808 688 1883 Verumtamen,
705 1815 741 1874 ut
754 1810 965 1896 prediximus,
983 1834 1055 1877 eum
1079 1819 1111 1878 et
1127 1834 1346 1899 expensarum
1363 1819 1396 1876 et
1411 1819 1630 1898 pugnatorum
1653 1815 1791 1898 penuria
1806 1813 1950 1898 graviter
1963 1811 2094 1875 labore-

440 1933 523 1993 mus,
546 1913 580 1976 in
602 1934 720 1998 magne
745 1937 856 1980 sumus
880 1918 1027 2002 periculo
1052 1918 1229 1982 constituti.
1274 1917 1359 1981 Nam
1382 1917 1629 2002 potentissimus
1648 1917 1804 1981 'omnium
1827 1916 2006 1980 infidelium
2030 1915 2096 1978 sol-

441 2015 544 2080 danus
567 2017 653 2082 vires
677 2025 789 2082 contra
811 2040 870 2083 nes
894 2021 1019 2105 colligit
1040 2021 1221 2085 universas.
1266 2018 1488 2093 Quamobrem
1511 2042 1603 2085 mora
1625 2020 1850 2085 subventionis
1872 2019 1973 2084 trahit
1995 2017 2037 2082 ad
2059 2039 2096 2082 66

441 2119 623 2204 periculum
646 2120 745 2184 totius
770 2123 936 2187 exereitus
960 2123 1145 2188 Christiani.
1190 2123 1285 2198 Quod
1309 2125 1334 2187 si
1359 2123 1442 2188 forte
1459 2124 1740 2210 peccatisnostris
1756 2122 1985 2207 exigentibus,
2009 2121 2096 2206 quod

440 2221 533 2288 Deus
556 2228 700 2298 avertat,
723 2223 889 2304 deficeret,
912 2247 977 2290 non
1001 2225 1172 2307 credimus,
1196 2227 1281 2312 quod
1314 2228 1347 2291 in
1369 2226 1471 2291 Terre
1495 2226 1615 2291 Sancte
1639 2226 1770 2310 negotio
1794 2225 1849 2289 alii
1872 2225 2000 2310 possint
2021 2245 2097 2310 pro-

441 2326 539 2391 ficere
568 2325 754 2392 Christiani.

547 2428 720 2495 Monernus
753 2432 852 2516 igitur
884 2435 1132 2498 universitatem
1155 2441 1307 2513 vestram,
1338 2455 1489 2518 rogamus
1513 2441 1546 2498 et
1569 2435 1779 2499 exhortamur
1801 2433 1833 2496 in
1856 2430 2015 2512 Domino,
2039 2452 2100 2518 per

442 2533 622 2617 apostoliea
644 2533 737 2597 vobis
763 2536 884 2620 scripta
906 2536 1118 2621 precipiendo
1145 2535 1349 2617 mandantes,
1375 2537 1527 2622 quatinus
1551 2535 1758 2601 attendentes
1781 2536 1956 2600 discrimen
1979 2535 2011 2598 in
2034 2556 2098 2619 quo
2151 2559 2155 2567 ·

442 2636 569 2722 positus
594 2641 645 2700 est
669 2638 835 2701 exercitus
860 2637 1085 2719 Christianus,
1116 2641 1180 2705 nisi
1207 2661 1395 2704 succursum
1424 2639 1575 2704 habuerit
1604 2639 1808 2719 festinatum,
1837 2637 2037 2724 provideatis
2068 2644 2101 2702 et

441 2738 624 2824 disponatis
647 2758 685 2802 ac
707 2739 976 2824 irrefragabiliter
1004 2741 1178 2818 ordinetis,
1206 2742 1292 2825 quod
1318 2750 1383 2805 tarn
1415 2762 1473 2805 vos
1496 2763 1592 2826 quam
1621 2743 1675 2804 alii
1706 2741 1937 2826 crucesignati,
1970 2741 2025 2824 qui
2058 2739 2099 2804 ad

445 2849 575 2929 portum
607 2842 744 2907 Ianuam
778 2847 990 2926 conveniunt,
1021 2867 1135 2910 versus
1165 2845 1350 2911 Damiatam
1384 2847 1417 2910 in
1451 2847 1581 2911 nomine
1617 2845 1738 2909 demini
1774 2844 1918 2910 Sabaoth
1951 2843 2101 2927 dirigatis

446 2945 598 3010 celeriter
619 2946 683 3011 iter
705 2954 864 3030 vestrum,
889 2950 973 3034 quia,
1003 2949 1087 3013 sicut
1110 2955 1142 3013 et
1165 2950 1274 3013 littere
1298 2951 1368 3034 ipse
1392 2950 1531 3014 innuunt
1555 2957 1588 3014 et
1615 2950 1720 3014 nuntii
1754 2949 1809 3033 qui
1832 2948 2012 3012 attulerunt
2045 2968 2101 3010 eas

447 3048 698 3133 expressissime
721 3049 843 3132 dieunt,
874 3059 963 3117 certa
986 3073 1061 3137 spes
1084 3058 1150 3132 est,
1173 3050 1258 3134 quod
1288 3052 1315 3114 si
1339 3071 1396 3115 vos
1426 3058 1460 3116 et
1493 3052 1549 3116 alii
1572 3053 1791 3137 crucesignati
1813 3050 2036 3137 applicueritis
2059 3048 2100 3113 ad

306 3170 433 3222 166666.
449 3150 615 3215 civitatem
637 3152 834 3235 iamdictam,
859 3161 892 3219 et
914 3155 971 3218 illa
993 3160 1026 3219 et
1049 3161 1119 3218 tota
1141 3153 1293 3240 Egyptus
1317 3154 1357 3218 ab
1381 3175 1439 3234 eo,
1469 3155 1560 3218 cuius
1585 3161 1635 3220 est
1657 3161 1745 3219 terra
1771 3161 1804 3219 et
1827 3151 1995 3242 plenitudo
2019 3152 2102 3232 eius,

449 3252 586 3420 dabitulr)
603 3255 637 3318 in
659 3256 809 3321 manibus
833 3258 946 3344 populi
970 3257 1157 3322 Christiani.

589 3363 632 3422 at.

1066 3502 1173 3509 Q.
1182 3502 1475 3509 --—————.-.--

1248 3660 1308 3732 78.

564 3745 751 3845 Honorius
766 3780 828 3846 ΙΙΙ
841 3801 929 3862 popa
943 3781 1120 3867 [liedulfo]
1132 3781 1334 3862 patriarchae
1351 3782 1636 3867 Hierosotynritcno
1657 3785 1687 3845 ct
1708 3782 1763 3846 toti
1784 3781 1864 3845 atero
1885 3783 1914 3844 61
1931 3779 2047 3859 portule
2069 3779 2106 3841 in

449 3887 606 3952 obsidione
627 3884 799 3949 Danaae
828 3885 1064 3948 consistentibus
1089 3886 1246 3967 significat
1274 3904 1306 3948 se
1333 3885 1479 3949 continuo
1501 3884 1639 3949 Iannom
1667 3888 1697 3947 et
1724 3883 1868 3948 Venetiae
1895 3885 1925 3947 ct
1944 3903 2001 3961 per
2021 3881 2103 3945 alios
2153 3913 2179 3952 30

450 3991 568 4056 Italiac
597 3993 705 4070 portas
732 3989 853 4052 litteras
881 3987 1033 4052 direxisse
1060 3993 1089 4052 ct
1117 3989 1343 4070 crnecsipnatos
1373 3990 1449 4052 ittae
1481 3989 1692 4053 convenientes
1721 3988 1870 4052 abentius
1903 3985 2105 4049 adhortata-nc

450 4113 522 4171 csse,
544 4096 580 4156 nt
600 4091 739 4157 oetcritcr
761 4109 869 4154 versas
889 4089 1073 4154 Damiatam
1095 4091 1238 4173 dirigant
1260 4093 1319 4155 iter
1340 4111 1440 4158 sanna
1742 4093 1836 4170 1218,
1858 4091 1941 4171 Anp.
1966 4093 2017 4154 13.

555 4211 629 4265 Hon.
647 4212 702 4262 III
716 4209 784 4278 Rep.
809 4209 993 4272 1611616·
1020 4209 1082 4263 Lib.
1102 4213 1160 4273 III,
1180 4213 1224 4264 39.
1265 4211 1369 4264 Parisii
1395 4211 1532 4280 eoemnptar
1560 4210 1746 4279 supplemrnns
1773 4224 1807 4261 ear
1834 4207 1927 4278 Rayn.
1948 4208 2023 4261 Ann.
2046 4206 2107 4259 recl.

452 4315 478 4352 6.
497 4301 575 4360 1218,
593 4299 609 4362 §
626 4301 669 4359 10,
690 4301 715 4350 et
733 4313 766 4350 ex
784 4294 851 4349 Res.
870 4296 917 4349 des
934 4297 998 4350 bist.
1017 4297 1064 4350 des
1085 4295 1195 4350 Gentes.
1215 4297 1295 4350 XIX
1310 4315 1338 4366 p.
1359 4301 1420 4350 666.

556 4382 692 4446 Ρ6111661,
710 4381 779 4451 Rep.
798 4385 877 4436 5891.

454 4561 665 4636 Venerabili
699 4559 803 4634 fratri
831 4617 878 4633 ..
918 4557 1148 4651 patriarche¹
1182 4567 1219 4635 61
1251 4559 1446 4634 karissimo
1477 4562 1516 4635 in
1543 4560 1690 4634 Christo
1725 4559 1801 4633 filio
1835 4558 1994 4632 Iohanni
2029 4556 2106 4649 regi

454 4681 776 4756 iherosolimitano
812 4685 849 4753 61
886 4735 933 4755 ..
969 4677 1208 4773 Nyeosiensi²
1239 4681 1519 4772 archiepiscopo
1556 4689 1592 4755 61
1631 4738 1676 4754 ..
1711 4674 1942 4754 Acconensi³
1969 4701 2013 4752 ae
2052 4735 2059 4748 .
2097 4735 2104 4748 .

454 4795 773 4876 Β6116166ι611666ι
802 4800 985 4892 episeopis
1011 4807 1047 4874 61
1078 4801 1266 4875 nobilibus
1300 4801 1389 4874 viris
1422 4802 1506 4876 duci
1536 4798 1707 4875 ,1661616ὅ
1738 4806 1775 4874 61
1806 4795 2032 4890 Hospitalis⁶
2064 4821 2108 4873 66

455 4921 581 4994 militie
626 4915 794 5012 Τ6ῐ6611“1
830 4926 866 4993 61
915 4921 1048 4995 Sancte
1092 4922 1206 4995 Maris
1245 4919 1560 4995 ’.16616616666668
1604 4921 1791 5013 magistris
1835 4941 1887 4994 ao
1920 4919 2107 4993 universis

511 5041 717 5115 baronibus
744 5063 787 5114 66
814 5040 882 5114 1611
909 5041 1007 5114 clero
1038 5042 1306 5133 6166661616
1334 5042 1527 5116 obsidione
1554 5042 1722 5115 Damiate
1750 5039 2049 5114 consistentibus

562 5191 675 5256 Multis
698 5190 807 5255 divine
831 5190 990 5276 scripture
1021 5190 1177 5257 doeemur
1204 5191 1383 5276 exemplis,
1412 5190 1499 5276 quod
1526 5189 1635 5266 Deus,
1668 5189 1710 5254 ad
1737 5190 1829 5255 ouius
1857 5194 1971 5253 nutum
1999 5189 2109 5253 omnia

455 5295 670 5381 disponuntur
687 5301 720 5359 61
736 5295 828 5359 66166
849 5293 949 5358 nichil
965 5301 1075 5381 potest
1090 5295 1247 5360 resistere
1269 5294 1441 5374 voluntati,
1465 5315 1544 5380 sepe
1561 5292 1803 5358 multitudinem
1818 5291 1950 5356 fortium
1973 5291 2109 5356 tradidit

455 5402 489 5466 in
511 5419 627 5464 manus
650 5397 807 5462 debilium
831 5403 863 5462 et
877 5417 1065 5483 paucorum.
1109 5397 1267 5484 Receptis
1283 5397 1383 5481 igitur
1398 5396 1518 5461 litteris
1542 5397 1659 5462 vestris
1676 5403 1710 5460 et
1726 5394 1859 5470 nuntiis,
1883 5401 1917 5459 et
1938 5394 2108 5460 intellecto

753 5523 1026 5530 ————--—.—-
1032 5525 1282 5530 .-...-.—.--·——-—-
1466 5523 1544 5528 ᾕ-
1895 5521 2003 5526 ..-.-....

559 5589 585 5656 1)
605 5587 742 5655 Radatso.
784 5588 812 5654 2)
831 5585 993 5654 Eustoryin.
1038 5585 1066 5653 3)
1085 5585 1195 5640 Iacobo.
1237 5585 1268 5653 4)
1288 5585 1442 5657 Roynerio.
1482 5583 1664 5654 1616661616.
1707 5582 1871 5648 61116νί66.
1907 5582 1934 5650 1)
1959 5583 2111 5642 1111116166.

455 5677 483 5745 8)
502 5676 671 5730 Hermanno.
