4524 6412
766 373 968 428 EPISTOLAE
985 373 1174 428 subucula.
1211 376 1285 430 1229.

979 773 1067 845 tot.

306 881 496 990 Groporias
510 911 567 974 IX
575 932 664 990 propre
681 911 820 976 Soranos
841 912 885 974 ad
898 911 1071 974 dcrrviaium
1090 912 1232 976 ecclcsiae
1247 912 1409 977 Romanae
1431 913 1570 978 redactos
1590 916 1647 979 sub
1664 916 1852 996 protectione

199 1029 259 1074 suu
281 1011 420 1090 erumpit,
441 1013 542 1094 iisque
564 1033 632 1074 cam
654 1033 748 1094 queror
770 1012 904 1076 babeant
926 1014 1065 1077 civitates
1090 1015 1282 1094 Sacaraucae
1305 1016 1475 1080 libertatem
1497 1017 1640 1082 camald.

1490 1122 1583 1198 1229,
1606 1121 1689 1204 Any.
1711 1123 1763 1186 29.

303 1195 386 1265 Grau.
405 1197 454 1250 IX
471 1197 537 1265 lieo.
562 1198 747 1266 Vot.1,135;
766 1199 828 1254 Lib.
846 1198 909 1266 III,
928 1205 970 1254 51.

135 1297 147 1333 s
303 1282 441 1354 Pottbaat,
460 1284 530 1357 Ray.
550 1289 630 1339 8449.

617 1499 791 1591 Populo
820 1500 988 1572 Sorano
1016 1498 1227 1572 fidelibus
1254 1500 1435 1572 nostrie.

312 1646 394 1710 Cum
419 1646 544 1712 reducti
571 1647 643 1710 sitis
673 1668 733 1732 per
753 1646 818 1710 Dei
841 1645 978 1730 gratiam
1003 1643 1043 1708 ad
1069 1644 1260 1710 fidelitatem
1289 1656 1322 1711 et
1344 1646 1522 1713 dominium
1544 1647 1691 1712 Romane
1715 1651 1852 1714 ecclesie

203 1753 316 1816 matris
332 1757 453 1830 vestre,
477 1748 518 1814 ad
541 1771 637 1834 quam
661 1771 725 1814 non
748 1758 818 1814 erat
838 1749 973 1813 dubium
990 1769 1048 1811 vos
1065 1755 1225 1832 spectare,
1249 1771 1307 1836 per
1330 1750 1416 1836 quod
1439 1751 1503 1815 iam
1525 1773 1589 1816 non
1613 1752 1710 1831 illius,
1733 1774 1796 1837 que
1818 1754 1852 1817 in

203 1854 393 1917 servitutem
425 1859 577 1934 generat,
611 1861 662 1917 set
690 1853 794 1917 libere
821 1852 879 1916 filii
907 1851 1073 1930 existatis,
1106 1851 1240 1936 dignum
1264 1859 1315 1916 est
1338 1861 1371 1917 et
1394 1854 1611 1932 conveniens,
1642 1861 1678 1919 ut
1704 1855 1910 1922 comedisse.
1925 1873 1979 1920 aa·

126 1991 151 2028 ιο
203 1958 321 2021 vestris
345 1957 525 2044 apostolica
548 1957 644 2022 sedes
667 1955 852 2043 provideat,
881 1975 943 2039 que
967 1955 1146 2018 clementer
1168 1955 1338 2018 consuevit
1360 1956 1548 2042 prospicere
1570 1957 1766 2021 utilitatibus
1789 1958 1851 2022 tili-
1886 2025 1892 2036 ,

203 2081 304 2123 crum.
349 2058 542 2146 Eapropter,
565 2059 679 2123 dilecti
703 2057 735 2121 in
758 2056 899 2120 Domino
923 2055 991 2132 lilii,
1016 2055 1133 2118 vestris
1157 2057 1450 2141 supplicationibus
1472 2058 1631 2138 inclinati,
1654 2058 1694 2124 de
1716 2060 1851 2124 fratrum

202 2168 384 2226 nostrorum
408 2162 544 2226 consilio
568 2183 627 2226 vos
651 2169 684 2225 et
707 2161 871 2224 civitatem
895 2164 1036 2221 vestram
1061 2178 1135 2221 cum
1162 2159 1311 2223 omnibus
1343 2160 1454 2239 bonis,
1484 2180 1547 2245 que
1570 2161 1852 2247 impresentiarum

203 2251 442 2328 rationabiliter
463 2263 640 2351 possidetis
663 2269 719 2326 aut
741 2263 773 2325 in
796 2263 940 2325 futurum
964 2260 1059 2323 iustis
1075 2260 1180 2324 modis
1196 2266 1363 2346 prestante
1379 2262 1521 2327 Domino
1536 2265 1686 2350 poteritis
1705 2265 1852 2351 adipisci,

204 2366 264 2430 sub
286 2367 489 2453 protectione
518 2366 696 2452 apostolice
728 2363 816 2429 sedis
844 2370 877 2427 et
903 2367 1015 2426 nostra
1042 2363 1255 2449 suscipimus,
1287 2373 1320 2428 et
1349 2365 1511 2450 presentis
1534 2367 1649 2452 scripti
1670 2368 1852 2454 patrocinio

206 2469 453 2534 communimus.
499 2470 674 2535 Civitatem
698 2488 826 2553 quoque
849 2465 1028 2552 predictam
1051 2467 1084 2529 in
1107 2465 1265 2531 fidelitate
1288 2466 1434 2532 Romana
1458 2468 1598 2532 ecclesie
1621 2470 1854 2554 persistentem

202 2571 402 2657 providimus
426 2573 459 2637 in
483 2573 553 2637 eius
576 2572 727 2636 demanio
750 2570 791 2636 de
813 2577 922 2634 cetero
943 2568 1158 2648 retinendam,
1181 2569 1399 2635 concedentes
1416 2570 1509 2634 vobis
1530 2592 1602 2636 earn
1618 2594 1714 2656 quarn
1731 2573 1854 2637 habent

203 2675 353 2739 civitates
384 2674 561 2762 Campania
595 2675 799 2754 libertatem,
836 2671 1012 2738 medietate
1049 2672 1271 2753 servitiorum,
1307 2673 1341 2736 in
1368 2673 1531 2738 frumento
1565 2673 1733 2754 videlicet,
1767 2676 1853 2755 vino,

204 2797 343 2858 annona,
365 2777 471 2850 farris,
489 2777 589 2843 clavis
612 2785 646 2842 et
663 2778 782 2842 calceis
797 2796 836 2840 ao
852 2775 1004 2841 omnibus
1020 2775 1181 2854 exenniis,
1206 2795 1269 2860 que
1286 2775 1409 2841 salutes
1425 2776 1604 2862 vulgariter
1618 2784 1854 2864 nuncupantur,

203 2901 241 2944 ac
270 2880 343 2944 aliis
372 2880 505 2945 iustitiis
534 2880 624 2944 curie
648 2879 767 2944 debitis
791 2885 824 2944 et
855 2878 1008 2944 mandato
1037 2878 1219 2965 apostolice
1242 2878 1331 2944 sedis
1355 2879 1464 2943 salvis.
1509 2878 1599 2943 Nulli
1622 2900 1701 2965 ergo
1723 2881 1854 2944 omnino

207 2982 374 3047 hominnm
404 2989 467 3050 eto.
489 2989 602 3049 nostra
625 2982 857 3068 protectionis,
888 2981 1082 3068 provisionis
1106 2987 1140 3045 et
1162 2983 1385 3047 concessionis
1407 2981 1584 3067 infringere
1612 2989 1674 3050 etc.
1725 2981 1855 3069 Siquis

204 3090 314 3150 autem
337 3092 400 3150 etc.

204 3267 205 3270 ,
312 3203 401 3270 Data
421 3205 563 3286 Perusii,¹
585 3204 634 3270 IV
659 3203 828 3270 Kalendas
852 3201 1067 3290 Septembris,
1089 3203 1295 3289 pontificatus
1318 3203 1421 3269 nostri
1443 3224 1527 3269 anno
1551 3204 1658 3270 tertio.

826 3497 1237 3506 ·—*——-——-—

986 3794 1075 3867 402.

289 3963 294 3976 ·
316 3906 507 4020 θηρονόμε
529 3936 585 4001 IX
608 3955 697 4016 papa
725 3936 886 4001 aaivascs
908 3933 1044 4015 populos
1065 3952 1127 4012 per
1149 3931 1348 3995 Amiternum
1369 3933 1400 3994 ct
1421 3929 1596 3993 Farccaem
1617 3929 1796 3994 constitutos
1816 3929 1860 3993 ad

207 4041 386 4104 demanium
408 4039 550 4104 ecclesiae
571 4042 700 4116 revocat,
722 4039 823 4119 iisque
844 4038 944 4102 locam
964 4035 1077 4100 Aemi
1097 4033 1141 4098 ad
1162 4032 1400 4098 construendam
1421 4031 1574 4096 ammam
1595 4031 1652 4096 aab
1673 4033 1765 4096 certis
1786 4053 1860 4098 cen*

208 4143 379 4209 eumaeus
400 4141 513 4206 ibidem
534 4141 689 4221 coarmata
711 4139 856 4205 concedit.
1516 4136 1609 4211 1229,
1633 4133 1717 4214 Sept.
1740 4139 1770 4199 7.

311 4263 394 4332 Grep.
412 4260 462 4314 IX
478 4259 545 4327 Rea.
569 4259 626 4314 Vol.
644 4259 750 4327 1,135‚
768 4257 918 4324 13651a'b.
937 4257 999 4321 ΙΙΙ,
1019 4259 1063 4312 53.

311 4347 445 4408 Potttust
462 4343 531 4414 aeq.
550 4347 632 4400 8452.

818 4517 1050 4592 Universis
1076 4515 1253 4608 populis

336 4665 413 4736 per
440 4639 713 4714 Amiternum
741 4644 782 4712 et
807 4638 1071 4711 Furconem⁸
1096 4633 1356 4708 constitutis
1384 4638 1425 4706 et
1451 4635 1493 4708 in
1520 4634 1738 4709 fidelitate

474 4781 522 4833 ac
549 4758 788 4832 devotione
815 4756 934 4864 sadis
961 4755 1208 4847 apostolice
1238 4753 1605 4828 consistentibus

318 4911 440 4976 Dilecti
468 4908 543 4990 tilii,
576 4907 696 4971 nobilis
724 4906 774 4970 vir
802 4905 909 4970 Lucas
943 4903 984 4968 do
1013 4902 1168 4980 Preturc,
1203 4901 1346 4987 Symeon
1376 4901 1565 4986 prepositus
1595 4898 1703 4964 Sancti
1731 4898 1860 4975 Iustini,

109 5087 113 5094 ,
212 5016 376 5105 presbiter
396 5013 561 5078 Iohannes
585 5009 761 5096 Stephani,
789 5007 966 5074 Guslterus
989 5005 1169 5091 Raynaldi,
1191 5005 1218 5068 Ι.
1240 5005 1281 5070 de
1300 5004 1414 5082 Petro,
1436 5001 1474 5065 B.
1497 5000 1538 5065 da
1559 5001 1679 5064 Sancto
1702 4998 1860 5063 Palumbo

213 5127 246 5186 et
268 5119 324 5184 alii
346 5117 450 5182 nuntii
465 5115 566 5180 vestri
588 5112 631 5177 ad
653 5112 764 5177 sedem
780 5111 994 5198 apostolicam
1009 5110 1189 5188 vanientes,
1211 5107 1382 5173 lamentati
1397 5111 1472 5171 sunt
1486 5102 1731 5170 lacrimabiliter
1753 5120 1861 5165 coram

133 5267 135 5273 ι
213 5222 324 5296 nobis,
355 5216 550 5304 exponendo
578 5215 805 5279 tribulationes
835 5213 1023 5294 innumeras
1053 5218 1087 5277 et
1114 5209 1348 5275 amaritudines
1376 5208 1533 5284 infinitas,
1562 5203 1678 5289 quibus
1700 5202 1861 5266 hactenus

136 5363 161 5402 ³,
213 5323 399 5389 Fridericus
422 5319 529 5384 dictus
552 5319 730 5405 imperator
745 5317 810 5383 Dei
832 5321 866 5382 et
888 5317 1030 5382 ecclesie
1052 5315 1202 5380 inimicus
1225 5335 1285 5400 per
1306 5312 1473 5376 ministros
1496 5331 1573 5375 suos
1594 5306 1781 5373 immaniter
1802 5326 1860 5370 vos

319 5617 341 5682 ⁸)
359 5615 467 5666 Furcor'a
486 5612 518 5664 R.

317 5729 379 5778 aas.
397 5727 479 5776 Panr.
497 5725 517 5776 1.
