4448 6420
472 413 535 480 204
1061 403 1108 462 EX
1126 402 1282 462 HONORII
1301 405 1340 461 ΙΙΙ
1359 402 1538 462 uuelsruo

472 587 697 652 Innocentium
725 605 843 673 papam
870 583 1138 671 predecessorem
1167 585 1325 646 nostrum
1344 589 1376 647 et
1404 603 1462 646 vos
1491 583 1605 646 initam
1635 588 1668 646 ct
1697 582 1870 666 firmatam,
1903 590 1939 648 ut
1967 591 2128 671 perpetuo

473 693 583 776 vigeat
606 697 639 754 et
662 689 893 753 inviolabiliter
921 687 1129 766 observetur,
1161 686 1202 750 ad
1232 687 1401 773 exemplar
1428 685 1574 750 ciusdem
1603 686 1848 772 predecessoris
1878 690 1982 752 nostri
2007 690 2128 775 scripto

473 793 701 860 commendare
718 792 903 856 curavimus
920 796 952 853 et
972 796 1083 853 nostro
1099 790 1277 852 munimine
1293 789 1459 869 roborare,
1483 809 1555 852 eam
1571 790 1691 852 nostris
1707 791 1824 856 litteris
1841 792 1940 856 inseri
1956 791 2128 856 facientes

473 896 544 970 Qua
568 897 643 960 talis
667 903 733 961 est:

580 998 619 1062 In
653 998 783 1063 nomine
814 997 947 1060 Domini
978 1016 1083 1086 amen.
1143 995 1214 1059 Hec
1248 1002 1300 1059 est
1329 997 1515 1076 conventia,
1557 1018 1653 1080 quam
1688 997 1836 1061 homines
1871 997 1912 1062 de
1945 997 2128 1063 Stroncone
2182 1031 2184 1062 r

473 1103 621 1168 fecerunt
653 1123 726 1165 cum
756 1101 886 1165 domino
916 1120 1010 1186 papa.
1059 1098 1097 1162 In
1128 1098 1240 1183 primis
1271 1121 1329 1184 pro
1360 1100 1467 1162 afficto
1502 1099 1625 1163 dabunt
1653 1099 1785 1162 domino
1817 1121 1901 1185 pape
1932 1109 1967 1165 et
1996 1123 2129 1166 succes-

476 1207 603 1270 soribus
640 1206 710 1270 eius
739 1205 771 1267 in
807 1211 999 1290 perpetuum
1031 1201 1246 1285 quadraginta
1280 1203 1381 1266 libras
1409 1202 1606 1266 Lucensiom
1638 1203 1780 1266 annatim
1811 1205 1845 1266 in
1876 1225 1990 1270 mense
2019 1205 2131 1269 Martii

476 1317 509 1374 et
537 1310 692 1395 placitum
722 1317 755 1371 et
783 1307 926 1371 bannum
957 1312 990 1370 et
1017 1305 1210 1369 forfacturas
1243 1313 1275 1369 ct
1302 1312 1407 1369 totum
1440 1307 1647 1370 terratorium
1678 1327 1863 1386 commune,
1897 1308 1982 1390 quod
2011 1308 2133 1372 dicitur

475 1413 570 1476 Mons
594 1412 635 1476 de
658 1413 798 1490 Rusclo,
826 1431 899 1474 cum
928 1417 997 1474 toto
1021 1430 1135 1495 campo
1159 1410 1263 1494 ipsius
1294 1416 1327 1471 et
1354 1409 1504 1472 omnibus
1532 1409 1728 1472 utilitatibus
1752 1410 1834 1472 eius.
1879 1409 1923 1474 Et
1945 1410 2131 1474 concedunt

477 1516 608 1579 domino
631 1536 733 1600 pape,
761 1521 796 1577 ut
819 1513 918 1576 faciat
940 1513 975 1575 in
999 1512 1106 1597 capite
1131 1513 1257 1575 castelli
1282 1513 1314 1574 in
1336 1513 1409 1575 loco
1434 1513 1597 1574 communi
1619 1512 1776 1596 palatium
1800 1519 1833 1576 ct
1855 1515 1984 1592 turrim,
2008 1515 2129 1600 stipsi

477 1619 600 1682 dabunt
628 1616 769 1702 lapides,
801 1637 934 1680 arenam
958 1623 991 1677 et
1013 1616 1209 1699 puzulancm
1233 1624 1266 1678 et
1289 1615 1457 1679 manuales
1483 1615 1523 1678 ad
1551 1614 1636 1678 idem
1666 1614 1853 1679 bedifioium
1875 1618 2131 1682 construendum

478 1721 689 1798 sufficientes,
713 1728 747 1783 et
770 1720 893 1783 calcem
916 1717 1065 1782 deferent
1088 1739 1107 1780 a
1130 1719 1213 1794 loco,
1238 1719 1270 1781 in
1294 1739 1357 1802 quo
1381 1717 1530 1782 dominus
1555 1740 1640 1804 papa
1663 1719 1762 1782 faciet
1787 1740 1859 1782 eam
1883 1720 1963 1784 fieri.
2009 1722 2132 1786 Pacem

478 1825 576 1889 etiarn
606 1831 639 1888 et
665 1844 816 1908 guerram
846 1822 967 1886 facient
993 1821 1033 1884 ad
1065 1819 1251 1884 mandatum
1281 1821 1403 1885 domini
1432 1843 1527 1907 pape.
1574 1821 1706 1886 Galeam
1737 1830 1848 1887 autem
1872 1823 2021 1888 dominus
2045 1847 2133 1912 papa

479 1929 551 1992 fieri
574 1928 674 1992 faciet
698 1949 770 1991 eum
794 1927 861 1990 suis
886 1927 1059 2011 expansis,
1091 1934 1124 1989 et
1146 1927 1217 2010 ipse
1242 1926 1332 1989 dabit
1355 1927 1495 2011 pretium
1519 1927 1684 2010 magistris
1712 1936 1746 1990 et
1770 1927 1931 1990 victualia.
1977 1928 2132 1993 Iurarunt

478 2032 541 2094 ista
572 2031 747 2095 observare
777 2039 811 2094 et
838 2030 915 2093 dare
946 2050 1077 2114 operam
1109 2029 1195 2092 bona
1225 2029 1304 2108 fide,
1335 2036 1371 2093 ut
1399 2029 1548 2092 homines
1575 2031 1678 2115 ipsius
1710 2031 1809 2093 castri
1840 2031 1949 2095 iurent
1979 2031 2066 2096 idem
2099 2037 2132 2096 et
2183 2061 2184 2090 ς

478 2134 669 2212 observent,
699 2133 854 2197 videlicet
890 2132 1061 2196 Oderisius
1091 2132 1223 2216 Rapiui,
1259 2131 1397 2195 Iacobus
1425 2131 1561 2195 Berardi
1591 2132 1729 2204 Villani,
1758 2132 1827 2196 Leo
1857 2132 1948 2196 Petri
1976 2132 2132 2199 Iohannis

477 2237 576 2304 Rose.
621 2237 698 2322 Ipse
722 2257 801 2299 vero
830 2236 980 2299 dominus
1007 2256 1093 2320 papa
1120 2235 1257 2320 recipiet
1287 2257 1343 2298 eos
1374 2236 1434 2299 sub
1465 2237 1668 2320 protectione
1697 2258 1756 2299 sua
1783 2243 1816 2300 et
1842 2236 1875 2300 in
1899 2258 1958 2300 suo
1981 2237 2133 2303 demanio

479 2340 636 2404 retinebit
661 2345 694 2403 et
717 2339 885 2414 defendet,
920 2338 1005 2401 sicut
1028 2339 1092 2400 alia
1114 2337 1265 2402 demonia
1288 2339 1428 2402 ecclesie
1453 2339 1485 2401 in
1509 2339 1625 2423 quibus
1647 2339 1747 2403 habet
1770 2340 1927 2424 palatium
1951 2349 1984 2404 et
2007 2343 2131 2420 turrim,

478 2443 651 2528 presertim
674 2450 787 2506 contra
809 2441 1020 2518 Narnienses,
1045 2443 1072 2536 si
1096 2464 1178 2527 opus
1201 2443 1308 2506 fucrit.

585 2562 674 2626 Nulli
698 2583 776 2646 ergo
800 2562 1025 2626 conventionis
1049 2570 1111 2626 etc.
1151 2562 1186 2625 Si
1210 2564 1282 2647 quis
1306 2570 1367 2627 etc.

583 2681 658 2744 Dat.
682 2681 797 2763 Reate,
821 2682 903 2745 Non.
929 2682 1019 2767 Sept.
1043 2704 1131 2746 anno
1156 2681 1293 2746 decimo.

1103 2907 1507 2916 —.-.-......-.—-——---—-—.--·-·

1231 3125 1233 3128 -
1268 3080 1351 3158 283.

597 3173 786 3270 Honorino
798 3206 865 3269 III
875 3229 965 3287 papa
982 3207 1147 3272 Friderico
1163 3204 1377 3270 Rornanorum
1392 3205 1575 3287 inpleratml
1591 3206 1727 3282 narretial,
1747 3227 1778 3270 sc
1793 3207 1972 3288 maranno,
1992 3209 2132 3274 Salerni-

480 3314 584 3385 tnnoe,
600 3307 838 3386 Brnndnsinac,
867 3310 1031 3374 Consanos
1053 3315 1081 3373 ct
1096 3311 1280 3374 Acerranos
1295 3308 1429 3373 cedas-iis
1450 3308 1705 3372 dilacerantibus
1726 3311 1849 3373 tandem
1858 3312 2045 3390 providisse,
2065 3335 2131 3394 per-

479 3429 573 3475 sonas
595 3410 723 3474 idoneus
742 3411 918 3475 ordinando
932 3412 969 3475 dc
985 3433 1078 3495 rcpno
1094 3413 1247 3476 orirmdas
1262 3415 1290 3475 et
1303 3413 1418 3492 fideles,
1441 3433 1568 3492 cumque
1583 3411 1735 3488 liniatur,
1757 3416 1791 3474 nt
1806 3432 1856 3476 cos
1870 3413 1997 3477 lrcnmct
2011 3419 2040 3478 ct
2061 3417 2131 3478 a'rrrn

480 3533 585 3576 eornm
607 3513 732 3593 inteprn
754 3520 900 3590 reservet,
916 3515 1187 3594 'nrrbicpr'scornnn
1209 3519 1312 3578 antem
1334 3515 1573 3579 ,salernitanum-
1593 3515 1793 3579 cnlrilrilorcm
1809 3518 2027 3596 precantium
2048 3520 2133 3582 millu

480 3635 586 3679 screno
609 3616 749 3694 recipiat.
1772 3619 1865 3695 1225,
1889 3619 1973 3699 Sept.
1996 3625 2049 3684 25.

584 3718 658 3770 Hon.
678 3720 731 3785 III
747 3717 815 3787 ch.
841 3718 895 3771 Vol.
922 3719 949 3782 V,
972 3723 1023 3783 873
1043 3719 1106 3772 Lib.
1126 3717 1162 3780 X,
1184 3723 1227 3771 ort.

585 3803 719 3867 Pcttlrnst,
739 3803 808 3872 ch
831 3809 907 3858 7481.

569 3981 815 4070 Frideric0,
843 3985 1016 4058 illustri
1043 3985 1344 4058 Romanorum
1372 3984 1625 4074 imperatori
1652 4006 1825 4075 semper
1852 3991 2046 4077 augusto

1137 4111 1179 4178 ct
1206 4105 1298 4196 regi
1326 4104 1483 4202 Sicilie.

592 4233 722 4298 Certam
746 4236 840 4300 nobis
863 4235 1016 4299 fiduciam
1039 4237 1153 4300 tribuit
1175 4237 1287 4299 innata
1309 4235 1369 4299 tibi
1392 4235 1587 4319 benignitas,
1611 4243 1646 4298 ut
1669 4236 1755 4298 fucta
1777 4235 1830 4321 pio
1854 4235 1973 4298 intuitu
1997 4243 2031 4298 et
2053 4234 2137 4302 Deo.

483 4339 569 4402 sicut
598 4338 779 4418 credimus,
812 4341 931 4424 placita
961 4345 1015 4403 tue
1045 4361 1172 4424 quoque
1204 4340 1269 4402 sint
1297 4338 1481 4402 celsitudini
1510 4339 1678 4423 placitura.
1734 4338 1820 4401 Sanc
1850 4338 2016 4418 videntes,
2052 4337 2138 4422 quod

483 4439 608 4503 diutina
631 4439 803 4527 Capuanc,
834 4443 1058 4514 Salernitana,
1090 4442 1312 4520 llrundusine,
1344 4441 1494 4506 Consane
1519 4463 1556 4505 ac
1579 4441 1748 4506 Aversane
1773 4442 1986 4506 ecclesiarum
2011 4443 2139 4504 vacatio

484 4544 518 4605 in
541 4563 640 4627 grave
665 4564 729 4607 non
758 4546 862 4608 solum
885 4567 993 4610 rerum
1016 4554 1066 4610 set
1089 4547 1186 4609 etiam
1216 4546 1395 4609 animarum
1419 4544 1599 4628 periculum
1624 4543 1837 4623 redundabat,
1861 4553 1894 4606 et
1916 4543 2139 4622 attendentes,

485 4644 625 4728 quodid
655 4647 750 4711 nobis
780 4656 812 4712 et
841 4650 900 4712 tibi
931 4650 1153 4734 imputabatur
1183 4649 1312 4734 publice
1342 4647 1383 4710 ab
1412 4646 1616 4728 horninibus,
1648 4669 1686 4710 ac
1714 4669 1754 4711 ne
1779 4649 1994 4732 imputaretur
2023 4647 2139 4712 aDeo

485 4749 582 4812 anxie
611 4756 811 4830 metuentes,
845 4753 925 4838 ipsis
956 4753 1106 4816 ecclesiis
1136 4763 1168 4814 et
1199 4751 1285 4815 fame
1322 4772 1359 4814 ac
1399 4750 1496 4813 saluti
1530 4757 1639 4814 nostre
1672 4759 1793 4834 tueque
1829 4751 1925 4814 simul
1953 4751 2141 4814 curavimus

485 4851 672 4938 providere,
704 4855 791 4939 ipsas
826 4856 982 4920 ecclesias
1013 4863 1165 4939 respectu
1197 4854 1238 4918 ad
1270 4855 1374 4918 solum
1396 4853 1505 4917 Deum
1535 4854 1646 4917 habito
1680 4853 1720 4917 de
1751 4854 1902 4938 personis
1932 4854 1992 4917 tibi
2022 4856 2141 4917 meritc

485 4957 710 5041 acceptandis,
743 4965 856 5043 utpote
881 4959 1033 5028 scicntia,
1057 4960 1124 5022 vita
1148 4965 1180 5022 ct
1204 4959 1290 5021 fama
1313 4958 1517 5042 conspicuis,
1542 4957 1685 5020 oriundis
1710 4956 1749 5020 dc
1774 4979 1875 5041 regno
1899 4965 1933 5022 et
1956 4965 2012 5022 tue
2037 4959 2141 5022 subli-

485 5059 589 5122 mitati
608 5058 735 5124 devotis
750 5081 788 5124 ac
804 5060 967 5140 fidelibus,
989 5061 1178 5136 ordinanda,
1196 5061 1388 5147 Capuanum
1404 5059 1626 5124 venerabilem
1642 5059 1775 5123 fratrem
1792 5069 1939 5123 nostrum
1955 5057 2140 5147 I[acobum]

486 5161 700 5241 Pacecnsem,
730 5173 763 5228 et
787 5164 1029 5229 Salernitanum
1052 5165 1272 5228 venerabilem
1296 5164 1430 5227 fratrem
1459 5170 1605 5226 nostrum
1630 5159 1834 5248 O[esareum]
1860 5162 2138 5248 Famagostanum

487 5265 671 5351 episcopos,
695 5267 938 5332 Brundusinum
962 5288 1039 5330 vero
1063 5267 1218 5330 dilectum
1239 5267 1339 5330 filium
1358 5315 1364 5327 .
1384 5315 1391 5329 .
1408 5266 1560 5330 abbatem
1578 5265 1689 5329 Sancti
1705 5265 1873 5330 l'incentii
1890 5265 1929 5331 de
1947 5266 2140 5334 Vulcano&

488 5368 673 5455 Consanum
697 5372 918 5436 venerabilem
948 5353 1083 5435 fratrem
1113 5378 1259 5434 nostrum
1284 5421 1291 5436 .
1316 5420 1323 5433 .
1348 5369 1511 5454 quondam
1540 5371 1682 5454 priorem
1708 5369 1827 5433 Sancta
1851 5369 1957 5434 Marie
1990 5392 2074 5436 nore
2098 5371 2138 5434 de

591 5627 617 5695 1)
636 5626 787 5681 Iohannem
805 5635 976 5696 coparonrento
994 5630 1027 5682 de
1045 5629 1146 5683 Sancto
1164 5629 1338 5696 aroer-aare,-
1359 5629 1443 5700 Rpcc.
1463 5629 1496 5682 dc
1514 5629 1540 5682 S.
1561 5629 1650 5682 Germ.
1670 5645 1695 5681 a.
1715 5633 1792 5692 1225,
1814 5628 1864 5681 SS.
1883 5634 1900 5683 t.
1921 5629 2008 5692 XIX,
2023 5646 2052 5700 p.
2073 5631 2139 5694 315,-

486 5712 522 5782 cf.
540 5728 568 5766 n.
586 5718 643 5768 202
660 5715 685 5766 et
702 5718 766 5768 250.
