4494 6426
435 417 477 478 92
1018 409 1066 463 llX
1084 409 1240 464 HONORll
1259 405 1299 459 ΙΙΙ
1318 405 1499 461 audranno

434 584 627 664 excitaverit,
655 603 740 649 nnnc
761 583 943 666 diligentins
969 583 1013 648 ad
1030 581 1273 664 promovendam
1293 581 1395 644 crucis
1416 579 1571 662 negotium
1592 579 1751 660 intendat,
1780 584 1810 644 et
1831 580 1913 645 alios
1934 579 1996 645 sibi
2016 599 2087 644 con·

435 689 548 758 stitnct
567 710 627 770 per
648 691 744 753 totam
764 687 996 753 Alamannicm
1017 687 1053 751 in
1076 685 1177 750 eodem
1198 683 1319 768 negotio
1339 683 1507 748 collatores.
1742 684 1836 762 1220,
1858 682 1923 748 Iul.-
1945 685 1998 746 28.

537 807 610 862 Han.
628 807 685 861 111
699 807 766 877 Ray.
790 807 847 861 Vol.
865 807 909 870 II,
927 810 1001 868 208,¹
1019 806 1082 861 Lib.
1101 805 1154 872 IV,
1174 809 1237 860 843.

537 894 673 959 Pottlrcot
691 894 760 963 Rea.
779 896 855 948 6311.

433 1070 642 1164 Magistro
670 1071 890 1162 Conrado,
929 1073 1167 1165 capellano
1203 1076 1247 1143 et
1278 1067 1600 1164 penitentiario
1633 1072 1809 1156 nostru,
1846 1065 2087 1142 scolastico

1122 1191 1393 1285 Magunfino

542 1342 645 1407 Fama
668 1340 832 1407 referente
855 1340 1030 1405 didicimus
1059 1349 1093 1405 et
1124 1362 1166 1404 cx
1195 1347 1324 1406 tuarum
1346 1340 1531 1424 notavimus
1555 1337 1754 1404 continentia
1774 1337 1972 1418 litterarum,
2000 1338 2088 1424 quod

433 1445 485 1511 die
509 1453 673 1530 noctuque
703 1445 737 1510 in
759 1450 892 1531 pectore
916 1465 1011 1529 geras
1040 1446 1249 1509 commissum
1279 1444 1341 1509 tibi
1370 1444 1475 1508 crucis
1503 1443 1687 1528 negotium,
1716 1449 1750 1508 et
1777 1442 1819 1507 ad
1847 1443 2088 1530 promotionem

432 1549 521 1613 illius
553 1548 707 1613 ardenter
739 1547 889 1627 insistas,
922 1567 960 1611 ac
992 1548 1086 1612 iuxta
1113 1547 1233 1612 factum
1262 1549 1323 1620 tibi
1357 1547 1398 1611 ab
1428 1546 1609 1632 apostoliea
1645 1544 1722 1609 sede
1751 1545 1940 1612 mandatum
1971 1567 2086 1610 omnes

433 1652 610 1738 principes,
633 1658 700 1715 tam
723 1651 861 1716 elericos
884 1672 980 1736 quam
1004 1652 1116 1732 laicos,
1140 1672 1267 1716 necnon
1283 1659 1411 1716 ceteros
1427 1650 1681 1734 crucesignatos,
1706 1650 1733 1714 si
1756 1670 1820 1714 non
1836 1649 2087 1714 transfretarent

433 1754 467 1818 in
490 1754 626 1818 instanti
648 1754 818 1840 passagio,
849 1755 1150 1819 excommunicatos
1182 1755 1420 1840 imperterritus
1448 1753 1629 1818 nuntiasti·
1662 1752 1748 1817 Sane
1776 1753 1853 1816 licet
1880 1753 1926 1816 sic
1956 1751 2087 1832 feceris,

436 1857 520 1921 sicut
542 1855 583 1920 de
607 1863 664 1921 tua
685 1856 847 1944 probitate
870 1856 990 1922 fuimus
1015 1858 1155 1942 opinati,
1179 1858 1255 1941 quia
1277 1863 1405 1937 tamen,
1428 1862 1524 1943 prout
1547 1876 1590 1919 ex
1613 1855 1731 1920 litteris
1753 1854 1953 1920 venerabilis
1976 1854 2086 1920 fratris

435 1961 602 2024 nostri..
633 1958 832 2025 Albanensis
856 1961 1037 2046 episeopi¹,
1066 1961 1246 2046 apostolice
1271 1959 1359 2024 sedis
1381 1959 1496 2044 legati,
1521 1960 1724 2046 accepimus,
1752 1957 1859 2044 caliph
1886 1956 1927 2022 de
1950 1957 2086 2040 Baldac,

372 2116 374 2120 .
433 2062 504 2141 cui,
538 2070 576 2126 ut
598 2061 775 2128 Christiani
805 2063 916 2144 nobis,
951 2062 1136 2149 blasphemi
1169 2063 1275 2127 crucis
1304 2062 1494 2143 intendunt,
1528 2069 1661 2147 gentem
1695 2082 1787 2126 suam
1820 2060 1861 2125 ad
1896 2082 2087 2126 succursum

435 2162 706 2247 Sarracenorum,
735 2167 791 2251 qui
820 2171 895 2230 sunt
924 2167 958 2229 in
982 2166 1130 2251 partibus
1152 2164 1322 2244 Dominio,
1355 2165 1517 2230 continuis
1540 2164 1822 2230 exhortationibus
1846 2169 1880 2229 et
1902 2165 1969 2229 suis
1993 2164 2086 2230 falsis
2140 2184 2162 2221 1⁵

432 2267 646 2353 indulgentiis
669 2269 842 2349 excitavit,
873 2269 1103 2354 exercitusque
1128 2267 1333 2333 Christianus
1357 2268 1417 2333 sub
1441 2289 1499 2353 spe
1522 2266 1682 2332 adventus
1712 2267 1795 2351 regii
1822 2266 2013 2332 debilitatus
2037 2273 2089 2332 est

432 2371 624 2457 plurimum,
663 2372 742 2436 viris
782 2373 955 2458 presertim
987 2373 1176 2457 potentibus
1210 2371 1402 2452 destitutus,
1448 2371 1535 2457 quod
1570 2369 1612 2435 ad
1656 2390 1755 2456 grave
1789 2377 1958 2456 peccatum
1998 2372 2088 2456 regis

431 2474 568 2555 accedit,
592 2473 782 2539 discretioni
796 2481 851 2540 tue
868 2496 928 2560 per
942 2477 1124 2561 apostolica
1139 2476 1261 2562 scripta
1276 2474 1477 2555 mandamus,
1501 2474 1663 2559 quatinus,
1680 2473 1709 2538 si
1727 2472 1884 2537 hactenus
1901 2473 2088 2559 diligenter,

431 2599 517 2642 nunc
540 2577 730 2662 diligentius
754 2576 796 2641 ad
820 2577 1076 2669 promovendum
1099 2579 1204 2643 crucis
1233 2578 1402 2674 negotium
1430 2583 1463 2642 et
1492 2578 1695 2642 incessanter
1723 2575 1889 2655 intendas,
1917 2575 1959 2640 ad
1989 2577 2088 2663 quod,

433 2680 461 2744 si
483 2702 548 2745 non
569 2687 664 2766 potes
689 2680 779 2744 solus
803 2679 965 2762 sufficere,
989 2681 1082 2763 alios,
1105 2682 1146 2746 do
1168 2702 1305 2766 quorum
1328 2679 1620 2766 circumspectione
1645 2679 1806 2761 confidas,
1830 2679 1877 2744 tui
1901 2680 2083 2746 constituas
2138 2700 2161 2737 sc

430 2805 489 2870 per
510 2789 612 2847 totam
628 2782 856 2847 Alamanniam
880 2784 914 2847 in
930 2784 1044 2849 eodem
1060 2784 1193 2869 negotio
1215 2784 1392 2864 adiutores,
1414 2785 1546 2870 proviso
1569 2805 1611 2850 ne
1634 2784 1707 2870 quis
1729 2805 1749 2848 a
1770 2784 1838 2848 voti
1853 2785 2084 2871 prosecutione

430 2886 602 2951 occasione
625 2886 773 2971 qualibet
795 2886 994 2968 absolvatur,
1018 2894 1070 2951 set
1086 2886 1311 2952 indifferenter
1331 2885 1494 2950 tribuatur
1514 2887 1664 2951 omnibus
1688 2886 1743 2972 qui
1766 2888 1930 2951 voluerint
1952 2889 2085 2974 signum

431 2988 546 3070 crucis,
565 3010 639 3054 cum
661 3010 837 3075 numquam
859 2991 893 3054 in
916 2989 1031 3054 maiori
1054 2988 1241 3055 discrimine
1258 2990 1385 3076 positus
1409 2988 1510 3055 fuerit
1526 2990 1691 3055 exercitus
1709 2990 1924 3076 supradictus,
1947 2999 2085 3079 propter

430 3090 518 3176 quod
539 3090 581 3156 nd
604 3092 853 3158 subventionem
875 3093 978 3178 ipsius
1001 3094 1048 3156 ita
1070 3099 1146 3157 sunt
1168 3099 1238 3157 tota
1254 3093 1381 3157 viscera
1400 3098 1514 3157 nostra
1529 3099 1700 3174 commota,
1725 3093 1810 3177 quod
1835 3093 1989 3179 quioquid
2012 3103 2084 3161 erat

430 3195 464 3258 in
504 3215 633 3260 camera
675 3201 802 3274 nostra,
843 3195 1082 3260 transmisimus
1116 3196 1180 3282 ipsi
1217 3196 1328 3281 legato
1367 3198 1497 3261 illorum
1537 3195 1790 3261 necessitatibus
1831 3195 2081 3283 disponendum.

430 3296 586 3363 Ceterum
618 3299 647 3362 si
678 3300 743 3365 cito
772 3298 814 3364 ad
842 3307 875 3365 to
906 3306 998 3365 tuum
1024 3320 1089 3364 non
1111 3300 1297 3364 remisimus
1326 3300 1490 3381 nuntium,
1521 3320 1586 3364 non
1609 3299 1751 3382 mireris,
1780 3321 1853 3364 cum
1880 3307 1988 3365 certos
2016 3323 2082 3366 non

429 3402 709 3469 intellexissemus
733 3403 773 3468 de
796 3425 874 3488 rege
898 3404 1046 3490 predicto
1069 3425 1227 3468 rumores.

535 3506 611 3570 Dat.
636 3507 722 3592 apud
744 3506 869 3573 Urbem
892 3513 1049 3588 veterem,
1073 3507 1105 3570 V
1126 3506 1203 3571 Kal.
1230 3506 1317 3592 Aug.
1340 3528 1425 3571 anno
1449 3513 1592 3592 quartol.

1213 3925 1296 3997 127.

544 4014 758 4126 Osarene]
778 4042 937 4123 aestans
959 4043 1121 4125 aaran,
1144 4045 1263 4129 canus
1283 4046 1459 4127 sirpeam
1478 4065 1539 4125 per
1568 4047 1662 4109 anm
1684 4045 1827 4125 raram,
1852 4043 1995 4108 cranao
2017 4045 2086 4110 ΠΙ

423 4163 528 4224 popae
546 4144 655 4209 scribit
676 4144 713 4208 de
731 4144 874 4209 electione
888 4145 1058 4232 [Henaton]
1079 4150 1153 4212 noct
1174 4150 1256 4232 repis
1273 4147 1465 4213 Thentcnicc
1486 4150 1513 4210 et
1536 4145 1573 4209 dc
1586 4147 1778 4211 resarcienda
1801 4152 1887 4210 terra
1908 4148 2082 4212 mittitissoc
2132 4172 2157 4209 a

426 4245 605 4312 Maenades.
1709 4251 1828 4328 ·1220,
1851 4247 1917 4313 Inl.
1940 4254 1993 4312 31.

532 4349 606 4404 Han.
626 4351 680 4402 ΙΙΙ
695 4349 763 4418 Ray.
788 4349 843 4404 Vct.
865 4352 922 4417 III,
941 4355 1004 4417 153,
1022 4353 1171 4419 15451nc.
1195 4353 1224 4416 V,
1245 4357 1322 4408 761².

534 4433 657 4500 Theiner,
677 4435 739 4490 (loct.
760 4435 826 4506 dipl.
844 4437 914 4492 dom.
933 4440 1011 4507 temp.
1029 4454 1050 4492 s.
1068 4439 1124 4494 ced.
1142 4440 1168 4505 I,
1182 4457 1213 4510 p.
1234 4445 1279 4509 55,
1296 4456 1322 4494 n.
1343 4443 1385 4494 81.

903 4615 1067 4690 Littere
1095 4617 1149 4689 ad
1175 4616 1403 4690 dominum
1430 4635 1597 4707 papam.

534 4759 595 4826 Pio
622 4761 716 4846 patri,
739 4761 870 4828 domiuo
901 4770 999 4850 atque
1022 4765 1227 4830 benefactori
1256 4786 1328 4847 suo,
1358 4765 1490 4830 domino
1519 4764 1667 4830 Honorio
1693 4770 1901 4829 sacrosancto
1928 4765 2078 4829 Romane

428 4862 515 4928 sedis
540 4887 665 4930 summo
689 4871 724 4931 et
745 4867 924 4932 universali
946 4870 1102 4954 pontifici,
1127 4867 1163 4933 C.
1179 4869 1244 4933 Dei
1268 4875 1301 4934 ot
1324 4869 1374 4933 sui
1398 4869 1503 4954 gratia
1525 4869 1684 4934 Maiensis
1708 4868 1894 4955 episcopus,
1917 4890 1997 4933 suus
2021 4890 2080 4955 per

429 4967 538 5031 omnia
552 4967 794 5051 devotissimus,
817 4971 997 5056 imperialis
1021 4972 1095 5036 aule
1113 4972 1339 5053 cancellarius,
1362 4993 1422 5058 per
1437 4978 1539 5036 totam
1555 4971 1684 5036 Italiam
1701 4973 1840 5057 legatus,
1864 4971 2079 5036 subiectionis

427 5076 460 5132 et
494 5071 726 5157 obsequiorum
761 5074 979 5138 omnimodam
1014 5075 1232 5140 reverentiam
1263 5097 1336 5139 cum
1370 5076 1482 5140 osculo
1513 5075 1633 5161 pedum
1666 5081 1700 5140 et
1731 5076 1944 5140 orationibus.
2003 5075 2081 5139 Non

424 5173 537 5236 mirari
558 5176 638 5240 velit
661 5197 734 5240 cum
764 5175 960 5262 indignitate
990 5178 1090 5244 animi
1113 5179 1296 5243 sublimitas
1319 5178 1501 5265 apostolica
1524 5201 1623 5265 super
1645 5179 1812 5265 inopinata
1835 5179 1910 5243 novi
1932 5180 2022 5264 regis
2046 5180 2079 5243 in

530 5395 552 5463 ι)
572 5396 654 5449 Immo
673 5399 771 5466 quinto,
789 5401 858 5466 qrtcd
875 5402 1026 5468 corriperedc
1043 5402 1226 5454 restituendum
1243 5419 1297 5452 non
1313 5410 1363 5468 eet,
1386 5420 1456 5467 enne,
1478 5404 1540 5470 qaia
1557 5404 1664 5470 epistola
1682 5404 1733 5454 sice
1750 5421 1838 5456 errore
1856 5403 1907 5454 rice
1923 5405 2078 5470 negligentia
2128 5427 2153 5464 rs

421 5483 450 5533 ln
469 5483 563 5534 libram
581 5493 701 5548 qumanana
718 5487 804 5539 relata
822 5496 866 5551 ert,
884 5488 1054 5539 dubitandam
1071 5505 1125 5538 non
1142 5489 1182 5551 sit,
1199 5489 1260 5552 quern
1277 5488 1313 5538 toi
1328 5489 1365 5538 ita
1384 5489 1499 5556 legatur:

525 5601 552 5668 1)
572 5601 689 5670 Pelagii.
734 5604 763 5672 2)
781 5604 832 5659 Ea
850 5621 880 5659 co
898 5607 1057 5676 quodnam
1075 5607 1195 5677 epistola
1212 5607 1241 5660 in
1260 5607 1313 5671 fine
1330 5607 1397 5662 libri
1413 5608 1555 5676 Vlepttnr,
1573 5607 1696 5662 aidanus
1713 5607 1843 5664 acinacem
1861 5607 2030 5677 diligentiam
2049 5611 2080 5664 in

420 5687 573 5741 inserendis
590 5687 690 5742 litteras
707 5689 825 5758 receptis
843 5692 994 5749 adhibitam
1012 5709 1077 5748 erse.
