<?xml version="1.0" encoding="UTF-8"?>
<!DOCTYPE html PUBLIC "-//W3C//DTD XHTML 1.0 Transitional//EN"
    "http://www.w3.org/TR/xhtml1/DTD/xhtml1-transitional.dtd">
<html xmlns="http://www.w3.org/1999/xhtml" xml:lang="en" lang="en">
 <head>
  <title>
</title>
<meta http-equiv="Content-Type" content="text/html;charset=utf-8" />
  <meta name='ocr-system' content='tesseract 3.04.00' />
  <meta name='ocr-capabilities' content='ocr_page ocr_carea ocr_par ocr_line ocrx_word'/>
</head>
<body>
  <div class='ocr_page' id='page_1' title='image "./monumentagerman00peipgoog/monumentagerman00peipgoog_0138.png"; bbox 0 0 4494 6426; ppageno 0'>
   <div class='ocr_carea' id='block_1_1' title="bbox 730 347 1818 424">
    <p class='ocr_par' dir='ltr' id='par_1_1' title="bbox 730 347 1818 424">
     <span class='ocr_line' id='line_1_1' title="bbox 730 347 1818 424; baseline 0.017 -18"><span class='ocrx_word' id='word_1_1' title='bbox 730 347 930 407; x_wconf 78' lang='lat' dir='ltr'><strong>EPISTOLAE</strong></span> <span class='ocrx_word' id='word_1_2' title='bbox 948 347 1138 408; x_wconf 71' lang='lat' dir='ltr'><strong>sathanan.</strong></span> <span class='ocrx_word' id='word_1_3' title='bbox 1175 355 1249 410; x_wconf 76' lang='lat'>1221.</span> <span class='ocrx_word' id='word_1_4' title='bbox 1759 363 1818 424; x_wconf 88' lang='grc'><strong>115</strong></span> 
     </span>
    </p>
   </div>
   <div class='ocr_carea' id='block_1_2' title="bbox 93 524 1901 5371">
    <p class='ocr_par' dir='ltr' id='par_1_2' title="bbox 93 524 1901 5371">
     <span class='ocr_line' id='line_1_2' title="bbox 162 524 1819 620; baseline 0.004 -29"><span class='ocrx_word' id='word_1_5' title='bbox 162 533 310 592; x_wconf 89' lang='lat' dir='ltr'><strong>nostrum</strong></span> <span class='ocrx_word' id='word_1_6' title='bbox 333 525 548 605; x_wconf 89' lang='lat' dir='ltr'><strong>munitiones,</strong></span> <span class='ocrx_word' id='word_1_7' title='bbox 578 531 687 590; x_wconf 88' lang='lat' dir='ltr'><strong>castra</strong></span> <span class='ocrx_word' id='word_1_8' title='bbox 709 531 743 590; x_wconf 91' lang='lat' dir='ltr'><strong>et</strong></span> <span class='ocrx_word' id='word_1_9' title='bbox 765 524 908 609; x_wconf 79' lang='lat' dir='ltr'>regalia,</span> <span class='ocrx_word' id='word_1_10' title='bbox 938 525 1024 590; x_wconf 89' lang='lat' dir='ltr'><strong>sicut</strong></span> <span class='ocrx_word' id='word_1_11' title='bbox 1052 547 1092 590; x_wconf 91' lang='lat' dir='ltr'><strong>ea</strong></span> <span class='ocrx_word' id='word_1_12' title='bbox 1113 547 1269 612; x_wconf 89' lang='lat' dir='ltr'><strong>umquam</strong></span> <span class='ocrx_word' id='word_1_13' title='bbox 1291 528 1407 595; x_wconf 78' lang='lat' dir='ltr'><strong>habuit</strong></span> <span class='ocrx_word' id='word_1_14' title='bbox 1429 531 1537 616; x_wconf 89' lang='lat' dir='ltr'><strong>aliquo</strong></span> <span class='ocrx_word' id='word_1_15' title='bbox 1560 537 1708 620; x_wconf 89' lang='lat' dir='ltr'><strong>tempore</strong></span> <span class='ocrx_word' id='word_1_16' title='bbox 1731 532 1819 598; x_wconf 90' lang='lat' dir='ltr'><strong>clarc</strong></span> 
     </span>
     <span class='ocr_line' id='line_1_3' title="bbox 163 628 1818 724; baseline 0.003 -28"><span class='ocrx_word' id='word_1_17' title='bbox 163 631 320 698; x_wconf 81' lang='lat' dir='ltr'>memorie</span> <span class='ocrx_word' id='word_1_18' title='bbox 349 629 417 696; x_wconf 83' lang='lat' dir='ltr'><strong>dux</strong></span> <span class='ocrx_word' id='word_1_19' title='bbox 445 628 634 707; x_wconf 82' lang='lat' dir='ltr'><strong>Conradus,</strong></span> <span class='ocrx_word' id='word_1_20' title='bbox 668 630 701 692; x_wconf 89' lang='lat' dir='ltr'><strong>in</strong></span> <span class='ocrx_word' id='word_1_21' title='bbox 728 630 851 694; x_wconf 89' lang='lat' dir='ltr'><strong>nostris</strong></span> <span class='ocrx_word' id='word_1_22' title='bbox 877 629 1030 694; x_wconf 88' lang='lat' dir='ltr'><strong>manibus</strong></span> <span class='ocrx_word' id='word_1_23' title='bbox 1058 631 1163 696; x_wconf 90' lang='lat' dir='ltr'><strong>libare</strong></span> <span class='ocrx_word' id='word_1_24' title='bbox 1193 633 1410 717; x_wconf 84' lang='lat' dir='ltr'><strong>resignamnt</strong></span> <span class='ocrx_word' id='word_1_25' title='bbox 1460 633 1505 699; x_wconf 82' lang='lat' dir='ltr'><strong>Et</strong></span> <span class='ocrx_word' id='word_1_26' title='bbox 1537 636 1616 701; x_wconf 92' lang='lat' dir='ltr'><strong>licat</strong></span> <span class='ocrx_word' id='word_1_27' title='bbox 1649 636 1818 724; x_wconf 82' lang='lat' dir='ltr'><strong>Spolatani</strong></span> 
     </span>
     <span class='ocr_line' id='line_1_4' title="bbox 166 732 1818 822; baseline 0.002 -22"><span class='ocrx_word' id='word_1_28' title='bbox 166 756 265 822; x_wconf 89' lang='lat' dir='ltr'><strong>super</strong></span> <span class='ocrx_word' id='word_1_29' title='bbox 286 735 366 818; x_wconf 91' lang='lat' dir='ltr'><strong>hiis,</strong></span> <span class='ocrx_word' id='word_1_30' title='bbox 398 755 461 820; x_wconf 89' lang='lat' dir='ltr'><strong>que</strong></span> <span class='ocrx_word' id='word_1_31' title='bbox 488 732 530 798; x_wconf 93' lang='lat' dir='ltr'><strong>de</strong></span> <span class='ocrx_word' id='word_1_32' title='bbox 559 733 696 798; x_wconf 79' lang='lat' dir='ltr'><strong>ducatus</strong></span> <span class='ocrx_word' id='word_1_33' title='bbox 724 733 876 799; x_wconf 89' lang='lat' dir='ltr'><strong>demanio</strong></span> <span class='ocrx_word' id='word_1_34' title='bbox 900 734 1106 815; x_wconf 88' lang='lat' dir='ltr'><strong>detinebant,</strong></span> <span class='ocrx_word' id='word_1_35' title='bbox 1135 736 1346 802; x_wconf 81' lang='lat' dir='ltr'><strong>exhibuerint</strong></span> <span class='ocrx_word' id='word_1_36' title='bbox 1375 759 1411 803; x_wconf 89' lang='lat' dir='ltr'><strong>sa</strong></span> <span class='ocrx_word' id='word_1_37' title='bbox 1433 737 1600 820; x_wconf 82' lang='lat' dir='ltr'><strong>difficiles,</strong></span> <span class='ocrx_word' id='word_1_38' title='bbox 1631 747 1818 806; x_wconf 76' lang='lat' dir='ltr'><strong>asserentes</strong></span> 
     </span>
     <span class='ocr_line' id='line_1_5' title="bbox 166 836 1819 926; baseline 0.002 -22"><span class='ocrx_word' id='word_1_39' title='bbox 166 838 269 925; x_wconf 88' lang='lat' dir='ltr'><strong>qnod,</strong></span> <span class='ocrx_word' id='word_1_40' title='bbox 304 840 333 903; x_wconf 87' lang='lat' dir='ltr'><strong>si</strong></span> <span class='ocrx_word' id='word_1_41' title='bbox 363 838 529 926; x_wconf 89' lang='lat' dir='ltr'><strong>predictus</strong></span> <span class='ocrx_word' id='word_1_42' title='bbox 558 836 628 902; x_wconf 84' lang='lat' dir='ltr'><strong>dux</strong></span> <span class='ocrx_word' id='word_1_43' title='bbox 662 857 703 901; x_wconf 88' lang='lat' dir='ltr'><strong>aa</strong></span> <span class='ocrx_word' id='word_1_44' title='bbox 730 836 880 923; x_wconf 88' lang='lat' dir='ltr'><strong>possedit</strong></span> <span class='ocrx_word' id='word_1_45' title='bbox 908 838 1100 922; x_wconf 89' lang='lat' dir='ltr'><strong>aliquando,</strong></span> <span class='ocrx_word' id='word_1_46' title='bbox 1137 860 1313 925; x_wconf 86' lang='lat' dir='ltr'><strong>possessor</strong></span> <span class='ocrx_word' id='word_1_47' title='bbox 1337 841 1444 907; x_wconf 86' lang='lat' dir='ltr'><strong>fiuarat</strong></span> <span class='ocrx_word' id='word_1_48' title='bbox 1471 843 1653 924; x_wconf 88' lang='lat' dir='ltr'><strong>violentus,</strong></span> <span class='ocrx_word' id='word_1_49' title='bbox 1687 842 1819 909; x_wconf 87' lang='lat' dir='ltr'><strong>tandem</strong></span> 
     </span>
     <span class='ocr_line' id='line_1_6' title="bbox 165 939 1819 1029; baseline 0.002 -20"><span class='ocrx_word' id='word_1_50' title='bbox 165 951 276 1009; x_wconf 86' lang='lat' dir='ltr'><strong>tamen</strong></span> <span class='ocrx_word' id='word_1_51' title='bbox 304 963 403 1029; x_wconf 89' lang='lat' dir='ltr'><strong>snper</strong></span> <span class='ocrx_word' id='word_1_52' title='bbox 433 942 496 1006; x_wconf 93' lang='lat' dir='ltr'><strong>hiis</strong></span> <span class='ocrx_word' id='word_1_53' title='bbox 524 941 646 1006; x_wconf 89' lang='lat' dir='ltr'><strong>nostris</strong></span> <span class='ocrx_word' id='word_1_54' title='bbox 674 945 854 1025; x_wconf 88' lang='lat' dir='ltr'><strong>paruerunt</strong></span> <span class='ocrx_word' id='word_1_55' title='bbox 880 939 1098 1026; x_wconf 81' lang='lat' dir='ltr'><strong>beneplacitis</strong></span> <span class='ocrx_word' id='word_1_56' title='bbox 1128 948 1161 1006; x_wconf 90' lang='lat' dir='ltr'><strong>et</strong></span> <span class='ocrx_word' id='word_1_57' title='bbox 1183 941 1365 1019; x_wconf 87' lang='lat' dir='ltr'><strong>mandatis;</strong></span> <span class='ocrx_word' id='word_1_58' title='bbox 1397 949 1431 1008; x_wconf 92' lang='lat' dir='ltr'><strong>et</strong></span> <span class='ocrx_word' id='word_1_59' title='bbox 1458 945 1505 1008; x_wconf 87' lang='lat' dir='ltr'><strong>sic</strong></span> <span class='ocrx_word' id='word_1_60' title='bbox 1535 950 1604 1010; x_wconf 89' lang='lat' dir='ltr'><strong>toto</strong></span> <span class='ocrx_word' id='word_1_61' title='bbox 1634 944 1756 1011; x_wconf 90' lang='lat' dir='ltr'><strong>ducatu</strong></span> <span class='ocrx_word' id='word_1_62' title='bbox 1777 945 1819 1012; x_wconf 89' lang='lat' dir='ltr'><strong>ad</strong></span> 
     </span>
     <span class='ocr_line' id='line_1_7' title="bbox 164 1043 1819 1130; baseline 0.002 -20"><span class='ocrx_word' id='word_1_63' title='bbox 164 1068 279 1112; x_wconf 88' lang='lat' dir='ltr'><strong>manns</strong></span> <span class='ocrx_word' id='word_1_64' title='bbox 313 1045 402 1112; x_wconf 88' lang='lat' dir='ltr'><strong>sedis</strong></span> <span class='ocrx_word' id='word_1_65' title='bbox 431 1045 612 1130; x_wconf 89' lang='lat' dir='ltr'><strong>apostolica</strong></span> <span class='ocrx_word' id='word_1_66' title='bbox 646 1049 814 1124; x_wconf 88' lang='lat' dir='ltr'><strong>revocato,</strong></span> <span class='ocrx_word' id='word_1_67' title='bbox 851 1051 918 1108; x_wconf 90' lang='lat' dir='ltr'><strong>tam</strong></span> <span class='ocrx_word' id='word_1_68' title='bbox 951 1043 1083 1108; x_wconf 91' lang='lat' dir='ltr'><strong>ducatui</strong></span> <span class='ocrx_word' id='word_1_69' title='bbox 1117 1065 1213 1129; x_wconf 89' lang='lat' dir='ltr'><strong>quam</strong></span> <span class='ocrx_word' id='word_1_70' title='bbox 1241 1043 1343 1110; x_wconf 83' lang='lat' dir='ltr'><strong>Asisii</strong></span> <span class='ocrx_word' id='word_1_71' title='bbox 1376 1054 1411 1112; x_wconf 90' lang='lat' dir='ltr'><strong>et</strong></span> <span class='ocrx_word' id='word_1_72' title='bbox 1437 1045 1579 1112; x_wconf 78' lang='lat' dir='ltr'><strong>Nuceria</strong></span> <span class='ocrx_word' id='word_1_73' title='bbox 1609 1049 1819 1114; x_wconf 89' lang='lat' dir='ltr'><strong>comitatibus</strong></span> 
     </span>
     <span class='ocr_line' id='line_1_8' title="bbox 165 1143 1820 1233; baseline 0.001 -19"><span class='ocrx_word' id='word_1_74' title='bbox 165 1150 320 1214; x_wconf 88' lang='lat' dir='ltr'><strong>dilectum</strong></span> <span class='ocrx_word' id='word_1_75' title='bbox 342 1149 445 1213; x_wconf 89' lang='lat' dir='ltr'><strong>filium</strong></span> <span class='ocrx_word' id='word_1_76' title='bbox 473 1155 621 1212; x_wconf 90' lang='lat' dir='ltr'><strong>nostrum</strong></span> <span class='ocrx_word' id='word_1_77' title='bbox 642 1143 872 1233; x_wconf 83' lang='lat' dir='ltr'><strong>R[aynerium]</strong></span> <span class='ocrx_word' id='word_1_78' title='bbox 899 1145 1018 1211; x_wconf 82' lang='lat' dir='ltr'><strong>Sancte</strong></span> <span class='ocrx_word' id='word_1_79' title='bbox 1041 1146 1145 1211; x_wconf 84' lang='lat' dir='ltr'><strong>Maria</strong></span> <span class='ocrx_word' id='word_1_80' title='bbox 1173 1148 1207 1211; x_wconf 93' lang='lat' dir='ltr'><strong>in</strong></span> <span class='ocrx_word' id='word_1_81' title='bbox 1230 1146 1399 1213; x_wconf 79' lang='lat' dir='ltr'><strong>Cosmidin</strong></span> <span class='ocrx_word' id='word_1_82' title='bbox 1427 1149 1598 1214; x_wconf 90' lang='lat' dir='ltr'><strong>diaconum</strong></span> <span class='ocrx_word' id='word_1_83' title='bbox 1621 1151 1820 1218; x_wconf 76' lang='lat' dir='ltr'><strong>cardinalem</strong></span> 
     </span>
     <span class='ocr_line' id='line_1_9' title="bbox 165 1247 1818 1342; baseline 0.002 -25"><span class='ocrx_word' id='word_1_84' title='bbox 165 1253 362 1339; x_wconf 81' lang='lat' dir='ltr'><strong>prefecimus</strong></span> <span class='ocrx_word' id='word_1_85' title='bbox 391 1252 425 1315; x_wconf 94' lang='lat' dir='ltr'><strong>in</strong></span> <span class='ocrx_word' id='word_1_86' title='bbox 455 1256 626 1315; x_wconf 89' lang='lat' dir='ltr'><strong>rectorem.</strong></span> <span class='ocrx_word' id='word_1_87' title='bbox 671 1247 735 1322; x_wconf 80' lang='lat' dir='ltr'><strong>Qui</strong></span> <span class='ocrx_word' id='word_1_88' title='bbox 765 1248 890 1327; x_wconf 90' lang='lat' dir='ltr'><strong>omnia,</strong></span> <span class='ocrx_word' id='word_1_89' title='bbox 921 1269 983 1333; x_wconf 90' lang='lat' dir='ltr'><strong>que</strong></span> <span class='ocrx_word' id='word_1_90' title='bbox 1014 1249 1047 1312; x_wconf 93' lang='lat' dir='ltr'><strong>in</strong></span> <span class='ocrx_word' id='word_1_91' title='bbox 1076 1249 1140 1313; x_wconf 91' lang='lat' dir='ltr'><strong>hiis</strong></span> <span class='ocrx_word' id='word_1_92' title='bbox 1172 1249 1213 1313; x_wconf 88' lang='lat' dir='ltr'><strong>ad</strong></span> <span class='ocrx_word' id='word_1_93' title='bbox 1236 1249 1416 1317; x_wconf 88' lang='lat' dir='ltr'><strong>Romanam</strong></span> <span class='ocrx_word' id='word_1_94' title='bbox 1446 1254 1620 1319; x_wconf 88' lang='lat' dir='ltr'><strong>ecclesiam</strong></span> <span class='ocrx_word' id='word_1_95' title='bbox 1643 1256 1818 1342; x_wconf 87' lang='lat' dir='ltr'><strong>pertinent,</strong></span> 
     </span>
     <span class='ocr_line' id='line_1_10' title="bbox 165 1353 1819 1442; baseline 0.002 -22"><span class='ocrx_word' id='word_1_96' title='bbox 165 1357 318 1421; x_wconf 85' lang='lat' dir='ltr'><strong>obtinens</strong></span> <span class='ocrx_word' id='word_1_97' title='bbox 340 1355 476 1442; x_wconf 89' lang='lat' dir='ltr'><strong>pacifice</strong></span> <span class='ocrx_word' id='word_1_98' title='bbox 499 1374 537 1418; x_wconf 93' lang='lat' dir='ltr'><strong>ac</strong></span> <span class='ocrx_word' id='word_1_99' title='bbox 560 1353 682 1438; x_wconf 87' lang='lat' dir='ltr'><strong>quieta,</strong></span> <span class='ocrx_word' id='word_1_100' title='bbox 706 1358 823 1417; x_wconf 89' lang='lat' dir='ltr'><strong>cuncta</strong></span> <span class='ocrx_word' id='word_1_101' title='bbox 845 1373 904 1438; x_wconf 93' lang='lat' dir='ltr'><strong>pro</strong></span> <span class='ocrx_word' id='word_1_102' title='bbox 931 1353 1099 1417; x_wconf 90' lang='lat' dir='ltr'><strong>voluntate</strong></span> <span class='ocrx_word' id='word_1_103' title='bbox 1123 1374 1183 1418; x_wconf 92' lang='lat' dir='ltr'><strong>sua</strong></span> <span class='ocrx_word' id='word_1_104' title='bbox 1205 1353 1368 1440; x_wconf 86' lang='lat' dir='ltr'><strong>disposuit</strong></span> <span class='ocrx_word' id='word_1_105' title='bbox 1391 1361 1424 1421; x_wconf 89' lang='lat' dir='ltr'><strong>ct</strong></span> <span class='ocrx_word' id='word_1_106' title='bbox 1447 1354 1606 1442; x_wconf 88' lang='lat' dir='ltr'><strong>disponit,</strong></span> <span class='ocrx_word' id='word_1_107' title='bbox 1629 1358 1819 1424; x_wconf 88' lang='lat' dir='ltr'><strong>iuramentis</strong></span> 
     </span>
     <span class='ocr_line' id='line_1_11' title="bbox 166 1454 1819 1544; baseline 0 -20"><span class='ocrx_word' id='word_1_108' title='bbox 166 1459 332 1525; x_wconf 89' lang='lat' dir='ltr'><strong>fidelitatis</strong></span> <span class='ocrx_word' id='word_1_109' title='bbox 355 1457 398 1522; x_wconf 89' lang='lat' dir='ltr'><strong>ab</strong></span> <span class='ocrx_word' id='word_1_110' title='bbox 419 1455 606 1521; x_wconf 91' lang='lat' dir='ltr'><strong>hominibus</strong></span> <span class='ocrx_word' id='word_1_111' title='bbox 630 1455 766 1519; x_wconf 90' lang='lat' dir='ltr'><strong>ducatus</strong></span> <span class='ocrx_word' id='word_1_112' title='bbox 790 1461 823 1520; x_wconf 91' lang='lat' dir='ltr'><strong>et</strong></span> <span class='ocrx_word' id='word_1_113' title='bbox 842 1454 1054 1519; x_wconf 87' lang='lat' dir='ltr'><strong>comitatuum</strong></span> <span class='ocrx_word' id='word_1_114' title='bbox 1078 1456 1148 1519; x_wconf 90' lang='lat' dir='ltr'><strong>sine</strong></span> <span class='ocrx_word' id='word_1_115' title='bbox 1173 1455 1364 1522; x_wconf 85' lang='lat' dir='ltr'><strong>difficultate</strong></span> <span class='ocrx_word' id='word_1_116' title='bbox 1387 1460 1538 1544; x_wconf 88' lang='lat' dir='ltr'><strong>receptis.</strong></span> <span class='ocrx_word' id='word_1_117' title='bbox 1584 1459 1638 1524; x_wconf 88' lang='lat' dir='ltr'><strong>Ad</strong></span> <span class='ocrx_word' id='word_1_118' title='bbox 1660 1461 1722 1526; x_wconf 90' lang='lat' dir='ltr'><strong>hac</strong></span> <span class='ocrx_word' id='word_1_119' title='bbox 1745 1483 1819 1526; x_wconf 92' lang='lat' dir='ltr'><strong>cum</strong></span> 
     </span>
     <span class='ocr_line' id='line_1_12' title="bbox 165 1559 1818 1650; baseline 0.001 -22"><span class='ocrx_word' id='word_1_120' title='bbox 165 1563 296 1650; x_wconf 87' lang='lat' dir='ltr'><strong>quidam</strong></span> <span class='ocrx_word' id='word_1_121' title='bbox 319 1562 519 1627; x_wconf 81' lang='lat' dir='ltr'><strong>Teutonicus</strong></span> <span class='ocrx_word' id='word_1_122' title='bbox 547 1559 767 1625; x_wconf 87' lang='lat' dir='ltr'><strong>marescalcus</strong></span> <span class='ocrx_word' id='word_1_123' title='bbox 797 1566 939 1624; x_wconf 89' lang='lat' dir='ltr'><strong>castrum</strong></span> <span class='ocrx_word' id='word_1_124' title='bbox 962 1559 1122 1624; x_wconf 89' lang='lat' dir='ltr'><strong>Pretcnsa</strong></span> <span class='ocrx_word' id='word_1_125' title='bbox 1150 1560 1347 1626; x_wconf 89' lang='lat' dir='ltr'><strong>detinuisset</strong></span> <span class='ocrx_word' id='word_1_126' title='bbox 1375 1561 1504 1627; x_wconf 88' lang='lat' dir='ltr'><strong>diutius</strong></span> <span class='ocrx_word' id='word_1_127' title='bbox 1522 1571 1731 1649; x_wconf 89' lang='lat' dir='ltr'><strong>occupatum,</strong></span> <span class='ocrx_word' id='word_1_128' title='bbox 1759 1585 1818 1630; x_wconf 92' lang='lat' dir='ltr'><strong>nos</strong></span> 
     </span>
     <span class='ocr_line' id='line_1_13' title="bbox 164 1663 1819 1751; baseline -0.001 -17"><span class='ocrx_word' id='word_1_129' title='bbox 164 1668 274 1734; x_wconf 89' lang='lat' dir='ltr'><strong>missis</strong></span> <span class='ocrx_word' id='word_1_130' title='bbox 297 1667 375 1731; x_wconf 92' lang='lat' dir='ltr'><strong>illuc</strong></span> <span class='ocrx_word' id='word_1_131' title='bbox 398 1665 520 1730; x_wconf 90' lang='lat' dir='ltr'><strong>nuntiis</strong></span> <span class='ocrx_word' id='word_1_132' title='bbox 543 1664 663 1728; x_wconf 89' lang='lat' dir='ltr'><strong>nostris</strong></span> <span class='ocrx_word' id='word_1_133' title='bbox 695 1671 803 1728; x_wconf 89' lang='lat' dir='ltr'><strong>amoto</strong></span> <span class='ocrx_word' id='word_1_134' title='bbox 833 1663 953 1728; x_wconf 84' lang='lat' dir='ltr'><strong>exinde</strong></span> <span class='ocrx_word' id='word_1_135' title='bbox 977 1665 1177 1728; x_wconf 88' lang='lat' dir='ltr'><strong>marescalco</strong></span> <span class='ocrx_word' id='word_1_136' title='bbox 1206 1665 1352 1750; x_wconf 88' lang='lat' dir='ltr'><strong>predicto</strong></span> <span class='ocrx_word' id='word_1_137' title='bbox 1381 1667 1648 1751; x_wconf 87' lang='lat' dir='ltr'><strong>recuperavimus</strong></span> <span class='ocrx_word' id='word_1_138' title='bbox 1677 1674 1819 1732; x_wconf 87' lang='lat' dir='ltr'><strong>castrum</strong></span> 
     </span>
     <span class='ocr_line' id='line_1_14' title="bbox 165 1766 1818 1859; baseline -0.001 -23"><span class='ocrx_word' id='word_1_139' title='bbox 165 1774 289 1859; x_wconf 87' lang='lat' dir='ltr'><strong>ipsum,</strong></span> <span class='ocrx_word' id='word_1_140' title='bbox 318 1769 480 1835; x_wconf 89' lang='lat' dir='ltr'><strong>universis</strong></span> <span class='ocrx_word' id='word_1_141' title='bbox 503 1767 745 1833; x_wconf 88' lang='lat' dir='ltr'><strong>habitatoribus</strong></span> <span class='ocrx_word' id='word_1_142' title='bbox 769 1768 839 1832; x_wconf 90' lang='lat' dir='ltr'><strong>eius</strong></span> <span class='ocrx_word' id='word_1_143' title='bbox 863 1766 985 1832; x_wconf 87' lang='lat' dir='ltr'><strong>dilecto</strong></span> <span class='ocrx_word' id='word_1_144' title='bbox 1007 1767 1074 1831; x_wconf 93' lang='lat' dir='ltr'><strong>filio</strong></span> <span class='ocrx_word' id='word_1_145' title='bbox 1100 1766 1133 1831; x_wconf 77' lang='lat' dir='ltr'><strong>S.</strong></span> <span class='ocrx_word' id='word_1_146' title='bbox 1157 1770 1334 1834; x_wconf 88' lang='lat' dir='ltr'><strong>camerario</strong></span> <span class='ocrx_word' id='word_1_147' title='bbox 1357 1775 1485 1848; x_wconf 90' lang='lat' dir='ltr'><strong>nostro,</strong></span> <span class='ocrx_word' id='word_1_148' title='bbox 1514 1768 1557 1833; x_wconf 89' lang='lat' dir='ltr'><strong>ad</strong></span> <span class='ocrx_word' id='word_1_149' title='bbox 1578 1770 1641 1836; x_wconf 94' lang='lat' dir='ltr'><strong>hoc</strong></span> <span class='ocrx_word' id='word_1_150' title='bbox 1664 1791 1684 1834; x_wconf 90' lang='lat' dir='ltr'><strong>a</strong></span> <span class='ocrx_word' id='word_1_151' title='bbox 1705 1777 1818 1836; x_wconf 88' lang='lat' dir='ltr'><strong>nostro</strong></span> 
     </span>
     <span class='ocr_line' id='line_1_15' title="bbox 164 1869 1818 1957; baseline -0.002 -16"><span class='ocrx_word' id='word_1_152' title='bbox 164 1876 268 1941; x_wconf 85' lang='lat' dir='ltr'><strong>latare</strong></span> <span class='ocrx_word' id='word_1_153' title='bbox 303 1873 467 1940; x_wconf 88' lang='lat' dir='ltr'><strong>destinato</strong></span> <span class='ocrx_word' id='word_1_154' title='bbox 500 1879 534 1937; x_wconf 87' lang='lat' dir='ltr'><strong>at</strong></span> <span class='ocrx_word' id='word_1_155' title='bbox 568 1871 610 1936; x_wconf 87' lang='lat' dir='ltr'><strong>ab</strong></span> <span class='ocrx_word' id='word_1_156' title='bbox 643 1872 691 1936; x_wconf 90' lang='lat' dir='ltr'><strong>eis</strong></span> <span class='ocrx_word' id='word_1_157' title='bbox 719 1871 899 1936; x_wconf 90' lang='lat' dir='ltr'><strong>honorifice</strong></span> <span class='ocrx_word' id='word_1_158' title='bbox 935 1891 974 1935; x_wconf 93' lang='lat' dir='ltr'><strong>ac</strong></span> <span class='ocrx_word' id='word_1_159' title='bbox 1008 1869 1125 1934; x_wconf 89' lang='lat' dir='ltr'><strong>devote</strong></span> <span class='ocrx_word' id='word_1_160' title='bbox 1157 1879 1305 1957; x_wconf 88' lang='lat' dir='ltr'><strong>recepto,</strong></span> <span class='ocrx_word' id='word_1_161' title='bbox 1341 1873 1472 1938; x_wconf 91' lang='lat' dir='ltr'><strong>nomine</strong></span> <span class='ocrx_word' id='word_1_162' title='bbox 1506 1879 1619 1938; x_wconf 90' lang='lat' dir='ltr'><strong>nostro</strong></span> <span class='ocrx_word' id='word_1_163' title='bbox 1649 1873 1818 1939; x_wconf 88' lang='lat' dir='ltr'><strong>fidelitatis</strong></span> 
     </span>
     <span class='ocr_line' id='line_1_16' title="bbox 166 1972 1901 2064; baseline -0.001 -21"><span class='ocrx_word' id='word_1_164' title='bbox 166 1977 400 2043; x_wconf 81' lang='lat' dir='ltr'><strong>exhibentibus</strong></span> <span class='ocrx_word' id='word_1_165' title='bbox 428 1977 621 2041; x_wconf 89' lang='lat' dir='ltr'><strong>iuramenta.</strong></span> <span class='ocrx_word' id='word_1_166' title='bbox 666 1974 763 2039; x_wconf 90' lang='lat' dir='ltr'><strong>Unde</strong></span> <span class='ocrx_word' id='word_1_167' title='bbox 790 1996 851 2039; x_wconf 91' lang='lat' dir='ltr'><strong>nos</strong></span> <span class='ocrx_word' id='word_1_168' title='bbox 878 1981 946 2038; x_wconf 91' lang='lat' dir='ltr'><strong>tam</strong></span> <span class='ocrx_word' id='word_1_169' title='bbox 974 1972 1062 2039; x_wconf 87' lang='lat' dir='ltr'><strong>idern</strong></span> <span class='ocrx_word' id='word_1_170' title='bbox 1091 1982 1232 2039; x_wconf 89' lang='lat' dir='ltr'><strong>castrum</strong></span> <span class='ocrx_word' id='word_1_171' title='bbox 1262 1997 1359 2060; x_wconf 89' lang='lat' dir='ltr'><strong>quam</strong></span> <span class='ocrx_word' id='word_1_172' title='bbox 1382 1976 1621 2043; x_wconf 87' lang='lat' dir='ltr'><strong>Radicofanum</strong></span> <span class='ocrx_word' id='word_1_173' title='bbox 1650 1984 1684 2044; x_wconf 89' lang='lat' dir='ltr'><strong>ct</strong></span> <span class='ocrx_word' id='word_1_174' title='bbox 1705 1979 1819 2064; x_wconf 91' lang='lat' dir='ltr'><strong>Aqua·</strong></span> <span class='ocrx_word' id='word_1_175' title='bbox 1896 2053 1901 2060; x_wconf 41' lang='lat'>‚</span> 
     </span>
     <span class='ocr_line' id='line_1_17' title="bbox 164 2076 1819 2167; baseline 0 -21"><span class='ocrx_word' id='word_1_176' title='bbox 164 2079 385 2167; x_wconf 84' lang='lat' dir='ltr'><strong>pendentcm¹</strong></span> <span class='ocrx_word' id='word_1_177' title='bbox 408 2078 530 2144; x_wconf 89' lang='lat' dir='ltr'><strong>dilecto</strong></span> <span class='ocrx_word' id='word_1_178' title='bbox 553 2077 620 2142; x_wconf 91' lang='lat' dir='ltr'><strong>filio</strong></span> <span class='ocrx_word' id='word_1_179' title='bbox 636 2076 750 2141; x_wconf 83' lang='lat' dir='ltr'><strong>Musca</strong></span> <span class='ocrx_word' id='word_1_180' title='bbox 766 2077 924 2161; x_wconf 88' lang='lat' dir='ltr'><strong>potestati</strong></span> <span class='ocrx_word' id='word_1_181' title='bbox 939 2077 1143 2143; x_wconf 88' lang='lat' dir='ltr'><strong>Vitarbicnsi</strong></span> <span class='ocrx_word' id='word_1_182' title='bbox 1166 2078 1255 2142; x_wconf 88' lang='lat' dir='ltr'><strong>fideli</strong></span> <span class='ocrx_word' id='word_1_183' title='bbox 1277 2088 1388 2145; x_wconf 90' lang='lat' dir='ltr'><strong>nostro</strong></span> <span class='ocrx_word' id='word_1_184' title='bbox 1407 2081 1640 2163; x_wconf 88' lang='lat' dir='ltr'><strong>commisimus,</strong></span> <span class='ocrx_word' id='word_1_185' title='bbox 1664 2079 1819 2167; x_wconf 87' lang='lat' dir='ltr'><strong>quamdiu</strong></span> 
     </span>
     <span class='ocr_line' id='line_1_18' title="bbox 165 2180 1818 2271; baseline -0.001 -21"><span class='ocrx_word' id='word_1_186' title='bbox 165 2185 262 2250; x_wconf 90' lang='lat' dir='ltr'><strong>nobis</strong></span> <span class='ocrx_word' id='word_1_187' title='bbox 294 2184 470 2271; x_wconf 88' lang='lat' dir='ltr'><strong>placuerit,</strong></span> <span class='ocrx_word' id='word_1_188' title='bbox 504 2180 726 2266; x_wconf 88' lang='lat' dir='ltr'><strong>gubernanda.</strong></span> <span class='ocrx_word' id='word_1_189' title='bbox 771 2180 929 2246; x_wconf 80' lang='lat' dir='ltr'><strong>Pmtcrea</strong></span> <span class='ocrx_word' id='word_1_190' title='bbox 963 2202 1035 2245; x_wconf 92' lang='lat' dir='ltr'><strong>cum</strong></span> <span class='ocrx_word' id='word_1_191' title='bbox 1067 2181 1260 2246; x_wconf 88' lang='lat' dir='ltr'><strong>karissimus</strong></span> <span class='ocrx_word' id='word_1_192' title='bbox 1294 2184 1328 2246; x_wconf 92' lang='lat' dir='ltr'><strong>in</strong></span> <span class='ocrx_word' id='word_1_193' title='bbox 1357 2183 1488 2248; x_wconf 84' lang='lat' dir='ltr'><strong>Christo</strong></span> <span class='ocrx_word' id='word_1_194' title='bbox 1521 2183 1609 2248; x_wconf 92' lang='lat' dir='ltr'><strong>filius</strong></span> <span class='ocrx_word' id='word_1_195' title='bbox 1638 2190 1752 2250; x_wconf 89' lang='lat' dir='ltr'><strong>noster</strong></span> <span class='ocrx_word' id='word_1_196' title='bbox 1780 2183 1818 2248; x_wconf 81' lang='lat' dir='ltr'><strong>F.</strong></span> 
     </span>
     <span class='ocr_line' id='line_1_19' title="bbox 164 2286 1820 2373; baseline -0.002 -19"><span class='ocrx_word' id='word_1_197' title='bbox 164 2289 386 2354; x_wconf 87' lang='lat' dir='ltr'><strong>Romanorum</strong></span> <span class='ocrx_word' id='word_1_198' title='bbox 415 2287 610 2373; x_wconf 89' lang='lat' dir='ltr'><strong>imperator,</strong></span> <span class='ocrx_word' id='word_1_199' title='bbox 644 2292 721 2349; x_wconf 90' lang='lat' dir='ltr'><strong>tunc</strong></span> <span class='ocrx_word' id='word_1_200' title='bbox 752 2305 829 2364; x_wconf 87' lang='lat' dir='ltr'><strong>rex,</strong></span> <span class='ocrx_word' id='word_1_201' title='bbox 864 2286 1000 2349; x_wconf 87' lang='lat' dir='ltr'><strong>venians</strong></span> <span class='ocrx_word' id='word_1_202' title='bbox 1036 2292 1247 2372; x_wconf 86' lang='lat' dir='ltr'><strong>suscepturus</strong></span> <span class='ocrx_word' id='word_1_203' title='bbox 1280 2287 1321 2352; x_wconf 91' lang='lat' dir='ltr'><strong>de</strong></span> <span class='ocrx_word' id='word_1_204' title='bbox 1356 2286 1505 2351; x_wconf 87' lang='lat' dir='ltr'><strong>manibus</strong></span> <span class='ocrx_word' id='word_1_205' title='bbox 1536 2287 1657 2352; x_wconf 90' lang='lat' dir='ltr'><strong>nostris</strong></span> <span class='ocrx_word' id='word_1_206' title='bbox 1689 2287 1820 2373; x_wconf 87' lang='lat' dir='ltr'><strong>imperii</strong></span> 
     </span>
     <span class='ocr_line' id='line_1_20' title="bbox 163 2388 1818 2477; baseline -0.001 -21"><span class='ocrx_word' id='word_1_207' title='bbox 163 2391 323 2471; x_wconf 88' lang='lat' dir='ltr'><strong>diadema,</strong></span> <span class='ocrx_word' id='word_1_208' title='bbox 347 2388 570 2455; x_wconf 88' lang='lat' dir='ltr'><strong>venerabilem</strong></span> <span class='ocrx_word' id='word_1_209' title='bbox 593 2389 727 2452; x_wconf 86' lang='lat' dir='ltr'><strong>fratrem</strong></span> <span class='ocrx_word' id='word_1_210' title='bbox 750 2393 898 2452; x_wconf 90' lang='lat' dir='ltr'><strong>nostrum</strong></span> <span class='ocrx_word' id='word_1_211' title='bbox 923 2388 1165 2466; x_wconf 76' lang='lat' dir='ltr'><strong>..Matansem</strong></span> <span class='ocrx_word' id='word_1_212' title='bbox 1189 2391 1380 2476; x_wconf 88' lang='lat' dir='ltr'><strong>episcopum</strong></span> <span class='ocrx_word' id='word_1_213' title='bbox 1389 2391 1413 2469; x_wconf 78' lang='lat'><strong>²,</strong></span> <span class='ocrx_word' id='word_1_214' title='bbox 1437 2391 1617 2477; x_wconf 85' lang='lat' dir='ltr'><strong>imperialis</strong></span> <span class='ocrx_word' id='word_1_215' title='bbox 1641 2391 1716 2456; x_wconf 89' lang='lat' dir='ltr'><strong>aule</strong></span> <span class='ocrx_word' id='word_1_216' title='bbox 1741 2412 1818 2455; x_wconf 90' lang='lat' dir='ltr'><strong>can·</strong></span> 
     </span>
     <span class='ocr_line' id='line_1_21' title="bbox 93 2491 1818 2578; baseline -0.001 -19"><span class='ocrx_word' id='word_1_217' title='bbox 93 2537 113 2572; x_wconf 68' lang='lat'><strong>¹,</strong></span> <span class='ocrx_word' id='word_1_218' title='bbox 166 2494 346 2576; x_wconf 88' lang='lat' dir='ltr'><strong>cellarium,</strong></span> <span class='ocrx_word' id='word_1_219' title='bbox 369 2494 402 2557; x_wconf 94' lang='lat' dir='ltr'><strong>in</strong></span> <span class='ocrx_word' id='word_1_220' title='bbox 426 2492 554 2556; x_wconf 88' lang='lat' dir='ltr'><strong>Italiam</strong></span> <span class='ocrx_word' id='word_1_221' title='bbox 573 2491 790 2578; x_wconf 76' lang='lat' dir='ltr'><strong>promisisset,</strong></span> <span class='ocrx_word' id='word_1_222' title='bbox 812 2491 962 2555; x_wconf 89' lang='lat' dir='ltr'><strong>misimus</strong></span> <span class='ocrx_word' id='word_1_223' title='bbox 985 2491 1121 2556; x_wconf 89' lang='lat' dir='ltr'><strong>adeum</strong></span> <span class='ocrx_word' id='word_1_224' title='bbox 1145 2492 1301 2557; x_wconf 90' lang='lat' dir='ltr'><strong>dilectum</strong></span> <span class='ocrx_word' id='word_1_225' title='bbox 1323 2494 1426 2557; x_wconf 92' lang='lat' dir='ltr'><strong>filium</strong></span> <span class='ocrx_word' id='word_1_226' title='bbox 1441 2492 1647 2578; x_wconf 84' lang='lat' dir='ltr'><strong>Raynaldum</strong></span> <span class='ocrx_word' id='word_1_227' title='bbox 1662 2493 1818 2574; x_wconf 88' lang='lat' dir='ltr'><strong>Munaldi,</strong></span> 
     </span>
     <span class='ocr_line' id='line_1_22' title="bbox 165 2594 1818 2681; baseline -0.002 -18"><span class='ocrx_word' id='word_1_228' title='bbox 165 2597 403 2663; x_wconf 88' lang='lat' dir='ltr'><strong>subdiaconum</strong></span> <span class='ocrx_word' id='word_1_229' title='bbox 425 2602 459 2660; x_wconf 91' lang='lat' dir='ltr'><strong>et</strong></span> <span class='ocrx_word' id='word_1_230' title='bbox 482 2594 687 2681; x_wconf 88' lang='lat' dir='ltr'><strong>capellanum</strong></span> <span class='ocrx_word' id='word_1_231' title='bbox 717 2601 881 2674; x_wconf 90' lang='lat' dir='ltr'><strong>nostrum,</strong></span> <span class='ocrx_word' id='word_1_232' title='bbox 909 2600 946 2657; x_wconf 89' lang='lat' dir='ltr'><strong>ut</strong></span> <span class='ocrx_word' id='word_1_233' title='bbox 976 2594 1008 2658; x_wconf 91' lang='lat' dir='ltr'><strong>ei</strong></span> <span class='ocrx_word' id='word_1_234' title='bbox 1029 2595 1102 2659; x_wconf 90' lang='lat' dir='ltr'><strong>vice</strong></span> <span class='ocrx_word' id='word_1_235' title='bbox 1134 2603 1245 2658; x_wconf 89' lang='lat' dir='ltr'><strong>nostra</strong></span> <span class='ocrx_word' id='word_1_236' title='bbox 1272 2597 1462 2661; x_wconf 90' lang='lat' dir='ltr'><strong>comitatum</strong></span> <span class='ocrx_word' id='word_1_237' title='bbox 1491 2597 1658 2662; x_wconf 89' lang='lat' dir='ltr'><strong>comitisse</strong></span> <span class='ocrx_word' id='word_1_238' title='bbox 1681 2596 1818 2661; x_wconf 84' lang='lat' dir='ltr'><strong>hlotilde</strong></span> 
     </span>
     <span class='ocr_line' id='line_1_23' title="bbox 164 2697 1818 2786; baseline 0 -20"><span class='ocrx_word' id='word_1_239' title='bbox 164 2702 269 2767; x_wconf 87' lang='lat' dir='ltr'><strong>libere</strong></span> <span class='ocrx_word' id='word_1_240' title='bbox 298 2700 496 2785; x_wconf 81' lang='lat' dir='ltr'><strong>resignarat,</strong></span> <span class='ocrx_word' id='word_1_241' title='bbox 531 2697 616 2763; x_wconf 88' lang='lat' dir='ltr'><strong>sicut</strong></span> <span class='ocrx_word' id='word_1_242' title='bbox 647 2719 666 2760; x_wconf 90' lang='lat' dir='ltr'><strong>a</strong></span> <span class='ocrx_word' id='word_1_243' title='bbox 699 2717 777 2781; x_wconf 86' lang='lat' dir='ltr'><strong>rege</strong></span> <span class='ocrx_word' id='word_1_244' title='bbox 805 2697 877 2782; x_wconf 91' lang='lat' dir='ltr'><strong>ipso</strong></span> <span class='ocrx_word' id='word_1_245' title='bbox 905 2697 1012 2761; x_wconf 83' lang='lat' dir='ltr'><strong>iuerat</strong></span> <span class='ocrx_word' id='word_1_246' title='bbox 1042 2697 1104 2761; x_wconf 90' lang='lat' dir='ltr'><strong>sibi</strong></span> <span class='ocrx_word' id='word_1_247' title='bbox 1135 2699 1270 2764; x_wconf 87' lang='lat' dir='ltr'><strong>iussum.</strong></span> <span class='ocrx_word' id='word_1_248' title='bbox 1318 2699 1361 2763; x_wconf 85' lang='lat' dir='ltr'><strong>Et</strong></span> <span class='ocrx_word' id='word_1_249' title='bbox 1393 2699 1471 2764; x_wconf 89' lang='lat' dir='ltr'><strong>licat</strong></span> <span class='ocrx_word' id='word_1_250' title='bbox 1499 2700 1714 2766; x_wconf 88' lang='lat' dir='ltr'><strong>cancellarius</strong></span> <span class='ocrx_word' id='word_1_251' title='bbox 1747 2700 1818 2786; x_wconf 90' lang='lat' dir='ltr'><strong>ipsa</strong></span> 
     </span>
     <span class='ocr_line' id='line_1_24' title="bbox 164 2799 1818 2892; baseline -0.002 -22"><span class='ocrx_word' id='word_1_252' title='bbox 164 2805 358 2892; x_wconf 87' lang='lat' dir='ltr'><strong>petitionem</strong></span> <span class='ocrx_word' id='word_1_253' title='bbox 386 2801 534 2868; x_wconf 87' lang='lat' dir='ltr'><strong>eiusdem</strong></span> <span class='ocrx_word' id='word_1_254' title='bbox 564 2800 757 2865; x_wconf 91' lang='lat' dir='ltr'><strong>subdiaconi</strong></span> <span class='ocrx_word' id='word_1_255' title='bbox 785 2821 889 2886; x_wconf 88' lang='lat' dir='ltr'><strong>usqua</strong></span> <span class='ocrx_word' id='word_1_256' title='bbox 922 2799 964 2864; x_wconf 92' lang='lat' dir='ltr'><strong>ad</strong></span> <span class='ocrx_word' id='word_1_257' title='bbox 993 2799 1169 2865; x_wconf 88' lang='lat' dir='ltr'><strong>adventum</strong></span> <span class='ocrx_word' id='word_1_258' title='bbox 1203 2804 1289 2887; x_wconf 86' lang='lat' dir='ltr'><strong>ragis</strong></span> <span class='ocrx_word' id='word_1_259' title='bbox 1320 2804 1407 2867; x_wconf 90' lang='lat' dir='ltr'><strong>circa</strong></span> <span class='ocrx_word' id='word_1_260' title='bbox 1434 2809 1545 2888; x_wconf 88' lang='lat' dir='ltr'><strong>partes</strong></span> <span class='ocrx_word' id='word_1_261' title='bbox 1573 2802 1722 2868; x_wconf 91' lang='lat' dir='ltr'><strong>Bononia</strong></span> <span class='ocrx_word' id='word_1_262' title='bbox 1750 2801 1818 2867; x_wconf 90' lang='lat' dir='ltr'><strong>dis-</strong></span> 
     </span>
     <span class='ocr_line' id='line_1_25' title="bbox 163 2903 1818 2991; baseline -0.002 -17"><span class='ocrx_word' id='word_1_263' title='bbox 163 2909 305 2990; x_wconf 87' lang='lat' dir='ltr'><strong>tulisset,</strong></span> <span class='ocrx_word' id='word_1_264' title='bbox 328 2907 460 2972; x_wconf 88' lang='lat' dir='ltr'><strong>tandem</strong></span> <span class='ocrx_word' id='word_1_265' title='bbox 475 2911 585 2970; x_wconf 87' lang='lat' dir='ltr'><strong>tamen</strong></span> <span class='ocrx_word' id='word_1_266' title='bbox 601 2904 688 2969; x_wconf 88' lang='lat' dir='ltr'><strong>idem</strong></span> <span class='ocrx_word' id='word_1_267' title='bbox 710 2926 771 2969; x_wconf 82' lang='lat' dir='ltr'><strong>rex</strong></span> <span class='ocrx_word' id='word_1_268' title='bbox 786 2911 852 2969; x_wconf 90' lang='lat' dir='ltr'><strong>tam</strong></span> <span class='ocrx_word' id='word_1_269' title='bbox 876 2903 917 2969; x_wconf 90' lang='lat' dir='ltr'><strong>de</strong></span> <span class='ocrx_word' id='word_1_270' title='bbox 935 2910 1042 2969; x_wconf 88' lang='lat' dir='ltr'><strong>castro</strong></span> <span class='ocrx_word' id='word_1_271' title='bbox 1060 2903 1239 2990; x_wconf 83' lang='lat' dir='ltr'><strong>Gonnagc³</strong></span> <span class='ocrx_word' id='word_1_272' title='bbox 1260 2903 1357 2991; x_wconf 84' lang='lat' dir='ltr'><strong>quam</strong></span> <span class='ocrx_word' id='word_1_273' title='bbox 1380 2907 1421 2972; x_wconf 89' lang='lat' dir='ltr'><strong>do</strong></span> <span class='ocrx_word' id='word_1_274' title='bbox 1444 2907 1517 2971; x_wconf 88' lang='lat' dir='ltr'><strong>aliis</strong></span> <span class='ocrx_word' id='word_1_275' title='bbox 1535 2906 1666 2987; x_wconf 85' lang='lat' dir='ltr'><strong>castris,</strong></span> <span class='ocrx_word' id='word_1_276' title='bbox 1690 2906 1818 2972; x_wconf 87' lang='lat' dir='ltr'><strong>scilicet</strong></span> 
     </span>
     <span class='ocr_line' id='line_1_26' title="bbox 164 3008 1817 3100; baseline -0.002 -23"><span class='ocrx_word' id='word_1_277' title='bbox 164 3013 378 3100; x_wconf 85' lang='lat' dir='ltr'><strong>Pcpugneno,</strong></span> <span class='ocrx_word' id='word_1_278' title='bbox 401 3008 559 3074; x_wconf 89' lang='lat' dir='ltr'><strong>Bondeno</strong></span> <span class='ocrx_word' id='word_1_279' title='bbox 583 3009 687 3073; x_wconf 89' lang='lat' dir='ltr'><strong>veteri</strong></span> <span class='ocrx_word' id='word_1_280' title='bbox 709 3015 744 3072; x_wconf 90' lang='lat' dir='ltr'><strong>et</strong></span> <span class='ocrx_word' id='word_1_281' title='bbox 765 3008 924 3073; x_wconf 89' lang='lat' dir='ltr'><strong>Bondeno</strong></span> <span class='ocrx_word' id='word_1_282' title='bbox 947 3009 1063 3089; x_wconf 76' lang='lat' dir='ltr'><strong>novo‘,</strong></span> <span class='ocrx_word' id='word_1_283' title='bbox 1085 3031 1213 3074; x_wconf 89' lang='lat' dir='ltr'><strong>necnon</strong></span> <span class='ocrx_word' id='word_1_284' title='bbox 1236 3009 1276 3075; x_wconf 91' lang='lat' dir='ltr'><strong>de</strong></span> <span class='ocrx_word' id='word_1_285' title='bbox 1301 3017 1370 3076; x_wconf 89' lang='lat' dir='ltr'><strong>toto</strong></span> <span class='ocrx_word' id='word_1_286' title='bbox 1394 3010 1552 3075; x_wconf 88' lang='lat' dir='ltr'><strong>comitatu</strong></span> <span class='ocrx_word' id='word_1_287' title='bbox 1575 3016 1608 3073; x_wconf 90' lang='lat' dir='ltr'><strong>ct</strong></span> <span class='ocrx_word' id='word_1_288' title='bbox 1629 3009 1754 3095; x_wconf 89' lang='lat' dir='ltr'><strong>podere</strong></span> <span class='ocrx_word' id='word_1_289' title='bbox 1778 3030 1817 3074; x_wconf 90' lang='lat' dir='ltr'><strong>ac</strong></span> 
     </span>
     <span class='ocr_line' id='line_1_27' title="bbox 165 3111 1817 3199; baseline -0.002 -19"><span class='ocrx_word' id='word_1_290' title='bbox 165 3115 262 3180; x_wconf 88' lang='lat' dir='ltr'><strong>terris</strong></span> <span class='ocrx_word' id='word_1_291' title='bbox 290 3113 455 3179; x_wconf 87' lang='lat' dir='ltr'><strong>comitisse</strong></span> <span class='ocrx_word' id='word_1_292' title='bbox 485 3111 632 3198; x_wconf 88' lang='lat' dir='ltr'><strong>predicta</strong></span> <span class='ocrx_word' id='word_1_293' title='bbox 660 3112 854 3195; x_wconf 87' lang='lat' dir='ltr'><strong>magistrum</strong></span> <span class='ocrx_word' id='word_1_294' title='bbox 877 3111 1078 3192; x_wconf 80' lang='lat' dir='ltr'><strong>Alatrinum,</strong></span> <span class='ocrx_word' id='word_1_295' title='bbox 1111 3111 1347 3177; x_wconf 90' lang='lat' dir='ltr'><strong>subdiaconum</strong></span> <span class='ocrx_word' id='word_1_296' title='bbox 1376 3119 1410 3177; x_wconf 90' lang='lat' dir='ltr'><strong>et</strong></span> <span class='ocrx_word' id='word_1_297' title='bbox 1432 3113 1636 3199; x_wconf 89' lang='lat' dir='ltr'><strong>capellanum</strong></span> <span class='ocrx_word' id='word_1_298' title='bbox 1660 3118 1817 3193; x_wconf 93' lang='lat' dir='ltr'><strong>nostrum,</strong></span> 
     </span>
     <span class='ocr_line' id='line_1_28' title="bbox 165 3212 1820 3304; baseline -0.002 -22"><span class='ocrx_word' id='word_1_299' title='bbox 165 3218 312 3304; x_wconf 89' lang='lat' dir='ltr'><strong>quierat</strong></span> <span class='ocrx_word' id='word_1_300' title='bbox 336 3236 407 3280; x_wconf 91' lang='lat' dir='ltr'><strong>cum</strong></span> <span class='ocrx_word' id='word_1_301' title='bbox 432 3235 488 3293; x_wconf 90' lang='lat' dir='ltr'><strong>eo,</strong></span> <span class='ocrx_word' id='word_1_302' title='bbox 519 3219 553 3279; x_wconf 88' lang='lat' dir='ltr'><strong>at</strong></span> <span class='ocrx_word' id='word_1_303' title='bbox 575 3212 716 3277; x_wconf 90' lang='lat' dir='ltr'><strong>eundem</strong></span> <span class='ocrx_word' id='word_1_304' title='bbox 737 3212 775 3277; x_wconf 88' lang='lat' dir='ltr'><strong>R.</strong></span> <span class='ocrx_word' id='word_1_305' title='bbox 800 3214 941 3279; x_wconf 88' lang='lat' dir='ltr'><strong>ecclesia</strong></span> <span class='ocrx_word' id='word_1_306' title='bbox 964 3215 1111 3280; x_wconf 82' lang='lat' dir='ltr'><strong>Romana</strong></span> <span class='ocrx_word' id='word_1_307' title='bbox 1135 3216 1266 3281; x_wconf 91' lang='lat' dir='ltr'><strong>nominc</strong></span> <span class='ocrx_word' id='word_1_308' title='bbox 1290 3216 1475 3295; x_wconf 85' lang='lat' dir='ltr'><strong>investivit,</strong></span> <span class='ocrx_word' id='word_1_309' title='bbox 1506 3221 1540 3280; x_wconf 91' lang='lat' dir='ltr'><strong>et</strong></span> <span class='ocrx_word' id='word_1_310' title='bbox 1569 3237 1625 3281; x_wconf 90' lang='lat' dir='ltr'><strong>cos</strong></span> <span class='ocrx_word' id='word_1_311' title='bbox 1650 3215 1820 3281; x_wconf 90' lang='lat' dir='ltr'><strong>constituit</strong></span> 
     </span>
     <span class='ocr_line' id='line_1_29' title="bbox 165 3315 1820 3408; baseline -0.001 -23"><span class='ocrx_word' id='word_1_312' title='bbox 165 3340 384 3408; x_wconf 88' lang='lat' dir='ltr'><strong>possessores,</strong></span> <span class='ocrx_word' id='word_1_313' title='bbox 400 3315 558 3381; x_wconf 89' lang='lat' dir='ltr'><strong>mandans</strong></span> <span class='ocrx_word' id='word_1_314' title='bbox 575 3317 664 3401; x_wconf 90' lang='lat' dir='ltr'><strong>ipsos</strong></span> <span class='ocrx_word' id='word_1_315' title='bbox 680 3337 739 3403; x_wconf 89' lang='lat' dir='ltr'><strong>par</strong></span> <span class='ocrx_word' id='word_1_316' title='bbox 754 3318 978 3382; x_wconf 86' lang='lat' dir='ltr'><strong>venerabilem</strong></span> <span class='ocrx_word' id='word_1_317' title='bbox 993 3318 1128 3382; x_wconf 83' lang='lat' dir='ltr'><strong>fratrem</strong></span> <span class='ocrx_word' id='word_1_318' title='bbox 1145 3325 1291 3382; x_wconf 89' lang='lat' dir='ltr'><strong>nostrum</strong></span> <span class='ocrx_word' id='word_1_319' title='bbox 1310 3367 1318 3382; x_wconf 93' lang='lat'><strong>.</strong></span> <span class='ocrx_word' id='word_1_320' title='bbox 1335 3366 1342 3380; x_wconf 90' lang='lat'>.</span> <span class='ocrx_word' id='word_1_321' title='bbox 1360 3319 1550 3405; x_wconf 90' lang='lat' dir='ltr'><strong>episcopum</strong></span> <span class='ocrx_word' id='word_1_322' title='bbox 1566 3317 1820 3383; x_wconf 80' lang='lat' dir='ltr'><strong>Taurinensem⁵</strong></span> 
     </span>
     <span class='ocr_line' id='line_1_30' title="bbox 164 3419 1819 3506; baseline -0.001 -18"><span class='ocrx_word' id='word_1_323' title='bbox 164 3423 321 3488; x_wconf 88' lang='lat' dir='ltr'><strong>vicarium</strong></span> <span class='ocrx_word' id='word_1_324' title='bbox 345 3420 493 3485; x_wconf 86' lang='lat' dir='ltr'><strong>suumin</strong></span> <span class='ocrx_word' id='word_1_325' title='bbox 516 3419 719 3504; x_wconf 89' lang='lat' dir='ltr'><strong>corporalem</strong></span> <span class='ocrx_word' id='word_1_326' title='bbox 741 3419 985 3504; x_wconf 87' lang='lat' dir='ltr'><strong>possessionem</strong></span> <span class='ocrx_word' id='word_1_327' title='bbox 1001 3419 1121 3500; x_wconf 91' lang='lat' dir='ltr'><strong>induci,</strong></span> <span class='ocrx_word' id='word_1_328' title='bbox 1145 3426 1178 3484; x_wconf 91' lang='lat' dir='ltr'><strong>et</strong></span> <span class='ocrx_word' id='word_1_329' title='bbox 1193 3421 1378 3506; x_wconf 88' lang='lat' dir='ltr'><strong>precipiens</strong></span> <span class='ocrx_word' id='word_1_330' title='bbox 1401 3427 1468 3485; x_wconf 88' lang='lat' dir='ltr'><strong>tam</strong></span> <span class='ocrx_word' id='word_1_331' title='bbox 1491 3422 1642 3486; x_wconf 92' lang='lat' dir='ltr'><strong>omnibus</strong></span> <span class='ocrx_word' id='word_1_332' title='bbox 1661 3421 1819 3486; x_wconf 79' lang='lat' dir='ltr'><strong>militibus</strong></span> 
     </span>
     <span class='ocr_line' id='line_1_31' title="bbox 168 3523 1819 3610; baseline -0.002 -18"><span class='ocrx_word' id='word_1_333' title='bbox 168 3535 201 3592; x_wconf 88' lang='lat' dir='ltr'><strong>et</strong></span> <span class='ocrx_word' id='word_1_334' title='bbox 224 3525 463 3592; x_wconf 88' lang='lat' dir='ltr'><strong>habitatoribus</strong></span> <span class='ocrx_word' id='word_1_335' title='bbox 487 3529 667 3587; x_wconf 81' lang='lat' dir='ltr'><strong>cashorum</strong></span> <span class='ocrx_word' id='word_1_336' title='bbox 691 3523 835 3608; x_wconf 90' lang='lat' dir='ltr'><strong>ipsorum</strong></span> <span class='ocrx_word' id='word_1_337' title='bbox 858 3544 954 3607; x_wconf 89' lang='lat' dir='ltr'><strong>quam</strong></span> <span class='ocrx_word' id='word_1_338' title='bbox 978 3524 1052 3588; x_wconf 89' lang='lat' dir='ltr'><strong>aliia</strong></span> <span class='ocrx_word' id='word_1_339' title='bbox 1068 3523 1219 3588; x_wconf 89' lang='lat' dir='ltr'><strong>vassallis</strong></span> <span class='ocrx_word' id='word_1_340' title='bbox 1242 3523 1283 3588; x_wconf 91' lang='lat' dir='ltr'><strong>da</strong></span> <span class='ocrx_word' id='word_1_341' title='bbox 1307 3525 1379 3610; x_wconf 92' lang='lat' dir='ltr'><strong>ipso</strong></span> <span class='ocrx_word' id='word_1_342' title='bbox 1404 3525 1559 3589; x_wconf 90' lang='lat' dir='ltr'><strong>comitatu</strong></span> <span class='ocrx_word' id='word_1_343' title='bbox 1582 3546 1641 3590; x_wconf 89' lang='lat' dir='ltr'><strong>seu</strong></span> <span class='ocrx_word' id='word_1_344' title='bbox 1664 3525 1761 3590; x_wconf 90' lang='lat' dir='ltr'><strong>terris</strong></span> <span class='ocrx_word' id='word_1_345' title='bbox 1784 3531 1819 3589; x_wconf 84' lang='lat' dir='ltr'><strong>et</strong></span> 
     </span>
     <span class='ocr_line' id='line_1_32' title="bbox 164 3627 1819 3717; baseline -0.002 -22"><span class='ocrx_word' id='word_1_346' title='bbox 164 3629 304 3717; x_wconf 88' lang='lat' dir='ltr'><strong>podera,</strong></span> <span class='ocrx_word' id='word_1_347' title='bbox 333 3636 370 3692; x_wconf 88' lang='lat' dir='ltr'><strong>ut</strong></span> <span class='ocrx_word' id='word_1_348' title='bbox 392 3648 504 3692; x_wconf 88' lang='lat' dir='ltr'><strong>omncs</strong></span> <span class='ocrx_word' id='word_1_349' title='bbox 527 3628 569 3691; x_wconf 88' lang='lat' dir='ltr'><strong>ab</strong></span> <span class='ocrx_word' id='word_1_350' title='bbox 592 3627 681 3691; x_wconf 90' lang='lat' dir='ltr'><strong>omni</strong></span> <span class='ocrx_word' id='word_1_351' title='bbox 703 3627 902 3716; x_wconf 81' lang='lat' dir='ltr'><strong>iuramenta,</strong></span> <span class='ocrx_word' id='word_1_352' title='bbox 930 3649 994 3713; x_wconf 91' lang='lat' dir='ltr'><strong>quo</strong></span> <span class='ocrx_word' id='word_1_353' title='bbox 1024 3628 1088 3713; x_wconf 92' lang='lat' dir='ltr'><strong>ipsi</strong></span> <span class='ocrx_word' id='word_1_354' title='bbox 1114 3628 1310 3693; x_wconf 86' lang='lat' dir='ltr'><strong>tenebantur</strong></span> <span class='ocrx_word' id='word_1_355' title='bbox 1331 3629 1458 3694; x_wconf 87' lang='lat' dir='ltr'><strong>ratione</strong></span> <span class='ocrx_word' id='word_1_356' title='bbox 1481 3636 1639 3694; x_wconf 89' lang='lat' dir='ltr'><strong>terrarum</strong></span> <span class='ocrx_word' id='word_1_357' title='bbox 1663 3629 1819 3714; x_wconf 87' lang='lat' dir='ltr'><strong>ipsarum,</strong></span> 
     </span>
     <span class='ocr_line' id='line_1_33' title="bbox 164 3730 1819 3823; baseline -0.002 -24"><span class='ocrx_word' id='word_1_358' title='bbox 164 3736 298 3823; x_wconf 90' lang='lat' dir='ltr'><strong>penitus</strong></span> <span class='ocrx_word' id='word_1_359' title='bbox 331 3733 490 3812; x_wconf 88' lang='lat' dir='ltr'><strong>absoluti,</strong></span> <span class='ocrx_word' id='word_1_360' title='bbox 524 3731 650 3796; x_wconf 89' lang='lat' dir='ltr'><strong>eisdam</strong></span> <span class='ocrx_word' id='word_1_361' title='bbox 680 3731 858 3816; x_wconf 89' lang='lat' dir='ltr'><strong>capellanis</strong></span> <span class='ocrx_word' id='word_1_362' title='bbox 895 3732 947 3796; x_wconf 92' lang='lat' dir='ltr'><strong>vel</strong></span> <span class='ocrx_word' id='word_1_363' title='bbox 979 3752 1093 3796; x_wconf 86' lang='lat' dir='ltr'><strong>eorum</strong></span> <span class='ocrx_word' id='word_1_364' title='bbox 1124 3731 1218 3796; x_wconf 89' lang='lat' dir='ltr'><strong>alteri</strong></span> <span class='ocrx_word' id='word_1_365' title='bbox 1254 3753 1315 3796; x_wconf 89' lang='lat' dir='ltr'><strong>seu</strong></span> <span class='ocrx_word' id='word_1_366' title='bbox 1348 3732 1483 3796; x_wconf 88' lang='lat' dir='ltr'><strong>cuilibet</strong></span> <span class='ocrx_word' id='word_1_367' title='bbox 1516 3731 1572 3794; x_wconf 92' lang='lat' dir='ltr'><strong>alii</strong></span> <span class='ocrx_word' id='word_1_368' title='bbox 1606 3730 1647 3794; x_wconf 95' lang='lat' dir='ltr'><strong>ab</strong></span> <span class='ocrx_word' id='word_1_369' title='bbox 1678 3730 1819 3795; x_wconf 89' lang='lat' dir='ltr'><strong>ecclesia</strong></span> 
     </span>
     <span class='ocr_line' id='line_1_34' title="bbox 164 3833 1820 3917; baseline -0.004 -15"><span class='ocrx_word' id='word_1_370' title='bbox 164 3837 314 3902; x_wconf 88' lang='lat' dir='ltr'><strong>Romana</strong></span> <span class='ocrx_word' id='word_1_371' title='bbox 354 3837 455 3900; x_wconf 93' lang='lat' dir='ltr'><strong>misso</strong></span> <span class='ocrx_word' id='word_1_372' title='bbox 492 3834 661 3900; x_wconf 88' lang='lat' dir='ltr'><strong>fidelitatis</strong></span> <span class='ocrx_word' id='word_1_373' title='bbox 699 3833 883 3897; x_wconf 89' lang='lat' dir='ltr'><strong>iuramenta</strong></span> <span class='ocrx_word' id='word_1_374' title='bbox 926 3840 1113 3917; x_wconf 88' lang='lat' dir='ltr'><strong>prestarent</strong></span> <span class='ocrx_word' id='word_1_375' title='bbox 1157 3839 1190 3896; x_wconf 88' lang='lat' dir='ltr'><strong>et</strong></span> <span class='ocrx_word' id='word_1_376' title='bbox 1228 3834 1418 3899; x_wconf 90' lang='lat' dir='ltr'><strong>abiurarent</strong></span> <span class='ocrx_word' id='word_1_377' title='bbox 1454 3833 1520 3897; x_wconf 90' lang='lat' dir='ltr'><strong>alia</strong></span> <span class='ocrx_word' id='word_1_378' title='bbox 1556 3833 1631 3896; x_wconf 89' lang='lat' dir='ltr'><strong>hiis·</strong></span> <span class='ocrx_word' id='word_1_379' title='bbox 1658 3833 1820 3897; x_wconf 88' lang='lat' dir='ltr'><strong>contraria</strong></span> 
     </span>
     <span class='ocr_line' id='line_1_35' title="bbox 165 3935 1818 4025; baseline -0.004 -21"><span class='ocrx_word' id='word_1_380' title='bbox 165 3941 362 4014; x_wconf 82' lang='lat' dir='ltr'><strong>iuramenta3</strong></span> <span class='ocrx_word' id='word_1_381' title='bbox 393 3937 480 4025; x_wconf 91' lang='lat' dir='ltr'><strong>quod</strong></span> <span class='ocrx_word' id='word_1_382' title='bbox 508 3939 536 4003; x_wconf 92' lang='lat' dir='ltr'><strong>si</strong></span> <span class='ocrx_word' id='word_1_383' title='bbox 568 3959 633 4002; x_wconf 91' lang='lat' dir='ltr'><strong>non</strong></span> <span class='ocrx_word' id='word_1_384' title='bbox 655 3938 818 4018; x_wconf 82' lang='lat' dir='ltr'><strong>facerent,</strong></span> <span class='ocrx_word' id='word_1_385' title='bbox 850 3937 972 4001; x_wconf 90' lang='lat' dir='ltr'><strong>scirent</strong></span> <span class='ocrx_word' id='word_1_386' title='bbox 999 3957 1034 4001; x_wconf 91' lang='lat' dir='ltr'><strong>sa</strong></span> <span class='ocrx_word' id='word_1_387' title='bbox 1067 3958 1109 4001; x_wconf 87' lang='lat' dir='ltr'><strong>ax</strong></span> <span class='ocrx_word' id='word_1_388' title='bbox 1139 3942 1216 4001; x_wconf 90' lang='lat' dir='ltr'><strong>tunc</strong></span> <span class='ocrx_word' id='word_1_389' title='bbox 1244 3937 1395 4001; x_wconf 90' lang='lat' dir='ltr'><strong>omnibus</strong></span> <span class='ocrx_word' id='word_1_390' title='bbox 1424 3937 1518 4001; x_wconf 92' lang='lat' dir='ltr'><strong>bonis</strong></span> <span class='ocrx_word' id='word_1_391' title='bbox 1548 3936 1721 4000; x_wconf 88' lang='lat' dir='ltr'><strong>comitatus</strong></span> <span class='ocrx_word' id='word_1_392' title='bbox 1749 3935 1818 3999; x_wconf 90' lang='lat' dir='ltr'><strong>siva</strong></span> 
     </span>
     <span class='ocr_line' id='line_1_36' title="bbox 166 4038 1819 4131; baseline -0.005 -21"><span class='ocrx_word' id='word_1_393' title='bbox 166 4043 300 4131; x_wconf 89' lang='lat' dir='ltr'><strong>poderis</strong></span> <span class='ocrx_word' id='word_1_394' title='bbox 335 4063 394 4108; x_wconf 90' lang='lat' dir='ltr'><strong>seu</strong></span> <span class='ocrx_word' id='word_1_395' title='bbox 428 4049 588 4108; x_wconf 87' lang='lat' dir='ltr'><strong>terrarum</strong></span> <span class='ocrx_word' id='word_1_396' title='bbox 624 4042 665 4106; x_wconf 93' lang='lat' dir='ltr'><strong>ab</strong></span> <span class='ocrx_word' id='word_1_397' title='bbox 706 4041 787 4128; x_wconf 90' lang='lat' dir='ltr'><strong>ipsis</strong></span> <span class='ocrx_word' id='word_1_398' title='bbox 821 4039 986 4126; x_wconf 89' lang='lat' dir='ltr'><strong>possessis</strong></span> <span class='ocrx_word' id='word_1_399' title='bbox 1021 4039 1113 4124; x_wconf 79' lang='lat' dir='ltr'><strong>regia</strong></span> <span class='ocrx_word' id='word_1_400' title='bbox 1153 4040 1318 4104; x_wconf 88' lang='lat' dir='ltr'><strong>sententia</strong></span> <span class='ocrx_word' id='word_1_401' title='bbox 1351 4047 1512 4126; x_wconf 90' lang='lat' dir='ltr'><strong>perpetuo</strong></span> <span class='ocrx_word' id='word_1_402' title='bbox 1551 4059 1626 4103; x_wconf 88' lang='lat' dir='ltr'><strong>esse</strong></span> <span class='ocrx_word' id='word_1_403' title='bbox 1663 4038 1819 4123; x_wconf 88' lang='lat' dir='ltr'><strong>privatos.</strong></span> 
     </span>
     <span class='ocr_line' id='line_1_37' title="bbox 165 4142 1821 4230; baseline -0.004 -19"><span class='ocrx_word' id='word_1_404' title='bbox 165 4147 325 4213; x_wconf 88' lang='lat' dir='ltr'><strong>Preterca</strong></span> <span class='ocrx_word' id='word_1_405' title='bbox 348 4146 509 4211; x_wconf 85' lang='lat' dir='ltr'><strong>iniuncxit</strong></span> <span class='ocrx_word' id='word_1_406' title='bbox 531 4144 670 4209; x_wconf 88' lang='lat' dir='ltr'><strong>firmiter</strong></span> <span class='ocrx_word' id='word_1_407' title='bbox 692 4153 725 4208; x_wconf 94' lang='lat' dir='ltr'><strong>at</strong></span> <span class='ocrx_word' id='word_1_408' title='bbox 749 4143 915 4208; x_wconf 87' lang='lat' dir='ltr'><strong>mandavit</strong></span> <span class='ocrx_word' id='word_1_409' title='bbox 928 4143 1159 4230; x_wconf 89' lang='lat' dir='ltr'><strong>potestatibus,</strong></span> <span class='ocrx_word' id='word_1_410' title='bbox 1184 4143 1372 4207; x_wconf 89' lang='lat' dir='ltr'><strong>consulibus</strong></span> <span class='ocrx_word' id='word_1_411' title='bbox 1395 4150 1429 4208; x_wconf 90' lang='lat' dir='ltr'><strong>et</strong></span> <span class='ocrx_word' id='word_1_412' title='bbox 1451 4142 1635 4208; x_wconf 90' lang='lat' dir='ltr'><strong>rectoribus</strong></span> <span class='ocrx_word' id='word_1_413' title='bbox 1652 4143 1821 4208; x_wconf 87' lang='lat' dir='ltr'><strong>civitatum</strong></span> 
     </span>
     <span class='ocr_line' id='line_1_38' title="bbox 166 4244 1819 4339; baseline -0.004 -23"><span class='ocrx_word' id='word_1_414' title='bbox 166 4252 229 4316; x_wconf 92' lang='lat' dir='ltr'><strong>sub</strong></span> <span class='ocrx_word' id='word_1_415' title='bbox 250 4273 337 4339; x_wconf 88' lang='lat' dir='ltr'><strong>pena</strong></span> <span class='ocrx_word' id='word_1_416' title='bbox 359 4250 448 4315; x_wconf 91' lang='lat' dir='ltr'><strong>milla</strong></span> <span class='ocrx_word' id='word_1_417' title='bbox 471 4269 669 4328; x_wconf 88' lang='lat' dir='ltr'><strong>marcamm,</strong></span> <span class='ocrx_word' id='word_1_418' title='bbox 691 4254 728 4312; x_wconf 91' lang='lat' dir='ltr'><strong>ut</strong></span> <span class='ocrx_word' id='word_1_419' title='bbox 749 4268 864 4312; x_wconf 90' lang='lat' dir='ltr'><strong>omnes</strong></span> <span class='ocrx_word' id='word_1_420' title='bbox 887 4246 1116 4333; x_wconf 88' lang='lat' dir='ltr'><strong>possessiones</strong></span> <span class='ocrx_word' id='word_1_421' title='bbox 1140 4246 1314 4310; x_wconf 87' lang='lat' dir='ltr'><strong>comitatus</strong></span> <span class='ocrx_word' id='word_1_422' title='bbox 1337 4244 1476 4332; x_wconf 86' lang='lat' dir='ltr'><strong>predicti</strong></span> <span class='ocrx_word' id='word_1_423' title='bbox 1498 4244 1649 4311; x_wconf 85' lang='lat' dir='ltr'><strong>detentas</strong></span> <span class='ocrx_word' id='word_1_424' title='bbox 1672 4245 1714 4311; x_wconf 91' lang='lat' dir='ltr'><strong>ab</strong></span> <span class='ocrx_word' id='word_1_425' title='bbox 1737 4245 1819 4332; x_wconf 90' lang='lat' dir='ltr'><strong>ipsis</strong></span> 
     </span>
     <span class='ocr_line' id='line_1_39' title="bbox 166 4347 1821 4436; baseline -0.004 -17"><span class='ocrx_word' id='word_1_426' title='bbox 166 4356 237 4420; x_wconf 89' lang='lat' dir='ltr'><strong>sine</strong></span> <span class='ocrx_word' id='word_1_427' title='bbox 260 4353 452 4419; x_wconf 89' lang='lat' dir='ltr'><strong>difficultate</strong></span> <span class='ocrx_word' id='word_1_428' title='bbox 475 4373 513 4417; x_wconf 90' lang='lat' dir='ltr'><strong>ac</strong></span> <span class='ocrx_word' id='word_1_429' title='bbox 536 4374 628 4417; x_wconf 87' lang='lat' dir='ltr'><strong>mora</strong></span> <span class='ocrx_word' id='word_1_430' title='bbox 650 4352 796 4436; x_wconf 90' lang='lat' dir='ltr'><strong>qualibet</strong></span> <span class='ocrx_word' id='word_1_431' title='bbox 824 4351 1051 4432; x_wconf 89' lang='lat' dir='ltr'><strong>restituerent,</strong></span> <span class='ocrx_word' id='word_1_432' title='bbox 1086 4357 1120 4416; x_wconf 91' lang='lat' dir='ltr'><strong>et</strong></span> <span class='ocrx_word' id='word_1_433' title='bbox 1145 4350 1355 4416; x_wconf 88' lang='lat' dir='ltr'><strong>absolverent</strong></span> <span class='ocrx_word' id='word_1_434' title='bbox 1383 4371 1496 4415; x_wconf 89' lang='lat' dir='ltr'><strong>omnes</strong></span> <span class='ocrx_word' id='word_1_435' title='bbox 1525 4347 1566 4414; x_wconf 87' lang='lat' dir='ltr'><strong>da</strong></span> <span class='ocrx_word' id='word_1_436' title='bbox 1598 4350 1755 4415; x_wconf 88' lang='lat' dir='ltr'><strong>comitatu</strong></span> <span class='ocrx_word' id='word_1_437' title='bbox 1786 4356 1821 4414; x_wconf 88' lang='lat' dir='ltr'><strong>et</strong></span> 
     </span>
     <span class='ocr_line' id='line_1_40' title="bbox 167 4452 1820 4544; baseline -0.004 -20"><span class='ocrx_word' id='word_1_438' title='bbox 167 4459 265 4524; x_wconf 87' lang='lat' dir='ltr'><strong>terris</strong></span> <span class='ocrx_word' id='word_1_439' title='bbox 288 4457 444 4544; x_wconf 87' lang='lat' dir='ltr'><strong>predictis</strong></span> <span class='ocrx_word' id='word_1_440' title='bbox 467 4456 508 4522; x_wconf 93' lang='lat' dir='ltr'><strong>ab</strong></span> <span class='ocrx_word' id='word_1_441' title='bbox 532 4456 619 4519; x_wconf 91' lang='lat' dir='ltr'><strong>omni</strong></span> <span class='ocrx_word' id='word_1_442' title='bbox 642 4455 839 4536; x_wconf 90' lang='lat' dir='ltr'><strong>iuramento,</strong></span> <span class='ocrx_word' id='word_1_443' title='bbox 862 4454 1013 4520; x_wconf 90' lang='lat' dir='ltr'><strong>districtu</strong></span> <span class='ocrx_word' id='word_1_444' title='bbox 1035 4461 1069 4520; x_wconf 89' lang='lat' dir='ltr'><strong>et</strong></span> <span class='ocrx_word' id='word_1_445' title='bbox 1092 4453 1362 4539; x_wconf 85' lang='lat' dir='ltr'><strong>obligationibus,</strong></span> <span class='ocrx_word' id='word_1_446' title='bbox 1393 4453 1510 4539; x_wconf 91' lang='lat' dir='ltr'><strong>quibus</strong></span> <span class='ocrx_word' id='word_1_447' title='bbox 1533 4453 1658 4519; x_wconf 87' lang='lat' dir='ltr'><strong>ratione</strong></span> <span class='ocrx_word' id='word_1_448' title='bbox 1682 4452 1820 4518; x_wconf 88' lang='lat' dir='ltr'><strong>alicuius</strong></span> 
     </span>
     <span class='ocr_line' id='line_1_41' title="bbox 167 4555 1821 4647; baseline -0.003 -21"><span class='ocrx_word' id='word_1_449' title='bbox 167 4561 401 4643; x_wconf 87' lang='lat' dir='ltr'><strong>iurisditionis,</strong></span> <span class='ocrx_word' id='word_1_450' title='bbox 430 4581 527 4647; x_wconf 89' lang='lat' dir='ltr'><strong>quam</strong></span> <span class='ocrx_word' id='word_1_451' title='bbox 555 4560 590 4623; x_wconf 93' lang='lat' dir='ltr'><strong>in</strong></span> <span class='ocrx_word' id='word_1_452' title='bbox 623 4559 673 4624; x_wconf 89' lang='lat' dir='ltr'><strong>eis</strong></span> <span class='ocrx_word' id='word_1_453' title='bbox 701 4559 859 4624; x_wconf 88' lang='lat' dir='ltr'><strong>hactenus</strong></span> <span class='ocrx_word' id='word_1_454' title='bbox 893 4565 1123 4638; x_wconf 86' lang='lat' dir='ltr'><strong>exercuerant,</strong></span> <span class='ocrx_word' id='word_1_455' title='bbox 1153 4563 1343 4622; x_wconf 88' lang='lat' dir='ltr'><strong>tenerentur</strong></span> <span class='ocrx_word' id='word_1_456' title='bbox 1373 4555 1513 4638; x_wconf 86' lang='lat' dir='ltr'><strong>eisdem,</strong></span> <span class='ocrx_word' id='word_1_457' title='bbox 1546 4563 1579 4622; x_wconf 91' lang='lat' dir='ltr'><strong>at</strong></span> <span class='ocrx_word' id='word_1_458' title='bbox 1612 4562 1821 4622; x_wconf 89' lang='lat' dir='ltr'><strong>removerant</strong></span> 
     </span>
     <span class='ocr_line' id='line_1_42' title="bbox 166 4660 1820 4748; baseline -0.004 -18"><span class='ocrx_word' id='word_1_459' title='bbox 166 4665 320 4730; x_wconf 89' lang='lat' dir='ltr'><strong>consules</strong></span> <span class='ocrx_word' id='word_1_460' title='bbox 344 4670 378 4729; x_wconf 90' lang='lat' dir='ltr'><strong>ct</strong></span> <span class='ocrx_word' id='word_1_461' title='bbox 405 4671 568 4740; x_wconf 86' lang='lat' dir='ltr'><strong>rectores,</strong></span> <span class='ocrx_word' id='word_1_462' title='bbox 597 4662 726 4727; x_wconf 87' lang='lat' dir='ltr'><strong>baiulos</strong></span> <span class='ocrx_word' id='word_1_463' title='bbox 756 4669 789 4728; x_wconf 91' lang='lat' dir='ltr'><strong>et</strong></span> <span class='ocrx_word' id='word_1_464' title='bbox 816 4664 844 4727; x_wconf 91' lang='lat' dir='ltr'><strong>si</strong></span> <span class='ocrx_word' id='word_1_465' title='bbox 873 4684 955 4748; x_wconf 92' lang='lat' dir='ltr'><strong>quos</strong></span> <span class='ocrx_word' id='word_1_466' title='bbox 979 4661 1136 4727; x_wconf 86' lang='lat' dir='ltr'><strong>officiales</strong></span> <span class='ocrx_word' id='word_1_467' title='bbox 1166 4661 1247 4745; x_wconf 90' lang='lat' dir='ltr'><strong>ipsis</strong></span> <span class='ocrx_word' id='word_1_468' title='bbox 1274 4660 1499 4745; x_wconf 82' lang='lat' dir='ltr'><strong>prefecerant,</strong></span> <span class='ocrx_word' id='word_1_469' title='bbox 1530 4667 1564 4726; x_wconf 91' lang='lat' dir='ltr'><strong>et</strong></span> <span class='ocrx_word' id='word_1_470' title='bbox 1596 4660 1820 4740; x_wconf 83' lang='lat' dir='ltr'><strong>extraherent,</strong></span> 
     </span>
     <span class='ocr_line' id='line_1_43' title="bbox 164 4762 1820 4854; baseline -0.003 -22"><span class='ocrx_word' id='word_1_471' title='bbox 164 4788 388 4853; x_wconf 86' lang='lat' dir='ltr'><strong>quoscumque</strong></span> <span class='ocrx_word' id='word_1_472' title='bbox 412 4772 599 4854; x_wconf 88' lang='lat' dir='ltr'><strong>posuerant,</strong></span> <span class='ocrx_word' id='word_1_473' title='bbox 623 4764 664 4831; x_wconf 89' lang='lat' dir='ltr'><strong>de</strong></span> <span class='ocrx_word' id='word_1_474' title='bbox 687 4766 784 4831; x_wconf 91' lang='lat' dir='ltr'><strong>terris</strong></span> <span class='ocrx_word' id='word_1_475' title='bbox 808 4764 946 4848; x_wconf 91' lang='lat' dir='ltr'><strong>eisdam,</strong></span> <span class='ocrx_word' id='word_1_476' title='bbox 969 4771 1003 4830; x_wconf 90' lang='lat' dir='ltr'><strong>ct</strong></span> <span class='ocrx_word' id='word_1_477' title='bbox 1026 4763 1066 4829; x_wconf 90' lang='lat' dir='ltr'><strong>de</strong></span> <span class='ocrx_word' id='word_1_478' title='bbox 1091 4770 1201 4829; x_wconf 90' lang='lat' dir='ltr'><strong>cetero</strong></span> <span class='ocrx_word' id='word_1_479' title='bbox 1225 4762 1412 4828; x_wconf 89' lang='lat' dir='ltr'><strong>memoratis</strong></span> <span class='ocrx_word' id='word_1_480' title='bbox 1428 4763 1606 4848; x_wconf 88' lang='lat' dir='ltr'><strong>capellanis</strong></span> <span class='ocrx_word' id='word_1_481' title='bbox 1630 4764 1683 4828; x_wconf 95' lang='lat' dir='ltr'><strong>vel</strong></span> <span class='ocrx_word' id='word_1_482' title='bbox 1706 4783 1820 4830; x_wconf 90' lang='lat' dir='ltr'><strong>acrum</strong></span> 
     </span>
     <span class='ocr_line' id='line_1_44' title="bbox 167 4866 1819 4957; baseline -0.004 -22"><span class='ocrx_word' id='word_1_483' title='bbox 167 4870 264 4936; x_wconf 86' lang='lat' dir='ltr'><strong>altari</strong></span> <span class='ocrx_word' id='word_1_484' title='bbox 289 4892 348 4936; x_wconf 90' lang='lat' dir='ltr'><strong>seu</strong></span> <span class='ocrx_word' id='word_1_485' title='bbox 371 4871 507 4936; x_wconf 88' lang='lat' dir='ltr'><strong>cuilibet</strong></span> <span class='ocrx_word' id='word_1_486' title='bbox 530 4870 586 4934; x_wconf 90' lang='lat' dir='ltr'><strong>alii</strong></span> <span class='ocrx_word' id='word_1_487' title='bbox 610 4891 629 4934; x_wconf 90' lang='lat' dir='ltr'><strong>a</strong></span> <span class='ocrx_word' id='word_1_488' title='bbox 652 4869 731 4935; x_wconf 83' lang='lat' dir='ltr'><strong>rade</strong></span> <span class='ocrx_word' id='word_1_489' title='bbox 755 4869 936 4957; x_wconf 87' lang='lat' dir='ltr'><strong>apostolica</strong></span> <span class='ocrx_word' id='word_1_490' title='bbox 958 4869 1121 4934; x_wconf 90' lang='lat' dir='ltr'><strong>destinato</strong></span> <span class='ocrx_word' id='word_1_491' title='bbox 1144 4866 1187 4932; x_wconf 91' lang='lat' dir='ltr'><strong>ad</strong></span> <span class='ocrx_word' id='word_1_492' title='bbox 1209 4866 1413 4934; x_wconf 88' lang='lat' dir='ltr'><strong>retinendam</strong></span> <span class='ocrx_word' id='word_1_493' title='bbox 1436 4866 1698 4953; x_wconf 87' lang='lat' dir='ltr'><strong>possessionem,</strong></span> <span class='ocrx_word' id='word_1_494' title='bbox 1722 4887 1819 4951; x_wconf 91' lang='lat' dir='ltr'><strong>quam</strong></span> 
     </span>
     <span class='ocr_line' id='line_1_45' title="bbox 168 4968 1819 5062; baseline -0.005 -22"><span class='ocrx_word' id='word_1_495' title='bbox 168 4975 302 5056; x_wconf 83' lang='lat' dir='ltr'><strong>habent,</strong></span> <span class='ocrx_word' id='word_1_496' title='bbox 325 4983 358 5040; x_wconf 91' lang='lat' dir='ltr'><strong>ct</strong></span> <span class='ocrx_word' id='word_1_497' title='bbox 373 4973 639 5062; x_wconf 87' lang='lat' dir='ltr'><strong>recuperandam,</strong></span> <span class='ocrx_word' id='word_1_498' title='bbox 663 4995 761 5059; x_wconf 88' lang='lat' dir='ltr'><strong>quam</strong></span> <span class='ocrx_word' id='word_1_499' title='bbox 783 4995 848 5038; x_wconf 91' lang='lat' dir='ltr'><strong>non</strong></span> <span class='ocrx_word' id='word_1_500' title='bbox 867 4973 999 5050; x_wconf 89' lang='lat' dir='ltr'><strong>habent,</strong></span> <span class='ocrx_word' id='word_1_501' title='bbox 1023 4979 1211 5059; x_wconf 89' lang='lat' dir='ltr'><strong>prestarent</strong></span> <span class='ocrx_word' id='word_1_502' title='bbox 1226 4971 1409 5052; x_wconf 91' lang='lat' dir='ltr'><strong>consilium,</strong></span> <span class='ocrx_word' id='word_1_503' title='bbox 1431 4969 1589 5034; x_wconf 80' lang='lat' dir='ltr'><strong>auxilium</strong></span> <span class='ocrx_word' id='word_1_504' title='bbox 1611 4975 1644 5033; x_wconf 89' lang='lat' dir='ltr'><strong>et</strong></span> <span class='ocrx_word' id='word_1_505' title='bbox 1664 4968 1819 5034; x_wconf 87' lang='lat' dir='ltr'><strong>favorem.</strong></span> 
     </span>
     <span class='ocr_line' id='line_1_46' title="bbox 167 5071 1820 5162; baseline -0.005 -18"><span class='ocrx_word' id='word_1_506' title='bbox 167 5079 211 5144; x_wconf 84' lang='lat' dir='ltr'><strong>Et</strong></span> <span class='ocrx_word' id='word_1_507' title='bbox 245 5079 293 5143; x_wconf 92' lang='lat' dir='ltr'><strong>sic</strong></span> <span class='ocrx_word' id='word_1_508' title='bbox 326 5079 448 5143; x_wconf 84' lang='lat' dir='ltr'><strong>iactum</strong></span> <span class='ocrx_word' id='word_1_509' title='bbox 481 5085 543 5159; x_wconf 87' lang='lat' dir='ltr'><strong>ast,</strong></span> <span class='ocrx_word' id='word_1_510' title='bbox 577 5076 663 5162; x_wconf 92' lang='lat' dir='ltr'><strong>quod</strong></span> <span class='ocrx_word' id='word_1_511' title='bbox 696 5077 790 5141; x_wconf 93' lang='lat' dir='ltr'><strong>multi</strong></span> <span class='ocrx_word' id='word_1_512' title='bbox 821 5077 977 5156; x_wconf 91' lang='lat' dir='ltr'><strong>barones,</strong></span> <span class='ocrx_word' id='word_1_513' title='bbox 1012 5077 1134 5142; x_wconf 91' lang='lat' dir='ltr'><strong>milites</strong></span> <span class='ocrx_word' id='word_1_514' title='bbox 1167 5083 1200 5141; x_wconf 89' lang='lat' dir='ltr'><strong>et</strong></span> <span class='ocrx_word' id='word_1_515' title='bbox 1234 5076 1291 5141; x_wconf 89' lang='lat' dir='ltr'><strong>alii</strong></span> <span class='ocrx_word' id='word_1_516' title='bbox 1324 5082 1483 5139; x_wconf 89' lang='lat' dir='ltr'><strong>terrarum</strong></span> <span class='ocrx_word' id='word_1_517' title='bbox 1517 5073 1660 5158; x_wconf 88' lang='lat' dir='ltr'><strong>ipsarum</strong></span> <span class='ocrx_word' id='word_1_518' title='bbox 1694 5071 1820 5138; x_wconf 90' lang='lat' dir='ltr'><strong>eisdam</strong></span> 
     </span>
     <span class='ocr_line' id='line_1_47' title="bbox 167 5175 1819 5268; baseline -0.004 -22"><span class='ocrx_word' id='word_1_519' title='bbox 167 5181 346 5268; x_wconf 86' lang='lat' dir='ltr'><strong>capellanis</strong></span> <span class='ocrx_word' id='word_1_520' title='bbox 369 5182 500 5247; x_wconf 89' lang='lat' dir='ltr'><strong>nomine</strong></span> <span class='ocrx_word' id='word_1_521' title='bbox 522 5187 634 5246; x_wconf 91' lang='lat' dir='ltr'><strong>nostro</strong></span> <span class='ocrx_word' id='word_1_522' title='bbox 657 5180 823 5246; x_wconf 87' lang='lat' dir='ltr'><strong>fidelitatis</strong></span> <span class='ocrx_word' id='word_1_523' title='bbox 845 5181 1028 5246; x_wconf 87' lang='lat' dir='ltr'><strong>iuramenta</strong></span> <span class='ocrx_word' id='word_1_524' title='bbox 1049 5187 1246 5266; x_wconf 89' lang='lat' dir='ltr'><strong>prestantes,</strong></span> <span class='ocrx_word' id='word_1_525' title='bbox 1269 5183 1532 5264; x_wconf 84' lang='lat' dir='ltr'><strong>recognoverunt</strong></span> <span class='ocrx_word' id='word_1_526' title='bbox 1555 5197 1590 5241; x_wconf 90' lang='lat' dir='ltr'><strong>sa</strong></span> <span class='ocrx_word' id='word_1_527' title='bbox 1614 5175 1732 5256; x_wconf 89' lang='lat' dir='ltr'><strong>omnia,</strong></span> <span class='ocrx_word' id='word_1_528' title='bbox 1756 5195 1819 5260; x_wconf 89' lang='lat' dir='ltr'><strong>que</strong></span> 
     </span>
     <span class='ocr_line' id='line_1_48' title="bbox 167 5277 1819 5371; baseline -0.004 -22"><span class='ocrx_word' id='word_1_529' title='bbox 167 5284 208 5350; x_wconf 88' lang='lat' dir='ltr'><strong>de</strong></span> <span class='ocrx_word' id='word_1_530' title='bbox 233 5284 390 5350; x_wconf 89' lang='lat' dir='ltr'><strong>comitatu</strong></span> <span class='ocrx_word' id='word_1_531' title='bbox 405 5283 551 5371; x_wconf 88' lang='lat' dir='ltr'><strong>predicto</strong></span> <span class='ocrx_word' id='word_1_532' title='bbox 569 5284 736 5365; x_wconf 87' lang='lat' dir='ltr'><strong>tenebant,</strong></span> <span class='ocrx_word' id='word_1_533' title='bbox 759 5307 819 5370; x_wconf 89' lang='lat' dir='ltr'><strong>per</strong></span> <span class='ocrx_word' id='word_1_534' title='bbox 834 5286 1015 5351; x_wconf 87' lang='lat' dir='ltr'><strong>Romanam</strong></span> <span class='ocrx_word' id='word_1_535' title='bbox 1033 5285 1207 5351; x_wconf 91' lang='lat' dir='ltr'><strong>ecclesiam</strong></span> <span class='ocrx_word' id='word_1_536' title='bbox 1222 5282 1403 5371; x_wconf 87' lang='lat' dir='ltr'><strong>possidere.</strong></span> <span class='ocrx_word' id='word_1_537' title='bbox 1449 5279 1574 5346; x_wconf 85' lang='lat' dir='ltr'><strong>Verum</strong></span> <span class='ocrx_word' id='word_1_538' title='bbox 1598 5279 1674 5366; x_wconf 90' lang='lat' dir='ltr'><strong>quia</strong></span> <span class='ocrx_word' id='word_1_539' title='bbox 1692 5277 1819 5344; x_wconf 88' lang='lat' dir='ltr'><strong>nobiles</strong></span> 
     </span>
    </p>
   </div>
   <div class='ocr_carea' id='block_1_3' title="bbox 275 5439 1713 5454">
    <p class='ocr_par' dir='ltr' id='par_1_3' title="bbox 275 5439 1713 5454">
     <span class='ocr_line' id='line_1_49' title="bbox 275 5439 1713 5454; baseline -0.004 0"><span class='ocrx_word' id='word_1_540' title='bbox 275 5447 725 5454; x_wconf 52' lang='lat' dir='ltr'><strong>mn-—a—m——ffl-m——</strong></span> <span class='ocrx_word' id='word_1_541' title='bbox 736 5447 804 5452; x_wconf 45' lang='grc' dir='ltr'><strong>*ηιμ-ιι.-</strong></span> <span class='ocrx_word' id='word_1_542' title='bbox 815 5447 886 5452; x_wconf 48' lang='grc' dir='ltr'><strong>-η--ακ</strong></span> <span class='ocrx_word' id='word_1_543' title='bbox 895 5446 1007 5452; x_wconf 54' lang='grc' dir='ltr'><strong>-μ--η-</strong></span> <span class='ocrx_word' id='word_1_544' title='bbox 1025 5439 1042 5452; x_wconf 65' lang='grc' dir='ltr'><strong>ὶ-</strong></span> <span class='ocrx_word' id='word_1_545' title='bbox 1054 5447 1060 5450; x_wconf 88' lang='grc'><strong>-</strong></span> <span class='ocrx_word' id='word_1_546' title='bbox 1072 5447 1095 5452; x_wconf 83' lang='grc'>....</span> <span class='ocrx_word' id='word_1_547' title='bbox 1109 5447 1119 5452; x_wconf 81' lang='lat'><strong>..</strong></span> <span class='ocrx_word' id='word_1_548' title='bbox 1135 5447 1157 5451; x_wconf 88' lang='lat'><strong>--</strong></span> <span class='ocrx_word' id='word_1_549' title='bbox 1167 5447 1178 5450; x_wconf 88' lang='lat'><em>-</em></span> <span class='ocrx_word' id='word_1_550' title='bbox 1195 5446 1250 5450; x_wconf 82' lang='lat'><em>..——.</em></span> <span class='ocrx_word' id='word_1_551' title='bbox 1386 5440 1713 5448; x_wconf 54' lang='lat' dir='ltr'>-1--v-——-—·-———--———--·*</span> 
     </span>
    </p>
   </div>
   <div class='ocr_carea' id='block_1_4' title="bbox 166 5553 1822 5789">
    <p class='ocr_par' dir='ltr' id='par_1_4' title="bbox 166 5553 1822 5789">
     <span class='ocr_line' id='line_1_50' title="bbox 270 5553 1822 5630; baseline -0.005 -16"><span class='ocrx_word' id='word_1_552' title='bbox 270 5562 296 5630; x_wconf 82' lang='grc'><strong>1)</strong></span> <span class='ocrx_word' id='word_1_553' title='bbox 314 5559 364 5615; x_wconf 78' lang='lat' dir='ltr'><strong>Ea·</strong></span> <span class='ocrx_word' id='word_1_554' title='bbox 381 5559 518 5615; x_wconf 69' lang='lat' dir='ltr'><strong>marcae</strong></span> <span class='ocrx_word' id='word_1_555' title='bbox 540 5559 621 5616; x_wconf 78' lang='lat' dir='ltr'><strong>Urbis</strong></span> <span class='ocrx_word' id='word_1_556' title='bbox 639 5560 747 5616; x_wconf 65' lang='lat' dir='ltr'><strong>actem.</strong></span> <span class='ocrx_word' id='word_1_557' title='bbox 842 5561 869 5626; x_wconf 76' lang='lat'><strong>2)</strong></span> <span class='ocrx_word' id='word_1_558' title='bbox 889 5558 1054 5616; x_wconf 75' lang='lat' dir='ltr'><strong>conradum.</strong></span> <span class='ocrx_word' id='word_1_559' title='bbox 1147 5558 1174 5626; x_wconf 88' lang='grc'><strong>3)</strong></span> <span class='ocrx_word' id='word_1_560' title='bbox 1192 5557 1243 5612; x_wconf 78' lang='lat' dir='ltr'><strong>Ea</strong></span> <span class='ocrx_word' id='word_1_561' title='bbox 1260 5557 1364 5612; x_wconf 75' lang='lat' dir='ltr'><strong>oriente</strong></span> <span class='ocrx_word' id='word_1_562' title='bbox 1387 5555 1593 5610; x_wconf 82' lang='lat' dir='ltr'><strong>Wcrdistallae.</strong></span> <span class='ocrx_word' id='word_1_563' title='bbox 1683 5555 1710 5622; x_wconf 81' lang='grc'><strong>4)</strong></span> <span class='ocrx_word' id='word_1_564' title='bbox 1728 5553 1822 5624; x_wconf 80' lang='lat' dir='ltr'><strong>Prope</strong></span> 
     </span>
     <span class='ocr_line' id='line_1_51' title="bbox 166 5645 943 5714; baseline 0.004 -14"><span class='ocrx_word' id='word_1_565' title='bbox 166 5645 283 5712; x_wconf 74' lang='lat' dir='ltr'><strong>Padum,</strong></span> <span class='ocrx_word' id='word_1_566' title='bbox 302 5661 336 5700; x_wconf 76' lang='lat' dir='ltr'><strong>en</strong></span> <span class='ocrx_word' id='word_1_567' title='bbox 354 5645 491 5702; x_wconf 75' lang='lat' dir='ltr'><strong>occideras</strong></span> <span class='ocrx_word' id='word_1_568' title='bbox 510 5646 670 5701; x_wconf 79' lang='lat' dir='ltr'><strong>Ferrarius.</strong></span> <span class='ocrx_word' id='word_1_569' title='bbox 757 5645 783 5714; x_wconf 85' lang='lat'><strong>5)</strong></span> <span class='ocrx_word' id='word_1_570' title='bbox 802 5645 943 5703; x_wconf 80' lang='lat' dir='ltr'><strong>Iacobum.</strong></span> 
     </span>
     <span class='ocr_line' id='line_1_52' title="bbox 1564 5735 1615 5789; baseline -0.039 0"><span class='ocrx_word' id='word_1_571' title='bbox 1564 5735 1615 5789; x_wconf 75' lang='grc' dir='ltr'><strong>1ῐι*</strong></span> 
     </span>
    </p>
   </div>
   <div class='ocr_carea' id='block_1_5' title="bbox 0 0 2254 6420">
    <p class='ocr_par' dir='ltr' id='par_1_5' title="bbox 0 0 2254 6420">
     <span class='ocr_line' id='line_1_53' title="bbox 0 0 2254 6420; baseline 0 0"><span class='ocrx_word' id='word_1_572' title='bbox 0 0 2254 6420; x_wconf 95' lang='lat' dir='ltr'><strong> </strong></span> 
     </span>
    </p>
   </div>
  </div>
 </body>
</html>
