4576 6390
416 369 479 436 478
994 360 1043 420 EX
1061 362 1237 419 annoonn
1255 355 1294 412 IX
1312 351 1493 414 nnolsnno

352 575 357 580 ·
415 548 582 629 prematur
605 561 705 606 onere
729 539 930 620 debitorum,
962 536 1125 604 retinendi
1159 537 1276 603 saltem
1302 531 1472 620 usquead
1501 535 1625 596 certum
1648 537 1778 617 tempus
1800 528 1980 610 beneficia,
2013 549 2077 614 quc

415 647 506 733 prins
530 646 685 711 canonice
709 644 897 724 obtinebas,
927 643 1093 707 licentiam
1122 640 1184 705 tibi
1214 639 1396 704 concedere
1420 636 1639 722 dignaremur.
1684 634 1753 698 Nos
1786 635 1885 720 igitur
1914 632 2078 699 carissimi

416 751 449 814 in
473 750 603 815 Christo
626 749 684 813 filii
706 749 811 812 nostri
833 746 1007 826 Frideriei,
1040 744 1263 809 Romanorum
1293 741 1499 828 imperatoris
1523 746 1601 818 ete,
1631 759 1690 824 pro
1718 746 1752 803 to
1776 738 1993 824 supplicantis
2017 735 2076 801 de-

415 854 500 920 rotis
523 852 677 940 precibus
700 849 858 930 inclinati,
880 849 968 914 reris
992 847 1212 912 existentibus
1233 844 1440 932 supradictis,
1462 840 1667 929 percipiendi
1689 841 1815 906 fructus
1837 840 2077 906 beneficiorum

414 956 560 1043 ipsorum
582 977 687 1040 usqne
710 954 750 1019 ad
774 961 921 1018 nostrum
944 952 1188 1038 beneplacitum
1209 950 1404 1015 auctoritate
1427 946 1487 1012 tibi
1509 947 1714 1033 presentium
1736 946 1944 1013 concedimus
1967 945 2074 1010 laoul-
2139 965 2151 1002 s

415 1066 528 1123 tatem.
573 1057 663 1122 Nulli
686 1079 766 1143 ergo
789 1063 902 1123 nostre
926 1056 1149 1122 concessionis
1173 1062 1236 1120 ete.
1284 1053 1415 1138 siquis
1439 1058 1550 1117 autem
1574 1057 1636 1116 etc.

522 1178 599 1243 Dat.
622 1178 740 1260 Reate,
762 1177 817 1242 III
840 1177 920 1242 Idus
943 1178 1030 1257 Iulii,
1054 1197 1139 1242 anno
1163 1183 1289 1242 octavo.

1038 1419 1450 1429 Μ

1205 1643 1291 1716 589.

491 1821 495 1828 ,
526 1756 717 1867 Grauius
749 1783 805 1848 IX
829 1804 919 1864 papa
952 1784 1131 1868 [Eeeordo]
1161 1781 1417 1864 Merseburpeusi
1457 1785 1486 1846 et
1517 1780 1692 1867 [Haurico]
1723 1780 1885 1846 Misueusi
1923 1780 2076 1861 episcopis

417 1887 564 1967 murat,
590 1892 627 1951 ut
651 1887 856 1972 B[ureardo]
879 1890 1060 1970 proepouto
1090 1889 1127 1954 de
1157 1887 1343 1964 Bruuswie,
1377 1886 1526 1952 cononice
1547 1885 1829 1969 Mopdeburpeusi,
1859 1885 1895 1948 iu
1914 1889 2075 1965 pastorem

417 1991 561 2080 ecclam
581 1989 863 2075 Mopdeburqcusis
883 1991 982 2070 eleeto,
1004 2012 1120 2058 munus
1141 1991 1380 2057 consecrationis
1403 1990 1466 2054 vice
1487 2007 1547 2053 suo
1570 1988 1764 2070 impeudout.
2129 2002 2153 2039 ¹⁰

449 2127 450 2130 ‘
522 2143 604 2216 arey.
623 2144 673 2197 rx
689 2143 757 2212 aaa.
777 2142 837 2199 ror.
856 2144 909 2214 rr,
927 2148 1081 2212 ror-rou
1099 2144 1163 2199 nse.
1184 2143 1351 2211 VIII,163.
1728 2092 1822 2167 1234,
1845 2089 1909 2154 Iul.
1932 2090 1986 2152 20.

521 2232 658 2300 Pottlrost,
677 2230 746 2299 neu.
766 2234 845 2286 9494.

746 2407 1107 2501 Meresburgensi
1133 2413 1175 2481 et
1203 2465 1211 2482 .
1241 2463 1250 2481 .
1277 2407 1485 2481 Misnensi
1506 2383 1745 2498 episcopis.

524 2556 639 2622 Rectis
655 2556 938 2643 dispositionibus,
962 2557 1081 2642 quibus
1097 2556 1288 2643 providetur
1303 2558 1463 2638 ecclesiis,
1487 2578 1529 2621 ne
1545 2559 1579 2621 in
1595 2555 1806 2620 facultatibus
1823 2555 1891 2619 suis
1907 2555 2074 2640 patiantur
2128 2577 2153 2614 u

417 2658 585 2744 viduitatis
616 2665 764 2746 ternpore
793 2659 1026 2726 detrimentum
1057 2667 1114 2724 aut
1142 2662 1238 2747 lupus
1267 2660 1400 2724 invadat
1430 2680 1563 2745 gregem
1586 2659 1795 2724 Dominicum
1819 2659 1872 2721 vel
1894 2658 2075 2744 dispergat,

418 2762 599 2848 benignum
616 2763 806 2850 *prebemus
836 2785 1007 2828 assensum
1037 2771 1069 2828 et
1099 2763 1244 2828 favorem
1276 2764 1493 2850 apostolieum
1517 2764 1730 2848 impertimur.
1776 2761 1862 2826 Sane
1893 2760 1978 2825 bone
2002 2781 2075 2824 me-

419 2869 521 2933 morie
537 2867 676 2932 Alberto
692 2866 971 2952 Magdeburgensi
994 2868 1242 2954 archiepiscopo
1265 2874 1381 2932 nature
1406 2867 1554 2932 debitum
1576 2868 1785 2952 persolvente
1798 2866 1819 2947 ¹,
1844 2886 1916 2929 cum
1939 2911 1973 2928 ..
1996 2884 2075 2950 pre·

419 2972 547 3056 positus
569 2969 889 3055 Magdeburgensis²
919 2976 952 3034 et
982 2972 1052 3035 eius
1083 2972 1182 3051 sccii,
1215 2971 1333 3056 quibus
1364 2970 1475 3035 dilecti
1506 2970 1564 3034 filii
1586 2969 1871 3055 Magdebnrgense
1895 2969 2076 3054 capitulum

422 3073 566 3157 eligendi
595 3074 802 3138 contulerant
832 3073 1040 3155 facultatem,
1072 3074 1222 3159 diligenti
1255 3074 1493 3139 deliberatione
1521 3073 1695 3160 prehabito
1723 3073 1879 3137 dilectum
1907 3073 2010 3136 filium
2032 3071 2074 3137 B.
2128 3092 2155 3132 so

420 3176 624 3261 prepositum
648 3175 689 3240 de
711 3176 921 3241 Bruneswica
941 3176 1261 3264 Magdeburgensem
1285 3179 1477 3243 canonicum
1500 3179 1534 3242 in
1556 3185 1722 3264 pastorem
1744 3177 1809 3262 ipsi
1832 3176 1973 3240 ecclesie
1996 3195 2074 3261 pro-

421 3279 580 3344 vidissent
590 3280 613 3360 ³,
642 3280 824 3345 venerabili
852 3280 944 3345 fratri
975 3288 1088 3345 nostro
1112 3280 1361 3346 Hildesensensi
1381 3282 1569 3368 ,episcopo‘
1598 3269 1632 3345 et
1662 3281 1799 3364 collegis
1826 3279 1929 3365 ipsius
1952 3277 2075 3342 nostris

422 3381 571 3447 dedimus
602 3383 721 3448 litteris
751 3383 786 3447 in
815 3383 993 3464 mandatis,
1026 3391 1062 3448 ut
1091 3384 1133 3448 de
1167 3383 1264 3448 modo
1297 3384 1486 3464 electionis,
1521 3384 1618 3448 electi
1653 3383 1778 3447 meritis
1816 3391 1849 3446 et
1881 3381 2076 3466 eligentium

422 3485 538 3550 studiis
561 3487 699 3550 veritate
724 3487 863 3551 sollicite
887 3487 1060 3573 inquisita,
1088 3488 1193 3574 ipsam
1216 3488 1360 3552 fideliter
1381 3489 1414 3551 in
1438 3488 1567 3574 scriptis
1591 3487 1757 3553 redactam
1780 3487 1841 3551 sub
1864 3486 1981 3570 sigillis
2005 3486 2074 3549 suis

420 3589 462 3654 ad
484 3597 629 3655 nostram
658 3591 859 3675 presentiam
884 3590 1101 3665 destinarent;
1133 3592 1187 3675 qui
1218 3612 1318 3678 super
1347 3591 1409 3656 hoc
1437 3613 1457 3654 a
1484 3592 1622 3676 singulis
1646 3590 1687 3654 de
1717 3592 1789 3678 ipso
1817 3591 1961 3676 capitulo
1983 3591 2073 3653 iura-
2127 3609 2153 3649 aa

420 3699 531 3758 mento
558 3701 709 3779 recepto,
739 3693 962 3781 depositiones
992 3694 1137 3780 ipsorum
1168 3693 1210 3758 ad
1240 3693 1353 3759 sedem
1384 3695 1599 3780 apostolicam
1622 3695 1827 3759 remiserunt.
1873 3691 1955 3756 Cum
1978 3693 2081 3777 igitur

421 3797 617 3861 electionem
647 3796 833 3862 huiusmodi
861 3797 1082 3861 inveniremus
1111 3797 1267 3862 canonice
1299 3797 1340 3861 de
1371 3819 1512 3883 persona
1542 3797 1661 3861 idonea
1691 3797 1909 3878 celebratam,
1940 3817 2014 3861 eam
2037 3795 2080 3861 de

420 3898 555 3964 fratrum
577 3905 762 3964 nostrorum
784 3901 920 3965 consilio
943 3900 1096 3966 duximus
1117 3901 1381 3966 confirmandam.
1427 3901 1512 3975 Quia
1534 3901 1689 3986 gravibus
1713 3909 1746 3966 et
1769 3901 1908 3966 diversis
1931 3900 2079 3964 necessi-

349 4015 351 4018 ’
421 4002 544 4067 tatibus
568 4002 687 4068 dieitur
710 4002 825 4068 eadem
849 4005 989 4070 ecclesia
1010 4012 1215 4092 pregravata,
1238 4027 1298 4069 nos
1322 4027 1365 4070 ex
1388 4005 1508 4068 affectu
1529 4006 1775 4092 compassionis,
1799 4026 1894 4089 quam
1917 4004 2079 4068 habemus

421 4105 605 4192 adipsum,
628 4108 767 4192 gratiam
791 4106 854 4171 sibi
875 4109 1023 4174 volentes
1047 4110 1156 4175 iacere
1181 4110 1373 4196 specialem,
1396 4109 1607 4190 mandamus,
1631 4110 1784 4194 quatinus
1806 4130 1883 4188 ros,
1906 4107 1979 4172 aliis
2004 4107 2078 4172 eius
2133 4133 2160 4173 so

424 4210 641 4294 suffraganeis
664 4212 866 4292 convocatis,
896 4233 969 4276 cunr
992 4213 1041 4278 eis
1064 4213 1098 4277 in
1120 4213 1268 4299 predicta
1290 4213 1432 4277 ecclesia
1454 4235 1571 4278 munus
1594 4215 1850 4279 consecrationis
1874 4215 1979 4279 electo
1999 4215 2077 4278 sica

421 4319 533 4378 nostra
556 4313 747 4399 impendere
770 4317 965 4400 procuretis
1012 4316 1107 4390 Quod
1131 4318 1158 4381 si
1181 4338 1247 4382 non
1270 4338 1383 4381 omnes
1408 4324 1470 4383 etc.
1494 4325 1563 4382 tres
1586 4325 1731 4383 restrum
1755 4324 1818 4383 etc.

528 4432 604 4497 Dat.
628 4434 742 4513 Reate,
765 4433 852 4499 XIII
874 4434 950 4501 Kal.
972 4435 1126 4524 Augusti,
1149 4458 1234 4502 anno
1258 4444 1384 4504 octavo.

1042 4682 1455 4690 Ἤ

1204 4907 1291 4981 590.

531 5015 722 5124 Grauius
736 5043 793 5107 IX
809 5063 896 5124 popu
914 5045 954 5112 G.
970 5047 1107 5111 comitem
1123 5016 1317 5128 putotiuuru,
1339 5049 1376 5113 iu
1398 5049 1576 5130 obsequium
1597 5047 1740 5114 ecclcsiae
1754 5049 1918 5115 Romanae
1938 5052 2077 5118 mititare

419 5148 705 5229 aususausus
726 5147 868 5212 omuibus
891 5147 979 5212 bouis
1000 5149 1057 5214 sub
1074 5152 1264 5230 protectione
1285 5171 1346 5217 suo
1367 5153 1506 5232 suscipit.
1729 5156 1823 5233 1234,
1846 5154 1910 5222 Iul.
1933 5158 1986 5223 26.
2128 5186 2154 5225 ss

527 5264 610 5336 arey.
629 5265 679 5319 rx
696 5265 764 5335 neq.
789 5267 844 5321 roz.
863 5267 916 5332 rr,
934 5271 1001 5337 mc,-
1018 5269 1082 5323 aas.
1104 5269 1192 5336 Vm,
1210 5275 1271 5325 1⁷2.

526 5511 548 5576 ¹)
566 5514 717 5563 Brnnsswie
730 5513 763 5564 B.

526 5648 551 5716 1)
570 5650 630 5701 Iam
649 5661 676 5703 c.
695 5652 775 5718 1232,
795 5649 853 5704 Oct.
872 5655 1050 5707 romericus
1068 5658 1135 5706 erat.
1205 5653 1232 5721 2)
1256 5649 1445 5706 Wilbrandus.
1514 5653 1540 5721 3)
1561 5651 1604 5722 Os.
1622 5669 1649 5707 u.
1671 5657 1731 5707 554.
1801 5653 2040 5722 occucurri.
