4560 6420
449 361 511 422 735
1121 355 1428 410 ADDITAMENTUM.

447 531 607 598 facienda.
654 530 700 595 Ut
731 535 841 594 autem
870 529 932 608 hec
962 536 1075 593 nostra
1104 529 1291 594 commissio
1323 528 1422 593 robur
1456 525 1609 594 obtineat
1631 527 1809 610 firmitatis,
1840 528 1946 614 ipsam
1978 527 2049 592 fieri
2078 531 2111 590 et

446 637 538 703 bulla
560 636 715 723 plumbea
737 635 855 720 tipario
877 641 990 699 nostro
1014 635 1179 720 impressa
1201 634 1356 699 iussimus
1381 633 1586 699 communiri.

559 739 683 804 Datum
716 737 868 802 Venetiis
904 736 991 823 apud
1025 745 1172 802 nostrum
1200 738 1316 803 ducale
1351 738 1509 824 palatium
1542 758 1602 824 per
1635 757 1767 801 manum
1802 735 1941 800 Henrici
1975 733 2107 814 notarii,

448 842 597 910 canonici
620 840 732 906 Sancti
756 840 859 905 Marci
883 846 916 906 et
938 846 1050 920 nostre
1075 841 1163 921 curie
1188 841 1386 922 cancellarii,
1411 861 1497 906 anno
1520 839 1655 904 Domini
1678 839 1851 905 millesimo
1875 838 2106 904 ducentesimo

448 946 616 1032 trigesimo
640 966 737 1025 nono,
761 954 894 1010 mense·
918 943 1135 1030 Septembris,
1157 944 1210 1010 die
1234 945 1347 1030 quinto
1372 945 1524 1025 intrante,
1548 942 1727 1008 indictione
1751 942 1990 1010 tertiadecima.

557 1048 679 1113 Actum
694 1049 856 1133 Anagnia,
880 1068 966 1112 anno
982 1046 1115 1111 Domini
1132 1049 1306 1113 millesimo
1328 1048 1555 1113 ducentesimo
1577 1046 1748 1131 trigesimo
1772 1067 1869 1126 nono,
1892 1046 2107 1131 pontificatus

448 1152 572 1217 domini
606 1151 757 1236 Gregorii
792 1172 876 1238 pape
913 1151 990 1215 noui
1022 1171 1107 1214 anno
1142 1150 1244 1232 XIII,
1283 1151 1459 1215 indictione
1494 1150 1600 1226 XIII,
1636 1172 1751 1216 mense
1785 1149 2007 1235 Septembris,
2053 1149 2106 1214 die

448 1257 614 1342 vigesimo
632 1257 748 1330 tercio;
783 1256 817 1320 in
846 1255 1012 1342 presentia
1035 1255 1284 1320 venerabillium
1307 1262 1436 1341 patrum
1458 1255 1580 1319 domini
1603 1252 1718 1318 Iacobi
1751 1253 1945 1332 Tusculani,
1980 1252 2107 1318 domini

448 1358 602 1424 Rainaldi
626 1357 788 1423 Ostiensis
818 1365 851 1424 et
872 1357 1092 1424 VelleIrensis
1116 1366 1149 1422 et
1171 1357 1295 1422 domini
1317 1356 1430 1422 Iacobi
1452 1357 1641 1422 Penestrini
1664 1357 1893 1443 episcoporum
1918 1364 1952 1422 et
1978 1355 2105 1422 domini

449 1463 589 1528 Roberti
615 1461 726 1526 Sancti
741 1461 936 1526 Ilustbachii
959 1461 1108 1528 diaconib
1132 1461 1373 1536 cardinalium0,
1396 1483 1455 1548 pro
1479 1459 1608 1525 domino
1632 1481 1717 1546 papa
1740 1469 1774 1525 et
1796 1461 1938 1526 ecclesia
1953 1461 2105 1526 Romana

449 1565 708 1652 recipientium‘l,
736 1572 769 1630 et
791 1564 914 1629 domini
936 1565 1090 1630 Iohannis
1113 1564 1154 1629 de
1172 1565 1349 1630 Ferentino
1372 1563 1493 1629 domini
1517 1585 1602 1651 pape
1627 1565 1796 1628 camerarii
1819 1586 1857 1628 ac
1881 1565 1950 1628 mci
1972 1564 2105 1630 Nicolai

448 1669 636 1750 scriniarii⁰,
659 1670 867 1755 presentibus
883 1669 983 1734 fratre
1000 1668 1148 1733 Mattheo
1165 1669 1407 1754 penitentiaric,
1430 1668 1585 1753 magistro
1600 1666 1717 1732 Boetio
1735 1674 1768 1732 et
1790 1668 1947 1753 magistro
1959 1668 2104 1733 Martino

448 1768 575 1835 clericis
592 1770 715 1836 domini
731 1793 815 1859 pape
839 1779 873 1837 et
888 1771 1035 1837 Henrico
1060 1772 1217 1858 canonico
1234 1773 1346 1837 Sancti
1362 1770 1466 1836 Marci
1489 1778 1522 1836 et
1539 1771 1734 1835 cancellario
1759 1772 1846 1852 curie
1858 1769 2103 1836 Venetiarum‘.

554 1873 599 1938 Et
626 1896 688 1960 ego
711 1875 868 1940 Nicolaus
898 1874 939 1941 de
966 1875 1145 1941 Ferentino
1173 1882 1285 1955 sancte
1308 1874 1456 1955 Romane
1485 1875 1625 1954 ecclesie
1653 1881 1687 1938 ct
1710 1895 1838 1955 camere
1862 1873 1985 1938 domini
2017 1896 2104 1961 pape

448 1977 650 2058 scriniarius,
683 1978 809 2044 babens
837 1985 1035 2064 potestatem
1063 1979 1162 2043 dandi
1190 1986 1317 2044 tutores
1345 1986 1379 2044 et
1406 1985 1591 2058 curatores,
1621 1979 1837 2043 instrumenta
1869 1979 2104 2065 exemplandi⁸

446 2087 480 2145 et
502 2081 741 2167 publicationes
772 2081 926 2164 faciendi,
963 2084 996 2148 in
1027 2084 1119 2147 cuius
1142 2085 1309 2169 presentia
1342 2083 1402 2162 hec
1430 2090 1504 2147 acta
1533 2089 1623 2163 sunt,
1650 2081 1692 2148 de
1720 2081 1909 2146 voluntatell
1938 2081 2103 2146 dictorum

447 2184 650 2250 dominorum
679 2185 927 2271 episcoporum,
962 2186 1163 2268 cardinalis¹,
1194 2187 1365 2251 camerarii
1393 2193 1427 2252 et
1456 2192 1702 2272 procuratorum
1735 2185 2036 2272 suprascriptorum
2071 2193 2104 2251 et

446 2287 599 2352 mandato
632 2289 777 2374 ipsorum
811 2289 871 2369 hec
907 2291 1016 2355 omnia
1043 2312 1116 2355 cum
1150 2297 1265 2356 tenore
1300 2289 1461 2355 dictarum
1488 2290 1670 2354 litterarum
1707 2289 1740 2352 in
1769 2288 1934 2374 publicam
1963 2287 2103 2353 formam

447 2393 564 2479 scripsi
588 2397 622 2456 et
644 2393 772 2477 signum
795 2392 868 2458 leci.

554 2495 628 2581 Ego
646 2495 780 2562 Gabriel
793 2495 950 2562 Paulinus
974 2498 1120 2564 notarius
1144 2505 1177 2562 et
1200 2497 1325 2563 ducalis
1341 2498 1415 2576 aule
1429 2496 1643 2563 venetiarum
1660 2496 1874 2561 cancellarius
1897 2497 2102 2563 autenticum

447 2599 543 2663 buius
568 2599 711 2684 exempli
726 2596 793 2663 vidi
817 2605 850 2663 et
872 2599 948 2686 legi,
973 2607 1006 2665 et
1030 2600 1113 2664 sicut
1135 2601 1167 2665 in
1188 2602 1354 2666 autentico
1371 2600 1610 2680 continebatur,
1634 2600 1680 2663 ita
1704 2600 1793 2664 etin
1817 2600 1892 2686 ipso
1916 2601 2105 2666 continetur

447 2703 611 2789 exemplo.
660 2701 808 2788 Ideoque
838 2725 911 2769 mec
934 2705 1067 2790 proprio
1098 2705 1191 2790 signo
1220 2707 1327 2791 ipsum
1356 2704 1564 2770 corroboravi
1592 2702 1633 2768 de
1662 2703 1817 2769 mandato
1840 2703 1966 2768 domini
1988 2703 2103 2769 Iacobi

447 2805 590 2892 Teupuli
606 2806 711 2870 incliti
729 2805 822 2871 ducis
839 2805 1064 2884 venetiarum,
1090 2815 1240 2873 currente
1265 2829 1350 2873 anuo
1368 2807 1501 2872 Domini
1524 2806 1698 2870 millesimo
1720 2805 1946 2872 ducentesimo
1963 2807 2103 2892 quadra-

446 2909 572 2994 gesimo
588 2909 703 2995 primo,
721 2908 855 2975 mense¹¹
871 2908 1005 2996 Aprilis,
1028 2909 1207 2976 indictione
1231 2917 1347 2996 quarta
1367 2910 1504 2990 decima,
1528 2909 1561 2972 in
1585 2909 1707 2994 palatio
1725 2910 1861 2976 ducatus
1874 2909 2103 2976 venetiarum.

1069 3154 1481 3162 m———u-——ss-——u

1228 3451 1316 3524 834.

551 3559 741 3670 Grcyorius
768 3589 824 3653 IX
844 3611 935 3670 pape
967 3589 1097 3674 [Iacobo
1131 3589 1283 3674 Tcupelc]
1312 3589 1386 3655 duci
1419 3595 1448 3655 ct
1485 3591 1639 3654 commoni
1667 3590 1850 3656 Venetorum
1880 3591 2039 3656 Barcinos
2075 3596 2104 3656 et

443 3687 561 3770 Salpas
582 3691 733 3773 variaque
756 3693 830 3757 iura
852 3694 888 3756 in
909 3694 994 3757 corni
1016 3693 1079 3758 Ioco
1102 3694 1191 3774 ropac·
1213 3693 1352 3772 Sicilire,
1376 3715 1465 3777 quem
1487 3715 1592 3759 coram
1615 3694 1738 3760 auxilio
1760 3697 1905 3776 occupari
1927 3697 2103 3779 coatiycrit,

443 3793 478 3857 ia
499 3798 683 3875 perpetuum
704 3795 834 3876 seatium
855 3796 999 3861 concedit.
1735 3801 1829 3877 1239,
1852 3798 1937 3879 Sept.
1959 3803 2013 3864 24.

546 3913 654 4068 Dgpsus
681 3915 822 3985 epistolam
850 3918 875 3976 1)
898 3933 933 3971 ee
951 3917 1031 3986 copia
1049 3915 1111 3970 Lib.
1130 3916 1207 3972 Part.
1226 3919 1244 3971 t.
1263 3919 1293 3986 I,
1311 3918 1334 3987 f.
1354 3899 1521 3987 307-30b,
1552 3923 1581 3984 2)
1602 3922 1620 3973 t.
1639 3921 1686 3988 ΙΙ,
1704 3918 1726 3988 f.
1747 3924 1793 3986 57,
1823 3921 1851 3987 3)
1871 3919 1960 3974 Libro
1979 3923 2103 3991 Bloncc,

441 4015 468 4053 n.
488 4003 533 4054 63.
607 4018 659 4055 ,οι
679 4005 745 4055 833.

443 4185 702 4285 Gregorius¹
731 4195 970 4288 episcopus
996 4216 1157 4272 servus
1185 4217 1418 4270 servorum
1437 4198 1511 4272 Dei
1530 4199 1697 4273 dilecto
1725 4199 1819 4272 filio
1839 4197 1981 4273 nobili
2001 4199 2099 4275 viro

554 4313 679 4386 duci¹¹¹
707 4313 973 4390 Venetorum
1000 4317 1190 4392 salutem
1218 4322 1264 4391 ei
1290 4319 1585 4409 apostolicam
1613 4319 1981 4395 benedictionem.

547 4460 743 4527 Deuotionis
776 4464 1016 4547 sinceritatem,
1050 4486 1147 4550 quam
1183 4473 1218 4530 tu
1252 4473 1285 4530 et
1321 4469 1538 4533 communitas
1561 4469 1766 4536 Venetorum
1801 4493 1881 4556 erga
1912 4472 2102 4539 Romanam

440 4567 615 4630 ecclesiam
637 4564 783 4648 habetis,
807 4570 1002 4655 propensius
1025 4570 1245 4651 attendentes,
1270 4579 1441 4657 sperantes
1466 4573 1590 4638 etiam¹1
1614 4574 1701 4658 qnod
1722 4575 1756 4638 in
1781 4575 1897 4640 eadam
1921 4575 2101 4644 devotione

439 4669 523 4732 firmi
547 4674 580 4733 et
597 4670 734 4735 stabiles
756 4672 939 4757 persistatis
964 4671 1137 4758 quodque⁰
1160 4672 1200 4737 ad
1226 4673 1452 4760 occupandum
1475 4698 1614 4761 regnum
1634 4676 1796 4760 Scioilier,
1820 4676 1907 4764 quod
1930 4687 1983 4743 est
2007 4681 2101 4746 beati

438 4771 530 4836 Petri
563 4773 795 4859 patrimonium
830 4776 992 4861 speciale,
1026 4797 1123 4863 opem
1152 4776 1236 4840 detis
1267 4783 1300 4842 et
1324 4799 1457 4864 operam
1488 4780 1676 4862 efficacem,
1708 4782 1870 4848 nobilitati
1899 4788 1954 4863 tue
1979 4790 2099 4852 tenore

438 4875 640 4960 presentium
674 4875 896 4960 declaramus,
929 4880 1015 4966 quod
1040 4880 1194 4945 Barolum
1223 4886 1259 4944 et
1287 4880 1405 4968 Salpas
1439 4905 1513 4948 cum
1544 4886 1752 4970 pertinentiis
1786 4887 1855 4951 suis
1888 4893 1921 4952 et
1956 4886 2101 4953 liberam

541 5135 565 5198 Β)
583 5136 621 5189 H.
638 5137 681 5202 B,
699 5137 749 5203 ΡΙ,
763 5143 793 5201 2,·
810 5143 905 5193 mensis
924 5141 968 5194 Bi.
1037 5141 1064 5210 b)
1082 5143 1118 5193 H.
1136 5143 1179 5208 Β.,
1197 5143 1261 5206 Ρ2;
1279 5147 1392 5199 diaconis
1404 5147 1430 5199 P
1437 5154 1459 5213 1,
1476 5149 1598 5215 dyaconis
1615 5148 1658 5199 Bi.
1738 5149 1761 5214 ο)
1780 5149 1815 5200 Η.
1827 5150 1870 5215 B,
1887 5150 1942 5214 Pr,-
1958 5152 2101 5204 cardinalis

437 5219 494 5284 Ρ2,
511 5223 625 5276 cardinal
646 5223 689 5274 Bi.
811 5224 837 5292 d)
855 5228 891 5279 Η,
911 5229 952 5293 B,
970 5228 1030 5286 Pa.-
1051 5232 1197 5297 recipientis
1214 5231 1266 5297 ΡΙ,
1286 5233 1399 5300 recipiefi
1414 5235 1457 5286 Bi.
1552 5234 1575 5302 θ)
1593 5236 1717 5287 scrimarii
1735 5235 1785 5300 ΡΙ,
1807 5237 1844 5288 ita
1861 5254 1961 5302 aenipcr
1979 5247 2004 5288 et
2021 5239 2099 5306 infra

435 5306 534 5358 ibidem.
639 5307 779 5396 sindique
796 5313 888 5364 denam
904 5332 947 5380 cp.
966 5315 1003 5364 Η.
1021 5315 1054 5366 Β.
1157 5315 1182 5383 ⁸)
1202 5316 1254 5382 ΡΙ,
1268 5323 1299 5381 2,·
1324 5321 1468 5387 explicandi
1486 5323 1529 5374 ΒΖ.
1634 5321 1662 5384 ¹³)
1681 5322 1738 5384 Ba·
1761 5331 1787 5374 et
1811 5324 1929 5375 mandato
1947 5323 2025 5374 addit
2043 5324 2098 5378 ΡΙ.

435 5389 453 5458 ¹)
472 5393 531 5456 P1;
557 5396 669 5447 cardinal
692 5395 735 5447 Bl.
861 5395 886 5464 ¹¹)
904 5399 954 5464 ΡΙ,
967 5404 996 5462 2,·
1023 5401 1117 5452 mensis
1135 5402 1178 5454 Bi.
1303 5403 1322 5471 1)
1341 5407 1368 5457 ia
1394 5407 1437 5458 Bl.
1464 5409 1527 5460 baec
1552 5409 1685 5476 inscriptio
1713 5410 1830 5476 insuper:
1861 5411 1958 5462 Littera
1987 5413 2098 5488 papalis,

434 5479 503 5544 quod
520 5481 629 5546 quedam
646 5489 712 5534 terre
729 5483 860 5538 dabuntur
876 5504 922 5554 per
939 5504 999 5538 eum
1017 5488 1044 5538 in
1061 5489 1194 5555 pheudum
1211 5491 1313 5543 domino
1331 5493 1391 5544 duci
1405 5494 1578 5560 venetiarum,
1603 5498 1625 5547 si
1643 5513 1688 5563 per
1706 5515 1766 5549 eum
1783 5498 1858 5549 detur
1875 5513 1951 5564 opera
1969 5499 2003 5548 ad
2023 5515 2098 5550 recu·

434 5568 576 5718 pprppdum
599 5585 709 5636 regnum
726 5571 820 5625 Sicilia.
924 5572 1000 5645 ΜΗ)
1019 5576 1206 5644 duciP1,Bl,
1312 5577 1417 5654 ¹¹)P1,·
1445 5582 1521 5640 etiam
1539 5581 1608 5642 dccet
1624 5582 1667 5644 Bt.
1774 5583 1799 5656 ⁰)
1817 5584 1874 5647 Bl.,·
1900 5586 2028 5660 quidquid
2046 5584 2099 5650 ΡΙ,

434 5660 449 5702 1›
506 5659 528 5721 1,
544 5654 601 5718 aa·
618 5655 704 5726 sicine
722 5657 776 5714 ΡΙ.
1909 5653 1913 5661 “
