4524 6412
810 379 1008 436 EPlS'l'OLAE
1027 383 1215 438 emunctae.
1253 385 1327 438 trel.

1025 751 1111 826 345.

355 858 545 970 Greporias
561 890 617 953 IX
636 911 722 971 papa
744 892 912 956 rector-ilus
934 892 1089 956 societatis
1106 890 1314 956 Lorabcmdiac
1336 893 1482 971 sc-ribcrrs,
1504 893 1643 958 Hortarii
1658 895 1725 960 ΙΙΙ
1734 897 1896 976 epistolam

241 989 343 1054 Mart.
369 994 410 1052 10
432 991 539 1054 datam
560 993 664 1057 cerlis
685 997 886 1074 competenter
906 996 1037 1058 mutatis
1056 995 1180 1074 repetit,
1204 1017 1267 1076 qao
1289 995 1332 1060 iis
1353 995 1538 1076 maritatur,
1561 1003 1597 1062 ret
1618 999 1741 1063 litteras
1762 1019 1838 1063 suas
1858 1000 1895 1064 dc

235 1114 315 1174 pace
336 1095 420 1158 irater
443 1095 527 1175 ipsos
547 1100 577 1159 et
591 1097 808 1178 imperatorem
818 1097 911 1182 facta
924 1098 1092 1164 secundam
1110 1097 1251 1182 formam
1266 1101 1487 1165 transmissam
1501 1101 1640 1165 celeriter
1660 1101 1722 1166 sili
1742 1102 1894 1186 dirigant.
2008 1151 2016 1167 .

1514 1225 1607 1300 1227,
1628 1221 1733 1290 Mart.
1755 1225 1807 1288 27.

179 1311 190 1349 s
347 1297 396 1353 Ea
415 1297 496 1370 (ἔτερ.
515 1300 565 1356 IX
581 1302 650 1376 Rea.

488 1533 729 1626 Gregorius
757 1533 995 1625 episcopus
1023 1539 1102 1606 ete.
1131 1536 1385 1608 rectoribus
1413 1536 1648 1611 societatis

927 1654 1202 1728 Lombardie.

350 1800 508 1865 Miramur
530 1823 590 1866 nec
613 1803 693 1867 satis
717 1801 896 1866 sufficimus
919 1802 1095 1882 ammirari,
1128 1803 1213 1888 quod
1238 1825 1312 1868 cum
1335 1804 1518 1889 apostolica
1541 1805 1637 1870 sedes
1659 1805 1701 1870 ad
1724 1827 1838 1892 pacem
1862 1813 1896 1870 et

243 1909 364 1967 statum
393 1905 560 1989 provincie
584 1913 693 1970 vestre
721 1911 857 1992 paterno
885 1905 1060 1970 intendens
1083 1907 1221 1986 affectu,
1244 1907 1285 1970 ad
1309 1905 1487 1971 sedandam
1510 1907 1705 1974 discordiam
1727 1910 1894 1974 intervos

167 2031 191 2070 ιο
243 2013 277 2072 et
299 2007 503 2072 carissimum
527 2009 561 2072 in
578 2007 708 2080 Christo
731 2007 833 2073 filiurn
849 2014 997 2073 nostrum
1010 2009 1225 2090 Friderieum,
1248 2010 1468 2074 Romanorum
1483 2012 1717 2100 imperatorem
1735 2013 1895 2078 illustrem

242 2131 372 2195 semper
394 2118 569 2197 augustum
593 2118 626 2176 et
649 2133 762 2198 regem
778 2112 901 2188 Sicilie,
926 2119 1073 2177 exortam
1097 2113 1259 2177 curaverit
1281 2113 1490 2200 interponere
1513 2122 1623 2201 partes
1647 2135 1734 2196 suas,
1756 2117 1894 2203 ipsoque

242 2212 440 2299 imperatore
464 2237 502 2278 ac
525 2215 618 2280 vobis
643 2221 748 2279 totum
770 2217 938 2301 negotium
962 2217 995 2278 in
1019 2215 1090 2279 eius
1107 2215 1314 2302 providentia
1336 2217 1440 2283 libere
1464 2240 1501 2282 ac
1518 2218 1667 2284 absolute
1685 2220 1894 2304 ponentibus,

242 2336 282 2380 ea
305 2338 403 2402 super
424 2317 557 2402 negotio
587 2318 659 2404 ipso
687 2318 888 2404 providendo
918 2319 1084 2397 statuerit,
1119 2340 1182 2404 que
1214 2320 1347 2383 utilitati
1379 2321 1526 2386 eiusdem
1554 2322 1721 2408 provincie
1750 2344 1816 2387 non
1843 2328 1894 2387 est

241 2417 376 2483 dubium
399 2421 575 2508 expedire,
603 2421 761 2506 vobisque
792 2423 983 2508 apostolicis
1013 2423 1134 2487 litteris
1158 2422 1286 2487 dederit
1308 2424 1342 2487 in
1364 2426 1543 2510 preceptis,
1573 2431 1610 2489 ut
1632 2447 1672 2490 es
1695 2447 1757 2511 que
1781 2426 1895 2491 statuit

179 2573 184 2584 .
245 2521 419 2588 studeretis
442 2547 502 2611 pro
525 2532 618 2612 parte
641 2533 751 2590 vestra
774 2526 969 2590 inconcussa
992 2547 1143 2606 servare,
1176 2547 1214 2590 ae
1239 2549 1337 2613 super
1358 2526 1420 2592 hoc
1443 2535 1511 2591 tam
1534 2529 1597 2615 ipsi
1620 2529 1799 2615 apostolice
1823 2528 1894 2594 sedi

241 2647 338 2711 quam
362 2627 448 2693 dicto
473 2629 662 2715 imperatori
685 2630 776 2694 iuxta
799 2631 936 2695 formam
952 2629 1046 2694 vobis
1068 2631 1292 2695 transmissam
1315 2639 1442 2696 vestras
1467 2637 1617 2718 patentes
1639 2631 1767 2697 litteras
1789 2654 1894 2717 usque

239 2730 281 2794 ad
302 2733 439 2818 primam
457 2733 652 2798 dominicam
669 2733 917 2819 quadragesime
940 2755 1025 2798 nunc
1048 2734 1259 2820 preteritam¹
1282 2735 1468 2816 mitteretis,
1492 2757 1551 2822 per
1573 2757 1704 2800 manum
1727 2735 1894 2821 publicam

240 2839 379 2923 scriptas
403 2842 436 2900 et
459 2837 562 2901 vestri
584 2859 622 2901 ac
645 2836 764 2901 nobilis
788 2838 849 2901 viri
873 2885 905 2900 ..
930 2838 1127 2902 marchionis
1148 2837 1271 2902 Montis
1294 2837 1405 2903 ferrati
1430 2846 1464 2903 et
1486 2837 1704 2924 quarumlibet
1726 2839 1893 2903 civitatum

240 2940 280 3006 de
303 2946 413 3006 vestra
436 2940 594 3004 societate
611 2940 793 3026 sigillorum
808 2941 1009 3026 appensione
1033 2942 1186 3020 munitas,
1208 2963 1267 3006 vos
1293 2964 1314 3006 a
1335 2943 1449 3007 nuntio
1472 2942 1576 3028 ipsius
1599 2941 1816 3028 imperatoris,
1840 2943 1895 3028 qui

244 3064 344 3130 super
371 3043 433 3108 hoe
462 3065 521 3130 pro
545 3051 638 3130 parte
670 3065 729 3108 sua
759 3043 938 3108 secundum
961 3042 1048 3128 quod
1071 3044 1103 3107 ei
1126 3045 1284 3130 scriptum
1313 3045 1375 3108 luit
1402 3045 1530 3109 litteras
1554 3044 1743 3126 destinavit,
1772 3045 1894 3111 diutius

241 3147 423 3234 expectati,
447 3146 534 3231 quod
557 3146 650 3212 vobis
673 3145 859 3211 mandatum
884 3147 955 3228 fuit,
978 3146 1110 3212 efficere
1134 3169 1199 3212 non
1222 3148 1372 3229 curastis,
1396 3147 1582 3213 huiusmodi
1603 3148 1839 3234 negligentiam
1862 3155 1895 3212 et

241 3258 464 3339 contemptum
487 3273 546 3337 per
568 3251 725 3337 quosdam
749 3251 914 3337 simplices
938 3251 1071 3316 nuntios
1100 3272 1259 3316 excusare
1288 3251 1451 3333 conando,
1481 3273 1519 3317 ac
1548 3250 1773 3338 protendendo
1795 3272 1893 3337 ques-

241 3355 314 3420 dam
338 3355 528 3420 occasiones
551 3355 685 3420 frivolas
709 3362 742 3419 et
765 3355 914 3440 ineptas;
937 3361 1072 3440 propter
1095 3353 1181 3439 quod
1204 3354 1290 3418 bone
1315 3355 1472 3420 memorie
1490 3355 1658 3419 Honorius
1680 3357 1896 3442 predecessor

240 3464 352 3523 noster
374 3479 433 3522 vos
457 3456 555 3542 digne
572 3457 771 3542 redarguens
793 3478 853 3544 per
875 3478 935 3521 sua
957 3456 1050 3520 vobis
1075 3457 1195 3542 scripta
1217 3457 1383 3521 mandavit
1406 3464 1440 3522 et
1461 3457 1609 3524 districte
1625 3460 1783 3546 precepit,
1806 3459 1895 3545 quod

163 3585 175 3624 s
241 3582 294 3626 res
323 3561 386 3646 ipsi
409 3561 589 3647 deposcere
612 3560 794 3624 videbatur.
849 3558 934 3633 Quia
961 3581 1038 3624 vero
1069 3559 1186 3624 eodem
1217 3558 1451 3646 predecessore
1475 3567 1585 3626 nostro
1615 3561 1745 3626 interim
1767 3562 1809 3626 ab
1832 3562 1893 3626 hae

240 3665 314 3729 luce
338 3663 515 3740 subtracto,
539 3662 580 3728 ad
604 3663 746 3728 officium
768 3662 948 3748 apostolice
971 3663 1136 3727 servitutis
1161 3684 1272 3728 sumus
1296 3663 1375 3728 licet
1396 3663 1632 3729 insufficientes
1656 3665 1827 3751 assumpti,
1850 3686 1891 3730 ne

239 3766 323 3832 sorte
347 3788 387 3832 ea
409 3767 581 3832 occasione
603 3787 661 3831 vos
686 3787 845 3831 excusare
867 3766 994 3846 velitis,
1028 3765 1114 3851 quod
1138 3765 1285 3830 eiusdem
1308 3765 1553 3852 predecessoris
1578 3767 1681 3832 nostri
1703 3767 1892 3833 mandatum

240 3871 311 3936 eius
335 3871 426 3935 obitu
449 3870 625 3956 expiravit,
655 3869 736 3934 illud
759 3868 911 3934 duximus
935 3868 1171 3948 innovandum,
1200 3890 1260 3957 per
1284 3870 1466 3956 apostolica
1487 3870 1580 3934 vobis
1604 3871 1725 3957 scripta
1746 3871 1892 3938 districte

239 3974 452 4061 precipiendo
480 3974 686 4056 mandantes,
718 3980 893 4060 quatenus,
924 3974 1008 4037 sieut
1036 3994 1145 4037 caram
1175 3973 1306 4038 habetis
1337 3974 1475 4059 gratiam
1502 3972 1646 4040 divinam
1676 3980 1711 4038 et
1738 3980 1893 4053 nostram,

242 4080 368 4144 litteras
392 4077 572 4143 seeundum
589 4084 794 4164 prenotatam
810 4077 958 4157 formam,
982 4098 1045 4162 que
1070 4077 1135 4141 iam
1158 4078 1301 4142 seeundo
1328 4078 1388 4142 sub
1405 4077 1586 4164 apostoliea
1606 4077 1697 4142 bulla
1719 4077 1819 4141 missa
1841 4083 1893 4140 est

240 4182 333 4247 vobis
356 4181 498 4260 incluse,
529 4182 624 4246 nobis
647 4190 681 4246 et
709 4181 771 4267 ipsi
795 4181 985 4266 imperatori
1008 4181 1095 4245 omni
1119 4182 1292 4246 occasione
1315 4202 1354 4246 ae
1379 4181 1593 4246 excusatione
1617 4180 1823 4246 cessantibus
1845 4180 1893 4244 ita

241 4286 394 4351 celeriter
416 4286 664 4363 transmittatis,
687 4283 774 4370 quod
795 4305 862 4348 non
883 4285 990 4370 possit
1011 4283 1053 4349 ad
1076 4285 1180 4371 ipsius
1204 4285 1411 4370 imperatoris
1433 4285 1546 4349 venire
1568 4284 1735 4364 notitiam,
1757 4285 1811 4349 vel
1833 4305 1892 4348 vos

239 4389 420 4454 litterarum
450 4389 593 4475 ipsarum
623 4389 813 4453 missionem
836 4387 1004 4452 distulisse
1027 4394 1095 4451 tam
1118 4388 1189 4469 diu,
1216 4389 1270 4452 vel
1298 4386 1391 4452 vobis
1419 4408 1517 4473 super
1548 4387 1611 4453 hoc
1640 4387 1682 4452 ab
1710 4386 1893 4474 apostolica

241 4491 319 4558 sede
335 4492 457 4556 totiens
474 4492 632 4578 seriptum
648 4513 733 4572 esse,
757 4513 795 4556 ac
817 4491 948 4556 interim
965 4491 1196 4555 nichilominus
1219 4512 1293 4554 cum
1317 4511 1357 4555 ea
1377 4489 1607 4572 sollicitudine,
1630 4511 1726 4576 quam
1741 4491 1892 4577 angustia

242 4595 400 4682 temporis
423 4595 539 4681 exigit,
563 4617 603 4660 ea
625 4615 688 4680 que
711 4617 770 4680 pro
794 4593 895 4658 Terre
914 4592 1034 4659 Sancte
1058 4614 1215 4658 succursu
1237 4593 1347 4658 facere
1372 4593 1526 4658 tenemini
1548 4594 1742 4682 preparetis,
1764 4615 1806 4658 ne
1827 4594 1892 4680 ipsi

240 4699 430 4788 imperatori
452 4699 624 4766 differendi
648 4697 795 4764 eiusdem
817 4697 919 4763 Terre
944 4696 1063 4762 Sancte
1087 4717 1277 4762 succursum
1300 4697 1509 4762 occasionem
1532 4696 1707 4762 videamini
1729 4696 1823 4776 dare,
1851 4717 1890 4762 ae

239 4825 299 4891 per
322 4802 383 4869 hoc
406 4811 519 4869 cantra
542 4824 599 4868 vos
621 4801 731 4867 Deum
754 4806 788 4866 et
809 4801 958 4865 homines
981 4800 1182 4886 provocetis;
1214 4801 1356 4866 scientes
1380 4799 1466 4886 quod
1496 4800 1604 4864 sivos
1634 4801 1668 4864 in
1689 4806 1781 4865 tanto
1803 4800 1890 4866 facto

238 4906 304 4972 Dei
327 4915 361 4973 et
382 4908 486 4973 nostri
509 4913 750 4992 contemptores
773 4906 990 4988 illusoresque
1014 4904 1231 4983 senserimus,
1255 4905 1302 4969 nil
1324 4902 1414 4970 aliud
1435 4903 1583 4969 videmus
1606 4911 1746 4983 restare,
1768 4905 1832 4969 nisi
1854 4911 1891 4969 ut

240 5012 345 5076 celum
369 5018 403 5077 et
424 5018 545 5076 terram
569 5016 683 5075 contra
698 5017 840 5074 vestram
855 5007 1064 5073 insolentiam
1085 5007 1284 5072 invocemus.
1330 5007 1457 5074 Taliter
1478 5007 1578 5094 igitur
1599 5013 1746 5071 nostrum
1768 5009 1889 5072 curetis

161 5139 188 5178 ιο
240 5114 420 5202 adimplere
443 5120 649 5202 preceptum,
678 5112 764 5198 quod
795 5113 851 5199 qui
876 5112 1078 5198 provinciam
1106 5117 1265 5193 vestram,
1296 5111 1373 5176 dum
1403 5113 1436 5176 in
1458 5111 1575 5176 minori
1598 5131 1747 5176 essemus
1770 5109 1890 5189 officio,

239 5219 368 5284 sincera
390 5217 525 5282 caritate
548 5216 735 5296 dileximus,
758 5215 874 5280 merito
897 5213 930 5278 iri
954 5214 1025 5278 eius
1047 5213 1224 5279 dilectione
1247 5234 1396 5281 crescere
1420 5214 1607 5280 debeamus.

345 5354 434 5420 Data
455 5355 639 5434 Lateranis,
662 5355 712 5420 vl
733 5354 808 5420 Kal.
831 5353 935 5441 April.
957 5353 1166 5440 pontificatus
1187 5353 1290 5418 nostri
1312 5373 1398 5418 anno
1420 5353 1534 5438 primo.
1639 5429 1641 5432 ¹

342 5684 370 5752 l)
389 5682 471 5736 Febr.
488 5687 534 5738 28.
