4576 6390
768 401 967 458 EPISTOLAE
984 403 1174 460 senacula.
1210 403 1288 460 1233.
1788 411 1850 473 425

197 580 311 640 contra
333 596 492 660 personas
516 574 648 640 easdem
671 576 858 640 nullatenus
882 575 1045 652 audiatur;
1074 597 1111 640 ac
1136 575 1254 642 deinde
1278 576 1375 643 dictis
1398 577 1533 642 testium
1556 577 1742 665 publicatis,
1767 579 1852 643 infra

198 677 286 742 idem
316 684 445 764 tempus
480 679 538 742 fiat
567 679 599 743 ei
626 677 787 744 dictorum
817 679 927 765 copia,
962 681 1146 765 suppressis
1176 682 1361 746 nominibus
1396 681 1590 762 eorundem,
1625 690 1663 747 ut
1688 683 1794 769 possit
1823 683 1852 747 si

198 782 341 846 uoluerit
371 783 404 844 in
427 766 515 846 dicta
544 782 689 869 ipsorum
713 804 896 870 opponere,
927 783 1082 869 quidquid
1110 784 1351 850 rationabiliter
1380 783 1512 848 duxerit
1543 786 1789 872 opponendum;
1818 792 1851 851 et

201 892 343 950 extunc
366 885 487 949 auditis
511 907 619 951 coram
641 886 736 953 uobis
764 887 960 973 propositis,
990 887 1160 972 negotium
1190 888 1392 952 sufficienter
1420 889 1616 953 instructum
1642 889 1683 954 ad
1711 909 1850 955 examen

198 989 415 1074 apostolicum
444 989 632 1069 remittatis,
664 989 789 1076 prefixo
818 989 925 1055 eidem
948 990 1195 1082 archiepiscopo
1219 991 1359 1055 termino
1389 992 1610 1077 peremptorio
1641 994 1850 1079 competenti,

199 1113 261 1176 quo
284 1098 396 1156 nostro
420 1113 456 1156 se
473 1093 664 1178 conspectui
680 1099 895 1179 representet.
941 1092 1106 1172 Ceterum,
1131 1114 1202 1158 cum
1225 1095 1296 1180 ipse
1314 1093 1481 1159 decanusl
1504 1093 1714 1161 demandato
1739 1102 1851 1161 nostro

197 1195 416 1280 inquisitionis
456 1197 626 1280 negotium
661 1202 878 1282 prosequatur
919 1203 952 1261 et
990 1217 1087 1260 nemo
1128 1202 1264 1282 cogatur
1298 1198 1440 1284 propriis
1482 1197 1655 1284 stipendiis
1688 1198 1850 1276 laborare,

198 1298 348 1363 volumus
377 1305 410 1363 et
438 1299 645 1378 mandamus,
674 1305 711 1363 ut
741 1306 808 1363 tam
838 1298 947 1365 eidem
976 1298 1101 1364 decano
1124 1320 1222 1385 quam
1244 1301 1337 1366 uobis
1365 1301 1399 1366 in
1428 1301 1606 1368 moderatis
1629 1301 1786 1388 expensis
1809 1300 1850 1366 ad

198 1402 461 1486 prosecutionem
477 1405 602 1488 negotii
620 1403 818 1469 necessariis
840 1402 968 1467 faciatis
992 1402 1033 1468 de
1054 1402 1151 1468 bonis
1168 1403 1309 1470 ecclesie
1327 1404 1502 1491 provideri.
1547 1404 1601 1470 Ad
1623 1405 1685 1470 hec
1700 1407 1850 1471 uolentes

202 1503 433 1590 indempnitati
456 1504 662 1572 Coloniensis
687 1506 827 1570 ecclesie
850 1512 987 1591 paterna
1010 1505 1230 1571 sollicitudine
1254 1506 1444 1592 providere,
1472 1507 1618 1574 districte
1640 1509 1849 1597 precipimus,

197 1613 234 1670 ut
258 1607 505 1695 archiepiscopo
527 1610 666 1674 firmiter
688 1608 866 1673 inhibeatis
883 1606 1000 1688 eidem,
1023 1629 1065 1673 ne
1090 1608 1215 1695 absque
1232 1610 1419 1674 coniventia
1442 1617 1476 1676 et
1498 1632 1636 1677 assensu
1651 1613 1849 1678 venerabilis

197 1709 307 1774 fratris
336 1711 439 1776 nostri
468 1711 706 1798 archiepiscopi
729 1707 965 1774 Treverensis²
993 1709 1157 1795 pendente
1186 1713 1408 1796 inquisitionis
1437 1715 1571 1798 negotio
1601 1721 1748 1781 mutuum
1772 1737 1849 1780 con-

198 1812 306 1876 trahat
335 1834 395 1878 nec
425 1814 533 1898 aliqua
565 1813 605 1878 de
635 1813 730 1878 bonis
760 1803 992 1878 immobilibus
1012 1814 1157 1878 alienare
1190 1813 1309 1879 audeat
1338 1816 1391 1881 vel
1422 1816 1593 1882 infeudare
1629 1838 1689 1882 seu
1721 1818 1850 1904 pignori

199 1915 362 2000 obligare,
402 1914 542 1981 eundem
571 1916 870 2002 archiepiscopum,
903 1916 931 1980 si
951 1923 1071 1996 contra
1101 1917 1235 1997 fecerit,
1270 1919 1342 2004 ipso
1370 1917 1456 1983 facto
1486 1918 1527 1983 ab
1557 1919 1850 1986 amministratione

200 2020 429 2105 temporalium
452 2018 683 2084 denuntiantes
711 2020 907 2084 auctoritate
935 2026 1048 2084 nostra
1077 2041 1273 2106 suspensum
1296 2029 1330 2086 et
1353 2027 1553 2087 contractum
1575 2023 1763 2088 huiusmodi
1784 2044 1850 2088 non

198 2131 322 2188 tenere.
367 2121 411 2187 Et
440 2143 512 2187 cum
542 2144 621 2208 sepe
649 2122 756 2186 dictus
786 2111 1055 2209 archiepiscopus
1084 2125 1218 2209 negotio
1248 2125 1321 2211 ipso
1347 2123 1513 2211 pendente
1541 2126 1575 2189 in
1604 2126 1762 2211 quosdam
1790 2147 1849 2191 ex-

198 2226 501 2292 communicationis
525 2232 557 2289 et
585 2227 619 2288 in
648 2224 805 2311 quosdam
836 2227 1061 2311 suspensionis
1094 2249 1153 2293 seu
1182 2228 1281 2293 etiam
1311 2227 1479 2293 interdicti
1502 2231 1682 2294 sententias
1705 2230 1850 2316 promul·

196 2353 294 2416 gasse
317 2331 452 2410 dicatur,
476 2328 633 2414 quosdam
650 2351 727 2395 vero
751 2329 920 2394 beneficiis
945 2351 983 2395 ac
1007 2329 1106 2396 rebus
1131 2331 1198 2396 suis
1222 2337 1298 2417 post
1321 2331 1578 2418 appellationem
1601 2332 1643 2397 ad
1664 2353 1724 2399 nos
1748 2327 1849 2398 inter'-

196 2436 337 2522 positam
372 2434 549 2520 spoliasse,
584 2432 611 2497 si
647 2434 740 2499 vobis
775 2435 958 2500 constiterit
995 2435 1135 2501 eundem
1172 2435 1457 2522 archiepiscopum
1488 2440 1564 2522 post
1595 2436 1850 2523 appellationem

120 2553 132 2592 2
197 2538 379 2624 legitimam
402 2543 515 2602 contra
537 2559 595 2602 eos
619 2537 728 2602 taliter
750 2539 968 2624 processisse,
996 2560 1186 2625 processum
1209 2541 1313 2626 ipsius
1338 2546 1371 2605 et
1394 2539 1549 2625 quicquid
1572 2560 1615 2605 ex
1638 2560 1678 2605 eo
1702 2545 1850 2604 secutum

126 2695 129 2704 ,
197 2648 248 2708 est
270 2641 396 2706 nullum
419 2661 493 2706 esse
516 2641 649 2727 penitus
672 2642 842 2706 nuntietis.
887 2642 1043 2727 Alioquin
1064 2650 1198 2729 recepta
1220 2644 1261 2709 ab
1285 2644 1361 2722 hiis,
1384 2644 1418 2708 in
1442 2663 1523 2728 quos
1547 2641 1663 2708 eedem
1687 2641 1850 2706 sententie

197 2751 272 2809 sunt
294 2745 432 2830 prolate,
455 2742 575 2809 idonea
598 2746 759 2827 cautione,
782 2744 868 2829 quod
891 2766 991 2831 super
1012 2745 1086 2824 hiis,
1110 2768 1169 2833 pro
1193 2747 1311 2832 quibus
1332 2747 1496 2812 sententie
1520 2747 1592 2834 ipse
1612 2744 1852 2810 rationabiliter

196 2849 262 2913 late
292 2847 441 2926 fuerunt,
472 2845 514 2911 ad
547 2847 735 2911 mandatum
765 2854 910 2912 vestrum
940 2848 1196 2913 satisfactionem
1234 2871 1410 2936 congruam
1445 2848 1665 2928 exhibebunt,
1704 2848 1777 2912 illas
1809 2847 1851 2912 ad

197 2951 360 3016 cautelam
390 2951 483 3015 iuxta
510 2951 648 3015 formam
676 2951 817 3016 ecclesie
847 2951 1019 3027 relaxetis3
1048 2952 1155 3017 eidem
1178 2953 1426 3040 archiepiscopo
1450 2951 1628 3018 districtius
1652 2951 1852 3033 inhibentes,

120 3077 132 3116 a
198 3076 239 3120 ne
264 3052 428 3141 pendente
451 3054 523 3140 ipso
547 3053 681 3138 negotio
704 3053 860 3139 procedat
882 3055 993 3119 taliter
1015 3062 1128 3120 contra
1151 3077 1218 3122 eos.
1265 3056 1372 3143 Super
1394 3058 1468 3122 aliis
1489 3077 1567 3122 uero
1589 3065 1760 3142 percon·
1777 3061 1852 3134 etc,

197 3158 356 3223 facientes
380 3164 442 3222 etc.
489 3156 606 3221 Testes
630 3163 756 3238 autem,
780 3157 834 3242 qui
858 3157 980 3223 fuerint
1002 3159 1176 3240 nominati,
1199 3165 1309 3247 preter
1332 3180 1428 3244 quam
1450 3161 1484 3223 in
1507 3157 1739 3238 criminalibus,
1763 3158 1792 3221 si
1815 3178 1851 3222 se

197 3263 303 3346 gratia
327 3268 389 3326 etc.
434 3261 559 3326 Verum
581 3261 659 3345 quia
681 3260 768 3325 idem
790 3260 1055 3348 archiepiscopus
1078 3263 1111 3327 in
1127 3262 1287 3328 decanum
1309 3263 1417 3348 ipsum
1440 3268 1473 3326 st
1496 3259 1654 3346 quosdam
1677 3260 1771 3340 alios,
1796 3260 1852 3344 qui

197 3363 239 3429 ad
261 3371 406 3428 nostram
428 3365 628 3450 presentiam
651 3369 875 3442 accesserunt,
907 3363 1048 3450 quedam
1070 3364 1189 3429 dicitur
1211 3370 1443 3450 attemptasse,
1475 3362 1633 3447 inquisita
1659 3383 1759 3448 super
1788 3361 1851 3427 hoc

198 3467 388 3553 diligentius
419 3468 573 3546 veritate,
609 3465 763 3552 quioquid
795 3473 871 3552 post
904 3469 969 3532 iter
1002 3475 1168 3554 arreptum
1197 3467 1389 3532 inveneritis
1422 3465 1456 3531 in
1489 3485 1602 3530 eorum
1635 3464 1852 3551 preiudicium

198 3577 324 3635 temere
347 3576 593 3656 attemptatum,
622 3571 656 3634 in
683 3576 802 3634 statum
830 3569 976 3635 debitum
1005 3571 1182 3645 revocetis3
1215 3568 1473 3635 contradictores
1502 3574 1579 3643 etc.;
1608 3588 1673 3632 non
1700 3564 1851 3630 obstante

199 3673 432 3739 constitutione
457 3673 497 3738 de
521 3672 647 3737 duabus
671 3672 769 3736 dietis
794 3679 855 3738 etc.
880 3679 913 3737 et
936 3672 1155 3758 indulgentia,
1187 3694 1284 3759 quarn
1313 3695 1333 3738 a
1355 3673 1451 3738 nobis
1474 3670 1561 3737 idern
1584 3669 1851 3755 archiepiscopus

199 3778 318 3842 dicitur
348 3777 559 3863 impetrasse,
593 3782 630 3840 ut
663 3777 772 3840 nullus
803 3776 837 3840 in
873 3776 980 3862 ipsum
1012 3783 1122 3862 preter
1152 3777 1296 3862 legatum
1325 3797 1344 3840 a
1376 3781 1488 3840 nostro
1516 3774 1619 3838 latere
1650 3771 1852 3836 destinatum

199 3879 424 3965 suspensionis
446 3880 500 3944 vol
523 3880 870 3945 excommunicationis
899 3881 1095 3945 sententiam
1127 3881 1198 3945 sine
1221 3881 1359 3965 speciali
1382 3878 1534 3944 mandato
1558 3875 1646 3942 sedis
1669 3875 1851 3961 apostolice

198 3983 318 4048 audeat
339 3982 564 4069 promulgare,
588 4004 626 4048 ac
649 4004 688 4048 eo
712 3982 799 4068 quod
821 4003 896 4063 vos,
918 3983 979 4047 filii
1000 3982 1229 4047 archidiacone
1252 3983 1429 4048 Remensis
1452 3989 1486 4046 et
1507 3979 1665 4063 magister
1687 3976 1743 4058 G.‚
1772 3998 1851 4045 eon·

201 4086 348 4150 canonici
375 4086 454 4151 estis
483 4085 601 4150 decani
628 4086 768 4151 ecclesie
798 4087 903 4150 sancti
926 4085 1083 4151 Iohannis
1106 4085 1335 4166 Leodiensis³,
1363 4106 1384 4149 a
1414 4104 1478 4170 quo
1507 4083 1541 4147 in
1573 4081 1690 4147 eodem
1717 4080 1850 4165 negotio

200 4189 319 4254 dicitur
341 4189 552 4276 appellatum.
597 4185 693 4262 Quod
716 4189 744 4253 si
766 4209 832 4252 non
856 4208 969 4254 omnes
994 4193 1055 4254 ato.

307 4310 384 4374 Dat.
406 4310 561 4376 Lateran.
583 4310 615 4376 V
637 4309 713 4376 Kal.
735 4309 832 4391 Iunii,
855 4330 940 4375 auno
964 4309 1114 4395 septimo.

984 4811 1069 4884 530.

315 4928 463 5034 Consua
491 4959 618 5036 propter
639 4973 719 5035 quas
739 4952 935 5038 [Hearicus]
960 4951 1210 5032 archiepiscopus
1236 4948 1430 5018 Octauianis
1457 4948 1501 5012 ud
1526 4947 1627 5013 sedem
1652 4946 1852 5028 apostolicam

199 5062 380 5144 appellavit.

305 5173 1011 5250 QQOmmmmm

306 5459 328 5524 ⁸)
343 5460 458 5526 sortasse
476 5458 570 5525 pariter
587 5453 803 5533 contingentibus,
814 5453 947 5520 negotium
965 5462 1132 5506 memoratum
1149 5462 1193 5506 stc.

304 5596 330 5660 l)
349 5592 412 5648 Scit.
435 5591 614 5657 Octauianus,
633 5589 781 5644 Goswiaus
798 5588 921 5651 nomina·
939 5588 977 5657 es.
995 5605 1023 5643 a.
1044 5593 1106 5643 535.
1197 5586 1226 5656 2)
1251 5585 1413 5642 Theoderici
1426 5589 1472 5646 ΙΙ,·
1490 5586 1527 5655 cs.
1545 5604 1573 5641 a.
1593 5590 1656 5640 520.
1736 5583 1763 5650 3)
1784 5581 1852 5636 Gon·

200 5680 303 5736 induis
321 5679 443 5750 episcopi
460 5677 662 5742 Lemannum
681 5676 718 5746 cf.
736 5693 763 5732 a.
781 5679 844 5732 459.

302 5779 364 5829 Bao.
381 5777 461 5829 Poar.
478 5776 498 5826 1.
1614 5763 1649 5819 54
