4576 6390
769 400 970 466 EPIS'I'OLAE
988 401 1177 462 SELEC'IAE.
1215 400 1290 462 1234.
1798 410 1861 477 477

204 581 335 648 liborum
351 583 523 650 transitum
544 580 637 663 derst,·
659 604 768 666 eosque
785 585 939 664 hortatur,
962 585 999 645 ut
1018 580 1056 644 de
1077 580 1197 664 oepotio
1219 582 1303 645 iuter
1324 581 1408 662 ipsos
1430 587 1459 647 et
1479 582 1697 663 imperatorem
1718 587 1861 664 corlenis,

203 687 286 768 quod
306 687 479 767 imperator
499 687 536 749 iu
557 687 704 751 omuibus
725 688 868 753 ecelesiae
886 685 1036 767 posuerit,
1065 685 1251 765 quamtocius
1271 685 1460 750 voluntatem
1482 705 1572 750 suum
1594 687 1656 751 sibi
1676 687 1861 754 rescribunt.

207 787 258 874 of.
282 809 314 856 n.
339 790 413 853 oss.
1525 791 1618 868 1234,
1642 789 1708 854 ros.
1731 792 1762 854 s.

307 909 388 978 (iseo.
407 909 457 963 IX
473 909 544 980 Rep.
568 910 625 964 Vol.
643 908 696 977 IV,
720 913 790 975 193,-
814 907 877 961 Lilr.
899 907 992 972 VIII,
1016 911 1077 960 148.
1122 905 1229 959 Pertrii
1251 907 1391 975 ecsnpsar
1411 908 1598 977 supplevimus
1620 925 1654 962 ea
1672 907 1764 979 Rupe.
1788 908 1860 962 Anu.

138 1011 150 1048 s
203 995 486 1063 eccl.a.123l,§l.

306 1081 443 1147 Potttsost
462 1078 532 1150 sep.
552 1085 634 1136 9485.

619 1261 888 1334 Rectorihus
914 1259 1143 1333 societatis
1171 1259 1442 1333 Lomhardie.

308 1411 518 1477 Meminimus
542 1410 634 1476 vobis
657 1432 717 1498 per
739 1411 822 1475 alias
847 1410 974 1474 litteras
998 1410 1183 1490 intimasse,
1214 1409 1301 1494 quod
1333 1409 1527 1474 karissimus
1555 1409 1589 1472 in
1612 1407 1742 1473 Christo
1771 1408 1857 1474 filius

201 1521 315 1580 noster
336 1513 534 1592 Fridericus,
557 1513 782 1578 Romanorum
806 1521 878 1594 eto,
902 1521 971 1578 toto
994 1515 1144 1598 negotio,
1169 1513 1255 1600 quod
1278 1515 1365 1578 inter
1386 1514 1495 1598 ipsum
1517 1519 1551 1577 et
1572 1531 1629 1576 vos
1652 1516 1799 1594 vertitur,
1823 1513 1857 1576 in

124 1648 149 1685 ιο
202 1618 353 1682 manibus
376 1619 497 1682 nostris
521 1618 645 1704 posito,
674 1617 871 1681 ordinationi
901 1622 1012 1682 nostre
1046 1638 1208 1703 supereo
1239 1639 1275 1682 se
1305 1617 1433 1703 precise
1465 1615 1631 1695 submisit,
1661 1616 1856 1703 promittens

200 1722 430 1786 nichilominus
455 1721 630 1786 emendare
654 1720 808 1806 quicquid
832 1719 990 1784 officiales
1014 1721 1064 1786 sui
1089 1728 1202 1785 contra
1224 1705 1360 1785 formam
1383 1721 1474 1805 pacis
1498 1719 1579 1784 inite
1603 1725 1855 1806 attemptemnt;

200 1833 252 1890 set
278 1847 378 1911 super
403 1826 464 1890 hoc
485 1823 629 1888 nondum
649 1845 844 1910 responsum
863 1823 958 1888 nobis
987 1824 1122 1909 aliquod
1142 1824 1332 1910 prebuistis.
1375 1823 1533 1888 Preterea
1553 1844 1626 1886 cum
1648 1822 1797 1888 diuerse⁸
1818 1844 1856 1887 ac

198 1929 288 1993 varie
311 1930 418 1994 forent
441 1934 554 1993 eontra
574 1928 747 1991 ecelesiam
771 1926 1017 2010 inquietudines
1032 1925 1265 2004 Romanorum,
1288 1928 1336 1991 ita
1354 1927 1441 2012 quod
1464 1925 1560 1991 sedes
1580 1926 1762 2012 apostolica
1785 1926 1855 1991 sine

200 2033 390 2097 confusione
414 2054 473 2096 sue
494 2053 559 2096 non
583 2037 721 2116 poterat,
745 2030 822 2113 quin
843 2035 992 2094 uteretur
1015 2029 1195 2115 imperialis
1218 2030 1346 2094 brachii
1369 2031 1562 2110 ministerio,
1590 2030 1725 2111 evitare,
1749 2029 1855 2093 dictus

200 2136 386 2221 imperetur,
410 2136 451 2199 ad
473 2135 674 2221 presentiam
694 2141 841 2198 nostram
863 2132 1035 2214 secedens,
1058 2133 1101 2198 ad
1123 2135 1264 2199 ecclesie
1281 2133 1427 2199 Romane
1449 2134 1675 2199 defensionem
1699 2138 1733 2198 et
1754 2133 1855 2220 patri-

198 2239 298 2302 monii
327 2239 378 2302 sui
409 2245 525 2324 sponte
556 2259 591 2302 se
621 2237 757 2316 obtulit,
788 2238 873 2301 'sicut
895 2235 937 2300 ad
967 2237 998 2300 id
1031 2238 1219 2322 specialiter
1247 2237 1431 2303 tenebatur.
1475 2237 1571 2303 Unde
1598 2259 1672 2303 eum
1695 2237 1855 2302 auxilium

198 2342 337 2405 militum
360 2342 583 2407 necessarium
607 2346 696 2404 esset
719 2339 841 2418 eidem,
867 2340 976 2419 vobis,
999 2348 1035 2404 ut
1057 2340 1198 2404 liberum
1221 2342 1395 2405 transitum
1418 2340 1542 2406 daretis
1566 2341 1707 2422 eisdem,
1731 2339 1853 2404 direxi-

198 2466 270 2508 mus
294 2445 415 2530 soripta
436 2451 558 2522 nostra,
582 2464 682 2528 super
705 2464 768 2527 quo
792 2443 932 2528 qualiter
955 2443 997 2507 sit
1017 2464 1208 2528 processum
1230 2445 1327 2529 plene
1349 2444 1497 2508 novistis.
1543 2443 1667 2508 Verum
1691 2464 1765 2507 cum
1788 2462 1854 2506 non

197 2549 342 2633 possetis
364 2546 489 2632 absque
513 2548 640 2612 offensa
663 2547 751 2611 sedis
775 2547 957 2632 apostolice
978 2547 1110 2625 offendi,
1133 2569 1196 2632 que
1222 2554 1353 2633 reputat
1372 2569 1431 2612 vos
1453 2547 1599 2612 membra
1621 2547 1692 2611 eius
1713 2547 1853 2611 honora-

198 2651 277 2715 bilia
300 2658 334 2715 et
362 2651 447 2715 filios
479 2651 657 2737 speciales,
690 2671 755 2714 uon
786 2649 914 2714 debetis
945 2650 978 2713 in
1009 2651 1118 2734 aliquo
1146 2649 1242 2714 modo
1269 2651 1409 2732 moveri,
1441 2671 1502 2715 uec
1531 2671 1674 2737 unquam
1704 2651 1852 2716 dubitare

196 2755 353 2839 potestis,
388 2753 473 2840 quod
501 2759 675 2840 paternum
705 2754 875 2835 affectum,
911 2774 973 2839 quo
998 2755 1128 2818 sincera
1148 2775 1207 2819 vos
1230 2755 1480 2840 complectimur
1502 2755 1653 2835 caritate,
1688 2753 1852 2840 deponere

197 2856 395 2932 debeamus;
418 2865 551 2944 propter
574 2857 658 2942 quod
682 2857 782 2921 nichil
806 2858 898 2922 vobis
923 2857 1052 2943 deperit
1076 2857 1134 2922 sed
1158 2859 1318 2922 accrescit
1341 2859 1466 2944 potius,
1491 2858 1519 2922 si
1541 2857 1690 2923 Romana
1712 2857 1853 2923 ecelesia

197 2966 301 3024 mater
322 2966 434 3024 vestre
457 2961 489 3025 in
512 2961 666 3026 libertate
690 2968 724 3025 et
747 2961 870 3025 honore
893 2960 1008 3025 debito
1033 2968 1258 3043 conservetur,
1289 2965 1431 3028 maxime
1455 2984 1528 3028 cum
1550 2984 1610 3029 nos
1634 2963 1753 3029 vestris
1776 2983 1852 3049 pro-

196 3063 338 3128 fectibus
363 3085 405 3128 ex
427 3065 550 3129 intimis
572 3064 679 3129 cordis
700 3072 735 3128 et
757 3065 857 3129 animi
879 3066 1073 3151 aspirantes,
1097 3086 1163 3130 non
1180 3088 1348 3131 cessemus
1368 3089 1428 3153 pro
1445 3074 1532 3130 statu
1549 3073 1659 3132 vestro
1677 3067 1854 3132 salubriter

198 3167 421 3232 conservando
445 3176 629 3254 opportune
653 3169 790 3233 consilia
813 3169 970 3254 cogitare.
1014 3169 1159 3254 Ideoque
1183 3169 1393 3235 devotionem
1416 3177 1558 3236 vestram
1581 3193 1770 3250 monemus,
1793 3192 1853 3257 per

197 3270 377 3355 apostoliea
398 3271 493 3335 vobis
517 3272 640 3357 scripta
669 3271 1065 3358 mundantes„quatinus
1089 3273 1296 3338 attendentes
1318 3294 1433 3360 pursm
1457 3275 1672 3340 intentionem
1695 3281 1851 3355 nostram,

197 3373 280 3437 sieut
302 3373 364 3436 viri
386 3374 515 3459 providi
538 3381 571 3438 et
597 3373 729 3438 discreti
753 3397 853 3461 super
874 3374 1023 3462 predicto
1046 3377 1180 3460 negotio
1204 3377 1405 3441 voluntatem
1428 3385 1571 3441 vestram
1593 3377 1689 3442 nobis
1712 3385 1851 3464 quanto·

196 3476 266 3540 cius
289 3477 493 3557 rescribatis,
524 3478 631 3542 securi
662 3477 703 3542 de
735 3487 847 3543 nostro
877 3486 912 3544 et
939 3480 1120 3565 apostolice
1145 3479 1233 3544 sedis
1256 3479 1383 3562 lavore,
1412 3500 1510 3566 quem
1532 3481 1626 3546 vobis
1650 3479 1850 3546 intendimus

195 3586 352 3663 quantum
371 3601 445 3644 eum
467 3579 541 3645 Deo
564 3602 738 3668 possumus
762 3582 796 3645 iu
820 3582 971 3647 omnibus
995 3583 1164 3648 exhibere.

303 3700 378 3766 Dat.
402 3699 517 3784 Reate,
541 3701 573 3766 V
594 3702 680 3768 Non.
703 3702 790 3784 Iulii,
814 3725 900 3768 anno
924 3711 1050 3769 octavo.

821 3999 1230 4007 ——-—---—-——————-

980 4276 1067 4350 588.

301 4382 492 4497 (irmarus
513 4412 569 4476 IX
593 4433 680 4494 popo
702 4413 832 4499 [Utrioo
853 4415 879 4480 I
882 4415 925 4499 V]
954 4415 1045 4480 electo
1077 4414 1225 4480 duriensi
1252 4415 1296 4480 od
1318 4435 1427 4497 preces
1448 4415 1609 4482 Friderioi
1629 4416 1844 4482 Romanorum

192 4515 392 4597 imperatoris
413 4515 559 4593 concedit,
581 4519 617 4578 ut
637 4536 706 4580 oum
728 4517 832 4580 electio
852 4518 920 4582 sius
934 4538 997 4598 per
1015 4516 1227 4602 [Sipefridum
1240 4518 1321 4603 III]
1342 4518 1606 4601 archiepiscopum
1619 4518 1846 4602 Mopuutiuum

192 4619 253 4682 rito
273 4619 373 4699 fuerit
393 4621 578 4700 ooufimsoto
599 4621 630 4682 et
656 4620 783 4684 eeclesia
807 4619 970 4686 Ourieusis
989 4622 1082 4704 provi
1103 4642 1194 4687 msere
1215 4621 1387 4687 debitorum
1405 4627 1584 4705 prematur,
1610 4621 1734 4704 [ructus
1756 4624 1845 4689 bess-

189 4721 334 4802 fitiorum
349 4723 516 4803 pereipiat,
538 4741 619 4803 quoe
638 4721 732 4802 prius
753 4724 900 4788 canocice
921 4723 1101 4789 obtinuerit.
1500 4729 1595 4808 1234,
1615 4726 1681 4794 Iul.
1704 4730 1756 4793 13.
1807 4809 1808 4812 ¹

114 4865 141 4905 ³5
297 4839 380 4913 Grep.
398 4845 448 4899 IX
464 4841 532 4911 Rep.
552 4842 612 4899 Vol.
628 4842 683 4909 IV,
701 4846 769 4910 1935
787 4843 851 4898 Lib.
872 4843 959 4910 VIII,
978 4849 1037 4900 154.

296 4927 431 4994 Pottlsost
450 4928 521 5000 Rep.
539 4932 621 4984 9490.

784 5147 793 5164 .
823 5147 832 5164 .
862 5091 1005 5165 electo
1032 5090 1250 5166 Curiensi.

297 5237 362 5302 Pro
390 5243 424 5301 te
458 5236 520 5300 fuit
549 5235 644 5301 uobis
672 5236 841 5303 humiliter
870 5239 1104 5326 supplicatum,
1135 5245 1172 5304 ut
1200 5262 1274 5305 eum
1304 5241 1423 5307 electio
1454 5237 1494 5306 de
1524 5245 1557 5304 te
1590 5238 1622 5303 in
1652 5240 1845 5327 episcopum

193 5339 387 5406 Ouriensem
410 5339 577 5404 celebrata
599 5342 756 5406 canonice
778 5363 839 5428 per
861 5344 1086 5409 venerabilem
1108 5344 1243 5408 fratrem
1265 5352 1412 5410 nostrum
1437 5341 1711 5428 ..Magantiuum
1736 5344 1845 5409 archi-

112 5467 140 5506 m
192 5444 401 5530 episcopum,
432 5443 717 5529 metropolitanum
749 5451 859 5528 tuum,
890 5447 951 5512 rite
974 5447 1074 5512 suerit
1096 5446 1301 5530 confirmata,
1333 5455 1368 5513 et
1397 5445 1540 5512 eeclesia
1563 5444 1730 5512 Ouriensis
1753 5449 1845 5533 gravi

297 5701 321 5776 ¹)
340 5721 400 5757 cum
418 5705 518 5758 diverse
536 5733 568 5743 -
587 5707 695 5758 consiliu
711 5708 824 5774 cogitare
842 5724 873 5758 eu
890 5707 976 5778 Boprs
