4576 6390
767 407 967 464 EPISTOLAE
984 407 1173 464 SELECTAE.
1209 409 1285 463 1233.

465 637 650 731 Calippo
678 641 729 713 de
756 640 934 713 Ballaeh
961 639 1078 712 viam
1102 661 1344 733 agnoscere
1371 642 1588 716 veritatis,

307 787 450 853 Celestis
479 789 616 853 altitudo
640 789 769 853 consilii
801 794 834 852 et
862 787 1022 852 immensa
1052 788 1239 874 benignitas
1262 789 1327 855 Dei
1355 791 1481 855 excelsi
1508 797 1570 857 etc.
1599 797 1636 855 ut
1663 790 1695 854 in
1722 790 1851 870 litteris,

198 912 261 976 que
290 892 475 976 diriguntur
503 942 511 958 .
536 939 543 954 .
568 890 703 957 soldano
726 890 897 971 Damasci,
932 911 1013 975 quas
1043 891 1173 977 require
1203 893 1236 956 in
1265 892 1437 959 undecimo
1462 901 1620 979 quaterno
1648 894 1735 958 sexti
1764 894 1850 972 anni,

198 1017 302 1081 usqua
326 995 359 1059 in
381 995 490 1059 linem.
1447 1007 1450 1012 ’

135 1134 146 1173 ⁵
306 1117 345 1182 In
369 1115 509 1181 eundem
533 1114 663 1180 modum
686 1117 841 1202 seriptum
865 1122 915 1180 est
939 1165 947 1182 .
970 1165 978 1180 .
1001 1115 1259 1180 miramamolino
1268 1116 1290 1179 ¹.

305 1237 383 1303 Dat.
405 1236 559 1302 Laterau.
581 1236 650 1302 VII
672 1237 748 1302 Kal.
771 1236 870 1318 Iunii,
894 1257 978 1301 anno
1002 1237 1152 1322 septimo.

980 1707 1066 1781 5e8.

312 1820 501 1932 Gregorius
523 1848 580 1914 IX
597 1869 684 1929 popo
710 1848 859 1934 [sutrinae
879 1848 1088 1931 Morecceao]
1110 1848 1152 1913 A.
1175 1846 1350 1928 episcopam
1379 1849 1544 1913 Fecensem
1570 1853 1600 1913 et
1627 1848 1708 1913 elios
1733 1850 1852 1929 fratres

198 1954 320 2019 ordinis
341 1952 507 2016 Minorem
522 1973 586 2032 pro
607 1952 675 2016 eius
696 1953 892 2017 conversione
912 1952 1023 2017 missos
1045 1949 1246 2015 cmnnwudet.
1487 1954 1581 2030 1233,
1603 1951 1688 2017 Mai.
1711 1959 1764 2023 27.

303 2070 386 2142 (ἔτερ.
404 2071 454 2124 IX
471 2071 539 2139 Rep.
564 2071 619 2126 Vol.
638 2071 692 2139 IV,
712 2074 836 2131 36—37,·
854 2070 917 2124 Lib.
941 2070 1005 2134 VII,
1024 2072 1087 2124 135.

123 2163 147 2202 ¹⁰
300 2158 437 2226 Potthest,
454 2156 520 2226 Rep.
540 2159 622 2211 9207.

281 2353 424 2427 Nobili
450 2353 544 2427 viro
571 2351 925 2427 miramamolino
953 2351 1063 2424 viam
1091 2371 1330 2442 agnoscere
1359 2351 1569 2426 veritatis
1597 2358 1639 2428 et
1664 2353 1705 2428 in
1732 2377 1783 2429 ea

781 2472 973 2547 fideliter
998 2491 1268 2563 permanere.

304 2623 344 2688 In
367 2623 439 2689 aliis
463 2623 581 2688 litteris
601 2623 731 2699 uostris,
754 2644 835 2708 quas
858 2643 919 2708 per
938 2620 1076 2685 dilectos
1093 2620 1178 2684 filios
1200 2620 1319 2684 fratres
1341 2619 1382 2684 de
1406 2619 1519 2686 ordine
1535 2621 1699 2687 Minomm
1722 2627 1849 2709 magni-

198 2727 303 2791 tudini
326 2733 381 2791 tne
397 2726 589 2812 dirigimus,
619 2727 793 2792 veritatem
820 2724 879 2788 tihi
906 2721 1119 2788 ostendentes
1142 2721 1218 2785 fidei
1242 2721 1443 2804 Christiane,
1476 2725 1561 2810 patri
1585 2725 1741 2792 luminum
1765 2728 1849 2794 siout

122 2852 146 2888 u
199 2851 373 2915 possumus
397 2831 634 2916 supplicamus,
657 2835 693 2894 ut
716 2831 840 2915 pietate
865 2848 923 2891 sua
947 2826 1129 2911 respiciens
1153 2830 1264 2888 nostre
1288 2825 1477 2891 intentionis
1501 2828 1672 2910 affectum,
1695 2834 1849 2917 precibus

196 2933 317 2998 nostris
353 2934 497 2999 clemens
538 2933 693 3012 assistat,
726 2932 888 3016 benignus
928 2931 1071 3016 aspiret,
1110 2930 1308 3014 ianuamque
1350 2930 1573 2997 misericordie
1609 2953 1668 2998 sue
1703 2957 1849 3003 reserere

196 3035 360 3121 dignetur.
410 3036 607 3122 Adsperiat,
640 3057 754 3122 queso,
790 3055 886 3100 eures
915 3032 1159 3119 precordiorum
1186 3037 1336 3113 tuorum,
1366 3040 1402 3098 ut
1432 3034 1543 3118 nobis,
1575 3036 1761 3104 sitientibus
1790 3041 1849 3107 tibi

195 3139 334 3225 gratiam
363 3140 396 3202 in
428 3140 574 3226 presenti
604 3146 637 3204 et
665 3139 803 3224 gloriam
833 3138 867 3202 in
894 3137 1019 3217 futuro,
1050 3135 1281 3208 indevotione
1312 3136 1418 3202 eordis
1442 3145 1475 3202 et
1504 3139 1687 3206 humilitate
1716 3143 1848 3229 spiritus

195 3243 397 3328 acquiescas.
441 3241 674 3307 Desideramus
704 3241 865 3327 siquidem
894 3246 928 3304 et
956 3238 1110 3305 ardenter
1138 3238 1362 3325 deposcimus,
1395 3245 1430 3304 ut
1460 3241 1537 3320 tibi,
1568 3243 1623 3326 qui
1646 3244 1680 3307 in
1702 3246 1847 3312 tenebris
1866 3259 1944 3302 1·10h·
1961 3266 2001 3310 re-

118 3375 129 3412 s
196 3346 359 3426 ambulas,
394 3345 525 3411 unicum
557 3345 659 3410 lilium
691 3365 801 3424 suum,
836 3364 950 3408 rerum
982 3342 1110 3420 lumen,
1147 3340 1299 3406 ostendat
1331 3347 1429 3426 teque
1458 3342 1499 3406 ad
1533 3343 1631 3408 fidem
1661 3346 1847 3415 Christiane

194 3451 342 3515 veritatis
365 3448 622 3515 misericorditer
651 3449 788 3512 advocet
815 3449 849 3511 in
872 3446 1039 3531 agnitione
1064 3443 1211 3509 eiusdem
1233 3445 1292 3509 filii
1316 3445 1377 3524 sui,
1400 3443 1523 3511 domini
1546 3448 1624 3513 Iesu
1647 3449 1783 3533 Christi,
1813 3457 1849 3517 ut

195 3575 255 3640 per
277 3555 442 3618 lavacrum
464 3553 723 3638 regenerationis
747 3553 878 3618 ablutus
894 3549 1036 3613 Domino
1060 3548 1093 3611 in
1116 3549 1261 3614 novitate
1277 3549 1344 3614 vite
1368 3555 1533 3634 tamquam
1553 3553 1639 3617 filius
1662 3552 1848 3640 adoptionis

195 3657 299 3743 ipsius
321 3657 433 3720 valeas
457 3657 679 3742 complacere,
711 3656 765 3741 qui
794 3655 908 3719 fideles
939 3674 1015 3717 suos
1045 3650 1107 3715 sibi
1131 3651 1200 3715 uult
1226 3652 1261 3716 in
1289 3652 1399 3737 regnis
1426 3653 1604 3719 celestibus
1635 3676 1846 3740 conregnare.

197 3759 241 3823 Et
262 3759 386 3824 utinam
409 3758 528 3824 fiducia
550 3781 646 3846 quarn
670 3759 879 3845 concepimus
903 3778 968 3821 non
991 3756 1156 3836 fallamur,
1187 3755 1228 3820 de
1255 3761 1313 3821 tua
1339 3757 1571 3823 conversionel
1594 3765 1765 3845 sperantes
1788 3783 1846 3847 pro

118 3889 130 3927 r
197 3884 246 3943 eo,
271 3861 357 3948 quod
381 3861 544 3946 religiosis
567 3863 645 3927 viris
667 3863 745 3928 fidei
767 3868 877 3927 nostre
901 3867 934 3924 et
957 3860 1146 3946 specialiter
1166 3860 1350 3924 venerabili
1370 3861 1463 3926 fratri
1485 3867 1597 3926 nostro
1613 3862 1671 3929 A.²
1686 3862 1847 3928 Fecensi³

196 3965 352 4052 episeopo
377 3972 410 4031 et
438 3965 511 4029 aliis
533 3965 688 4030 iratribus
711 3965 752 4030 de
775 3965 888 4030 ordine
912 3964 1074 4028 Minorum
1104 3969 1137 4028 te
1161 3969 1367 4028 mansuetum
1390 3964 1530 4030 exhibes
1554 3971 1587 4030 et
1612 3965 1790 4052 benignum
1814 3975 1847 4035 et

196 4090 253 4133 eos
276 4069 309 4133 in
333 4068 450 4155 quihus
473 4067 569 4133 decet
597 4067 700 4134 habes
729 4069 924 4155 propensius
948 4066 1209 4148 commendatos,
1244 4065 1330 4151 quod
1353 4066 1395 4132 ad
1422 4068 1636 4134 salvationem
1659 4076 1748 4135 tuam
1770 4093 1846 4159 per-

196 4171 344 4259 spicuum
367 4170 522 4236 indicium
545 4170 654 4236 divine
678 4173 897 4237 miserationis
930 4171 1054 4236 existit.
1099 4169 1195 4235 Unde
1224 4170 1399 4256 episcopus
1428 4177 1461 4236 et
1487 4171 1605 4237 fratres
1628 4171 1782 4259 predicti,
1813 4181 1846 4240 te

196 4275 229 4338 in
253 4272 384 4339 Christo
413 4274 572 4340 sincerius
595 4274 788 4358 diligentes,
817 4275 1000 4360 temporale
1023 4280 1057 4339 et
1086 4279 1235 4338 eternum
1259 4273 1430 4339 comodum
1457 4281 1549 4340 tuum
1572 4275 1658 4362 apud
1680 4276 1789 4342 Deum
1813 4285 1847 4343 et

199 4377 311 4443 sedem
333 4379 545 4464 apostolicam
574 4377 741 4444 indefesso
769 4379 901 4465 pietatis
930 4376 1038 4442 studio
1067 4383 1100 4441 et
1129 4398 1239 4442 amore
1267 4383 1419 4463 satagunt
1447 4399 1650 4465 promovere.
1694 4380 1846 4468 Denique

197 4502 270 4546 cum
292 4480 476 4547 ineffabiles
506 4482 571 4546 sint
600 4480 756 4547 bonitatis
781 4481 904 4546 Christi
932 4479 1061 4562 divitie,
1089 4481 1214 4546 firmam
1246 4503 1338 4567 spem
1365 4482 1468 4548 debes
1495 4483 1620 4550 habere
1648 4485 1844 4572 plenamque

196 4571 359 4664 fiduciam,
383 4584 469 4669 quod
493 4585 520 4648 si
543 4585 680 4648 mutatio
697 4585 833 4650 dextere
850 4584 987 4649 Excelsi
1010 4585 1043 4648 in
1066 4591 1098 4649 te
1122 4584 1209 4650 scota
1228 4584 1337 4666 fuerit,
1361 4585 1447 4670 quod
1463 4588 1611 4674 cupimus
1634 4595 1669 4653 ct
1684 4596 1845 4675 optamus,

196 4687 268 4773 ipsa
291 4688 341 4752 tui
363 4688 565 4774 principatus
589 4687 748 4752 honorem
770 4687 914 4772 augebit,
939 4687 994 4772 qui
1017 4685 1230 4752 dilectoribus
1254 4688 1322 4751 suis
1346 4688 1379 4751 in
1401 4689 1455 4754 ria
1477 4691 1667 4778 centuplum
1690 4699 1723 4758 et
1746 4695 1846 4760 ritem
1864 4709 2018 4760 batth-rsa·

125 4815 128 4822 ¹
197 4796 344 4855 eternam
366 4792 400 4854 in
422 4791 529 4877 patria
551 4790 735 4877 pollicetur,
758 4811 883 4876 nosque
906 4790 968 4855 tibi
990 4789 1114 4854 maiora
1138 4797 1171 4856 et
1195 4789 1344 4876 digniora
1366 4790 1407 4855 ad
1430 4794 1620 4879 ampliorem
1644 4796 1693 4859 tui
1714 4797 1846 4865 laudem

120 4923 145 4964 u
198 4900 232 4960 et
254 4894 527 4980 magnificentiam
551 4895 804 4959 committemus.
849 4894 1023 4979 Alioquin,
1047 4895 1075 4958 si
1097 4893 1181 4960 sorte
1205 4894 1327 4959 Christi
1349 4895 1453 4960 hostis
1477 4918 1550 4962 esse
1573 4898 1726 4965 malueris
1749 4922 1845 4987 quarn

198 4998 332 5079 amicus,
355 4999 540 5064 nullatenus
558 4999 730 5086 patiemur,
754 5000 838 5064 siout
852 5020 913 5064 neo
930 4999 999 5084 pati
1015 4997 1183 5078 debemus,
1207 4997 1293 5084 quod
1308 4998 1404 5064 tibia
1424 5000 1491 5066 suis
1506 4999 1658 5067 fidelibus
1674 5004 1845 5069 serviatur.

303 5117 380 5186 Dat.
402 5118 555 5185 Lateran.
579 5125 675 5184 sexto
698 5117 866 5186 Kalendas
889 5118 986 5200 lunii,
1008 5139 1093 5184 anno
1118 5119 1268 5206 septimo.

489 5279 554 5284 .—...
875 5279 948 5286 ..η-η.-
955 5279 1198 5286 -..η-ο--ᾖ-

302 5379 323 5444 ·)
343 5381 534 5433 conversatione
552 5380 584 5431 li.

299 5513 327 5580 1)
345 5511 406 5568 Scit.
427 5512 542 5568 sotdereo
555 5513 732 5583 Mereccaae,
750 5515 796 5568 cui
809 5531 882 5584 prae
900 5513 995 5570 ceteris
1008 5514 1275 5570 Muhomedeaerum
1290 5517 1401 5588 regibus
1420 5533 1438 5570 a
1452 5516 1617 5573 Christianis
1633 5517 1685 5572 noc
1701 5530 1848 5586 cognomen

119 5622 145 5664 ω
196 5599 368 5655 attribuitur.
405 5599 448 5668 Cf.
466 5617 494 5654 a.
512 5603 576 5655 528.
681 5601 710 5669 2)
728 5600 883 5657 Secundum
900 5600 1074 5664 socratam,
1099 5600 1174 5655 Bau.
1192 5601 1295 5657 Fratre.
1313 5609 1331 5658 t.
1351 5605 1381 5672 Ι,
1404 5620 1435 5673 p.
1453 5608 1522 5673 107,
1546 5608 1601 5660 aet.
1619 5620 1651 5672 o,
1677 5603 1737 5659 eius
1753 5615 1849 5658 neruo

197 5685 331 5757 Agroetius
348 5690 416 5746 eret.
502 5685 529 5759 ³)
548 5687 592 5744 De
609 5685 674 5742 Fer.
