4448 6420
986 365 1035 425 rx
1051 335 1209 424 novoen
1226 365 1267 422 ιιι
1285 363 1466 424 arorsrno

724 657 733 676 .
762 659 771 676 .
799 601 1073 676 Ariminensi
1099 605 1142 674 et
1171 658 1179 674 .
1208 657 1217 674 .
1246 598 1467 672 Brixiensi
1495 595 1731 688 episcopis.

507 749 590 814 Cum
612 770 723 814 curam
746 748 933 835 extirpandi
954 748 1150 833 pravitatem
1172 748 1351 812 hereticam
1374 746 1414 812 de
1438 745 1605 834 provincia
1626 742 1823 809 Lombardie
1846 741 1924 821 tibi,
1950 739 2051 804 frater

400 853 594 935 Brixiensis,
618 859 651 918 et
673 851 853 917 venerabili
868 851 963 916 fratri
984 857 1094 915 nostro
1112 901 1119 916 .
1137 901 1145 915 .
1162 850 1342 915 Mutinensi
1366 850 1547 936 episcopol
1570 846 1840 926 commiserimus,
1864 852 1898 909 et
1920 843 2050 908 demum

401 955 509 1042 ipsum
539 956 760 1020 Mutinensem
794 954 1038 1019 desiderantem
1069 953 1111 1018 ab
1139 953 1217 1017 olim
1243 959 1374 1040 portare
1401 973 1520 1016 nomen
1547 951 1671 1015 domini
1691 949 1769 1014 Iesu
1792 948 1915 1012 Christi
1942 967 2050 1011 coram

400 1058 538 1123 ducibus
574 1065 608 1123 et
640 1058 794 1144 gentibus
824 1057 1041 1120 Prutenorum
1075 1063 1108 1121 et
1140 1077 1244 1143 nuper
1278 1077 1297 1120 a
1329 1055 1497 1135 fidelibus,
1531 1054 1587 1140 qui
1618 1061 1693 1119 sunt
1726 1053 1760 1117 in
1793 1051 1943 1139 partibus
1975 1050 2050 1130 illis,

399 1161 635 1227 instantissime
659 1162 860 1248 postulatum
881 1161 959 1224 illuc
982 1159 1023 1224 de
1046 1159 1183 1224 fratrum
1198 1165 1384 1224 nostrorum
1408 1159 1543 1223 consilio
1567 1158 1738 1222 duximusa
1755 1153 1994 1233 destinandum,
2017 1160 2053 1216 ut

271 1284 317 1328 roe.
331 1291 385 1338 aaa.
401 1266 514 1352 populi
543 1265 648 1329 adhuc
676 1265 881 1330 ambulantes
910 1264 944 1327 in
967 1263 1111 1327 tenebris
1142 1284 1202 1348 per
1224 1263 1441 1327 ministerium
1464 1262 1534 1326 eius
1556 1260 1629 1325 Deo
1658 1268 1767 1325 actore
1791 1259 1924 1325 videant
1945 1258 2052 1321 lucem

400 1388 569 1452 magnam:
605 1389 647 1432 ne
682 1388 763 1454 opus
797 1364 983 1452 extirpandi
1015 1366 1210 1451 pravitatem
1244 1365 1425 1450 predictam
1460 1364 1649 1428 inchoatum
1683 1363 1824 1428 feliciter
1857 1383 1916 1448 per
1949 1361 2052 1446 ipsius

400 1469 597 1534 Mutinensis
619 1470 800 1536 absentiam
825 1475 993 1534 remaneat
1015 1468 1260 1554 imperfectum,
1283 1475 1332 1548 te,
1360 1467 1462 1532 frater
1483 1466 1717 1542 Ariminensis,
1745 1465 1785 1530 dc
1810 1467 1903 1530 cuius
1921 1466 1998 1528 aelo
2022 1469 2055 1528 et

400 1572 575 1659 prudentia
597 1579 721 1638 certam
743 1571 902 1637 habemus
925 1571 1087 1650 fiduciam,
1111 1570 1218 1636 eidem
1241 1571 1274 1634 in
1298 1570 1483 1635 huiusmodi
1505 1573 1638 1655 negotio
1655 1570 1838 1634 curavimus
1862 1570 2053 1653 subrogare.

401 1674 547 1760 Ideoque
571 1675 767 1741 fraternitati
789 1683 899 1741 vestre
929 1696 988 1762 per
1016 1674 1198 1760 apostolica
1220 1675 1342 1760 scripta
1364 1673 1570 1754 mandamus,
1594 1674 1746 1758 quatinus
1769 1671 1802 1735 in
1823 1672 1958 1756 negotio
1983 1671 2054 1757 ipso

402 1779 507 1843 solum
536 1777 644 1843 Deum
682 1778 842 1844 habentes
878 1800 935 1865 pre
973 1777 1076 1842 oculis
1111 1776 1296 1863 procedatis
1326 1777 1463 1840 viriliter
1495 1782 1527 1840 et
1562 1781 1766 1855 constanter,
1802 1774 1842 1840 de
1874 1775 2055 1860 apostolice

403 1879 491 1946 sedis
514 1880 626 1948 favore
650 1883 825 1968 inquibus
849 1881 1014 1945 videbitur
1037 1879 1193 1966 expedire
1217 1881 1335 1945 securi.
1381 1879 1465 1953 Quia
1488 1881 1588 1964 igitur
1611 1881 1644 1944 in
1667 1881 1798 1944 civitate
1822 1879 1937 1943 Brixis
1962 1879 2057 1964 quasi

403 1983 543 2069 quodam
559 1985 778 2052 hereticorum
794 1985 959 2049 domicilio
983 1984 1048 2070 ipsi
1064 1984 1203 2049 heretici
1228 1989 1262 2049 et
1286 2004 1398 2047 eorum
1413 1982 1559 2047 fautores
1577 2004 1682 2069 nuper
1697 1983 1730 2047 in
1747 1989 1871 2047 tantam
1886 1983 2057 2048 vesaniam

401 2095 635 2175 proruperunt,
671 2095 707 2152 ut
745 2089 877 2153 armatis
914 2087 1058 2152 turribus
1096 2094 1209 2152 contra
1247 2087 1425 2152 catholicos
1460 2108 1525 2151 non
1562 2087 1668 2151 solum
1704 2088 1859 2152 ecclesias
1898 2086 2055 2172 quasdam
2107 2117 2128 2154 n

402 2190 625 2256 destruxerint
646 2192 807 2256 incendiis
832 2198 864 2256 et
887 2191 999 2271 ruinis,
1022 2191 1251 2256 verumetiam
1274 2191 1404 2255 iactatis
1427 2191 1552 2254 facibus
1569 2190 1758 2255 ardentibus
1783 2212 1826 2256 ex
1849 2189 1976 2256 eisdem
2000 2211 2056 2255 ore

401 2293 595 2379 blasphemo
629 2293 748 2359 latrare
790 2294 1067 2380 presumpserint,
1109 2292 1195 2379 quod
1228 2291 1554 2358 excommunicabant
1590 2292 1771 2357 Romanam
1809 2294 1987 2360 ecclesiam
2025 2299 2059 2356 et

403 2403 580 2482 sequentes
596 2395 776 2461 doctrinam
792 2395 957 2461 eiusdem:
981 2396 1132 2461 volumus
1156 2401 1189 2460 et
1211 2394 1414 2472 mandamus,
1437 2401 1475 2459 ut
1497 2396 1595 2459 turris
1611 2394 1816 2460 dominorum
1833 2396 1873 2462 de
1891 2395 2059 2461 Gambara

403 2507 437 2565 et
459 2501 557 2564 turris
580 2499 762 2585 Ugonium,
791 2498 889 2563 turris
912 2519 1040 2585 quoque
1065 2497 1277 2579 Orianorum,
1311 2504 1345 2563 et
1367 2498 1465 2562 turris
1495 2498 1636 2563 filiorum
1659 2497 1821 2584 quondam
1844 2498 1986 2580 Botatii‚
2017 2497 2058 2562 de

403 2602 519 2688 quibus
556 2603 733 2689 specialius
768 2608 802 2667 et
832 2602 1058 2667 vehementius
1093 2600 1134 2665 ad
1166 2601 1309 2666 insanias
1344 2600 1530 2665 huiusmodi
1567 2609 1617 2666 est
1647 2597 1853 2688 proces'sum,
1887 2601 2058 2666 diruantur

404 2707 534 2771 omnino
558 2711 592 2770 et
613 2727 716 2791 usque
740 2704 781 2770 ad
812 2711 899 2771 terre
922 2707 1091 2792 pulverem
1115 2704 1344 2778 detrahantur,
1373 2725 1438 2767 non
1468 2703 1687 2769 reedificando
1718 2705 1758 2769 de
1789 2711 1899 2770 cetero
1932 2706 2058 2790 absque

405 2808 493 2874 sedis
515 2810 694 2894 apostolice
716 2809 852 2874 licentia
875 2808 1021 2894 speciali,
1046 2806 1103 2872 sed
1126 2808 1160 2871 in
1182 2829 1319 2872 acervos
1342 2807 1488 2893 lapidum
1510 2806 1552 2870 ad
1568 2808 1756 2872 memoriam
1779 2814 1813 2871 et
1834 2808 2057 2872 testimonium

403 2932 489 2997 pene
517 2917 607 2977 tante
634 2913 766 2977 vesanie
796 2913 944 2996 tantique
976 2912 1120 2976 criminis
1152 2933 1383 2998 permansuro,
1416 2919 1514 2997 atque
1545 2911 1579 2974 in
1609 2911 1725 2976 eadern
1755 2910 1964 2975 damnatione
1994 2910 2059 2974 sint

404 3019 527 3094 turres,
561 3035 624 3099 que
663 3021 739 3079 sunt
774 3014 814 3079 oh
848 3034 980 3078 causam
1015 3013 1201 3079 huiusmodi
1234 3015 1299 3078 iarn
1333 3013 1510 3079 destructe.
1555 3014 1630 3080 Alie
1657 3034 1735 3080 vero
1764 3020 1886 3095 turres,
1922 3034 2058 3099 quarum

405 3117 541 3200 domini,
572 3119 634 3183 etsi
660 3119 702 3184 ad
729 3119 812 3183 tanti
838 3118 957 3182 furoris
986 3118 1111 3182 rabiem
1140 3139 1205 3182 non
1235 3118 1476 3204 processerint,
1508 3139 1564 3183 eas
1594 3125 1704 3183 tamen
1734 3123 1846 3182 contra
1878 3117 2057 3182 catholicos

405 3221 601 3300 munierunt,
624 3241 728 3305 usque
752 3220 792 3284 ad
815 3221 947 3285 tertiam
968 3228 1094 3308 partem
1116 3223 1170 3286 vel
1192 3242 1295 3306 usque
1320 3220 1361 3284 ad
1384 3220 1525 3286 mediam
1541 3223 1686 3307 pensetis
1710 3242 1907 3286 excessuum
1931 3220 2059 3306 quanti-

405 3323 527 3388 tatibus
550 3322 735 3404 diruantur,
766 3344 828 3388 nec
852 3325 1022 3388 eleventur
1043 3325 1084 3389 de
1108 3331 1236 3404 cetero,
1268 3324 1332 3387 nisi
1361 3323 1394 3387 id
1427 3325 1609 3409 apostolica
1638 3323 1738 3388 fuerit
1767 3324 1962 3389 auctoritate
1985 3345 2059 3410 per-

404 3427 551 3490 missum.
595 3425 713 3491 Nullus
737 3433 847 3492 autem
871 3448 993 3508 eorum,
1016 3428 1071 3513 qui
1093 3427 1286 3492 nominatim
1309 3429 1582 3492 excommunicati
1606 3433 1682 3491 sunt
1704 3427 1764 3490 hac
1788 3428 1828 3493 de
1852 3448 1966 3500 causa,
1990 3427 2058 3490 sive

407 3531 471 3595 sint
494 3529 631 3594 heretici
653 3529 723 3594 sive
739 3530 884 3616 ipsorum
899 3530 1054 3612 fautores,
1078 3530 1294 3596 absolutionis
1316 3530 1513 3596 beneficium
1530 3537 1734 3616 assequatur,
1758 3531 1820 3594 nisi
1841 3531 2060 3617 personaliter

406 3633 682 3719 adapostolicam
705 3633 819 3697 sedern
845 3633 1039 3713 accesserit,
1069 3633 1150 3697 illud
1177 3634 1344 3699 humiliter
1371 3635 1551 3720 petiturus,
1584 3641 1723 3720 excepto
1751 3633 1922 3698 dumtaxat
1945 3634 2057 3698 mortis

406 3737 557 3818 articulo,
592 3737 624 3801 in
659 3758 722 3823 quo
755 3737 906 3802 nolumus
942 3736 1182 3802 absolutionem
1220 3739 1409 3824 petentibus
1443 3737 1625 3822 denegare,
1660 3745 1693 3802 et
1727 3738 1875 3823 exceptis
1908 3737 2057 3823 personis

404 3841 549 3922 illorum,
580 3862 716 3926 quorum
744 3847 850 3906 turres
879 3841 920 3906 ob
948 3863 1079 3906 causam
1107 3840 1287 3928 predictam
1310 3842 1417 3907 dirute
1440 3848 1515 3906 sunt
1542 3843 1596 3907 vel
1624 3841 1730 3906 adhuc
1758 3842 1857 3905 etiam
1880 3841 2059 3920 diruentur,

406 3943 543 4028 quibus,
574 3956 647 4008 c'um
675 3943 897 4009 misericordie
928 3944 970 4008 sit
999 3937 1275 4008 reminiscendum
1304 3944 1423 4025 inira,
1457 3945 1676 4030 permittimus
1699 3967 1758 4031 per
1780 3965 1838 4008 vos
1861 3944 2058 4009 beneficium

406 4046 620 4111 absolutionis
643 4046 798 4133 impendi,
823 4048 851 4111 si
873 4047 1021 4110 videritis
1045 4047 1219 4133 expedire?
1259 4047 1379 4114 Olerici
1402 4068 1530 4133 quoque
1553 4048 1774 4113 hereticorum
1798 4055 1831 4112 et
1854 4047 2058 4112 credentium

406 4171 443 4214 ac
472 4148 681 4214 defensorum
709 4151 783 4230 filii,
815 4151 870 4235 qui
903 4151 1130 4215 ecclesiastica
1157 4152 1305 4217 obtinent
1332 4152 1509 4232 beneficia,
1545 4153 1586 4218 ab
1618 4174 1730 4217 eorum
1759 4152 1972 4237 perceptione
2000 4172 2059 4236 per
2105 4183 2128 4221 a

405 4253 582 4317 triennium
597 4253 651 4318 vel
666 4254 817 4339 amplius,
842 4254 869 4317 si
886 4274 1022 4338 quorum
1041 4255 1136 4340 culpa
1158 4254 1191 4318 id
1213 4256 1364 4340 exigerit,
1388 4256 1638 4342 suspendantur.
1685 4254 1845 4328 Quocirca
1860 4255 2058 4319 fraternitati

404 4362 513 4420 vestre
544 4354 690 4420 districte
719 4356 930 4442 precipiendo
957 4357 1165 4438 mandamus,
1195 4359 1347 4443 quatinus
1374 4357 1460 4423 detis
1490 4380 1622 4446 operam
1652 4358 1836 4438 efficacem,
1869 4364 1905 4422 ut
1928 4379 1968 4421 ea
1990 4378 2053 4442 quc

404 4458 611 4546 premisimus
636 4459 767 4523 effectui
790 4460 1035 4546 mancipentur3
1063 4461 1223 4527 facientes
1253 4468 1289 4526 ut
1318 4461 1403 4546 quod
1431 4461 1631 4547 providimus
1662 4461 1703 4527 de
1733 4482 1798 4525 non
1827 4460 2058 4526 reedificandis

405 4561 551 4626 turribus
576 4560 784 4647 supradictis,
807 4563 841 4625 in
864 4564 1005 4628 civitatis
1029 4564 1213 4630 Brixiensis
1237 4572 1358 4630 statuto
1381 4566 1512 4652 publico
1537 4566 1771 4631 conscribatur.

514 4657 589 4747 Dat.
612 4681 767 4748 Lateran.
785 4673 822 4746 ¹V
843 4681 922 4748 Idus
945 4683 1099 4768 Ianuarii,
1123 4707 1208 4752 anno
1232 4708 1329 4752 nono.

1189 5067 1275 5139 265.

521 5155 708 5250 Honorias
729 5185 794 5252 111
811 5207 902 5268 papo
931 5188 1043 5252 eisdem
1064 5189 1212 5268 amedei,
1242 5194 1278 5254 at
1306 5211 1327 5254 a
1355 5192 1435 5254 clero
1461 5191 1581 5270 aliquot
1609 5189 1762 5254 diocesem
1783 5189 1994 5255 Lombardioe
2021 5191 2064 5255 ad

405 5287 623 5352 relevationem
644 5287 840 5369 walacram,
863 5310 942 5370 quae
964 5291 1108 5355 catholici
1123 5291 1312 5358 Briaieaocs
1331 5294 1472 5374 perpessi
1490 5293 1563 5371 siat,
1580 5294 1750 5374 maceniam
1770 5293 1909 5372 conferri
1926 5289 2060 5378 sdciaat.

508 5441 583 5494 non.
602 5443 656 5495 ιιι
670 5441 739 5511 neq.
758 5441 820 5496 nro.
839 5443 896 5511 rx,
913 5447 974 5497 ιιι.
1727 5397 1821 5477 1225,
1846 5397 1921 5465 Ian.
1945 5400 1974 5464 9.

510 5648 536 5718 l)
561 5649 708 5704 Wilbelrrw.
1247 5653 1268 5720 ¹)
1288 5655 1333 5721 leq.
1352 5655 1508 5706 duxerimus.
