4560 6420
425 429 488 496 732
1093 425 1398 486 ADDITAMENTUM.

425 625 578 690 egressus
600 610 740 693 pateret,
765 611 799 670 ct
821 605 876 692 qui
900 610 1105 694 caperentur,
1128 607 1205 692 lugo
1229 612 1341 671 essent
1356 606 1524 672 servitutis
1545 605 1678 674 addicti.
1718 603 1925 693 Suffraganei
1950 626 2085 695 quoque

426 708 568 773 civitatis
607 710 712 796 ipsius
749 707 790 774 ad
828 709 1086 775 consecrationis
1122 731 1240 774 munus
1278 708 1534 797 recipiendlum,
1567 710 1662 796 pueri
1698 708 1739 774 ad
1772 707 2013 798 crislmandum
2052 717 2086 776 at

425 813 592 899 litigantes
622 814 664 878 ad
692 814 848 880 iudicium
884 814 962 879 illuc
992 813 1150 880 accedere
1181 814 1408 901 prohibentur.
1452 815 1611 880 Preterea
1638 812 1762 879 iaciens
1790 814 1973 880 exercitum
2004 835 2084 878 con-

425 919 571 1002 gregari,
607 924 766 1004 occupato
795 917 934 1003 quodam
958 925 1066 982 castro
1090 919 1231 984 ecclesie
1254 918 1429 998 violenter,
1464 918 1612 983 civitates
1641 923 1674 982 et
1697 917 1817 1003 oppida
1838 939 1899 1003 per
1921 917 2082 1004 patrimo-

423 1022 516 1085 nium
554 1027 589 1087 et
624 1020 789 1108 [ducatum
825 1018 965 1109 Spoleti]
1001 1023 1121 1086 litteris
1160 1026 1193 1086 et
1229 1022 1420 1087 muneribus
1455 1019 1655 1107 dampnabili
1692 1018 1848 1086 aviditate
1887 1021 2080 1102 sollicitat¹,
2146 1035 2159 1073 ⁵

424 1125 586 1190 vassallos
610 1126 750 1191 ecclesie
774 1125 956 1190 terroribus
979 1133 1013 1190 et
1034 1124 1203 1190 blanditiis
1227 1123 1267 1188 ad
1292 1147 1327 1190 se
1344 1126 1453 1190 nitens
1470 1125 1635 1190 attrahere
1659 1130 1693 1188 et
1714 1145 1734 1188 a
1755 1123 1819 1188 fide
1841 1146 1881 1189 ac
1903 1124 2082 1189 devotione

424 1227 514 1292 sedis
538 1229 719 1314 apostolice
744 1249 909 1316 separare.
955 1227 1029 1293 Hoc
1062 1235 1172 1292 autem
1200 1227 1275 1292 ideo
1297 1227 1392 1292 vobis
1418 1225 1574 1316 [breviter
1596 1225 1813 1315 nuntialmus,
1843 1249 1885 1293 ne
1908 1228 1998 1314 apud
2023 1249 2083 1292 vos

423 1332 546 1396 veritas
569 1331 750 1398 mendaciis
784 1332 1008 1398 obumbretur.
1052 1331 1144 1396 Nulli
1171 1332 1271 1416 igitur
1294 1332 1425 1396 omnino
1448 1331 1605 1408 credatis,
1628 1331 1683 1416 qui
1706 1331 1835 1410 verbis,
1867 1331 1999 1417 seriptis
2023 1337 2082 1396 aut

424 1437 548 1501 nuntiis
567 1436 740 1523 quicquam
756 1436 850 1502 vobis
874 1443 986 1502 contre
1001 1437 1216 1523 prescriptam
1232 1441 1425 1521 suggereret
1441 1437 1624 1516 veritatem,
1648 1435 1723 1521 quia
1737 1432 1908 1520 ta[nquam
1923 1434 2083 1498 salsitatis

424 1534 559 1624 ii]gulus
582 1546 671 1606 esset
699 1542 879 1606 averitate
910 1542 1041 1628 penitus
1070 1540 1210 1606 alienus.
1255 1539 1416 1614 Quocirca
1448 1540 1643 1604 fraternitati
1673 1545 1781 1604 vestre
1809 1559 1870 1626 per
1897 1538 2083 1623 apostolica

425 1643 547 1729 scripta
577 1645 610 1707 in
638 1645 757 1710 virtute
787 1644 975 1710 obedientie
1003 1642 1150 1708 districte
1181 1643 1392 1730 precipiendo
1416 1635 1624 1725 mandamus,
1653 1642 1806 1728 quatinus
1830 1640 1892 1705 hec
1916 1660 1981 1726 que
2004 1662 2082 1727 pre-

424 1746 524 1810 missa
555 1744 646 1833 s[unt
673 1744 767 1835 pert·
797 1748 947 1813 civitates
978 1753 1011 1814 et
1045 1747 1195 1813 dioceses
1225 1754 1355 1813 vestras
1383 1748 1611 1835 sollempniter
1632 1747 1854 1834 publicantes,
1885 1744 2018 1809 iacietis
2043 1766 2085 1808 ea

425 1848 661 1917 inviolabiliter
683 1852 850 1918 observari
873 1853 1020 1938 aliasque
1035 1872 1094 1939 pro
1111 1852 1255 1917 ecclesia
1277 1858 1381 1916 matre
1404 1859 1513 1917 vestra
1537 1851 1630 1916 stetis
1653 1847 1794 1915 fideliter
1817 1854 1851 1913 et
1875 1855 2083 1912 constanter.

532 1970 655 2037 Datum
677 1972 818 2054 Perusii,
842 1971 894 2037 III
919 1970 1100 2061 [Kalendas
1125 1969 1340 2059 Septembris]
1365 1972 1573 2060 pontificatus
1596 1971 1700 2037 nostri
1721 1991 1806 2035 anno
1830 1965 2018 2057 [secundol.

1043 2229 1456 2238 --.----

1206 2527 1292 2600 833.

531 2639 722 2752 Greporius
749 2668 807 2734 IX
833 2689 919 2751 papa
948 2667 1137 2734 Lombardis
1164 2668 1313 2748 concedet,
1351 2671 1387 2731 ut
1416 2668 1678 2750 quotienscunque
1707 2670 1874 2749 imperator
1904 2667 2075 2733 1666666666

422 2772 555 2837 Italiam
584 2773 709 2838 intrare
737 2773 883 2852 uoluerit,
916 2773 1102 2858 [6666666666
1136 2772 1330 2838 concmdiam
1366 2769 1571 2838 Constantine
1603 2771 1736 2856 initam]
1770 2773 1946 2836 societatem
1966 2773 2084 2854 faeere

419 2876 550 2956 possint,
573 2876 671 2942 seteis
692 2877 829 2941 smuitiis
850 2876 1091 2957 imperatoribus
1108 2874 1323 2957 praestandis.
1560 2873 1654 2952 1235,
1677 2873 1866 2956 Iud—fine
1888 2875 1995 2955 Sept.²

528 2994 578 3049 ss
596 2993 707 3050 Summa
726 2995 837 3051 dictam.
858 2995 923 3050 Coei.
941 2995 1033 3051 666665.
1050 3012 1073 3051 6.
1091 2995 1178 3049 XIII
1194 2995 1268 3052 Bibl.
1294 2995 1372 3050 Unio.
1392 2995 1476 3064 Prap.
1493 2995 1577 3064 XIV,
1600 2994 1638 3048 H.
1656 2998 1699 3057 10,
1721 2993 1752 3049 V.
1772 2993 1812 3049 Ct.
1836 2994 1877 3050 W.
1901 2995 2086 3050 Wattenbaet

422 3081 567 3151 epistotam
585 3082 742 3153 rescripsit,
760 3081 870 3149 Arenio,
890 3088 908 3136 t.
927 3082 966 3149 X,
978 3099 1009 3152 p.
1028 3085 1095 3146 669,-
1111 3083 1252 3137 6666666666
1270 3083 1364 3148 etiam,
1382 3089 1413 3138 ut
1431 3083 1501 3137 666666
1512 3087 1615 3150 'monet
1633 3083 1664 3135 666
1684 3079 1749 3135 eoa.
1767 3078 1841 3133 Bibt.
1862 3077 1940 3135 Caes.
1962 3079 2083 3136 Vindob.

422 3166 523 3221 Pbitol.
542 3171 611 3232 427,
636 3184 709 3221 nunc
727 3171 792 3234 637,
810 3169 923 3233 Arabio,
942 3171 960 3222 t.
979 3169 1022 3233 X,
1037 3186 1067 3239 p.
1087 3173 1152 3224 528.
1197 3169 1355 3239 Epictetum
1377 3171 1407 3223 666
1425 3171 1518 3224 6616666
1529 3171 1626 3239 fidam
1644 3184 1702 3223 esse
1719 3167 1796 3221 credi
1811 3183 1867 3220 66666
1883 3170 1990 3236 potest·
2014 3185 2081 3222 666666
2130 3181 2154 3221 so

422 3254 447 3320 1)
466 3253 602 3307 nonuutta
619 3254 702 3308 666656
720 3255 751 3308 in
768 3271 801 3309 ea
823 3256 967 3323 manifeste
988 3261 1120 3325 compto
1139 3257 1219 3320 sunt,
1244 3254 1448 3325 propterquod
1468 3255 1588 3324 formam
1611 3255 1798 3310 correctiorem
1819 3253 1943 3308 extitisse
1965 3257 2083 3323 oportet,

422 3355 506 3406 quam
537 3341 722 3395 authenticam
743 3341 832 3410 fuisse
858 3340 1041 3406 arbitramur,
1066 3345 1095 3406 2)
1113 3341 1195 3395 etiam
1224 3340 1366 3395 amborum
1388 3340 1540 3394 moderatio
1563 3346 1588 3394 et
1607 3338 1731 3408 prouida
1756 3337 1943 3393 concessionis
1963 3340 2082 3394 circum·

422 3424 550 3495 scriptio,
568 3426 653 3480 salvis
670 3433 732 3492 etc,
750 3428 935 3482 auiuentieum
951 3427 1102 3496 resipiant,
1122 3429 1150 3493 3)
1168 3443 1212 3481 res
1229 3427 1258 3480 in
1276 3426 1394 3496 epistota
1412 3425 1691 3489 6666661666666666,
1717 3443 1787 3494 quae
1799 3427 1850 3479 aab
1863 3425 1949 3492 finem
1962 3443 1987 3480 a.
2008 3430 2083 3480 1235

423 3519 576 3578 sumerent,
595 3513 668 3568 sicut
685 3513 765 3582 infra
782 3515 993 3583 demonstratur,
1011 3513 1110 3582 optime
1128 3518 1292 3584 6669666661.

425 3709 672 3803 Gregorius
713 3711 952 3803 episcopus
993 3731 1155 3784 servus
1195 3731 1434 3784 servornm
1475 3707 1552 3782 Dei
1595 3709 1774 3782 dilectis
1813 3709 1856 3782 in
1892 3707 2079 3783 Christo

543 3832 652 3906 tiliis
679 3832 886 3907 omnibus
910 3831 1170 3905 Lombardis
1196 3831 1487 3923 presentibus
1514 3833 1559 3901 et
1584 3829 1748 3902 futuris
1774 3831 1966 3904 salutem

850 3957 891 4027 et
917 3945 1246 4045 apostolicamh
1273 3950 1654 4028 benediccionem.

532 4101 640 4166 Aures
674 4099 856 4186 apostolice
887 4099 1055 4185 dignitatis
1089 4105 1180 4164 tanto
1210 4121 1271 4165 nos
1299 4099 1396 4165 decet
1426 4100 1585 4164 inclinare
1619 4099 1793 4184 benignius
1823 4098 1865 4164 ad
1895 4098 2080 4165 audiendas

425 4204 683 4292 supplicancium
712 4204 916 4284 voluntates,
947 4210 1069 4289 quanto
1092 4202 1124 4267 id
1147 4202 1233 4288 quod
1264 4202 1420 4269 suadetur
1449 4209 1483 4268 et
1505 4203 1653 4289 queritur
1678 4204 1899 4289 peramplius
1923 4205 2081 4269 convenit

528 4465 552 4533 ⁸)
571 4465 635 4517 baec
651 4484 699 4517 nos
716 4467 896 4532 suppleamus,
913 4483 970 4516 mem
988 4467 1073 4518 attero
1090 4484 1128 4533 ep.
1145 4465 1174 4517 in
1184 4468 1241 4534 fine
1258 4467 1291 4518 ab
1309 4467 1358 4518 bae
1375 4467 1506 4533 discrepet.
1587 4465 1613 4532 b)
1632 4473 1742 4534 optatam
1760 4465 1816 4518 cod.

525 4603 551 4668 1)
570 4601 726 4670 Praecipue
739 4617 792 4672 per
805 4601 964 4656 Oonrodam
975 4601 1150 4670 0666666666,
1169 4603 1203 4658 de
1220 4619 1274 4674 quo
1291 4603 1329 4674 cs.
1343 4604 1374 4658 V.
1389 4602 1469 4672 Grec.
1479 4604 1530 4658 IX
1546 4620 1592 4674 op.
1611 4601 1765 4667 Muratori,
1782 4599 1830 4654 SS.
1848 4615 1901 4653 rer.
1919 4598 1956 4653 It.
1974 4601 1994 4652 t.
2015 4599 2081 4666 III,

416 4704 489 4758 pars
499 4687 526 4752 I,
533 4704 561 4756 p.
573 4690 636 4750 577,
648 4687 683 4740 Β.
752 4687 779 4753 2)
798 4687 931 4757 Epistola
941 4687 1022 4742 etiam
1037 4689 1074 4744 ad
1082 4708 1108 4746 a.
1119 4693 1188 4744 1231
1197 4691 1302 4758 referri
1308 4693 1410 4760 posset,
1428 4705 1482 4760 quo
1492 4704 1567 4744 anuo
1577 4689 1632 4742 Iut.
1643 4692 1746 4742 12-15
1764 4687 1881 4741 cometas
1891 4684 2080 4740 lombardiae

419 4778 554 4827 renouata
571 4774 619 4839 est,
635 4772 691 4827 nisi
707 4773 793 4828 uerbo
805 4773 911 4828 intrare
929 4805 961 4814 —
981 4775 1122 4831 Ytalioam
1139 4776 1282 4846 regionem
1301 4778 1451 4841 obstarent,
1470 4792 1530 4830 eum
1545 4777 1698 4847 imperator
1716 4779 1780 4827 tunc
1797 4772 1925 4841 ternporis
1943 4772 1974 4824 in
1990 4788 2081 4842 repro

419 4859 509 4929 fuerit
533 4874 583 4914 nec
607 4858 687 4913 curia
714 4866 817 4914 terram
839 4859 1036 4931 Lemborriiae,
1063 4862 1174 4934 quondo
1197 4879 1255 4918 eam
1280 4863 1396 4933 reliquis
1414 4862 1597 4933 paeninsulae
1615 4861 1746 4933 partibus
1770 4859 1934 4929 opponebat,
1961 4859 2080 4913 Italiam

421 4945 582 5017 simpliciter
599 4961 698 5002 uocare
715 4946 891 5002 comueuerit.
938 4947 1074 5019 Greporio
1091 4950 1142 5004 IX
1163 4935 1251 5004 sertem
1273 4951 1454 5020 apostoticam
1475 4951 1610 5005 obtinente
1636 4951 1785 5019 imperator
1806 4946 1848 5000 bis
1870 4947 1901 5000 in
1920 4943 2077 5001 6666666666

417 5033 484 5104 suit,
502 5050 529 5088 a.
548 5036 629 5101 1235,
648 5032 848 5102 Μ66.-1236,
865 5034 938 5105 Aup.
957 5040 982 5090 et
1000 5054 1028 5090 a.
1047 5039 1128 5104 1236,
1147 5037 1214 5091 Dec.
1221 5033 1343 5102 -1237,
1362 5040 1444 5107 Aup,
1461 5043 1487 5091 et
1505 5051 1565 5090 cum
1577 5034 1727 5090 Lambardi
1744 5049 1770 5088 a.
1789 5035 1870 5102 1235,
1889 5033 1994 5088 Nous
2013 5039 2042 5088 et
2061 5039 2079 5088 7

419 5120 572 5174 societatem
598 5135 678 5174 suam
703 5119 793 5174 denuo
821 5121 991 5188 iurauerint,
1020 5121 1333 5188 Hortarii-Brittones,
1360 5123 1377 5178 i.
1402 5138 1425 5176 c.
1443 5129 1462 5177 t.
1481 5122 1535 5188 IV,
1554 5139 1585 5192 p.
1605 5123 1780 5189 796-796,
1807 5119 1949 5189 epistotam
1972 5123 2079 5176 6661666

419 5223 446 5260 6.
465 5209 538 5261 1235
556 5205 744 5260 attribuimus.
780 5206 854 5260 Eam
871 5207 927 5260 iam
949 5224 1039 5262 mense
1056 5207 1111 5262 Iul.
1133 5207 1246 5264 missam
1268 5225 1327 5264 csse
1348 5209 1428 5264 ualde
1448 5209 1530 5263 nobis
1544 5206 1691 5278 probabite
1709 5211 1756 5260 est.
1793 5205 1867 5259 Nom
1889 5211 1946 5260 tum
1968 5207 2078 5262 demam

419 5309 460 5362 ep.
485 5295 541 5346 655
561 5292 642 5361 ptrue
669 5291 857 5362 intettipimus,
885 5293 915 5346 in
941 5310 997 5361 qao
1021 5311 1047 5346 a.
1066 5295 1238 5363 1235.Sept.
1256 5299 1296 5349 20
1313 5312 1394 5366 papa
1417 5297 1531 5350 obscure
1553 5293 1698 5348 admodum
1721 5291 1882 5362 imperatori
1904 5291 1936 5345 de
1958 5295 2078 5349 occultis

383 5409 387 5418 ·
418 5378 517 5434 titteris
535 5379 648 5448 scripsit
664 5378 770 5449 nepotii
787 5378 981 5434 executoribus
998 5380 1184 5450 transmissis,
1202 5399 1237 5436 ne
1255 5382 1292 5436 od
1309 5384 1402 5454 ipsius
1420 5382 1602 5438 66666ίί6666
1616 5380 1808 5452 procederent,
1826 5395 1896 5450 qaas
1912 5379 2023 5435 litteras
2041 5381 2077 5435 ‹ie
2129 5394 2156 5434 66

417 5483 470 5521 sua
487 5466 657 5520 666666666666
674 5482 803 5521 manare
819 5467 946 5521 nonnulli
963 5466 1129 5523 6666ιά666666·
1146 5476 1314 5534 6666666666·
1335 5486 1406 5541 quae
1429 5472 1512 5525 66666
1532 5471 1571 5526 aei
1587 5470 1726 5539 negotium
1744 5467 1932 5522 Lousbordiae
1950 5475 2080 5538 spectare

418 5551 494 5607 satis
508 5552 689 5622 perspicuum
707 5554 756 5607 cst.
792 5552 927 5608 Fortasse
944 5558 1036 5608 auten
1053 5555 1171 5625 epistota
1189 5556 1265 5611 circa
1277 5557 1364 5625 finem
1382 5556 1487 5610 66666666
1504 5556 1602 5610 mensis
1620 5557 1695 5625 Sept.
1713 5558 1901 5618 coarctaret,
1923 5563 2079 5628 postquam

414 5657 494 5712 papa
513 5638 761 5693 3666666166666566
778 5637 956 5708 imperatoris
978 5641 1075 5696 metius
1093 5643 1258 5714 instructus,
1284 5644 1353 5713 quid
1374 5643 1429 5699 sibi
1454 5644 1616 5711 inmineret,
1642 5643 1768 5714 apertius
1794 5657 1954 5713 eopmscere
1968 5648 2078 5714 potuit;

417 5728 454 5798 cs.
471 5744 499 5781 66.
519 5728 582 5780 657.
621 5723 664 5792 Cf.
683 5724 764 5780 etiam
780 5744 810 5800 p.
833 5731 896 5791 575,
915 5728 962 5782 tin.
982 5732 1024 5783 18.
