4576 6390
721 408 922 466 EPISTOLAE
939 408 1128 464 SELEC'I'AE.
1165 409 1241 464 1234.
1783 410 1846 472 479

296 607 445 682 Nobili
471 607 563 680 viro
592 605 635 680 G.
665 607 813 679 comiti
839 605 1056 699 palatino¹
1083 607 1286 698 spiritum
1314 605 1488 679 consilii
1514 603 1736 678 sanioris².

298 758 391 822 Sicut
413 757 524 820 dilecti
549 757 608 820 filii
633 756 768 819 Amator
790 756 886 819 miles
909 763 943 819 et
964 755 1003 818 E.
1028 756 1139 836 iudex,
1170 757 1275 820 nuntii
1299 758 1356 835 tui,
1381 778 1462 841 quos
1484 754 1627 839 benigne
1651 752 1847 838 recepimus,

190 865 223 927 in
253 867 366 925 nostra
397 880 598 946 proposuere
628 858 796 944 presentia
827 858 1010 936 constituti,
1043 864 1094 937 tn,
1129 880 1168 922 eo
1199 880 1218 923 a
1246 879 1310 942 quo
1342 859 1430 923 bona
1459 865 1574 923 cuncta
1602 855 1784 944 procedunt
1815 862 1848 920 et

190 965 283 1029 cuius
299 971 350 1028 est
365 971 470 1027 totum
486 963 571 1047 quod
596 970 647 1028 est
663 963 821 1027 obtimum
841 963 1032 1048 inspirante.
1055 964 1172 1048 spiritu
1193 964 1307 1028 salutis
1324 969 1484 1050 concepto
1505 963 1657 1048 cogitasti
1680 961 1721 1026 ad
1743 963 2003 1038 sortiariarum.

125 1091 137 1127 s
191 1069 320 1132 mittere
344 1088 476 1130 manum
498 1074 589 1129 tuam
612 1074 645 1131 et
668 1067 810 1130 militare
834 1067 877 1130 in.
890 1065 1083 1149 obsequium
1100 1065 1249 1130 Romane
1273 1067 1414 1131 ecclesie
1438 1069 1550 1131 matris
1573 1073 1640 1147 tue,
1663 1073 1847 1150 promptam

189 1172 223 1235 in
252 1171 402 1257 personis
432 1178 465 1234 et
497 1170 594 1233 rebus
623 1169 827 1255 obsequendi
858 1169 1020 1232 exhibens
1043 1170 1254 1234 voluntatem.
1310 1171 1379 1235 Noa
1408 1172 1518 1254 itaque
1551 1171 1582 1233 in
1607 1171 1728 1233 virtute
1760 1169 1846 1233 illius

190 1275 245 1359 qui
275 1275 384 1360 palmo
416 1272 581 1337 concludit
610 1280 643 1338 et
681 1274 827 1337 continet
857 1274 966 1336 omnia
1000 1272 1219 1353 confidentes,
1259 1296 1296 1338 ac
1330 1280 1483 1359 putantes
1518 1295 1577 1359 pro
1608 1273 1674 1337 lesi
1702 1272 1847 1336 hostium

190 1377 382 1462 calumpniis
407 1376 557 1455 obviare,
588 1383 678 1440 tuum
710 1377 852 1440 salutare
876 1376 1080 1462 propositum
1104 1377 1136 1438 in
1160 1375 1303 1440 Domino
1328 1375 1611 1451 commendamus,
1642 1382 1676 1440 et
1697 1377 1846 1440 volentes

189 1490 226 1545 ut
249 1482 384 1546 effectus
408 1488 475 1544 tam
495 1480 647 1544 salutaris
671 1480 808 1543 allectus
828 1479 988 1544 fructibus
1013 1487 1068 1543 tue
1089 1478 1273 1542 devotionis
1293 1487 1470 1559 accrescat,
1493 1479 1534 1543 de
1557 1480 1693 1543 fratrum
1716 1487 1846 1544 nostro-

190 1607 260 1650 ruru
291 1584 427 1648 consilio
456 1603 632 1669 personam
662 1589 750 1646 tuam
779 1583 812 1646 in
843 1582 1001 1646 fidelitate
1025 1604 1063 1647 ac
1086 1582 1261 1647 devotione
1291 1583 1380 1647 sedis
1404 1583 1583 1670 apostolice
1612 1584 1846 1669 persistentem

190 1710 264 1752 cum
287 1687 438 1751 omnibus
461 1685 556 1750 bonis
583 1687 649 1748 tuis
680 1686 741 1749 sub
764 1686 968 1770 protectione
1002 1707 1040 1749 ac
1063 1684 1255 1750 defensione
1280 1693 1447 1750 nostrast
1476 1685 1657 1771 apostolice
1681 1686 1769 1750 sedis
1793 1707 1846 1750 re-

189 1792 327 1877 cipimus
362 1790 509 1875 speciali.
559 1787 609 1851 Tu
638 1809 716 1852 vero
748 1789 927 1852 constantis
957 1787 1058 1850 animi
1092 1789 1294 1852 munimenta
1331 1789 1513 1875 suscipiens
1550 1788 1592 1852 ad
1621 1787 1846 1853 defensionem

189 1903 277 1960 tuarn
303 1901 336 1958 et
359 1893 499 1957 ecclesie
523 1892 775 1977 magnanimiter
797 1899 830 1955 te
854 1891 1023 1974 accingas,
1053 1891 1297 1978 firmam'spem
1320 1900 1354 1956 et
1376 1892 1527 1957 fiduciam
1549 1891 1735 1971 habiturus,
1761 1891 1846 1976 quod

189 2009 265 2065 tea
294 1999 446 2062 fluctibus
477 1997 720 2061 adversantium
751 1996 845 2060 obrui
874 1995 1054 2059 auxiliante
1078 1994 1221 2059 Domino
1254 1997 1441 2060 nullatenus
1472 1997 1710 2082 permittemus.
1755 1995 1846 2059 Nulli

193 2124 272 2188 ergo
295 2109 405 2166 nostre
428 2100 643 2187 protectionis
667 2106 729 2163 etc.
776 2097 811 2161 Si
835 2099 908 2182 quis
932 2105 1041 2161 autem
1066 2105 1128 2164 etc.

299 2224 376 2289 Dat.
399 2221 514 2305 Reate,
537 2221 606 2286 VII
628 2220 703 2287 Kal.
726 2219 879 2305 Augusti,
902 2240 987 2283 anno
1011 2225 1138 2285 octavo.

973 2606 1061 2679 591.

297 2698 488 2810 Greporios
509 2727 564 2792 IX
583 2748 670 2807 popa
691 2725 812 2792 Locum
833 2727 950 2791 dictam
970 2731 1143 2792 senatorem
1164 2729 1193 2790 ct
1216 2744 1320 2789 crines
1342 2725 1542 2789 consiliarios
1570 2725 1681 2802 Urbis,
1713 2745 1845 2806 quornm

188 2833 317 2897 consitio
339 2831 440 2895 turris
459 2833 496 2894 irs
518 2831 674 2894 territorio
696 2831 793 2895 rostri
814 2830 939 2896 Montis
959 2832 1031 2896 Atti
1053 2831 1221 2912 aedificato
1243 2832 1272 2892 ct
1295 2829 1448 2910 quaedam
1470 2829 1537 2893 otia
1557 2833 1741 2908 perpetrato
1762 2832 1845 2906 suat,

188 2937 442 3001 excommunicat.
1132 2935 1226 3012 1234,
1248 2937 1377 2997 exeunte
1399 2951 1502 2996 mense
1524 2931 1758 2998 Mat-Iul)

295 3052 377 3122 Grep.
394 3054 444 3108 IX
461 3052 531 3124 Περ.
551 3053 611 3108 Vol.
629 3052 683 3117 IV,
702 3053 851 3121 195511it.
873 3054 961 3123 VIII,
979 3058 1041 3109 167.

310 3264 313 3270 ·
356 3230 495 3323 Super
522 3233 980 3307 excommunicatione
1007 3231 1232 3307 senatoris
1262 3237 1304 3306 et
1331 3230 1507 3305 consilii
1531 3229 1672 3303 Urbis.

295 3377 626 3443 Excommunioamus
660 3386 694 3442 et
727 3378 1040 3444 anathematizamus
1075 3400 1119 3443 ex
1151 3385 1245 3466 parte
1280 3379 1347 3444 Dei
1380 3379 1632 3465 omnipotentis,
1664 3377 1773 3442 Patris
1812 3385 1846 3443 et

189 3480 266 3545 Filii
296 3488 330 3546 et
353 3480 493 3567 Spiritus
522 3483 643 3562 sancti,
676 3471 871 3547 auctoritate
903 3503 1032 3568 quoque
1063 3482 1233 3548 beatorum
1263 3484 1486 3569 apostolorum
1508 3481 1599 3547 Petri
1630 3487 1663 3545 et
1683 3480 1779 3545 Pauli
1805 3501 1844 3544 ae

189 3593 317 3664 nostra,
347 3585 469 3650 Lucam
498 3584 620 3649 dictum
649 3592 850 3666 senatorem,
880 3585 1070 3650 Parentium
1102 3594 1136 3650 et
1157 3585 1338 3651 Iohannem
1367 3585 1407 3650 de
1422 3577 1563 3649 'cinthio
1586 3583 1783 3648 vestararios
1811 3589 1845 3646 et

190 3709 303 3753 omnes
325 3688 400 3753 illos
424 3690 628 3754 consiliarios
649 3689 750 3754 Urbis
774 3696 808 3754 et
829 3690 1039 3770 iustitiarios,
1064 3711 1200 3775 quorum
1224 3691 1375 3768 oonsilio,
1398 3689 1521 3753 auxilio
1545 3687 1596 3752 vel
1618 3686 1801 3750 ministerio
1825 3707 1845 3749 a

189 3791 488 3856 Montaltensibua⁴
520 3792 653 3858 obsides
682 3794 808 3879 recepti
840 3800 971 3858 suntet
1001 3793 1127 3858 detenti
1150 3799 1184 3858 et
1206 3793 1304 3883 turris
1328 3792 1479 3856 edificata
1500 3791 1535 3855 in
1557 3789 1721 3855 territorio
1746 3789 1844 3853 castri

189 3895 310 3960 Montis
332 3895 416 3977 Alti,
445 3896 531 3980 quod
555 3902 606 3960 eat
633 3896 721 3960 sedis
744 3896 926 3982 apostolice
950 3895 1109 3982 speciale,
1139 3903 1173 3960 et
1194 3895 1302 3982 ipsum
1326 3902 1467 3960 castrum
1490 3917 1551 3982 per
1572 3894 1723 3958 iniuriam
1745 3911 1843 3956 occu-

189 4005 301 4084 patum
325 4005 358 4062 et
381 3998 565 4064 iuramenta
587 3999 628 4064 de
656 4020 741 4063 novo
765 4009 884 4063 exacta
907 4007 941 4064 et
962 4006 1097 4085 recepta
1120 4001 1154 4063 in
1177 3999 1393 4086 preiudieium
1417 3998 1558 4063 ecclesie
1581 3997 1746 4075 Romane,
1777 4003 1844 4059 tam

190 4122 210 4166 a
244 4101 339 4165 dietis
372 4101 648 4167 Montaltensibus
684 4122 781 4187 quam
816 4123 835 4166 a
868 4102 1066 4186 quibusdam
1105 4104 1179 4168 aliis
1213 4103 1254 4168 de
1288 4103 1482 4189 patrimonio
1516 4099 1669 4165 fidelibus
1703 4100 1842 4164 ecclesie

191 4203 355 4286 Romane,
388 4211 422 4270 et
449 4207 581 4270 termini
611 4206 710 4291 positi
741 4210 817 4269 sunt
838 4207 1024 4270 temeritate
1047 4207 1182 4294 propria
1203 4207 1236 4270 in
1258 4206 1448 4270 tenimentis
1470 4204 1701 4283 eeclesiarum,
1730 4222 1843 4266 mona-

190 4307 379 4388 steriorum,
408 4309 576 4373 civitatum
601 4315 634 4373 et
661 4315 842 4372 castrorum
866 4315 899 4372 et
927 4308 1073 4374 fidelium
1096 4310 1237 4374 ecclesie
1260 4309 1427 4390 Romane,
1456 4314 1522 4372 tam
1552 4309 1585 4373 in
1609 4305 1788 4394 Campania
1810 4315 1844 4372 et

189 4411 355 4475 Maritima
381 4431 479 4496 quam
506 4413 539 4477 in
563 4411 693 4477 Tuscia.
738 4411 824 4477 Item
852 4413 1171 4478 excommunicamus
1194 4420 1228 4478 et
1256 4413 1569 4478 anathematizamus
1591 4411 1730 4476 Paulum
1752 4410 1843 4475 Petri

188 4513 327 4596 Iudicis,
358 4515 494 4579 Petrum
516 4513 557 4579 de
582 4513 765 4600 Stephano,
800 4514 1023 4600 Sanguineum
1057 4523 1091 4582 et
1118 4516 1336 4582 Pandulfum⁸
1361 4517 1518 4581 Iohannis
1546 4515 1675 4595 Crassi,
1706 4536 1842 4601 quorum

190 4618 372 4683 ministerio
396 4625 590 4704 attemptata
613 4625 689 4682 sunt
712 4618 884 4704 aliquado
907 4619 1065 4706 predictis
1074 4621 1097 4685 ⁵.

296 4879 318 4946 ⁸)
334 4879 407 4931 Pand
425 4878 456 4931 B.

294 4997 322 5065 1)
341 4997 426 5050 Hunc
444 4995 617 5050 Goiltrlmam
633 4997 754 5050 comitem
769 4996 927 5067 palatinum
950 4996 1065 5051 Tusciae
1084 5012 1142 5051 ease
1160 4995 1295 5064 exarans,
1314 5012 1392 5066 quern
1406 5012 1485 5065 popo
1502 4995 1575 5065 Sept.
1587 5000 1625 5049 27
1643 4997 1684 5065 [a.
1697 4999 1767 5066 597]
1784 5015 1843 5051 cum

190 5100 278 5138 acore
296 5090 321 5139 et
339 5083 411 5151 filiis
433 5083 484 5139 aab
506 5085 677 5153 protemr'one
697 5099 751 5138 auo
775 5084 901 5152 suscipit.
989 5084 1017 5150 2)
1037 5084 1114 5138 Haec
1136 5085 1219 5138 verto
1241 5099 1301 5138 com
1318 5085 1368 5151 iis,
1396 5099 1465 5152 quae
1481 5082 1511 5136 ia
1527 5081 1644 5151 epistola
1661 5083 1844 5152 emensam,

189 5169 298 5222 minime
315 5171 479 5237 cooprount;
497 5172 570 5222 certe
586 5185 678 5223 errore
697 5187 715 5223 a
731 5170 866 5238 scriptore
883 5169 952 5240 aeq.
971 5169 1080 5224 adiecto
1098 5173 1171 5225 suat.
1241 5170 1269 5238 3)
1289 5169 1418 5223 Excussis
1434 5185 1524 5223 mense
1537 5168 1607 5222 Mai.
1621 5185 1702 5237 papo
1720 5185 1755 5222 ec
1772 5167 1845 5223 Urbe

189 5256 302 5325 sapiens
320 5254 409 5310 Reate
426 5257 573 5324 prosector
595 5260 634 5310 eat
656 5261 681 5310 et
702 5263 816 5310 areana
839 5272 925 5309 measa
942 5256 998 5310 Iol.
1016 5257 1059 5310 cel
1080 5257 1191 5309 ineunte
1208 5255 1281 5324 Aup.
1303 5257 1355 5309 hor
1378 5255 1484 5309 litterar
1504 5256 1534 5308 irs
1557 5254 1625 5322 Rep.
1646 5255 1750 5308 relatae
1770 5261 1843 5309 aaut.

190 5344 218 5406 4)
239 5341 376 5395 Montolto
394 5339 432 5394 ad
444 5339 550 5394 Florim
563 5341 669 5410 flavam
684 5358 772 5411 prope
785 5342 856 5410 fiaes
878 5342 1002 5396 Tusciae.
1067 5343 1094 5409 5)
1114 5341 1177 5394 Hae
1194 5342 1302 5394 litterar
1320 5341 1362 5394 tia
1379 5342 1410 5393 irs
1427 5340 1493 5408 Rrp.
1512 5345 1615 5404 extant,
1632 5355 1698 5392 nom
1715 5341 1845 5408 teporatur

192 5428 273 5480 etiam
293 5427 323 5480 in
345 5425 415 5480 actia
432 5428 514 5496 pacis
536 5443 561 5479 o.
581 5431 664 5494 1235,
688 5427 902 5497 April-Mai.
925 5429 996 5480 iata
1014 5443 1120 5496 popam
1142 5429 1167 5480 et
1183 5425 1327 5481 Romanoa
1347 5425 1452 5494 sactae,
1477 5424 1559 5494 Grep.
1577 5425 1625 5479 IX
1639 5425 1709 5494 Bep.
1730 5426 1789 5481 Vct.
1810 5425 1844 5494 V,

190 5530 218 5582 p.
236 5517 286 5566 121
309 5519 334 5567 et
357 5530 446 5584 sepa,
468 5512 502 5567 dc
524 5512 625 5582 quibus
648 5513 742 5567 videos
766 5513 852 5582 infra.
887 5516 941 5582 Ap.
960 5512 1150 5582 Papencordt,
1177 5511 1273 5566 deser.
1297 5511 1346 5566 der
1363 5511 1444 5566 Stcdt
1462 5512 1534 5567 Rom
1557 5511 1595 5564 im
1617 5511 1779 5566 Mittetoltrr
1801 5512 1843 5567 ed.

191 5599 298 5668 deter,
321 5598 371 5652 ubi
384 5617 414 5668 p.
433 5603 498 5668 293,
521 5602 575 5653 not.
595 5603 613 5652 3
631 5605 657 5654 et
674 5615 747 5668 aequ.
766 5603 830 5654 acto
847 5601 898 5654 illo
915 5599 1059 5668 publicata
1076 5603 1154 5663 sunt,
1177 5596 1207 5652 in
1225 5598 1269 5652 bia
1290 5598 1390 5652 titteris
1408 5599 1544 5652 nonnullo
1562 5599 1646 5652 serta
1663 5598 1774 5664 desum,
1796 5597 1844 5653 aed

190 5702 223 5746 eo
241 5700 334 5744 errore
351 5684 466 5744 editoris
485 5686 589 5744 missa
607 5701 663 5742 esse
676 5701 732 5760 pro
749 5691 822 5742 certo
839 5685 978 5744 batenus.
