4448 6420
484 373 546 434 2⁸26
1067 363 1113 416 EX
1133 361 1289 418 HONORll
1307 360 1347 414 ΙΙΙ
1365 357 1545 414 REGISTRO

478 550 591 607 nostra
620 543 718 606 faciat
749 539 958 604 concordare.
1012 536 1167 621 Alioquin
1195 536 1261 600 illis
1295 531 1573 616 discordantibus,
1604 531 1691 617 quod
1723 529 1786 594 duo
1817 530 1963 616 ipsorum
1992 550 2064 594 cum
2088 550 2128 593 eo

482 646 637 726 dixerint,
662 645 887 709 observetur&
932 641 1018 705 Item
1041 639 1081 704 de
1105 639 1282 718 discordia,
1307 659 1369 721 que
1393 636 1455 700 fuit
1479 637 1564 701 inter
1587 632 1905 700 Halbarstadensem
1929 639 1962 696 et
1986 632 2131 705 Quinde-

483 748 727 834 linburgensem
744 747 914 826 ecclesias,
932 744 977 808 sio
994 745 1180 819 statuimus,
1196 750 1232 807 ut
1249 743 1364 806 sintin
1382 741 1498 805 eodem
1514 747 1611 819 statu,
1626 741 1659 804 in
1676 760 1739 824 quo
1758 743 1850 801 erant
1866 737 1965 801 anteb
1982 744 2131 823 tempora

482 853 650 916 abbatisse
664 851 815 938 Sophie⁰,
830 853 875 913 ita
892 856 1000 913 tamen
1016 847 1101 932 quod
1118 847 1292 932 episcopus
1309 847 1342 909 in
1358 845 1475 930 palmis
1491 844 1569 907 illuc
1585 865 1650 907 non
1664 843 1776 906 veniat
1791 841 1855 904 nisi
1870 862 1943 904 cum
1961 841 2133 924 sexaginta

483 957 589 1039 cquis,
621 977 692 1019 cum
724 955 841 1039 quibus
869 950 1055 1039 procurabit
1085 972 1159 1016 eum
1189 950 1372 1028 abbatissa,
1401 956 1434 1012 et
1460 948 1623 1012 fertonem
1647 947 1718 1010 auri
1749 953 1781 1010 et
1810 943 1964 1010 candelas
1988 943 2078 1009 dabit
2101 946 2132 1008 ei

482 1059 685 1144 temporibus
709 1059 904 1121 constitutis.
951 1054 1044 1120 Subd
1065 1055 1213 1140 predicta
1235 1074 1322 1139 pena
1338 1053 1537 1139 precipimus
1554 1057 1587 1115 et
1609 1049 1693 1113 hanc
1710 1048 1981 1134 compositionem
1998 1047 2132 1114 servari.

590 1169 667 1233 Dat.
690 1168 842 1234 Lateran.
863 1169 919 1258 ΙΙΙ
942 1167 1017 1232 Kal.
1042 1166 1138 1247 Iunii,
1163 1187 1247 1231 anno
1272 1165 1409 1230 decimo.

1263 1565 1350 1638 998.

590 1681 777 1776 Honorias
799 1706 862 1770 ΠΙ
878 1725 968 1786 papa
991 1703 1133 1788 [Sisrido
1155 1703 1214 1787 ΙΙ]
1236 1703 1464 1784 archiepiscopo
1486 1702 1676 1784 Mopcntc‘ao
1698 1701 1843 1779 mandat,
1866 1704 1902 1764 at
1922 1703 2131 1765 excommoni-

482 1811 615 1876 cationis
641 1811 826 1875 scatcrttc'am
852 1811 889 1872 ta
916 1807 1165 1872 Wormacicascs
1193 1807 1307 1885 latam,
1338 1807 1415 1887 qaia
1438 1809 1523 1870 1620
1549 1825 1673 1869 marcas
1697 1825 1760 1886 pro
1787 1805 1939 1868 solutione
1961 1803 2132 1868 debitorum

482 1915 625 1978 ecclcsiae
652 1913 895 1980 Wormacicasc's
921 1910 1008 1992 apud
1036 1928 1067 1973 ac
1095 1910 1236 1992 colligere
1262 1909 1438 1988 colacriat,
1468 1909 1693 1973 inviolabiliter
1726 1907 1886 1972 observari
1912 1905 2021 1986 faciat.
2080 1905 2130 1991 Of.
2183 1955 2184 1984 3

482 2037 514 2082 a.
538 2019 612 2082 273.
1799 2011 1893 2088 1226,
1916 2009 1993 2077 Iun.
2015 2014 2046 2073 4.

586 2118 661 2171 Hoc.
679 2117 737 2170 ΠΙ
751 2117 816 2185 Περ.
839 2115 897 2171 Vol.
919 2115 951 2184 V,
970 2121 1033 2182 1345
1051 2114 1114 2168 Lib.
1133 2116 1168 2182 X,
1186 2119 1245 2169 297.

586 2203 721 2270 Pottltaat,
739 2203 805 2272 flea.
826 2208 905 2256 7582.

956 2401 964 2420 .
994 2401 1002 2418 .
1031 2345 1367 2438 archiepiscopo
1395 2345 1663 2437 Magantina

590 2493 643 2558 Ex
666 2501 760 2579 parte
782 2499 839 2557 tua
861 2493 923 2558 fuit
946 2514 1054 2558 coram
1078 2494 1172 2558 nobis
1197 2495 1398 2580 expositum,
1422 2493 1621 2578 quodcum,
1645 2494 1729 2558 sicut
1751 2515 1770 2558 a
1794 2495 1888 2560 nobis
1912 2495 1944 2558 in
1968 2495 2130 2559 mandatis
2181 2533 2184 2566 2

482 2620 675 2684 acceperas,
706 2597 747 2661 ad
763 2597 1047 2662 warmaciensem
1077 2597 1238 2663 accedens
1263 2599 1453 2678 ecclesiam,
1483 2598 1697 2664 ecclesiarum
1721 2598 1876 2683 prelatos,
1901 2599 2075 2662 canonicos
2100 2605 2132 2662 et

482 2703 563 2766 alios
596 2701 733 2766 clericos
762 2700 901 2764 civitatis
935 2707 968 2765 ct
1002 2701 1141 2766 diocesis
1163 2702 1438 2784 Warmaciensis,
1471 2723 1531 2767 nec
1561 2723 1625 2766 non
1656 2703 1762 2782 cives,
1785 2702 1931 2766 vassalos
1957 2708 1990 2765 et
2012 2700 2132 2766 Iudeos

483 2805 623 2868 ecclesie
653 2805 817 2867 monueris
849 2803 1042 2888 diligenter,
1069 2813 1106 2870 ut
1136 2827 1241 2892 usque
1271 2806 1312 2870 ad
1347 2806 1470 2871 festum
1499 2805 1748 2870 resurrectionis
1777 2803 1949 2870 Dominice
1982 2806 2131 2891 proximo

482 2907 696 2991 preteritum¹
721 2906 753 2969 in
777 2905 866 2971 mille
891 2909 1056 2972 sexcentis
1080 2916 1113 2972 et
1135 2909 1251 2992 viginti
1276 2910 1394 2973 marcis
1418 2907 1613 2993 colligendis
1637 2930 1656 2973 a
1679 2915 1726 2987 te,
1757 2909 1953 2994 computatis
1986 2910 2019 2972 in
2052 2909 2132 2994 ipsis

482 3009 729 3095 quadringentis
753 3015 787 3074 et
810 3009 944 3092 triginta
967 3012 1085 3075 marcis
1109 3012 1174 3075 iam
1198 3013 1357 3091 collectis,
1375 3012 1480 3076 eidem
1505 3011 1645 3076 ecclesie
1663 3012 1876 3076 subvenirent
1891 3033 1949 3098 pro
1967 3013 2128 3076 solutione

483 3113 676 3188 debitorum,
701 3111 819 3195 quibus
848 3119 899 3176 est
927 3113 1102 3198 plurimum
1133 3123 1327 3200 aggravata,
1357 3116 1420 3200 ipsi
1444 3115 1505 3179 hoc
1534 3115 1641 3180 facere
1666 3121 1936 3200 contempnentes
1961 3116 1994 3180 in
2017 3137 2130 3180 vocem

483 3215 714 3300 appellationis
739 3214 944 3280 frustratorie
969 3225 1198 3303 proruperunt,
1222 3240 1317 3304 quam
1342 3225 1378 3282 tu
1399 3223 1555 3302 reputans
1583 3218 1733 3282 frivolam
1764 3225 1798 3283 et
1828 3219 1978 3298 inanem,
2009 3220 2043 3282 in
2073 3239 2129 3282 eos

483 3318 830 3382 excommunicationis
855 3321 1051 3383 sententiam
1074 3321 1302 3405 promulgasti.
1348 3319 1407 3384 Set
1428 3319 1568 3406 predicti
1597 3321 1716 3406 prelati
1744 3327 1778 3384 et
1802 3321 1910 3385 clerici
1933 3322 2129 3385 sententiam

482 3421 585 3506 ipsam
614 3421 825 3505 pertinaciter
855 3427 1140 3508 contempnentes,
1174 3423 1446 3488 excommunicati
1476 3423 1768 3488 excommunicatis
1797 3431 1990 3509 presumunt
2023 3423 2130 3488 divina

483 3523 590 3586 officia
613 3524 782 3587 celebrare
805 3522 838 3586 in
861 3524 1041 3590 animarum
1066 3547 1197 3590 sucrum
1220 3527 1401 3611 periculum
1423 3533 1456 3590 et
1476 3525 1665 3590 scandalum
1688 3528 1912 3612 plurimorum.
1958 3525 2009 3590 Ne
2033 3527 2131 3611 igitur

483 3625 530 3690 illi
553 3625 594 3688 de
619 3647 677 3688 sna
699 3626 832 3689 valeant
854 3629 1061 3692 contumacia
1082 3630 1226 3713 gloriari,
1250 3629 1447 3694 fraternitati
1480 3637 1534 3693 tue
1563 3650 1623 3714 per
1646 3631 1828 3714 apostolica
1851 3631 1974 3715 scripta
1997 3630 2129 3694 manda·

482 3749 565 3807 mus,
589 3729 740 3812 quatinus
767 3728 888 3793 dictam
919 3732 1267 3796 excommunicationis
1299 3733 1511 3813 sententiam,
1544 3733 1628 3797 sicut
1658 3734 1899 3798 rationabiliter
1922 3739 1973 3797 est
1994 3733 2130 3818 prolata,

482 3833 584 3895 facias
615 3852 720 3915 usque
751 3832 791 3895 ad
832 3834 1091 3899 satisfactionem
1131 3835 1324 3921 condignam
1360 3837 1554 3901 auctoritate
1590 3843 1703 3900 nostra
1736 3837 1866 3900 sublato
1901 3837 2130 3921 appellationis

482 3934 651 3997 obstaculo
681 3934 915 4002 inviolabiliter
944 3937 1131 4016 observari,
1164 3947 1197 4004 et
1226 3941 1253 4004 si
1280 3940 1365 4004 forte
1389 3940 1490 4026 aliqui
1512 3940 1676 4003 voluerint
1706 3939 1911 4015 satisfacere,
1936 3940 2017 4024 ipsis
2041 3941 2131 4004 iuxta

481 4039 617 4102 formam
643 4039 783 4104 ecclesie
799 4040 995 4106 beneficium
1020 4043 1235 4109 absolutionis
1258 4045 1440 4130 impendas,
1464 4053 1497 4110 et
1521 4065 1592 4110 cum
1616 4042 1753 4118 clericis,
1777 4044 1832 4126 qui
1855 4042 1967 4106 taliter
1989 4043 2131 4106 celebra·
2178 4066 2184 4104 r

482 4148 571 4220 runt,
602 4140 642 4204 ad
672 4142 860 4206 mandatum
892 4150 983 4208 tuum
1008 4145 1173 4211 humiliter
1195 4148 1409 4213 redeuntibus
1437 4148 1499 4214 tibi
1530 4149 1629 4211 liceat
1651 4145 1906 4210 misericorditer
1929 4144 2130 4231 dispensare.

481 4243 561 4307 Illos
585 4251 706 4320 autem,
730 4245 784 4327 qui
808 4246 1059 4329 perduraverint
1081 4257 1301 4326 contumaces,
1327 4251 1483 4314 canonica
1506 4249 1678 4334 disciplina
1701 4250 1854 4334 castiges.

590 4354 665 4418 Dat.
689 4355 842 4420 Lateran.
866 4357 900 4421 ΙΙ
923 4358 1037 4424 Nonas
1059 4359 1156 4441 lunii,
1182 4359 1279 4446 [anno
1303 4359 1378 4446 X]⁰.

1263 4765 1348 4837 999.

584 4865 772 4960 Hortarius
794 4899 861 4964 ΠΙ
876 4921 962 4981 papa
989 4904 1153 4990 [Albcrto]
1181 4907 1408 4989 arcla'cpiscqro
1435 4905 1701 4990 Mapdcbarqcasi
1727 4905 1873 4984 amadat,
1905 4907 1942 4968 at
1967 4907 2133 4987 usquead

481 4999 605 5060 octavas
630 5001 732 5062 carecti
757 5001 900 5066 Martini
926 5005 1021 5089 [Noc.
1048 5010 1106 5093 18]
1128 5013 1340 5090 personaliter
1367 5011 1415 5074 cet
1437 5031 1498 5090 pcr
1525 5013 1759 5090 procuratorcm
1794 5009 1940 5074 idoneum
1972 5030 2075 5075 coram
2100 5029 2131 5075 sc
2179 5029 2184 5068 t

585 5223 610 5286 ⁸)
631 5225 844 5277 observenturR.
940 5227 966 5294 b)
985 5231 1062 5284 adli.
1150 5230 1174 5298 θ)
1193 5235 1286 5301 Sophia
1305 5235 1373 5287 deest
1390 5237 1417 5286 ia
1435 5235 1468 5287 B.
1554 5232 1579 5299 d)
1598 5236 1652 5286 Sub
1669 5235 1782 5300 predicta
1799 5261 1834 5272 --
1852 5238 1948 5287 servari
1968 5237 2036 5288 deest
2053 5237 2080 5286 ia
2098 5235 2131 5298 A,

476 5323 596 5370 proquo
613 5310 729 5360 additum
748 5321 799 5363 cst:
825 5315 882 5365 Hec
898 5318 983 5367 omnia
1006 5318 1099 5369 iuravit
1117 5335 1144 5370 se
1163 5329 1320 5372 servaturam
1338 5323 1468 5372 abbatissa
1485 5321 1587 5386 Sophia.
1623 5321 1721 5371 furavit
1738 5327 1825 5370 autem
1847 5320 1873 5370 in
1896 5329 1983 5372 nostra
2006 5323 2130 5388 passeris

481 5399 506 5442 et
523 5393 697 5460 episcoporum
716 5399 887 5464 predictorum
906 5409 931 5452 ct
948 5403 1058 5454 aliorum
1076 5405 1212 5470 proborum
1230 5407 1344 5458 virorum
1361 5415 1388 5458 et
1405 5407 1529 5458 nobilium
1547 5413 1574 5457 at
1591 5407 1754 5472 prudentum.
1778 5408 1873 5457 Datum
1887 5410 2052 5478 Magdsborg.
2064 5425 2130 5460 anno

480 5478 556 5529 Dom.
575 5481 756 5534 incarnationis
774 5486 927 5550 MCCXXV,
947 5489 982 5538 VI
1001 5489 1056 5540 Kal.
1076 5491 1202 5542 Octobris.
1307 5494 1330 5556 ο)
1348 5511 1416 5544 anno
1433 5494 1530 5544 decimo
1548 5493 1617 5543 dccet
1633 5493 1661 5542 in
1679 5491 1712 5543 It.

584 5615 610 5682 1)
630 5617 718 5683 epra.
738 5621 779 5673 ra
