4604 6420
1013 411 1061 468 EX
1080 411 1255 467 GREGORH
1273 409 1312 465 IX
1330 409 1510 464 REGISTRO

640 718 647 734 .
678 717 687 735 .
716 660 962 752 patriarche
990 659 1282 746 Antiocheno,
1315 657 1552 749 apostolice
1579 655 1694 728 sedis
1720 656 1878 754 legato,

543 810 630 874 Cum.
653 809 877 874 venerabilem
906 808 1038 872 fratrem
1067 813 1213 870 nostrum
1248 855 1254 868 .
1286 853 1294 867 .
1321 806 1539 892 patriarcham
1567 804 1864 869 lerosolimitanum
1895 822 1953 887 pro
1984 801 2087 886 ipsius

434 921 521 978 terre
556 913 698 998 negotiis
730 921 763 976 et
797 911 871 974 aliis
904 933 978 975 cum
1014 909 1208 994 quibusdam
1243 909 1398 972 iratribus
1427 908 1556 994 Templi
1587 915 1620 974 ot
1647 905 1830 992 Hospitalis
1865 904 1907 968 ad
1941 909 2086 967 nostram

435 1015 634 1102 presentiam
658 1014 848 1079 duxerimus
872 1013 1108 1092 advocandum,
1141 1018 1177 1075 ut
1200 1020 1275 1097 post
1297 1012 1472 1075 torminum
1496 1012 1559 1075 sibi
1583 1012 1763 1075 iniunctum
1787 1007 2087 1074 excommunicatos

436 1127 469 1185 et
491 1119 683 1206 peregrinos
707 1118 878 1182 absolvere
902 1119 1024 1196 valeas,
1057 1115 1193 1180 liberam
1217 1115 1276 1179 tibi
1300 1112 1340 1178 de
1365 1114 1501 1200 speciali
1524 1115 1629 1200 gratia
1653 1110 1863 1178 concedimus
1885 1109 2087 1174 facultatem.
2156 1127 2167 1162 t

435 1222 525 1286 Nulli
549 1243 628 1307 ergo
651 1228 762 1286 nostre
787 1221 1008 1285 concessionis
1032 1227 1094 1284 etc.
1141 1218 1177 1282 si
1200 1219 1273 1302 quis
1297 1224 1407 1282 autem
1431 1224 1492 1285 otc.
2135 1200 2137 1208 ¹

545 1342 632 1408 Data
655 1343 771 1423 Reate,
795 1342 844 1406 IV
866 1342 940 1407 Kal.
964 1341 1118 1426 Augusti,
1141 1362 1226 1405 anno
1250 1345 1355 1404 sexto.

1057 1619 1469 1628 m·—

1214 1880 1302 1951 480.

547 1990 720 2108 Quattuor
741 2016 887 2097 epistolae
912 2018 1058 2099 Grcporii
1074 2017 1127 2080 IX
1145 2038 1250 2097 papae
1272 2017 1316 2081 cd
1336 2018 1577 2099 res-ipuutioucua
1601 2015 1814 2098 G[cbclcurcttl
1834 2015 1968 2095 episcopt
1989 2014 2090 2078 Patu-

438 2119 553 2182 oicusis
573 2121 781 2199 pertinaciae,
808 2121 921 2201 quibus
948 2121 984 2183 dc
1014 2121 1156 2184 ctcctiouo
1183 2123 1382 2197 successoris,
1411 2120 1449 2184 dc
1476 2119 1616 2184 custodio
1642 2117 1839 2199 quorundam
1867 2122 2040 2182 aratrorum
2062 2122 2093 2182 et

437 2219 722 2287 boucmorcbiurum
743 2223 885 2288 mclcsucc
906 2222 1107 2287 Pataviensis
1128 2227 1157 2287 ct
1179 2223 1215 2288 dc
1232 2225 1412 2305 provisione
1431 2223 1508 2287 dicti
1532 2221 1744 2305 (aptum-dt]
1765 2221 1939 2286 ordinatur.
2148 2253 2174 2290 ιο

1581 2345 1676 2417 1232,
1699 2342 1782 2426 Aug.
1805 2344 1857 2420 30,
1878 2343 1929 2419 29,
1951 2345 2004 2406 21.

543 2427 625 2497 (ἔτερ.
645 2428 694 2482 IX
711 2428 780 2499 ch.
798 2427 860 2484 Lib.
884 2427 934 2495 VI,
954 2433 997 2496 72,
1017 2433 1062 2496 73,
1081 2433 1124 2496 71,
1144 2434 1187 2483 75.

1250 2667 1276 2731 1.

1019 2794 1220 2887 Capitulo
1251 2795 1512 2870 Pataviensi.

549 2939 682 3004 Menses
716 2961 836 3004 vacuos
871 2947 905 3006 et
940 2949 1054 3007 noctes
1088 2943 1271 3008 laboriosas
1308 2965 1504 3008 enumerans
1538 2941 1736 3007 uenerabilis
1772 2939 1875 3003 frater
1906 2943 2019 3003 noster
2054 2933 2095 2998 G.

441 3042 603 3129 quondam
634 3043 808 3130 episcopus
839 3052 963 3126 vester,
994 3047 1128 3131 quibus,
1159 3054 1194 3111 ut
1221 3049 1254 3111 in
1285 3053 1397 3111 nostra
1424 3047 1597 3132 proposuit
1623 3043 1805 3130 presentia,
1840 3043 1926 3106 circa
1956 3037 2096 3104 eandem
2151 3075 2176 3112 m

442 3146 615 3210 ecclesiam
643 3147 821 3228 laboravit,
857 3170 930 3213 cum
961 3151 1138 3214 multorum
1175 3150 1331 3236 fatigatus
1366 3151 1526 3214 molestiis
1557 3171 1576 3212 a
1604 3169 1662 3212 sue
1692 3145 1906 3233 promotionis
1935 3141 2095 3230 principio

441 3249 663 3313 turbationum
686 3248 954 3315 inundationibus
978 3260 1184 3336 quateretur,
1215 3276 1251 3319 se
1275 3254 1474 3338 querebatur
1503 3253 1536 3315 in
1559 3271 1697 3315 vacuum
1720 3250 1918 3328 cucurrisse,
1946 3268 1985 3311 eo
2009 3241 2097 3329 quod

442 3373 503 3416 neo
536 3374 596 3438 per
628 3375 664 3418 se
695 3354 760 3439 ipsi
790 3354 932 3419 ecclesie
959 3375 1020 3418 nec
1051 3355 1114 3418 sibi
1143 3378 1202 3441 per
1231 3357 1335 3442 ipsam
1367 3354 1491 3418 fructus
1521 3354 1695 3440 provenire
1725 3353 1832 3440 potuit
1861 3351 1916 3438 qui
1944 3349 2096 3415 debebat.

443 3454 525 3519 Cum
547 3456 646 3540 igitur
661 3456 828 3522 videretur
850 3478 926 3543 spes
949 3479 1023 3522 esse
1046 3459 1176 3542 precisa
1200 3459 1376 3545 profectus,
1400 3481 1441 3523 na
1465 3457 1598 3523 defectu
1620 3463 1733 3521 mutuo
1756 3443 1877 3521 sterilis
1900 3459 2096 3530 remaneret,

442 3565 579 3643 uterque
602 3559 772 3624 humiliter
798 3560 978 3646 postulavit
1000 3561 1129 3646 utrique
1154 3562 1313 3627 cessionis
1336 3561 1482 3627 remedio
1506 3561 1690 3641 subveniri,
1721 3558 1842 3624 cedens
1865 3559 1899 3622 iu
1925 3564 2039 3623 nostra
2061 3562 2096 3621 et

441 3661 578 3725 fratrum
601 3668 787 3727 nostrorum
810 3663 979 3749 presentia
1005 3663 1077 3727 loco
1105 3670 1138 3728 et
1161 3665 1447 3728 amministrationi
1474 3664 1507 3728 iu
1539 3663 1764 3750 spiritualibus
1790 3669 1825 3727 et
1851 3660 2097 3747 temporalibus,

442 3785 539 3850 quam
568 3765 602 3828 in
632 3765 706 3851 ipsa
730 3767 873 3831 ecclesia
902 3765 1063 3831 hactenus
1087 3767 1265 3832 dinoscitur
1287 3767 1442 3833 habuisse
1453 3768 1476 3834 ¹.
1520 3767 1590 3833 Nos
1618 3774 1728 3832 autem
1756 3765 1925 3852 utriusque
1953 3764 2097 3828 utilitato

442 3874 589 3955 pensata,
614 3869 691 3954 qaia
715 3869 899 3934 cessionem
923 3869 1026 3955 ipsius
1050 3870 1193 3955 benigne
1215 3869 1369 3935 duximus
1388 3870 1636 3952 admittendam,
1659 3892 1701 3935 ne
1724 3871 1796 3955 ipsa
1819 3868 1960 3934 ecclesia
1975 3866 2097 3932 diutius

441 3973 582 4058 pastoris
606 3973 728 4036 solacio
752 3971 912 4037 destituta
933 3971 1106 4059 dispendia
1136 3973 1260 4038 maiora
1291 3975 1490 4061 susciperet,
1523 3975 1551 4039 si
1581 3995 1640 4060 per
1666 3974 1828 4059 prelatum
1855 3971 2005 4038 celeriter
2032 3990 2097 4034 non

443 4074 656 4138 subveniatur
695 4073 818 4156 eidem,
860 4076 1061 4160 presentium
1097 4075 1190 4141 vobis
1232 4078 1427 4142 auctoritate
1467 4077 1603 4142 firmiter
1641 4075 1853 4162 precipiendo
1892 4072 2095 4153 mandamus,

443 4177 594 4262 quatinus
628 4177 714 4242 iufra
747 4199 893 4242 mensem
926 4185 1002 4263 post
1030 4180 1254 4266 receptionem
1283 4182 1485 4266 presentium
1516 4186 1582 4244 tres
1609 4180 1662 4245 vel
1693 4185 1831 4264 quatuor
1856 4177 1898 4243 de
1931 4177 2096 4242 canonicis

443 4279 603 4346 habentes
639 4282 745 4346 vicem
780 4281 923 4346 omnium
958 4281 999 4346 ad
1033 4290 1178 4347 nostram
1213 4284 1414 4369 presentiam
1448 4283 1638 4363 destinetis,
1672 4283 1727 4366 qui
1761 4301 1870 4346 coram
1902 4280 1998 4346 nobis
2033 4280 2098 4366 ipsi

443 4382 583 4446 ecclesie
612 4383 665 4447 vel
693 4405 753 4469 per
781 4385 970 4450 canonicam
1001 4392 1035 4450 et
1063 4386 1258 4451 concordem
1289 4388 1486 4451 electionem
1513 4385 1554 4449 de
1584 4384 1703 4450 idonea
1731 4405 1872 4472 persona
1893 4382 2097 4471 provideant,

443 4484 497 4549 vel
518 4484 660 4570 benigne
685 4486 845 4572 recipiant
866 4511 962 4574 quom
979 4489 1072 4554 vobis
1099 4496 1132 4554 et
1154 4489 1218 4575 ipsi
1241 4491 1381 4555 ecclesie
1402 4487 1636 4576 proficiendum
1656 4488 1846 4554 duxerimus
1868 4487 1903 4551 in
1921 4493 2097 4572 pastorem.

549 4604 637 4670 Data
659 4605 821 4692 Anagnia,
845 4608 898 4673 III
919 4609 993 4675 Kal.
1020 4609 1111 4695 Sept.
1135 4631 1227 4675 anno
1246 4617 1351 4676 sexto.

1249 4828 1292 4892 ΙΙ.

567 5009 577 5030 .
607 5009 615 5026 .
644 4953 974 5045 archiepiscopo
1003 4953 1328 5046 salzburgensi²
1358 4959 1398 5028 et
1427 5010 1435 5027 .
1466 5010 1474 5026 .
1504 4953 1706 5044 episcopo
1735 4949 1980 5026 Chimensi³.

534 5103 632 5167 ¹Cum
657 5102 856 5168 venerabilis
880 5103 981 5166 frater
1009 5108 1121 5167 noster
1144 5102 1184 5166 G.
1208 5101 1370 5188 quondam
1394 5102 1601 5167 Pataviensis
1627 5101 1801 5187 opiscopus
1829 5102 1902 5165 loco
1926 5105 1959 5165 et
1981 5099 2097 5163 ammi-

442 5206 627 5271 nistrationi
665 5207 697 5270 in
736 5205 961 5291 spiritualibus
998 5213 1032 5270 ot
1066 5206 1324 5291 temporalibus,
1363 5227 1425 5290 que
1462 5207 1496 5269 in
1532 5205 1723 5270 Pataviensi
1762 5205 1903 5269 ecclesia
1939 5203 2099 5267 hactonus

441 5310 596 5374 habuisse
620 5309 816 5389 dinoscitur,
847 5310 880 5373 in
904 5315 1015 5374 nostra
1039 5316 1072 5374 et
1102 5311 1238 5373 fratrum
1262 5315 1447 5373 nostrorum
1471 5308 1639 5395 presentia
1662 5309 1814 5388 cesserit,
1846 5314 1879 5372 at
1902 5307 1973 5372 eius
1997 5307 2098 5371 cessi-

549 5486 620 5493 .-.--
797 5484 1529 5492 -——.-—.—.—-—--.-.....-.---..-.-..—..—...—
1918 5483 1990 5490 -.--

546 5601 572 5665 l)
592 5599 637 5654 Dc
654 5615 685 5651 rc
703 5598 739 5665 cf.
755 5597 874 5664 Haurit,
893 5599 983 5654 Germ.
1002 5613 1085 5654 socru
1104 5604 1122 5653 t.
1136 5601 1160 5667 1,
1174 5615 1204 5670 p.
1219 5601 1375 5654 373-374.
1472 5600 1498 5668 2)
1516 5599 1684 5656 Eberhardo
1702 5603 1743 5656 ΙΙ.
1834 5601 1862 5672 3)
1882 5599 2033 5674 Rudipero,
2051 5599 2101 5674 qui
2156 5617 2182 5656 aa

442 5684 599 5743 Gebelrardc'
615 5699 756 5739 successor
773 5682 869 5752 factus
888 5689 934 5740 eat.
