4524 6412
713 370 913 430 EPIS'POLAE
931 371 1120 430 SELECTAE.
1152 375 1228 430 1229.
1739 382 1800 445 317

142 545 288 634 nequitie
313 546 542 635 repressisset,
576 569 636 614 nec
664 558 778 636 posset
808 549 895 634 quod
924 548 956 612 in
985 549 1092 614 animo
1122 549 1260 634 gerebat
1282 550 1431 631 efficere,
1462 552 1600 618 balistas
1629 561 1663 620 et
1691 561 1802 621 cetera

143 672 233 715 arma
261 657 327 715 tam
360 672 380 715 a
407 651 580 716 karissimo
614 653 645 716 in
676 652 806 718 Christo
839 653 907 716 filio
944 659 1055 716 nostro
1091 651 1236 716 Iohanne
1271 652 1390 718 illustri
1425 676 1504 740 rege
1537 655 1800 723 Icrosolimitano

145 775 242 838 quam
265 754 307 818 ab
334 754 408 818 aliis
436 755 602 839 pereginis
631 776 690 840 pro
713 755 905 821 defensione
935 761 1021 820 terre
1052 755 1097 818 ihi
1121 757 1237 820 relicta
1259 761 1293 820 et
1316 758 1413 841 longo
1436 765 1583 845 tempore
1608 769 1801 827 conservata

143 856 185 921 ad
208 857 317 920 navim
345 878 437 921 suam
459 856 538 922 fecit
565 858 712 922 clanculo
736 858 911 944 asportari,
942 878 1078 941 quorum
1108 865 1233 943 partem
1264 881 1374 923 secum
1405 861 1557 927 deferens
1587 870 1620 928 et
1642 865 1800 950 reliquam

76 981 88 1018 a
145 959 280 1040 soldano
310 965 344 1024 et
371 960 447 1024 fidei
474 961 604 1038 inimico
632 962 874 1040 transmittens,
903 958 1078 1024 destructis
1106 962 1298 1046 galeisque
1328 970 1421 1028 erant
1443 963 1485 1029 ad
1507 972 1595 1032 terre
1619 967 1799 1031 custodiam

143 1063 371 1148 relinquenda,
402 1063 435 1126 in
464 1062 550 1127 festo
582 1065 805 1150 apostolorum
835 1063 980 1149 Philippi
1014 1070 1047 1128 et
1075 1064 1208 1129 Iacobi¹
1238 1067 1321 1130 clam
1349 1067 1412 1133 fuit
1440 1075 1473 1134 et
1502 1091 1628 1135 summo
1656 1070 1799 1135 diluculo

143 1168 310 1232 ciuitatem
326 1187 489 1253 egressus,
513 1175 547 1232 et
563 1169 609 1233 sic
625 1175 746 1233 terram
763 1169 839 1234 viris
857 1174 891 1232 et
906 1167 1042 1247 viribus,
1066 1169 1165 1232 armis
1188 1175 1222 1233 et
1244 1171 1455 1236 munimentis
1472 1173 1591 1238 ceteris
1609 1171 1800 1239 destitutam

141 1271 340 1355 relinquens,
363 1271 517 1357 exposuit
539 1271 679 1335 inimicis
702 1271 779 1336 fidei
802 1269 1035 1356 occupandam.

251 1391 339 1456 Data
361 1390 500 1472 Parusii,
524 1392 588 1456 XV
610 1391 685 1458 Kal.
707 1393 860 1477 Augusti,
883 1392 1090 1478 pontificatus
1113 1393 1216 1456 nostri
1238 1414 1324 1458 anno
1346 1393 1410 1458 111.

252 1512 291 1575 ln
320 1511 460 1577 eundem
489 1510 621 1576 modum
650 1513 806 1599 scriptum
836 1519 887 1576 est
910 1562 918 1578 .
944 1562 951 1577 .
974 1510 1232 1596 Rothomagensi
1255 1512 1502 1600 archiepiscopo
1527 1520 1560 1579 et
1584 1515 1799 1600 suffraganeis

144 1616 231 1697 eius,
263 1614 510 1680 ..senonensi
539 1617 788 1702 archiepiscopo
817 1622 851 1680 et
875 1615 1090 1700 suffraganeis
1118 1616 1206 1696 eius,
1237 1616 1459 1681 ..Remensi
1487 1617 1734 1704 archiepiscopo
1767 1625 1800 1682 et

143 1719 360 1803 suffraganeis
388 1720 476 1800 eius,
510 1718 773 1784 ..Bituricensi
795 1718 1042 1805 archiepiscopo
1073 1726 1106 1783 et
1136 1719 1352 1804 suffraganeis
1381 1719 1465 1800 eius,
1496 1718 1799 1805 ..Burdogalensi

142 1821 391 1908 archiepiscopo
422 1827 456 1886 et
486 1821 702 1905 suffragancis
732 1822 822 1902 eius,
857 1820 1104 1886 ..Turonensi
1134 1822 1382 1908 archiepiscopo
1412 1829 1446 1886 et
1473 1823 1689 1908 suffraganeis
1717 1825 1799 1903 eius,

144 1974 151 1988 .
176 1974 184 1990 .
207 1924 436 1990 Ebreduuensi
459 1925 707 2011 archiepiscopo
732 1931 765 1989 at
787 1925 1003 2009 suffraganeis
1028 1927 1115 1999 eius;

251 2077 259 2093 .
284 2078 291 2092 .
315 2027 580 2113 compostellano
603 2026 849 2114 archiepiscopo
874 2034 906 2091 et
929 2028 1147 2113 suffraganeis
1178 2029 1265 2108 eius,
1298 2078 1305 2092 .
1330 2078 1337 2092 .
1362 2029 1522 2094 Toletano
1547 2029 1799 2118 archiepiscopo

142 2140 176 2194 ct
199 2131 414 2216 suffraganeis
438 2131 519 2210 eiua,
544 2181 551 2196 .
576 2179 583 2193 .
607 2130 815 2196 Narbonensi
837 2129 1085 2216 archiepiscopo
1109 2138 1142 2195 et
1166 2131 1381 2216 suffraganeis
1406 2133 1494 2208 eius;

251 2285 258 2300 .
283 2284 291 2299 .
316 2235 546 2300 Cantuariensi
569 2235 817 2321 archiepiscopo
842 2241 875 2300 et
903 2234 1118 2320 suffraganeis
1142 2237 1230 2318 aius,
1262 2285 1269 2300 .
1294 2285 1301 2300 .
1324 2235 1527 2300 Eboraccnsi
1550 2237 1798 2324 archiepiscopo

142 2347 176 2404 et
199 2339 414 2424 suffragancis
438 2339 528 2414 eius;

250 2492 258 2508 .
282 2493 290 2508 .
315 2443 506 2508 Coloniensi
528 2442 776 2528 archiepiscopo
799 2448 832 2506 et
856 2441 1072 2527 suffraganeis
1097 2443 1185 2524 eius,
1210 2495 1216 2509 .
1243 2492 1250 2507 .
1274 2443 1472 2508 Treverensi
1495 2443 1741 2531 archiepiscopo
1766 2450 1799 2508 et

63 2575 74 2614 ι
143 2547 359 2633 suffraganeis
382 2547 465 2626 eius,
490 2593 523 2609 ..
546 2545 720 2611 Bremensi
742 2544 992 2630 archiepiscopo
1016 2553 1051 2610 et
1073 2546 1289 2631 suffraganeis
1312 2547 1394 2628 eius,
1419 2595 1452 2615 ..
1475 2547 1668 2633 Maguntino
1691 2547 1798 2612 archi·

142 2653 297 2739 episcopo
329 2659 363 2716 et
390 2649 606 2734 suffraganeis
634 2649 722 2724 eius,
757 2646 1099 2733 ..Magdeburgensi
1126 2650 1374 2737 archiepiscopo
1404 2658 1438 2715 et
1469 2650 1687 2735 suffraganeis
1717 2650 1798 2730 eius,

141 2805 149 2820 .
177 2753 464 2839 ,Salaeburgcnsi
488 2753 735 2838 archiepiscopo
759 2759 793 2816 et
816 2751 1032 2837 suffraganeis
1057 2753 1138 2830 eius,
1163 2801 1197 2819 ..
1220 2754 1455 2839 Argentinensi
1480 2755 1645 2841 episcopo,
1670 2802 1702 2818 ..
1727 2751 1797 2837 epi-

142 2880 241 2944 scopo
264 2858 462 2938 Pataviensi,
486 2908 494 2923 .
518 2906 526 2922 .
550 2857 705 2942 episcopo
728 2855 979 2942 Ratisponensi;

253 3010 261 3026 .
286 3013 293 3028 .
318 2962 473 3048 episcopo
496 2961 687 3040 Mutinensi,
709 2961 890 3046 apostolice
914 2960 1002 3025 sedis
1025 2961 1146 3046 legato,
1172 3009 1203 3024 ..
1228 2962 1384 3048 episcopo
1407 2959 1593 3040 Sabinensi,
1617 2959 1796 3045 apostolice

64 3093 89 3127 ἱ.·,
145 3066 234 3132 sedis
251 3068 370 3151 legato,
394 3065 433 3129 Ο.
451 3063 562 3128 Sancti
577 3064 705 3128 Nicolai
721 3064 754 3127 in
771 3063 911 3129 Carcere
927 3063 1108 3144 Tulliano⁸,
1131 3065 1310 3151 apostolice
1328 3064 1415 3128 sedis
1431 3066 1553 3149 legato,
1570 3112 1578 3126 .
1596 3111 1604 3127 .
1622 3061 1797 3127 Colocensi

141 3171 389 3255 archiepiscopo
413 3175 446 3232 et
469 3167 684 3252 suffraganeis
708 3167 792 3247 eius,
821 3214 828 3230 .
853 3215 860 3229 .
886 3166 1105 3251 strigoniensi
1134 3167 1382 3254 archiepiscopo
1410 3175 1443 3238 et
1473 3166 1689 3251 suffraganeis
1714 3165 1796 3244 eius,

143 3322 184 3341 ..
212 3275 367 3360 episcopo
396 3271 572 3356 Pragensi,
603 3319 643 3335 ..
681 3271 865 3356 patriarche
894 3271 1111 3355 Aquilegensi
1139 3278 1173 3335 et
1201 3271 1417 3355 suffraganeis
1447 3271 1535 3351 eius,
1566 3319 1573 3333 .
1599 3317 1606 3332 .
1635 3267 1798 3333 Gradensi

142 3374 327 3462 patriarche
358 3382 391 3440 et
426 3375 643 3459 suffraganeis
676 3374 764 3454 eius,
799 3423 807 3439 .
837 3424 845 3439 .
876 3374 1124 3461 archiepiscopo
1155 3380 1188 3439 ct
1218 3375 1376 3460 potestati
1405 3373 1580 3452 Ianuensi,
1615 3370 1798 3435 rectoribus

142 3478 357 3560 Lombardie,
395 3477 541 3543 Marchic
576 3484 610 3542 et
641 3476 851 3554 Romaniolc,
885 3475 1137 3556 ParmensibuS,
1171 3474 1404 3541 Alexandrinis
1442 3483 1475 3540 et
1510 3473 1798 3553 Cremonensibus,

145 3583 440 3647 ..Tarantasiensi
461 3582 707 3667 archiepiscopo
732 3587 765 3645 et
788 3581 1004 3665 suffraganeis
1029 3581 1110 3662 eius,
1135 3581 1331 3666 ..Aquensi
1353 3580 1601 3666 archiepiscopo
1625 3585 1659 3642 et
1682 3576 1798 3641 suffra-

142 3689 256 3772 ganeis
287 3688 375 3766 eius,
403 3737 442 3752 ..
475 3685 665 3750 Ubsallensi
694 3685 941 3771 archiepiscopo
965 3690 999 3748 et
1030 3684 1245 3769 suffraganeis
1269 3685 1356 3764 aius,
1389 3733 1396 3747 .
1422 3732 1428 3746 .
1451 3680 1667 3767 Nydrosiensi
1691 3679 1797 3744 archi-

143 3791 298 3878 episcopo
329 3799 363 3856 et
390 3789 606 3874 suffraganeis
634 3789 721 3869 aius,
752 3788 791 3853 G.
822 3788 910 3852 tituli
934 3786 1045 3852 Sancti
1068 3787 1171 3851 Marci
1200 3787 1395 3873 presbytero
1417 3784 1589 3864 cardinali,
1617 3783 1798 3870 apostolice

144 3894 232 3958 sedis
254 3896 365 3980 legato
389 3894 423 3957 in
445 3892 658 3966 Lombardia;

250 3999 320 4082 regi
343 3995 588 4082 Portugalensi,
611 3994 682 4079 regi
704 3993 922 4079 Legionensi,
946 3994 1018 4078 regi
1042 3993 1202 4075 Castelle,
1226 3993 1297 4079 regi
1319 3993 1480 4073 Navarre,
1503 3991 1573 4075 regi
1596 3989 1799 4073 Aragouum,

79 4120 90 4154 τ’
144 4102 215 4186 regi
242 4100 397 4180 Francia,
425 4101 495 4184 regi
523 4098 659 4184 Anglie,
695 4099 766 4181 regi
793 4097 920 4178 Scotic,
954 4098 1024 4182 regi
1054 4097 1172 4174 Dacia,
1205 4099 1276 4183 regi
1304 4097 1470 4182 Ungaric,
1499 4096 1571 4179 regi
1600 4092 1697 4172 Bele,
1728 4090 1799 4176 regi

144 4205 291 4286 Bocmie,
316 4203 518 4269 Oolomanno
542 4203 623 4288 regi,
646 4201 739 4266 fratri
763 4199 886 4277 Guale;

252 4309 326 4372 duci
347 4308 497 4388 Bavarie,
521 4306 596 4371 duci
620 4304 799 4386 Carinthie,
822 4304 897 4369 duci
913 4304 1079 4386 Austri02,
1101 4303 1232 4369 ducissa
1248 4304 1394 4381 Austris,
1417 4300 1491 4364 duci
1514 4293 1699 4383 Norw'agie,
1724 4298 1798 4363 duci

144 4413 357 4490 Venetorum,
380 4411 593 4496 lantcgravio.

65 5025 91 5062 to

80 5695 92 5734 t

771 4551 1181 4559 ——-.-—...-——

929 4758 1015 4831 398.

253 4858 444 4968 &reperiar
461 4881 517 4949 IX
535 4904 621 4965 popa
643 4881 871 4964 archmpismpo
889 4880 1088 4947 Crrcmrtensi
1110 4878 1154 4943 ad
1174 4875 1431 4958 applicationem
1456 4875 1495 4939 G.
1519 4875 1556 4938 dc
1578 4873 1688 4938 Monta
1709 4875 1800 4937 aucto

143 4991 289 5070 raandct,
317 4994 353 5053 ut
374 4988 701 5054 excommunicationis
728 4988 915 5052 saumaticos
941 5007 962 5050 a
989 4979 1370 5069 [Gcr·olrlo]1ratriarclm
1397 4978 1432 5040 in
1453 4977 1655 5040 Fridcricum
1682 4975 1799 5038 dictum

143 5097 360 5176 imperatorem
375 5093 538 5173 prolatam
560 5091 719 5155 obseruari
739 5089 849 5170 saciat.
1454 5081 1548 5156 1229,
1571 5078 1636 5144 Iul.
1659 5081 1712 5143 23.

248 5213 328 5283 Grec.
347 5212 397 5266 IX
413 5210 484 5281 Rep.
510 5209 774 5278 Vol.1,132,·Ls'b.
793 5208 855 5273 III,
874 5209 911 5261 39
928 5212 954 5262 et
970 5201 1033 5260 tol.

246 5300 383 5369 Pottlraat,
400 5298 467 5368 ch.
487 5300 571 5352 8438.

248 5546 271 5612 ·)
289 5545 358 5596 addc
376 5545 482 5596 diacono
500 5544 632 5595 cardinali.
679 5542 701 5608 1’)
720 5545 776 5596 Lib.
791 5545 836 5600 lll,
855 5539 889 5592 39
901 5549 927 5592 ot
944 5537 979 5591 40
996 5536 1168 5604 suppleturam
1182 5551 1213 5582 cr
1226 5529 1512 5592 Iluillard-Brdlrollcr,
1530 5529 1547 5580 l.
1560 5547 1580 5579 c.
1594 5537 1609 5578 t.
1627 5528 1686 5592 ΙΙΙ,
1700 5547 1727 5594 p.
1743 5531 1800 5578 150.

249 5665 274 5728 1)
294 5661 363 5716 Mai.
383 5667 406 5717 1.
476 5662 505 5730 ⁶2)
524 5658 638 5713 Scribere
654 5659 820 5728 naplipcutr‘a
838 5659 882 5711 ln'c
901 5658 999 5710 timum
1018 5657 1201 5708 mamerctur.
