4590 6366
436 421 499 484 600
1018 417 1067 471 EX
1085 417 1261 472 GREGORII
1279 418 1318 471 IX
1336 413 1517 470 aualsrao

436 611 564 672 cumque
590 591 716 672 fortiter
742 595 857 670 mouet,
883 595 918 655 ut
944 592 1085 656 talarius
1114 591 1278 656 Romanae
1303 594 1345 655 ct*
1359 589 1449 672 rapat
1478 587 1608 654 Siciliae
1636 584 1770 650 ecclesiis
1800 583 1914 647 illatas
1935 579 2102 645 aaardorc

436 694 560 758 studeat
580 695 627 759 ccl
649 695 764 773 timeat,
786 715 825 760 aa
846 693 936 760 Deus
957 695 997 759 ab
1021 695 1089 759 cias
1104 695 1302 776 processibus
1323 695 1426 758 oculos
1448 693 1577 756 coemat.
1749 688 1844 763 1236,
1869 683 1935 749 Oct.
1959 688 2015 748 23.

543 811 626 882 Grec.
645 815 695 867 IX
706 814 784 884 ,ch
805 815 864 870 Vol.
884 815 913 880 V,
931 819 1096 879 200—203;
1120 815 1180 869 Lib.
1201 815 1243 879 X,
1266 817 1331 869 253.
1371 813 1475 868 Pertrr'i
1492 811 1632 879 exemplar
1650 809 1712 877 [R]
1736 805 1925 876 supplevimus
1948 821 1986 858 ec
2008 804 2100 874 Rapa.

438 901 741 963 coaceruabo,
763 905 884 966 §rs-11
907 905 933 955 ct
950 907 1070 972 17-25,
1105 902 1231 957 adbibita
1249 898 1561 967 Rutilum-Bethabara,
1585 897 1603 953 l.
1621 911 1642 952 c.
1661 901 1679 950 t.
1699 892 1751 958 IV,
1773 910 1804 966 p.
1824 895 1876 945 914
1895 891 1948 960 [H.
1960 891 2027 962 BJ,
2054 892 2102 961 arri

441 986 604 1041 Conectioac
621 985 745 1057 Laporte
762 987 801 1041 du
824 987 902 1042 Tbcr'l
919 1003 989 1043 usuc
1007 994 1056 1043 cst.

543 1073 680 1142 Pottbcst,
699 1073 767 1142 Rea.
787 1078 887 1129 10255.

784 1304 1028 1394 Friderico,
1056 1305 1355 1379 Romanorum
1382 1304 1647 1398 imperatori
1674 1309 1754 1384 etc.

550 1454 586 1518 Si
609 1453 799 1518 memoriam
821 1454 1056 1522 beneficiorum
1080 1455 1258 1520 conditoris
1282 1456 1401 1536 eterni,
1426 1475 1488 1540 que
1512 1476 1571 1540 per
1593 1453 1810 1518 ministerium
1834 1472 1956 1538 sponse
1983 1471 2043 1512 sue
2067 1448 2101 1512 in

443 1559 599 1624 sublimes
622 1580 780 1644 personas
811 1565 845 1622 et
866 1559 1008 1625 humiles
1035 1561 1171 1644 largiter
1200 1567 1420 1639 emanarunt,¹
1443 1559 1584 1623 humane
1608 1555 1850 1641 ingratitudinis
1879 1553 2004 1618 oblivio
2035 1574 2102 1617 non

443 1661 585 1743 deleret,
608 1663 655 1726 si⁸
677 1661 827 1726 dominus
851 1670 963 1728 noster
985 1663 1079 1728 Iesus
1104 1661 1275 1744 Christus,
1306 1662 1407 1726 iudex
1429 1663 1575 1725 vivorum
1598 1667 1632 1724 et
1654 1666 1870 1738 mortuorum,
1895 1656 2103 1720 iudicaturus

444 1766 567 1851 apertis
589 1765 905 1838 librisconscientie
929 1773 962 1831 et
985 1766 1139 1830 revelatis
1162 1766 1372 1831 tenebrarum
1389 1764 1544 1850 operibus
1560 1763 1744 1843 universos,
1767 1767 1803 1826 ut
1818 1759 1985 1825 Dominus
2004 1761 2102 1824 timc-

445 1876 544 1950 retur,
577 1869 667 1953 origo
695 1867 866 1950 virtutum,
890 1869 983 1950 fides,
1007 1871 1203 1934 inconeussa
1229 1871 1437 1956 persisteret,
1468 1889 1568 1954 opera
1592 1872 1715 1934 statera
1736 1865 1859 1929 iustitie
1884 1863 2102 1951 ponderaret:

303 1983 362 2026 Pul·
378 1990 433 2036 aa·
448 1972 549 2037 verba
571 1971 632 2037 sub
655 1972 802 2037 veritatis
826 1973 995 2058 signaculo
1019 1972 1248 2038 clauderentur
1271 1981 1304 2037 et
1328 1995 1365 2036 os
1390 1979 1503 2036 contra
1519 1970 1627 2035 Deum
1644 1990 1709 2034 non
1725 1975 1901 2055 poneretur
1924 1967 1960 2030 in
1985 1967 2104 2046 celum,

444 2075 529 2140 unde
553 2076 697 2140 tonitrua
720 2076 882 2162 prodeunt
905 2084 938 2140 et
954 2077 1084 2162 fulgura
1099 2085 1212 2141 contra
1227 2082 1458 2162 persecutores
1483 2097 1560 2139 suos
1576 2095 1655 2161 sepe
1671 2074 1771 2137 mittit
1786 2071 1879 2136 Deus
1897 2077 1931 2135 et
1949 2069 2105 2134 dominus

444 2178 615 2243 ultionum.
661 2178 747 2244 Saue
771 2180 984 2265 expluribus
1016 2180 1136 2245 litteris
1163 2179 1204 2244 ad
1227 2202 1287 2244 nos
1311 2187 1344 2244 et
1366 2180 1483 2244 fratres
1507 2185 1638 2243 nostros
1661 2198 1765 2263 nuper
1787 2177 1828 2240 ab
1851 2174 2017 2260 imperiali
2043 2195 2102 2237 ex-

445 2283 600 2347 cellentia
633 2282 830 2347 destinatis¹
858 2285 952 2370 plura
984 2282 1191 2368 collegimus,
1224 2306 1286 2370 que
1321 2284 1348 2347 si
1378 2285 1483 2366 stylus
1516 2283 1701 2366 mitigasset
1731 2279 1884 2344 humilior
1915 2284 1950 2342 ct
1984 2277 2104 2341 amari·

446 2385 592 2450 tudinem
615 2387 735 2472 pagine
760 2386 965 2452 dulcorasset
988 2387 1125 2451 affectus
1149 2387 1334 2452 reverentie
1363 2387 1487 2467 filialis,
1523 2386 1626 2450 virtus
1657 2383 1865 2448 discretionis
1896 2381 1958 2446 sub
1982 2401 2107 2445 manna

446 2488 628 2554 dulcedinis
656 2490 857 2555 irascibilem
887 2491 1037 2576 spiritum
1071 2497 1290 2577 temperasset
1320 2497 1354 2554 et
1384 2491 1493 2574 imago
1521 2488 1602 2563 Dei,
1638 2509 1699 2574 qne
1736 2487 1873 2551 resultat
1902 2487 1936 2549 in
1968 2484 2105 2570 speculo

446 2593 592 2673 rationis,
616 2614 654 2657 ac
678 2593 854 2657 similitudo
879 2595 961 2675 eius,
985 2615 1047 2680 que
1072 2616 1130 2681 per
1153 2594 1306 2659 affectum
1329 2592 1449 2657 bonnm
1474 2601 1507 2658 et
1530 2593 1637 2657 celum
1658 2589 1863 2656 rectitudinis
1886 2590 1920 2652 in
1943 2588 2107 2674 potentiis

447 2696 554 2762 anime
578 2697 782 2761 naturalibus
807 2697 988 2778 invenitur,
1017 2719 1084 2762 non
1107 2698 1246 2762 fuissent
1269 2698 1316 2760 sic
1341 2695 1513 2761 scribendo
1537 2695 1674 2760 forsitan
1698 2695 1889 2759 deformata.
1934 2691 1997 2755 Set
2019 2691 2107 2754 inter
2153 2712 2163 2750 ι

448 2807 560 2866 cetera
592 2801 733 2886 epistole
764 2807 820 2865 tue
855 2809 1002 2881 textum,
1037 2801 1111 2887 quib
1136 2822 1326 2888 processum
1349 2800 1548 2865 venerabilis
1571 2799 1680 2863 fratris
1704 2797 1806 2861 nostri
1831 2844 1837 2858 .
1863 2844 1870 2859 .
1916 2793 2108 2858 Penestriui

449 2903 613 2989 episcopi,
648 2904 830 2989 apostolice
864 2903 953 2968 sedis
991 2905 1110 2991 legati,
1145 2904 1377 2970 detestabilem
1410 2913 1443 2969 et
1478 2924 1645 2969 enormem
1671 2902 1804 2980 asserit,
1839 2921 1967 2985 nosque
2004 2899 2107 2962 totius

449 3005 544 3091 culpe
569 3005 675 3069 eidem
699 3006 827 3071 obiecta
850 3007 1012 3094 principio
1029 3009 1082 3074 vel
1098 3010 1214 3073 saltem
1231 3009 1404 3095 participio
1421 3030 1486 3072 non
1503 3028 1615 3072 carere
1632 3006 1818 3084 conscribit,
1840 3002 1969 3067 iustitie
1992 3023 2109 3066 norma

449 3128 515 3171 non
539 3108 687 3192 sequitur
709 3116 742 3174 et
766 3109 941 3175 iustificata
962 3112 996 3175 in
1020 3112 1087 3177 suis
1110 3112 1266 3198 operibus
1283 3112 1404 3176 veritas
1420 3111 1611 3176 detestatur.
1652 3109 1734 3174 Cum
1751 3108 1838 3172 enim
1856 3106 1898 3170 ad
1913 3105 2108 3192 exemplum

449 3210 639 3276 mediatoris
655 3210 720 3277 Dei
743 3220 776 3277 et
798 3207 975 3295 hominum,
999 3216 1056 3300 qui
1078 3222 1114 3279 ut
1137 3236 1253 3302 paoem
1275 3217 1362 3280 inter
1376 3214 1484 3279 Deum
1506 3221 1540 3279 et
1555 3214 1720 3278 hominem
1736 3211 1939 3290 reformaret,
1965 3210 2106 3274 formam
2154 3221 2176 3259 ²⁵

451 3314 619 3399 suscipere
642 3336 707 3381 non
731 3323 782 3382 est
805 3315 1000 3403 dedignatus
1023 3318 1208 3398 humanam,
1233 3321 1392 3384 scissuras
1425 3318 1586 3382 scismatis
1617 3317 1660 3381 ad
1688 3315 1911 3400 integritatem
1944 3313 2107 3379 reducere

450 3419 585 3482 unitatis
617 3419 714 3484 sedes
743 3422 924 3507 apostolica
951 3428 1116 3502 tencatur,
1148 3431 1259 3488 nostre
1294 3443 1356 3506 quo
1386 3422 1458 3487 Deo
1492 3428 1525 3485 et
1547 3420 1672 3484 homini
1701 3418 2109 3504 astringimurservitutis

451 3522 594 3586 officium
627 3523 660 3587 in
692 3523 923 3590 Lombardiam
957 3547 1017 3612 pro
1053 3525 1197 3590 sedanda
1230 3527 1359 3612 imperii
1395 3533 1428 3590 et
1456 3524 1715 3590 Lombardorum
1749 3520 1913 3586 discordia
1947 3521 2111 3607 compulit

451 3624 617 3690 destinare
641 3627 801 3712 legatum,
831 3629 886 3713 qni
916 3636 949 3692 et
977 3627 1177 3692 dissidentes
1201 3627 1242 3691 ad
1265 3629 1435 3714 imperiale
1459 3627 1647 3692 mandatnm
1679 3626 1907 3691 reconciliatos
1930 3623 2111 3689 reduceret
2159 3617 2162 3621 ’

451 3735 485 3794 et
506 3729 593 3794 inter
614 3730 753 3816 populos
776 3730 1002 3796 discordantes
1026 3733 1115 3817 pacis
1133 3731 1247 3796 federa
1261 3733 1463 3798 reformaret.
1508 3731 1578 3796 Nec
1600 3731 1681 3795 illud
1697 3737 1843 3794 nostrum
1859 3737 1926 3793 tam
1941 3735 2108 3808 sanctum,
2157 3753 2181 3792 so

451 3838 518 3897 tam
541 3833 672 3898 salubre
695 3835 803 3920 potuit
825 3835 985 3921 impedire
1010 3843 1061 3900 set
1083 3836 1193 3921 potius
1217 3835 1331 3899 debuit
1358 3835 1513 3900 adiuvare
1537 3835 1756 3921 propositum,
1785 3832 1871 3918 quod
1894 3840 1927 3898 te
1949 3832 1985 3897 in
2007 3832 2111 3897 Lom-

451 3935 598 4001 bardiam
625 3957 684 4023 pro
713 3938 908 4024 extirpanda
937 3939 1085 4003 heretica
1123 3940 1300 4024 pravitate,
1333 3938 1480 4003 subsidio
1509 3938 1610 4003 Terre
1642 3937 1761 4002 Sancte
1790 3943 1823 4002 et
1855 3937 2110 4023 recuperatione

451 4042 571 4106 iurium
594 4041 734 4106 ecclesie
758 4063 796 4106 ao
819 4042 949 4128 imperii
971 4064 1033 4107 nec
1055 4063 1121 4106 non
1143 4065 1202 4128 pro
1220 4043 1451 4108 reformatione
1472 4043 1563 4129 pacis
1586 4040 1811 4127 proclamabas
1828 4061 1904 4106 esse
1920 4047 2110 4105 venturum.

451 4144 536 4208 Nam
560 4145 588 4208 si
610 4152 643 4210 te
666 4145 708 4209 ad
731 4145 765 4208 id
786 4145 915 4231 imperii
937 4144 1125 4210 reformatio
1149 4147 1314 4227 invitavit,
1343 4168 1403 4212 nos
1432 4167 1532 4211 causa
1560 4145 1704 4231 imperii,
1737 4145 1830 4209 cuius
1854 4144 2053 4209 deformatio
2077 4145 2111 4208 iu

451 4247 658 4336 dispendium
682 4249 823 4314 ecclesie
843 4248 991 4314 Romane
1014 4249 1190 4330 redundat,
1214 4251 1427 4315 ecclesiarum
1450 4250 1590 4326 utilitas,
1615 4270 1678 4333 que
1700 4249 1835 4333 longum
1857 4247 1918 4312 sub
1943 4239 2110 4312 bellorum
2159 4279 2183 4318 u

452 4352 605 4416 fluctibus
628 4350 800 4416 discidium
822 4353 954 4438 patitur,
989 4361 1022 4418 et
1044 4355 1224 4419 animarum
1248 4354 1440 4441 periculum,
1463 4375 1521 4439 pro
1538 4353 1655 4438 quibus
1672 4353 1857 4438 possessori
1880 4351 1944 4415 eali
1968 4357 2003 4415 et
2021 4356 2111 4415 terre

453 4454 494 4519 ad
517 4455 723 4520 ratiocinium
747 4455 945 4541 obligamur,
976 4456 1015 4520 ad
1046 4456 1250 4543 procuranda
1277 4457 1364 4520 bona
1387 4455 1560 4521 concordie
1583 4455 1767 4521 debuerunt
1788 4456 1906 4520 fortius
1930 4456 2111 4520 excitasse.

453 4559 549 4623 Unde
573 4558 674 4622 nichil
697 4557 737 4622 de
761 4564 817 4623 tuo
840 4559 911 4624 iure
935 4581 1129 4645 usurpasse,
1152 4560 1193 4624 de
1218 4567 1274 4624 tuo
1297 4560 1413 4637 nichil,
1437 4561 1515 4625 licet
1537 4561 1735 4626 contrarium
1758 4581 1901 4640 asseras,
1924 4581 2112 4646 occupasse

455 4661 564 4726 officio
589 4661 765 4742 credimur,
790 4663 817 4726 si
840 4685 916 4745 nos,
939 4663 979 4728 de
1002 4686 1137 4750 quorum
1163 4664 1300 4729 consilio
1323 4671 1355 4728 te
1379 4663 1476 4728 adid
1499 4665 1532 4728 in
1555 4663 1726 4750 principio,
1750 4661 1856 4725 medio
1881 4668 1916 4727 et
1941 4662 2010 4727 fine
2032 4685 2112 4748 pro·

455 4765 585 4846 cedere,
610 4765 693 4829 sicut
713 4765 836 4851 pluries
860 4767 1037 4852 promisisti
1047 4768 1070 4846 ²,
1093 4767 1258 4848 decuerat,
1285 4768 1428 4853 prompti
1451 4774 1598 4832 nostrum
1623 4787 1749 4836 summo
1773 4764 1927 4829 creditori
1950 4766 2111 4832 exolvere
2162 4781 2187 4822 ⁴⁰

454 4867 600 4934 debitum
623 4868 815 4933 invenimur.
1728 4855 1731 4862 ⁴

563 4987 672 5062 Quare
693 4991 855 5076 premissa
872 5012 962 5056 more
983 4991 1126 5073 artificis,
1143 4991 1235 5056 cuius
1255 4991 1512 5056 considerationi
1530 5012 1565 5055 se
1586 4991 1736 5076 primitus
1756 4991 1896 5054 offerunt
1913 5010 1979 5075 qne
1996 4992 2116 5056 ultimo

454 5096 487 5158 in
508 5095 698 5182 operatione
716 5101 923 5176 concurrunt,
945 5095 1135 5180 diligentius
1152 5095 1372 5177 attendentes,
1390 5095 1493 5176 illum,
1509 5101 1545 5157 nt
1559 5115 1618 5180 per
1635 5115 1709 5159 eum
1725 5099 1871 5159 nostrum
1894 5093 2116 5180 impleremus

454 5198 693 5278 ministerium,
717 5199 876 5282 elegimus
899 5199 932 5262 in
955 5197 1016 5262 hac
1039 5204 1132 5285 parte
1161 5199 1363 5279 ministrum,
1387 5199 1443 5283 qui
1475 5220 1514 5263 eo
1545 5196 1606 5262 tibi
1637 5204 1670 5262 et
1698 5197 1960 5282 quibuscumque
1986 5197 2117 5262 discor-

455 5301 609 5368 dantibus
632 5300 749 5366 minori
779 5307 893 5387 posset
920 5301 1036 5366 haberi
1063 5301 1188 5366 ratione
1221 5307 1411 5387 suspectus,
1445 5321 1509 5385 quo
1541 5300 1612 5366 eius
1643 5321 1736 5364 mens
1767 5301 1906 5365 terrenis
1935 5299 2118 5367 desideriis
2169 5314 2194 5352 ⁴⁵

559 5561 581 5630 ¹)
600 5564 622 5615 si
640 5590 673 5600 -
692 5563 831 5616 deformata
849 5580 880 5614 ca
897 5563 983 5631 Rapta.
1065 5561 1090 5630 ¹‘)
1109 5561 1157 5628 P.;
1175 5563 1357 5624 testimonium,
1375 5563 1445 5629 quod
1462 5562 1541 5615 ΗΒ.

560 5709 586 5777 1)
607 5706 651 5778 of.
669 5723 697 5764 n.
718 5711 770 5762 ror
790 5713 815 5764 u
829 5724 860 5778 p.
881 5710 938 5763 sos
954 5706 1003 5763 eru.
1020 5711 1067 5762 aa
1137 5709 1166 5778 a)
1187 5708 1229 5778 cs.
1247 5724 1275 5762 u.
1294 5709 1360 5773 oss,
1377 5709 1432 5761 495
1451 5711 1476 5761 a
1493 5709 1556 5762 497.
