4604 6420
980 426 1027 479 EX
1046 425 1221 480 aauaoan
1243 424 1280 480 IX
1300 423 1481 480 REGISTRO

1011 723 1280 829 Rectorilrus
1308 722 1450 796 Urbis,

516 871 697 957 Cupientes
725 872 858 936 abolere
887 871 928 936 de
952 871 1042 935 Urbe
1072 871 1218 935 inolitam
1249 877 1283 936 et
1311 877 1533 958 presumptum
1559 877 1676 934 'contra
1704 871 1892 935 libertatem
1922 872 2060 936 ecclesi-

407 976 546 1039 asticam
569 976 804 1061 corruptelam,
826 974 981 1040 dilectum
1004 975 1107 1038 tilium
1130 975 1275 1039 nobilem
1298 974 1403 1039 virum
1427 977 1466 1040 A.
1491 981 1677 1039 senatorem
1700 973 1812 1054 Urbis,
1836 976 2060 1040 senescalcum

407 1083 573 1158 nostrum,
615 1079 802 1163 rogavimus
837 1086 870 1144 et
908 1079 1092 1144 monuimus
1130 1080 1322 1164 diligenter,
1364 1080 1550 1164 nostrisque
1591 1078 1652 1143 sibi
1689 1078 1838 1144 dedimus
1873 1079 1993 1144 litteris
2026 1081 2059 1144 in

406 1178 580 1260 mandatis,
602 1187 640 1244 ut
661 1179 735 1245 Deo
759 1187 792 1246 et
814 1180 909 1246 nobis
933 1181 1085 1247 deferens
1108 1188 1308 1262 reverentur,
1336 1181 1378 1246 ad
1402 1181 1605 1247 effodiendos
1628 1203 1739 1247 muros
1763 1182 1977 1246 ecclesiarum
2000 1205 2060 1248 seu

407 1284 577 1348 domorum
601 1305 731 1347 suarum
755 1305 820 1348 non
849 1284 957 1349 mittet
979 1284 1020 1349 de
1044 1290 1154 1350 cetero
1177 1291 1364 1366 cavatores,
1393 1286 1593 1350 confidentes
1625 1285 1713 1369 quod
1742 1284 1813 1371 ipse
1838 1290 1990 1370 tanquam
2012 1285 2062 1350 vir

408 1387 589 1452 catholicus
611 1385 721 1451 Deum
743 1387 879 1466 timens,
910 1386 1071 1452 mandatis
1099 1389 1220 1453 nostris
1248 1395 1364 1474 pareat
1391 1388 1558 1452 humiliter
1581 1394 1614 1452 et
1646 1388 1774 1452 devote.
1820 1387 1856 1452 Si
1880 1409 1957 1454 vero
1981 1411 2060 1454 con-

407 1489 520 1574 tigerit
541 1488 683 1554 divinam
707 1509 807 1575 super
828 1489 891 1554 hoc
915 1498 949 1555 et
971 1492 1150 1576 apostolice
1174 1492 1261 1556 sedis
1283 1492 1500 1557 reverentiam
1517 1490 1634 1556 amodo
1654 1491 1823 1577 vilipendi,
1846 1512 1888 1558 ne
1911 1499 1977 1557 tam
2001 1493 2060 1558 ob·

408 1593 579 1680 probriosa
614 1593 760 1658 confusio
790 1593 953 1659 libertatis
982 1595 1207 1661 ecclesiastice
1237 1595 1435 1661 dissimulari
1466 1596 1605 1660 ulterius
1634 1593 1800 1676 videatur,
1833 1601 1899 1659 tam
1929 1596 1962 1660 iu
1992 1617 2060 1676 eos,

410 1697 465 1782 qui
503 1718 547 1760 ex
583 1717 669 1760 nunc
705 1697 913 1762 temerariam
953 1719 1083 1762 manum
1120 1699 1161 1763 ad
1198 1699 1412 1765 ecclesiarum
1451 1699 1504 1764 vel
1540 1696 1710 1763 domorum
1749 1719 1879 1764 suarum
1916 1698 2060 1786 parietes

409 1820 575 1887 apponere
599 1799 859 1886 presumpserint
881 1799 1063 1882 fodiendos,
1094 1822 1190 1887 quam
1213 1803 1246 1866 in
1268 1803 1353 1882 illos,
1381 1803 1435 1888 qui
1458 1801 1639 1868 direxerint
1661 1799 1703 1866 ad
1725 1801 1787 1866 hoc
1810 1803 1904 1884 tales,
1928 1823 2060 1868 excom-

409 1902 642 1968 municacionis
660 1899 861 1970 'sententiam
883 1904 1046 1991 intrepide
1068 1905 1292 1991 promulgetis.

515 2040 604 2108 Data
625 2041 741 2124 Reate,
764 2042 797 2108 X
819 2041 895 2108 Kal.
917 2041 1001 2126 Aug.
1026 2042 1234 2128 pontificatus
1257 2043 1361 2109 nostri
1383 2064 1469 2108 anno
1492 2042 1616 2128 quinto.

1029 2339 1440 2347 ‘m

1191 2630 1278 2704 447.

518 2757 708 2870 Gregorius
722 2786 779 2850 IX
793 2806 883 2866 popa
905 2786 1106 2851 Fridericum
1126 2787 1342 2852 Rornanorum
1365 2788 1582 2868 imperatorem
1603 2791 1700 2868 repat,
1722 2791 1758 2850 ut
1779 2808 1849 2852 eum
1869 2809 1984 2868 ospreru
2004 2807 2065 2852 suo

409 2891 583 2971 increpatio
604 2909 669 2953 nou
687 2888 789 2974 suerit
805 2889 936 2970 publicu
957 2891 1011 2954 sed
1026 2890 1167 2971 priuato,
1190 2911 1310 2956 omnem
1330 2890 1539 2972 suspicionem
1559 2890 1703 2970 aeonae,
1725 2890 1809 2973 qood
1828 2891 1864 2954 id
1882 2891 2065 2972 processerit
2118 2922 2143 2960 n

409 2995 476 3059 uisi
497 3015 536 3058 cce
556 3013 659 3058 merua
681 2993 797 3074 spiritu
818 2994 971 3059 caritatis.
1005 2995 1067 3075 uCf.
1090 3015 1121 3058 a.
1143 2999 1217 3060 443.
2047 3057 2051 3064 .

1721 3083 1815 3160 1231,
1837 3080 1903 3148 Iul.
1925 3084 1977 3146 27.

516 3198 598 3267 Grec.
616 3198 666 3252 IX
682 3197 750 3267 Rep.
767 3197 831 3253 Lib.
855 3198 885 3263 V,
906 3203 966 3254 100.
1002 3200 1124 3255 Edimua
1142 3217 1177 3255 ee
1195 3200 1289 3272 noya
1309 3203 1381 3254 Aac.
1399 3200 1463 3255 eccl.
1481 3217 1509 3253 o.
1527 3203 1605 3264 1231,
1623 3204 1639 3266 §
1657 3204 1699 3255 10.

514 3285 647 3350 Pottlroat,
666 3283 733 3354 Rea.
751 3287 835 3339 8775.

502 3517 748 3606 Friderico,
775 3517 943 3590 illustri
971 3516 1273 3592 Romanorum
1300 3517 1559 3609 imperatori
1587 3540 1763 3610 semper
1789 3524 1978 3614 augusto

1066 3643 1109 3713 et
1134 3640 1225 3732 regi
1252 3637 1412 3714 Sicilie.

517 3787 761 3870 intelleximus,
797 3788 883 3874 quod
917 3809 958 3853 ex
988 3789 1123 3869 litteris,
1155 3809 1236 3874 quas
1268 3809 1374 3875 nuper
1404 3787 1567 3874 imperiali
1601 3784 1788 3852 celsitudini
1817 3785 2063 3866 destinavimus,

411 3896 517 3954 motus
551 3895 727 3975 utcumque
761 3889 865 3969 luisti,
896 3891 973 3976 quia
1006 3892 1079 3976 plus
1114 3888 1341 3954 amaritudinis
1371 3911 1467 3976 quam
1502 3890 1683 3955 dulcedinis
1715 3910 1831 3976 sapere
1859 3888 2063 3960 videbantur.

256 4008 325 4051 sacri.
344 4015 398 4061 sou.
414 3991 568 4057 Ceterum
592 4014 665 4058 cum
687 3995 779 4058 iuxta
801 3993 959 4079 sapientis
976 3994 1118 4058 edictum
1134 3994 1253 4058 melius
1277 3993 1320 4057 sit
1342 4014 1480 4078 arguere
1496 4014 1593 4078 quam
1615 3992 1724 4073 irasci,
1748 4013 1787 4057 eo
1810 3991 1895 4078 quod
1919 3992 1972 4055 via
1994 3991 2061 4056 vite

411 4096 454 4160 sit
476 4097 656 4182 increpatio
679 4097 868 4183 discipline,
899 4097 940 4162 de
972 4103 1108 4183 paterne
1132 4095 1316 4161 dilectionis
1341 4097 1468 4161 siucero
1491 4095 1655 4182 processit
1676 4096 1812 4176 affectu,
1840 4093 1926 4180 quod
1956 4094 2062 4158 horri-
2114 4110 2135 4148 a

413 4199 544 4275 bilium,
571 4207 607 4264 ut
628 4221 648 4264 a
670 4201 818 4286 plurimis
842 4199 1051 4280 dicebantur,
1083 4200 1190 4264 subito
1213 4198 1328 4264 auditu
1349 4199 1492 4286 perculsi
1514 4198 1617 4263 lilium
1641 4199 1748 4263 minus
1771 4198 1889 4263 leniter
1912 4196 2064 4262 duximus

258 4316 330 4358 ravit.
345 4322 399 4368 an.
413 4301 625 4387 arguendum,
648 4323 690 4366 ne
713 4303 779 4368 mel
800 4303 988 4369 videremur
1010 4304 1043 4366 in
1067 4301 1225 4366 sacrificio
1249 4299 1393 4366 adolere·
1433 4301 1500 4366 Sed
1520 4321 1582 4366 nec
1607 4301 1674 4366 filio
1697 4301 1759 4366 iuit
1782 4322 1860 4386 egre
1883 4299 2064 4375 ferendum,

267 4417 331 4459 rmv.
345 4423 400 4470 aro.
415 4405 491 4489 quia
512 4412 607 4492 pater
627 4406 729 4470 filium
751 4427 848 4491 quem
877 4405 985 4492 diligit
1015 4406 1166 4492 corripit,
1194 4412 1228 4470 et
1250 4404 1412 4471 Dominus
1434 4425 1515 4490 quos
1538 4412 1626 4469 amat
1647 4405 1756 4491 arguit
1779 4411 1813 4470 et
1839 4404 1995 4489 castigat,
2024 4424 2064 4468 eo

259 4528 324 4571 rav.
342 4537 396 4582 ors.
414 4507 500 4594 quod
526 4508 662 4584 meliora
690 4516 765 4574 sunt
792 4509 959 4594 diligentis
984 4507 1123 4573 verbera
1151 4529 1248 4595 quam
1279 4509 1392 4574 oscula
1421 4506 1574 4574 odientis.
1625 4506 1669 4571 ut
1699 4508 1726 4572 si
1756 4507 1888 4594 quidem
1916 4505 2065 4572 extiterit

414 4632 533 4697 aspera
555 4611 753 4697 increpatio,
777 4633 842 4677 non
865 4612 927 4677 luit
948 4612 1079 4699 publica
1102 4611 1162 4677 sed
1182 4612 1327 4699 privata,
1357 4632 1422 4676 non
1448 4611 1600 4676 clamosis
1624 4610 1758 4675 vocibus
1781 4609 1839 4675 sed
1862 4610 1981 4674 litteris
2004 4631 2062 4674 ex-

413 4736 529 4801 pressa
552 4715 706 4794 secretis,
737 4734 798 4799 que
821 4714 877 4778 vix
905 4734 1047 4799 unquam
1070 4714 1110 4777 ad
1134 4715 1310 4780 scribentis
1333 4715 1487 4780 affectum
1517 4713 1684 4778 sufficiunt
1714 4711 1973 4799 exprimendum.
2019 4711 2065 4775 Ut

413 4819 513 4904 igitur
544 4817 652 4881 omnia
679 4817 765 4881 inter
796 4837 856 4880 nos
890 4817 969 4880 fiant
1001 4817 1034 4879 in
1068 4817 1253 4881 omnimoda
1280 4817 1440 4904 puritate,
1475 4816 1687 4880 serenitatem
1722 4820 1811 4878 tuam
1843 4835 1997 4901 rogamus
2031 4820 2065 4880 et

413 4941 582 4986 monemus
605 4921 639 4985 in
661 4919 823 5002 Domino,
846 4925 1007 5004 quatenus
1032 4920 1119 4984 omni
1142 4921 1273 4985 omnino
1298 4921 1486 5007 suspicione
1510 4919 1676 5004 deposita,
1699 4918 1786 5004 quod
1809 4917 1841 4982 id
1864 4919 2066 5005 processerit

413 5025 477 5090 nisi
499 5024 541 5089 de
563 5044 653 5090 mere
677 5024 793 5110 spiritu
817 5022 981 5103 caritatis,
1012 5021 1052 5088 de
1075 5023 1170 5087 nobis
1194 5024 1228 5088 in
1250 5023 1391 5088 veritate
1415 5019 1601 5102 confidens,
1630 5022 1833 5086 voluntatem
1856 5028 1946 5087 tuam
1969 5022 2064 5087 nobis

413 5129 639 5193 incunctanter
661 5148 819 5214 exponas,
841 5126 969 5210 quoties
991 5126 1114 5192 videris
1138 5126 1308 5215 expedire,
1331 5127 1386 5212 qui
1411 5125 1455 5191 ad
1476 5125 1644 5211 profectus
1667 5130 1740 5191 tuos
1763 5126 1941 5212 irrequisiti
1964 5126 2064 5192 etiam
2115 5147 2141 5187 rs

352 5215 356 5222 ’
412 5232 556 5298 libenter
576 5229 773 5296 intendimus
796 5250 869 5296 cum
892 5231 1040 5296 effectur.

522 5371 599 5436 Dat.
622 5371 741 5452 Reate,
764 5369 815 5435 VI
836 5369 911 5436 Kal.
934 5370 1021 5456 Aug.
1044 5371 1253 5457 pontificatus
1275 5369 1378 5434 nostri
1402 5388 1487 5432 anno
1511 5367 1552 5433 V.

517 5700 540 5766 ⁸)
558 5703 596 5752 ito
614 5701 655 5766 R,
671 5711 700 5752 ut
718 5701 833 5753 Pereia
850 5700 995 5759 conclavia
1012 5717 1055 5765 op.
1074 5699 1158 5767 Rapo.
1177 5702 1278 5753 affectu.
