4538 6426
996 398 1044 454 EX
1062 398 1219 454 HONORII
1235 401 1275 454 ΠΙ
1293 397 1474 455 uualsuao

1211 580 1267 654 19.

518 702 706 796 Honorias
727 728 793 792 ΙΙΙ
808 747 896 809 popa
920 726 1056 810 Sepuiuo
1081 725 1423 808 antecessarum
1445 730 1552 790 notum
1572 728 1659 809 facit,
1681 749 1713 793 se
1735 728 1893 793 ecclesiam
1914 727 1981 790 eius
2003 726 2061 790 sab

411 857 470 901 sao
488 834 674 918 protectione
696 833 850 912 suscipere
872 832 997 911 eiusque
1020 830 1177 893 libertates
1198 831 1393 911 construente.
1681 833 1774 908 1217,
1796 831 1898 897 Mart.
1919 834 1972 895 20.

513 955 587 1008 noe.
606 951 660 1005 111
678 950 744 1019 ary.
768 950 825 1004 va.
844 950 869 1014 Ι,
888 953 941 1016 sr,·
959 949 1021 1004 ne.
1041 949 1065 1014 Ι,
1085 953 1149 1003 aea.

512 1041 648 1101 aarum,
667 1037 737 1106 nep.
757 1039 837 1090 5654.

464 1249 657 1344 Seguino
685 1248 934 1323 Caminensi
960 1248 1175 1341 episcopo
1205 1248 1391 1340 eiusque
1418 1244 1769 1318 successoribus
1799 1245 2006 1318 canonice

882 1368 1210 1442 substituendis
1236 1369 1279 1440 in
1307 1372 1586 1458 perpetuum.
1642 1421 1643 1424 ,
1886 1367 1887 1370 ’

516 1519 570 1584 Ex
591 1519 737 1583 iniuncto
758 1517 855 1582 nobis
881 1517 1084 1603 apostolatus
1107 1515 1215 1581 officio
1237 1516 1392 1580 fratribus
1420 1521 1454 1579 et
1476 1513 1680 1600 coepiscopis
1703 1514 1833 1592 nostris,
1857 1520 1923 1578 tam
1945 1514 2061 1579 vicinis

409 1644 506 1710 quam
528 1624 626 1706 longe
650 1620 776 1706 positis,
799 1626 936 1706 paterna
958 1641 1018 1684 nos
1042 1620 1195 1684 convenit
1215 1620 1402 1705 provisione
1426 1619 1612 1696 consulere,
1647 1622 1680 1680 et
1703 1616 1862 1697 ecclesiis,
1886 1618 1919 1681 in
1942 1618 2060 1703 quibus

409 1727 481 1790 Deo
505 1726 645 1788 militare
669 1729 862 1800 noscuntur,
892 1743 983 1786 suam
1012 1723 1170 1786 iustitiam
1193 1743 1335 1787 servare.
1384 1721 1513 1806 Equum
1542 1726 1593 1783 est
1622 1719 1708 1782 enim
1738 1724 1772 1783 et
1798 1720 2002 1801 rationabile,
2025 1727 2063 1785 ut

410 1828 465 1912 qui
499 1825 597 1890 beato
632 1824 732 1889 Petro
772 1825 908 1908 eiusque
945 1825 1074 1888 vicariis
1110 1824 1296 1889 devotiores
1330 1845 1404 1888 esse
1442 1829 1636 1898 noscuntur,
1671 1827 1704 1885 et
1736 1821 1883 1886 Romane
1919 1824 2060 1888 ecclesie

409 1929 590 2016 patrocinio
614 1927 748 2014 cupiunt
771 1925 950 2004 confoveri,
982 1926 1128 1992 eiusdem
1152 1928 1205 2013 pie
1229 1928 1340 1992 matris
1363 1926 1521 1991 uberibus
1546 1925 1730 1988 nutriantur
1756 1930 1789 1990 et
1811 1927 1844 1989 in
1868 1927 1935 1990 suis
1957 1927 1999 1992 ab
2022 1948 2062 1992 ea

409 2033 503 2096 iustis
521 2030 732 2118 petitionibus
751 2029 933 2094 audiantur.
974 2029 1168 2116 Eapropter,
1185 2030 1383 2096 venerabilis
1402 2031 1434 2094 in
1451 2029 1582 2094 Christo
1600 2027 1711 2108 frater,
1727 2028 1791 2092 tuis
1805 2029 1900 2093 iustis
1916 2032 2062 2115 postula-

410 2135 555 2199 tionibus
590 2134 768 2198 clementer
799 2134 972 2197 annuimus
1007 2140 1041 2198 et
1077 2135 1285 2198 commissam
1318 2134 1378 2198 tibi
1403 2133 1631 2197 (laminensem
1661 2133 1850 2214 ecclesiam,
1884 2153 1946 2217 que
1973 2133 2063 2198 beati

408 2238 499 2303 Petri
522 2238 602 2302 iuris
626 2237 748 2317 existit,
772 2235 813 2301 ad
836 2237 938 2300 instar
960 2237 1065 2301 felicis
1082 2236 1316 2302 recordationis
1337 2236 1538 2301 Clementis¹
1553 2242 1585 2300 et
1603 2235 1771 2316 Oelestini,
1794 2234 2063 2322 predecessorum

409 2347 593 2406 nostrorum
616 2340 836 2404 Romanorum
861 2340 1066 2426 pontificum,
1096 2341 1156 2406 sub
1187 2340 1334 2405 eiusdem
1366 2340 1589 2426 apostolorum
1612 2339 1768 2425 principis
1798 2345 1832 2404 et
1853 2345 1965 2404 nostra
1986 2361 2061 2426 pro·
2152 2398 2156 2404 .

409 2443 551 2508 tectione
575 2443 769 2528 suscipimus
797 2449 830 2506 et
858 2443 1021 2528 presentis
1052 2443 1164 2528 scripti
1188 2443 1359 2528 privilegio
1384 2442 1631 2506 communimus.
1675 2441 1832 2507 Preterea
1855 2463 2064 2528 quascunque

408 2546 647 2632 possessiones,
671 2565 864 2630 quecunque
887 2545 974 2608 bona
997 2551 1062 2609 etc.
1085 2565 1204 2629 usque:
1245 2546 1430 2625 vocabulis,
1458 2543 1613 2608 videlicet
1635 2544 1800 2609 civitatem
1828 2545 1932 2630 ipsam
1956 2545 2064 2609 Cami-

409 2670 545 2714 nensem
569 2669 642 2712 cum
665 2647 804 2712 taberna
827 2652 861 2711 et
889 2646 974 2727 foro,
1007 2648 1092 2713 villis
1124 2656 1158 2714 et
1187 2649 1337 2712 omnibus
1367 2649 1440 2712 aliis
1467 2646 1670 2733 appendiciis
1701 2668 1828 2722 earum;
1858 2655 1965 2712 castra
1986 2648 2064 2713 hec:

409 2753 536 2817 scilicet
557 2750 684 2831 Dimin,
707 2750 887 2830 Treboses,
911 2748 1052 2831 Chozcn,
1076 2750 1267 2836 Wologost,
1294 2749 1449 2831 Vanam,²
1476 2749 1638 2829 Grozwin,
1660 2748 1764 2829 Piriz,
1789 2748 1967 2834 Starogart,
1991 2772 2065 2815 eum

409 2855 496 2920 villis
520 2860 554 2918 et
586 2853 736 2917 omnibus
760 2873 873 2916 eorum
895 2853 1108 2939 appenditiis;
1144 2854 1265 2932 Stetin,
1299 2853 1472 2933 Prenzlau,
1505 2874 1578 2916 cum
1612 2851 1683 2915 foro
1718 2857 1751 2917 et
1777 2852 1913 2917 taberna
1940 2859 1972 2917 et
1995 2854 2063 2917 suis

411 2956 562 3022 omnibus
584 2955 808 3042 pertinentiis;
831 2954 945 3020 Wolin
968 2979 1041 3021 cum
1059 2957 1129 3022 foro
1148 2965 1181 3023 et
1199 2958 1336 3022 taberna
1352 2963 1385 3022 et
1405 2958 1472 3021 suis
1492 2957 1641 3021 omnibus
1663 2954 1875 3042 appenditiis;
1900 2956 2065 3042 Cholberg

411 3081 484 3124 cum
508 3059 637 3144 tugurio
661 3059 739 3123 salis
763 3065 796 3122 et
819 3059 960 3138 teloneo,
990 3059 1071 3140 foro,
1094 3061 1231 3126 taberna
1258 3067 1291 3125 et
1314 3060 1462 3124 omnibus
1486 3059 1554 3124 suis
1578 3057 1791 3145 appenditiis;
1820 3066 1922 3123 totam
1945 3060 2063 3125 Pome-

413 3163 537 3227 raniam
558 3183 661 3246 usque
685 3161 727 3225 ad
748 3160 875 3226 Lebam
897 3162 1031 3226 fluvium
1063 3185 1136 3227 eum
1159 3163 1238 3228 foris
1262 3170 1295 3227 et
1318 3163 1483 3237 tabernis;
1507 3160 1666 3227 decimam
1690 3162 1753 3225 fori
1776 3161 1905 3227 Cithen.
1941 3161 2064 3227 Statui-

410 3286 482 3329 mus
505 3270 624 3345 autem,
652 3271 689 3329 ut
710 3264 786 3349 quia
808 3265 933 3344 civitas,
961 3286 1023 3349 que
1047 3265 1160 3331 Wolin
1184 3265 1316 3347 dicitur,
1340 3267 1373 3329 in
1405 3286 1470 3350 qua
1492 3264 1689 3350 episcopalis
1714 3262 1810 3328 sedes
1834 3287 1908 3330 esse
1927 3265 2064 3346 solebat,

411 3375 547 3454 propter
569 3388 761 3452 guerrarum
798 3366 971 3431 incomoda
1006 3367 1137 3434 deserta
1170 3391 1242 3434 esse
1275 3368 1483 3454 proponitur,
1517 3367 1590 3453 ipsa
1619 3366 1772 3432 aedesio
1796 3369 2063 3432 ecclesiasanoti
2117 3407 2135 3436 ·.

409 3470 565 3534 Iohannis
589 3470 733 3556 baptiste
756 3470 842 3556 apud
859 3472 1024 3537 civitatem
1042 3472 1283 3549 (laminensem,
1307 3493 1369 3557 que
1386 3471 1574 3556 populosior
1597 3476 1647 3534 est
1663 3476 1696 3533 et
1714 3471 1869 3547 securior,
1892 3471 2063 3539 habeatur.

410 3572 613 3637 Libertatem
637 3593 776 3658 quoque,
800 3595 863 3659 qua
886 3575 982 3640 sedes
1005 3577 1078 3662 ipsa
1101 3577 1162 3640 soli
1185 3576 1247 3640 fuit
1269 3575 1416 3638 Romano
1446 3573 1590 3659 pontifici
1612 3595 1633 3636 a
1655 3573 1761 3658 prima
1787 3574 1838 3636 sui
1861 3574 2063 3639 institutione

375 3703 376 3706 ¹
411 3675 568 3758 subiecta,
592 3677 676 3740 sicut
698 3683 750 3740 est
773 3677 931 3743 hactenus
954 3679 1138 3759 observata,
1162 3685 1267 3742 ratam
1290 3678 1448 3742 habemus
1472 3683 1505 3741 et
1521 3676 1687 3762 perpetuis
1708 3676 1909 3761 temporibus
1926 3677 2062 3742 inviola-

409 3777 511 3844 bilem
532 3799 726 3865 permanere
750 3782 923 3845 sancimus.
969 3782 1127 3847 Preterea
1150 3781 1303 3860 decimas,
1328 3802 1409 3866 quas
1433 3780 1576 3844 ecclesia
1598 3779 1671 3865 ipsa
1693 3785 1760 3843 tam
1784 3801 1827 3844 ex
1841 3781 2063 3864 resignatione

408 3882 567 3947 laicorum
591 3903 688 3966 quam
710 3883 783 3947 aliis
806 3885 901 3950 iustis
925 3886 1029 3949 modis
1053 3886 1163 3970 quiete
1186 3882 1345 3971 possidet,
1369 3884 1428 3948 tibi
1452 3889 1486 3947 et
1508 3903 1567 3967 per
1583 3889 1614 3946 te
1631 3882 1694 3967 ipsi
1711 3882 1852 3946 ecclesie
1868 3883 2062 3948 auctoritate

410 3985 591 4070 apostolica
615 3987 853 4054 confirmamus.
898 3987 951 4052 Ad
976 3988 1038 4053 hec
1062 3989 1244 4065 statuimus,
1266 3994 1302 4051 ut
1326 4007 1439 4050 omnes
1464 3986 1574 4050 clerici
1597 3992 1651 4049 tue
1676 3983 1891 4050 iurisdictioni
1914 3985 2064 4068 subiecti,

410 4095 478 4152 tam
501 4088 649 4173 religiosi
672 4110 769 4173 quam
792 4090 857 4170 alii,
883 4091 1027 4158 debitam
1051 4093 1110 4156 tibi
1131 4093 1164 4157 in
1181 4091 1330 4156 omnibus
1347 4090 1564 4156 reverentiam
1582 4094 1615 4153 et
1632 4086 1853 4153 obedientiam
1876 4087 2064 4164 exhibeant,

409 4191 473 4254 nisi
496 4212 556 4282 per
580 4190 668 4255 sedis
692 4194 872 4278 apostolice
894 4194 1069 4279 privilegia
1097 4196 1161 4258 sint
1189 4195 1344 4281 exempti.
1389 4192 1606 4256 Prohibemus
1629 4191 1773 4276 insuper,
1798 4211 1838 4255 ne
1862 4197 1895 4254 te
1918 4192 1971 4256 vel
1993 4197 2065 4255 tuo-

410 4315 481 4358 rum
504 4315 730 4360 successorum
754 4297 900 4380 quolibet
923 4297 1114 4378 decedente,
1138 4320 1198 4385 per
1219 4297 1376 4384 principis
1395 4303 1480 4360 terre
1499 4297 1551 4359 vel
1578 4294 1753 4359 cuiuslibet
1782 4293 1916 4359 alterius
1939 4295 2063 4358 violen-

409 4397 489 4461 tiam
511 4396 598 4461 bona
620 4399 823 4485 episcopalia
845 4399 1082 4482 distrahantur,
1111 4402 1169 4466 sed
1193 4402 1240 4465 illi
1272 4402 1326 4484 qui
1350 4399 1506 4463 canonice
1529 4398 1628 4462 fuerit
1651 4397 1857 4476 substitutus,
1880 4397 2007 4461 illibata
2030 4405 2063 4461 et

410 4501 539 4585 integra
571 4509 813 4567 conserventur.
869 4503 1075 4570 Auctoritate
1110 4526 1238 4590 quoque
1279 4504 1462 4588 apostolica
1494 4501 1698 4581 inhibemus,
1740 4522 1781 4565 ne
1818 4501 1895 4564 laici
1925 4499 2064 4584 quilibet

410 4603 568 4668 ecclesias
593 4603 646 4667 vel
669 4604 811 4668 oratoria
833 4606 866 4669 in
889 4613 946 4670 tua
969 4606 1093 4672 diocesi
1110 4614 1347 4684 construentes,
1371 4605 1559 4670 sacerdotes
1582 4605 1615 4667 in
1637 4604 1684 4668 eis
1701 4624 1823 4689 ponere
1838 4603 1891 4667 vel
1908 4602 2063 4667 canonice

409 4706 575 4770 institutos
599 4707 669 4770 sine
692 4728 828 4772 assensu
860 4707 1027 4773 diocesani
1057 4711 1205 4796 episcopi
1235 4732 1387 4775 amovere
1418 4714 1617 4795 presumant.
1663 4706 1832 4771 Adicimus
1864 4706 1962 4771 etiam
1985 4728 2061 4792 pro-

410 4809 578 4889 hibentes,
612 4831 654 4873 ne
689 4810 717 4873 si
749 4810 860 4895 aliqua
894 4813 1037 4876 ecclesia
1069 4813 1102 4877 in
1135 4814 1208 4900 ipsa
1242 4813 1366 4878 diocesi
1394 4813 1493 4877 fuerit
1515 4811 1687 4892 fabricata,
1714 4812 1904 4896 episcopus,
1927 4810 1982 4895 qui
2003 4829 2063 4895 pro

409 4917 557 4997 tempore
575 4911 683 4990 fuerit,
710 4912 741 4976 ei
761 4934 877 4978 munus
897 4913 1135 4980 benedictionis
1154 4917 1337 5003 impendat,
1369 4917 1432 4981 nisi
1454 4915 1544 5002 prius
1565 4935 1584 4978 a
1602 4913 1773 4978 fundatore
1797 4913 1901 4999 ipsius
1921 4913 1973 4977 vel
1996 4913 2061 4976 alio

409 5014 449 5079 ad
473 5015 746 5080 sustentationem
768 5037 944 5101 congruam
966 5019 1188 5085 ministrorum
1222 5020 1282 5086 dos
1313 5026 1502 5106 competens
1527 5018 1626 5083 fuerit
1652 5018 1829 5102 assignata.
1871 5016 2061 5080 Inhibemus

408 5117 551 5204 insuper,
575 5140 616 5183 ue
639 5119 830 5185 interdictos
853 5122 906 5185 vel
930 5124 1228 5188 excommunicatos
1258 5130 1331 5189 tuos
1363 5122 1405 5190 ad
1428 5122 1571 5187 officium
1593 5121 1645 5186 vel
1670 5121 1930 5185 communionem
1954 5119 2061 5182 eccle-

409 5221 575 5286 siasticam
598 5223 743 5308 recipere
768 5224 936 5308 quisquam
970 5225 1040 5290 sine
1069 5247 1214 5312 congrua
1236 5227 1459 5292 satisfactione
1482 5230 1660 5311 presumat,
1684 5223 1747 5288 nisi
1770 5223 1854 5288 forte
1877 5222 2059 5308 periculum

408 5325 522 5388 mortis
553 5325 736 5404 immineat,
770 5331 807 5390 ut
838 5324 914 5390 dum
943 5329 1143 5412 presentiam
1170 5336 1261 5394 tuam
1284 5329 1404 5395 habore
1428 5327 1651 5413 nequiverint,
1679 5348 1739 5412 per
1761 5325 1861 5390 alium
1884 5323 2062 5389 secundum

408 5426 544 5491 formam
558 5428 698 5493 ecclesie
716 5429 940 5494 satisfactione
956 5432 1117 5516 premissa
1128 5439 1277 5519 oporteat
1293 5433 1428 5517 ligatum
1446 5431 1580 5495 absolvi.
1603 5429 1656 5494 Ad
1672 5428 1827 5493 indicium
1844 5434 1954 5492 autem
1967 5428 2062 5491 huius
2115 5468 2141 5506 a

513 5587 1028 5599 -..--..-.----.----..-...-...--
1207 5591 1550 5600 —-——-—--—·-···‘-·——-

512 5685 537 5754 1)
558 5685 776 5741 clenentiam
791 5686 816 5742 d.
835 5691 916 5752 1188,
935 5688 1020 5746 Febr.
1038 5693 1082 5744 24.
1152 5691 1179 5759 t)
1197 5690 1228 5744 io
1246 5689 1282 5744 R.
1307 5687 1391 5752 Vena,
1409 5686 1489 5741 bodie
1514 5685 1640 5742 Uscdom.
