4448 6420
809 364 1010 420 EPISTOLAE
1027 366 1216 422 SELECTAE.
1254 369 1329 422 1226.
1834 377 1897 439 233
1945 321 1948 328 Ι

243 536 438 614 remittatis,
462 539 495 602 in
518 538 642 602 octavis
666 539 873 624 epyphanie¹
898 539 1047 626 proximo
1071 546 1208 605 venture
1231 541 1378 626 partibus
1402 543 1575 608 terminum
1599 545 1808 632 prefigontcs,
1832 569 1896 632 qno

244 659 304 724 per
333 661 368 704 se
397 642 452 706 vel
484 663 545 727 per
572 648 800 726 procuratores
829 642 966 708 idoneos
999 650 1111 708 nostro
1147 665 1183 708 se
1215 646 1406 731 conspectui
1437 655 1682 733 representem,
1711 648 1897 715 iudicialem

246 747 381 807 auctore
404 741 477 808 Deo
501 744 701 808 sententiam
726 746 869 810 relaturi.
916 746 1010 821 Quod
1034 747 1062 810 si
1084 768 1149 812 non
1172 769 1286 814 omnes
1309 755 1373 816 etc.

350 860 428 928 Dat.
451 863 606 932 Lateran.
628 863 682 930 111
704 864 784 931 Idus
807 865 895 946 Iulii,
919 888 1004 931 anno
1025 867 1068 932 X.

866 1112 1276 1123 ——n—s—-n--u-

1028 1338 1114 1411 306.

179 1503 190 1538 s
354 1450 542 1545 Honorias
570 1475 637 1541 ΙΙΙ
656 1497 747 1558 papa
775 1476 939 1542 Fridcrioo
964 1477 1181 1542 Romanmnm
1208 1477 1391 1558 imperatori
1418 1481 1631 1560 conquerendo
1659 1483 1784 1564 scribit,
1817 1484 1901 1566 qnod

242 1599 343 1660 nuper
373 1579 553 1644 Tarscrcclns
579 1580 616 1644 cle
647 1579 805 1660 Compelio
836 1581 972 1644 traditam
999 1581 1145 1645 Berlololi
1172 1581 1374 1645 rnnltitncllnc
1410 1581 1546 1646 sociatas
1575 1585 1659 1650 ciros
1688 1588 1844 1652 uenientes
1869 1592 1899 1652 ot

242 1683 404 1747 redeuntes
430 1683 471 1746 al
499 1684 669 1764 apostolica
696 1683 827 1748 selein
854 1685 964 1748 stratis
991 1685 1105 1765 ceperit
1131 1688 1161 1749 ct
1186 1705 1291 1749 eornm
1322 1685 1443 1750 litteras
1470 1707 1492 1749 a
1521 1706 1552 1751 sc
1574 1689 1757 1769 impetratos
1773 1690 1898 1770 postlicc
1988 1667 1992 1674 ⁵

241 1785 302 1867 lcpi
318 1785 440 1870 fecem,
463 1787 545 1868 qnod
565 1806 629 1851 non
650 1786 718 1850 sinc
739 1787 807 1850 eins
825 1787 1023 1851 conniventia
1042 1788 1116 1868 fieri
1128 1788 1286 1868 potnerit·
1307 1791 1405 1870 rapot,
1428 1792 1465 1852 nt
1485 1794 1550 1854 tam
1568 1809 1721 1856 cnornsem
1743 1813 1898 1859 caoessnm

244 1888 390 1986 conipat,
412 1889 555 1970 alloquin
577 1909 609 1954 se
630 1891 734 1970 ipsum
755 1890 962 1973 copitntnrnm
984 1909 1057 1968 esse,
1079 1889 1227 1972 quomodo
1246 1891 1472 1971 procedendum
1493 1893 1544 1959 sit.

170 2024 195 2062 ιο
1555 2002 1649 2077 1226,
1672 2000 1736 2065 Inl.
1757 2004 1811 2064 21.

352 2111 427 2165 Hon.
440 2111 497 2165 ΙΙΙ
512 2110 580 2179 Res.
601 2111 655 2166 Vol.
672 2112 703 2176 V,
722 2117 789 2175 14ος
806 2114 858 2167 Isto
872 2114 908 2176 Χ,
929 2118 1010 2169 334³.
1048 2115 1169 2169 Edimns
1186 2115 1258 2168 tanc
1277 2115 1420 2185 epistolam
1438 2132 1473 2170 ca
1490 2116 1584 2189 Rayn.
1602 2121 1675 2172 Ana.
1693 2117 1754 2172 eccl.
1772 2137 1798 2174 o.
1817 2121 1896 2180 12:26,

130 2259 136 2266 ,
241 2202 258 2264 §
276 2197 539 2338 15-ff,uqollolalqne
549 2211 611 2250 cuns
628 2197 745 2254 mirone
761 2216 808 2269 ap.
832 2199 956 2266 maner,
976 2200 1041 2256 Cocl.
1059 2199 1127 2270 dipl.
1145 2201 1215 2254 dom.
1234 2203 1314 2270 temp.
1331 2216 1354 2255 s.
1374 2200 1430 2256 sed.
1448 2201 1474 2266 1,
1489 2218 1520 2271 p.
1539 2205 1582 2266 81,
1599 2218 1627 2256 n.
1645 2205 1701 2257 135
1718 2202 1782 2272 [ly.

372 2299 387 2336 o
429 2289 480 2348 ost,
535 2299 564 2354 q.
585 2287 665 2339 7601.
1170 2329 1172 2334 ,

809 2427 1031 2502 Friderico
1058 2429 1331 2520 imperatori.

166 2607 191 2646 rs
224 2605 243 2656 ,a
352 2577 434 2643 Cum
466 2577 617 2644 omnibus
646 2577 797 2642 iniuriam
825 2578 1028 2664 patientibus
1062 2585 1198 2664 paterno
1231 2581 1467 2667 compatiamur
1496 2579 1616 2643 affectu
1647 2585 1680 2644 et
1708 2580 1898 2666 gravamina

243 2683 459 2768 singulorum,
489 2687 585 2768 prout
612 2678 653 2744 ad
684 2686 830 2745 nostrum
860 2686 988 2768 spectat
1017 2681 1177 2760 officium,
1210 2682 1351 2748 sollicite
1384 2703 1633 2768 persequamur,
1668 2683 1834 2748 molestias
1864 2691 1897 2747 et

242 2788 394 2864 iacturas,
417 2805 481 2870 que
505 2783 685 2848 viatoribus
708 2791 742 2848 et
764 2785 938 2870 presertim
960 2785 1168 2850 venientibus
1191 2785 1233 2849 ad
1256 2785 1370 2851 sedem
1393 2785 1605 2872 apostolicam
1628 2791 1662 2850 et
1684 2785 1896 2851 redeuntibus

243 2890 439 2968 inferuntur,
470 2894 561 2952 tanto
583 2887 766 2952 accuratius
789 2887 943 2973 prosequi
970 2907 1030 2951 nos
1054 2894 1185 2974 oportet
1208 2894 1242 2953 et
1274 2894 1392 2954 stratas
1415 2888 1563 2976 publicas
1585 2887 1698 2953 debita
1719 2889 1896 2954 securitate

243 2992 345 3070 tueri,
376 2999 497 3077 quanto
520 2989 553 3054 id
576 2990 616 3055 ad
640 2991 796 3055 maiorem
819 2990 993 3055 utilitatem
1015 2991 1116 3056 totius
1139 2993 1253 3078 populi
1277 2991 1456 3058 Christiani
1477 2992 1681 3078 dignoscitur
1703 2991 1896 3072 redundare,

165 3122 192 3160 πο
243 3117 281 3161 ac
304 3117 324 3160 a
345 3094 636 3182 predecessoribus
660 3095 782 3159 nostris
798 3094 919 3159 factum
943 3099 994 3159 est
1016 3093 1175 3160 hactenns
1199 3101 1233 3160 et
1255 3117 1275 3160 a
1296 3095 1390 3161 nobis
1409 3097 1584 3162 sollicitius
1600 3101 1818 3182 procuratum,
1842 3096 1898 3181 qui

244 3206 295 3264 ter
317 3199 351 3263 in
373 3219 474 3278 anno,
507 3196 661 3263 videlicet
691 3198 725 3262 in
756 3197 810 3262 die
837 3219 918 3263 eene
941 3196 1089 3276 Domini,
1123 3198 1208 3263 festo
1236 3201 1455 3276 ascensionis,
1484 3199 1730 3265 consecratione
1759 3197 1896 3264 basilice

241 3301 332 3367 beati
359 3301 464 3375 Petri,
501 3301 692 3367 solemniter
721 3307 875 3388 presente
909 3306 979 3365 toto
1009 3301 1147 3388 populo,
1181 3301 1305 3388 quide
1336 3301 1475 3367 dirersis
1502 3301 1615 3366 mundi
1641 3301 1791 3389 partibus
1819 3309 1896 3367 tunc

243 3405 415 3486 concurrit,
438 3426 551 3470 omnes
573 3405 750 3470 violatores
773 3410 946 3470 stratarum
969 3425 1043 3468 cum
1066 3405 1134 3470 suis
1156 3405 1372 3492 eomplicibus
1395 3406 1743 3488 excommunicationis
1764 3407 1896 3472 vinculo

243 3508 447 3574 innodemus.
505 3506 592 3573 Saue
628 3508 715 3573 filius
744 3507 868 3586 Belial,
902 3506 1091 3573 Teneredus
1121 3508 1163 3573 de
1194 3508 1397 3595 esmpeli02,
1432 3509 1494 3574 hec
1531 3509 1616 3575 siout
1649 3509 1803 3576 convenit
1830 3531 1897 3574 non

244 3610 434 3693 attendens,
469 3633 574 3697 nuper
598 3611 737 3675 militum
763 3609 913 3675 Bertoldi
939 3608 1149 3676 multitudine
1180 3613 1338 3694 sociatus,
1368 3612 1505 3692 multos,
1537 3619 1604 3677 tam
1633 3617 1745 3678 nostre
1773 3612 1897 3678 familie

243 3736 340 3801 quam
382 3715 483 3796 alios,
522 3715 692 3780 venientes
734 3721 766 3778 et
808 3712 983 3779 redeuntes
1023 3715 1065 3780 ab
1101 3717 1283 3802 apostolica
1324 3715 1403 3782 sede
1441 3717 1548 3803 cepit,
1587 3737 1668 3801 quos
1704 3737 1764 3803 per
1800 3715 1897 3780 devia

243 3818 367 3885 ducens
390 3824 424 3883 ct
446 3817 649 3906 Gampelium
678 3819 726 3884 ire
749 3819 969 3905 compellens,
999 3819 1155 3904 gravibus
1183 3820 1319 3885 allectos
1346 3819 1472 3884 iniuriis
1498 3817 1539 3884 ad
1565 3818 1758 3884 Bertoldum
1787 3817 1897 3884 media

243 3928 339 3987 nocte
367 3923 565 4003 transmisit,
600 3921 656 4008 qui
685 3922 931 4008 presumptione
964 3921 1141 3987 damnabili
1171 3943 1284 3987 omnes
1319 3923 1464 4009 ipsorum
1497 3921 1624 3988 litteras
1653 3922 1845 4009 impetratas
1876 3943 1897 3986 a

244 4025 339 4090 nobis
368 4026 485 4113 inspici
506 4026 646 4108 iaciens,
677 4047 719 4091 ex
747 4027 795 4091 eis
824 4047 886 4113 per
908 4025 1065 4092 officiales
1092 4047 1170 4091 suos
1199 4047 1264 4090 non
1295 4027 1366 4091 sine
1395 4027 1487 4112 gravi
1520 4024 1608 4090 sedis
1637 4025 1816 4112 apostolice
1844 4025 1895 4088 in·

246 4128 330 4194 iuria
352 4135 386 4194 et
408 4135 598 4216 contemptu
619 4129 692 4194 fieri
721 4129 801 4195 feeit
830 4151 940 4194 coram
969 4130 1095 4195 cunetis
1124 4129 1306 4194 astantibus
1331 4128 1533 4194 audientiam
1555 4128 1754 4213 generalem.
1800 4127 1896 4202 Quod

244 4232 301 4296 rix
324 4233 452 4318 estqui
475 4232 620 4318 ambigat
642 4233 713 4298 sine
736 4239 793 4297 tua
815 4233 1023 4299 conniventia
1044 4233 1117 4298 ficri
1139 4231 1224 4297 nonb
1247 4231 1412 4319 potuisse,
1442 4231 1584 4296 maxime
1608 4251 1680 4296 oum
1702 4230 1790 4296 idem
1812 4230 1895 4297 Ber·

244 4334 368 4418 toldus,
395 4336 451 4422 qui
481 4335 543 4400 hec
572 4355 655 4400 ausu
684 4335 844 4422 nephario
875 4342 1070 4422 attemptare
1098 4335 1313 4423 presumpsit,
1343 4334 1386 4398 sit
1414 4341 1490 4399 tuus
1517 4333 1651 4399 nuntius
1682 4333 1834 4421 specialis
1863 4339 1897 4398 et

244 4460 354 4505 coram
375 4440 558 4505 astantibus
581 4439 793 4527 proposuisse
815 4439 953 4519 dicatur,
974 4438 1157 4526 predictum
1180 4436 1386 4504 Tancredum
1408 4438 1530 4504 habere
1555 4458 1575 4501 a
1596 4445 1629 4502 te
1653 4445 1766 4502 contra
1788 4443 1896 4503 certas

244 4563 401 4630 personas
423 4543 565 4609 violandi
588 4548 722 4609 stratam
743 4544 910 4608 licentiam
940 4543 1128 4629 specialem.
1172 4543 1212 4608 In
1240 4564 1304 4629 quo
1336 4549 1493 4629 quantum
1520 4539 1682 4628 imperiali
1710 4541 1896 4607 celsitudini

245 4646 431 4730 derogetur,
456 4666 530 4710 cum
544 4645 708 4731 inquietos
724 4646 899 4733 corripere,
922 4667 988 4710 non
1004 4645 1126 4725 fovere,
1150 4667 1188 4710 ao
1205 4646 1371 4711 maleficos
1395 4651 1429 4711 et
1445 4664 1658 4732 oppressores
1674 4643 1896 4710 innocentium

244 4749 399 4835 persequi
418 4749 572 4829 tenearis,
595 4771 657 4814 nec
679 4757 715 4814 tu
737 4751 868 4836 ignoras
891 4772 952 4815 nec
974 4771 1035 4814 nos
1057 4755 1152 4814 atrox
1170 4749 1288 4813 iniuria
1311 4749 1344 4814 in
1366 4749 1429 4814 hoc
1453 4747 1594 4813 ecclesie
1610 4747 1753 4833 irrogata
1773 4748 1897 4834 patitur

243 4851 406 4936 ignorare.
451 4851 534 4917 Cum
555 4853 656 4937 igitur
677 4853 759 4918 nihil
781 4854 833 4935 sit,
856 4875 920 4939 quo
944 4854 1048 4939 magis
1070 4859 1225 4937 tangatur
1247 4859 1351 4917 status
1374 4851 1524 4929 ecclesie,
1547 4870 1645 4934 quam
1668 4850 1696 4914 si
1718 4849 1896 4915 viatoribus

245 4961 279 5020 ct
305 4956 488 5042 peregrinis
517 4955 677 5020 securitas
704 4955 872 5020 auferatur
904 4963 939 5021 et
969 4956 1152 5021 litterarum
1180 4956 1283 5042 ipsius
1311 4955 1427 5020 violari
1461 4951 1638 5017 auctoritas
1674 4957 1896 5038 attemptetur,

245 5059 457 5123 serenitatem
479 5065 568 5122 tuam
591 5057 770 5144 rogandam
791 5058 946 5124 duximus
969 5065 1004 5124 et
1024 5057 1239 5140 monendam,
1265 5059 1417 5144 quatinus
1440 5062 1508 5120 tam
1530 5074 1697 5118 enormem
1721 5074 1895 5118 excessum

247 5161 347 5226 celeri
375 5159 604 5226 emendatione
632 5161 796 5246 corrigere
826 5161 978 5242 studeas,
1010 5167 1046 5227 ut
1075 5161 1278 5247 peregrinis⁰
1302 5158 1436 5247 petendi
1466 5156 1649 5222 orationum
1680 5155 1836 5240 suffragia
1863 5163 1896 5221 et

351 5419 374 5485 ⁸)
393 5417 445 5472 324
468 5419 495 5471 T.
577 5421 601 5487 b)
618 5439 670 5474 non
688 5421 757 5474 deest
773 5439 816 5488 op.
834 5421 912 5490 liopn
929 5431 953 5474 sl
975 5420 1002 5472 T.
1089 5421 1112 5489 ⁸)
1130 5421 1259 5490 peregrini
1277 5419 1362 5486 Rcfflr.

349 5555 376 5624 1)
394 5554 458 5608 Iun.
476 5557 521 5608 13.
610 5555 637 5624 2)
656 5556 713 5612 Hic
728 5573 818 5613 manc
834 5558 963 5630 Aspuna
981 5556 1016 5611 sl
1033 5556 1199 5626 imperatore
1216 5560 1334 5626 propter
1353 5555 1437 5626 prato
1454 5557 1481 5607 et
1498 5555 1610 5621 occepta
1626 5549 1739 5605 santio
1756 5549 1897 5606 nsanos

246 5639 635 5704 suessoniensem.
654 5642 722 5715 dipl.
739 5643 820 5701 mse.
837 5645 882 5710 11,
899 5647 918 5700 t.
936 5645 981 5709 11,
998 5659 1026 5714 ρ.
1044 5645 1107 5698 674.

365 5758 428 5810 Res.
444 5757 524 5808 Pons.
542 5757 562 5808 1.
1652 5747 1689 5802 30
