4590 6366
781 384 982 440 EPISTOLAE
1000 384 1190 440 SELECTAE.
1221 387 1296 440 1235.

1030 681 1056 744 Ι.

314 779 431 871 Duae
453 807 601 886 epistolae
626 807 773 889 erepere
794 807 850 871 IX
870 829 981 887 papae,
1004 809 1117 890 arcibus
1130 808 1310 894 [Romano]
1331 811 1470 891 episeopo
1492 810 1671 890 Poetucnsi,
1694 811 1871 897 Uolscum]

215 911 301 972 tituli
329 910 465 974 Sanctae
493 909 652 974 Pranedis
683 915 713 974 ct
738 910 933 994 S[tepbano]
960 912 1046 974 tituli
1073 911 1210 978 Sanctae
1237 913 1367 978 Mariae
1399 918 1491 977 trans
1521 915 1657 979 Tiberim
1678 917 1871 1000 presbyteris

214 1013 431 1076 cardinalibus
457 1013 600 1089 nrancbd,
628 1017 664 1075 ut
690 1014 781 1076 irrata
804 1013 958 1096 fererant,
984 1034 1078 1094 quam
1105 1016 1146 1078 iis
1169 1036 1228 1095 per
1257 1015 1480 1102 G[repcriune]
1509 1017 1546 1080 dc
1573 1018 1679 1082 Fusca
1706 1019 1742 1081 de
1772 1020 1870 1083 Beria

215 1117 417 1194 trans-mittat,
437 1136 545 1195 namne
567 1137 640 1180 ceren
656 1116 811 1181 Recreanis
828 1116 963 1201 saciant.
1506 1123 1597 1200 1235,
1620 1122 1727 1202 April.
1752 1127 1780 1188 7.

319 1240 471 1290 ndat

298 1454 307 1471 .
337 1455 346 1470 .
376 1398 588 1490 episeopo
615 1400 878 1487 Portuensi,
902 1401 927 1472 Ι.
957 1400 1078 1472 tituli
1106 1401 1264 1473 Sancte
1293 1399 1510 1474 Praxedis
1538 1408 1579 1475 et
1605 1405 1642 1475 S.
1670 1403 1787 1476 tituli

380 1518 536 1591 Sancte
564 1519 694 1594 Marie
721 1520 1047 1593 Transtiberim
1074 1521 1355 1612 presbyteris
1383 1521 1703 1595 cardinalibus

324 1666 359 1730 Si
383 1667 523 1731 obtineri
547 1669 806 1755 contigeritque
830 1671 975 1734 eontinet
1001 1670 1107 1733 forma
1128 1671 1236 1755 pacis,
1265 1690 1362 1753 quam
1386 1670 1479 1734 robis
1505 1692 1564 1756 per
1587 1671 1744 1736 dilectum
1767 1673 1868 1737 filium

216 1771 254 1834 G.
271 1771 427 1834 Fuseonc'
442 1770 541 1836 Berte
566 1773 801 1838 subdiaconum
826 1782 859 1838 et
883 1775 1088 1859 capellanum
1111 1780 1259 1837 nostrum
1284 1773 1436 1837 duximus
1460 1774 1753 1854 transmittendam,
1777 1797 1868 1839 man-

215 1874 346 1953 damus,
379 1876 530 1958 quatinus
566 1876 661 1940 nobis
695 1877 780 1961 quod
815 1878 936 1940 iactum
972 1876 1070 1940 fuerit
1108 1877 1312 1960 quamtocius
1345 1878 1496 1942 intimare
1531 1879 1667 1958 curetis,
1702 1885 1737 1942 ut
1771 1900 1869 1964 super·

215 1977 421 2041 cautionibus
453 1985 487 2042 et
518 1980 767 2057 securitatibus,
805 2001 868 2065 que
897 1979 937 2043 ad
968 1979 1225 2043 conservandam
1258 2001 1372 2066 pacem
1405 1987 1438 2044 et
1471 1981 1677 2045 concordiam
1710 1982 1867 2068 expedire

214 2079 377 2161 ridentur,
401 2082 531 2167 plenius
554 2083 738 2147 deliberare
761 2085 938 2169 possimus.

305 2200 398 2269 Dat.
422 2202 561 2282 Perusii,
586 2203 653 2268 VII
675 2204 723 2270 Id.
747 2206 851 2291 April.
875 2226 961 2268 anno
984 2225 1082 2268 nono.

948 2416 1131 2490 Eisdem.

323 2563 471 2651 Recepto
503 2587 602 2652 super
632 2567 723 2652 pacis
758 2567 890 2650 nogotio
922 2567 1130 2654 imperatoris
1165 2569 1347 2654 responso¹
1384 2576 1418 2633 et
1448 2570 1623 2634 collatione
1651 2568 1765 2633 habita
1794 2588 1868 2631 eum

214 2665 381 2746 iratribus,
406 2689 483 2731 eece
507 2667 663 2732 dilectum
686 2669 787 2733 filium
812 2668 850 2733 G.
868 2669 1025 2734 Fuseonl‘
1046 2671 1146 2736 Berta
1171 2671 1413 2736 subdiaconum
1436 2680 1470 2736 ct
1492 2673 1698 2757 capellanum
1721 2677 1868 2735 nostrum

214 2768 255 2832 ad
284 2789 342 2833 vos
374 2769 526 2834 duximus
557 2771 806 2853 remittendum,
838 2772 1033 2836 mandantes
1069 2775 1223 2859 quatinus
1253 2775 1346 2838 iuxta
1374 2775 1529 2853 formam,
1560 2796 1655 2859 quam
1686 2773 1746 2836 sub
1777 2772 1868 2837 bulla

215 2880 327 2936 nostra
349 2874 442 2938 vobis
474 2876 722 2939 transmittimus
746 2875 984 2961 pereundam,
1018 2877 1058 2940 ad
1082 2877 1272 2941 firmandam
1297 2899 1411 2963 pacem
1436 2879 1522 2942 inter
1545 2878 1719 2942 ecclesiam
1744 2883 1777 2940 at
1799 2874 1866 2938 Ro-

215 2997 329 3040 manos
352 2977 538 3062 procedatis
560 2979 594 3042 in
620 2979 750 3043 nomine
765 2977 843 3044 Iesu
859 2978 991 3060 Christi,
1017 2978 1210 3066 [instantesb
1226 2982 1377 3062 sollicite,
1402 2983 1486 3046 sieut
1509 2983 1591 3046 alias
1609 2981 1702 3045 vobis
1724 2981 1867 3044 dixisse⁰

216 3081 423 3145 meminimus
448 3083 522 3146 viva
551 3105 646 3162 voce,
678 3106 777 3169 super
803 3084 982 3148 obtinendo
1014 3085 1128 3148 ultimo
1161 3084 1309 3149 eiusdem
1339 3085 1441 3150 forme
1473 3086 1633 3172 capitulo,
1664 3107 1702 3148 ae
1732 3081 1773 3148 ad
1804 3083 1866 3146 hoo

213 3184 321 3269 ipsum
345 3186 432 3248 omni
448 3207 511 3271 quo
534 3189 673 3272 potestis
696 3187 805 3250 studio
820 3188 1018 3254 laborantes.
1065 3189 1162 3262 Quod
1185 3190 1213 3253 si
1236 3190 1320 3253 forte
1338 3190 1521 3274 nequiverit
1537 3189 1689 3268 obtineri,
1712 3189 1753 3252 ad
1775 3187 1865 3275 pacis

214 3287 444 3352 nichilominus
468 3291 601 3375 procedi
624 3293 774 3355 volumus
797 3291 1053 3370 firmamentum,
1078 3294 1320 3377 protestatione
1344 3294 1505 3380 premissa
1528 3293 1613 3378 quod
1635 3292 1866 3379 patrimonium

214 3392 355 3455 aeclesia
378 3393 591 3478 proculdubio
614 3393 820 3458 indefensum
843 3415 908 3457 non
931 3393 1080 3473 deseret,
1104 3397 1132 3459 si
1157 3395 1298 3460 Romani
1322 3394 1401 3460 illud
1425 3396 1579 3460 duxerint
1601 3391 1865 3480 molestanduml.

323 3510 398 3577 Dat.
422 3512 562 3594 Perusii,
585 3514 652 3577 VII
674 3514 721 3578 Id.
744 3514 850 3600 April.
874 3537 959 3582 anno
982 3537 1079 3582 nono.

1017 3806 1063 3872 II.

319 3907 453 4000 Itbrma
472 3937 564 4016 pacis
588 3960 610 4000 a
631 3958 720 4016 propa
747 3936 964 4000 cardinalibus
990 3935 1104 3999 inissa:
1133 3936 1168 4008 1)
1191 3937 1416 3997 enumerantur
1438 3933 1588 4010 iniuriae,
1611 3933 1647 3996 dc
1669 3933 1782 4012 quibus
1804 3932 1866 3994 Ra·

215 4038 303 4101 trani
323 4040 465 4103 ecelesiae
486 4038 669 4124 satisfacere
691 4039 807 4116 debent,
829 4043 865 4119 2)
888 4039 1085 4114 conditiones,
1109 4037 1221 4118 quibus
1243 4036 1369 4099 ecelesia
1388 4039 1507 4115 parata
1529 4040 1575 4098 cst
1589 4055 1699 4116 pacem
1722 4035 1814 4099 inire.

318 4165 465 4214 alda

573 4268 780 4357 Articuli,
808 4269 883 4360 qui
910 4269 1072 4341 debent
1101 4267 1214 4358 exigi
1240 4287 1262 4338 a
1289 4264 1514 4338 Romania.

324 4417 453 4482 Primus
477 4419 633 4482 articulus
657 4426 723 4496 est,
745 4417 831 4502 quod
854 4417 1057 4482 satisfaciant
1080 4416 1120 4480 ad
1143 4415 1331 4479 mandatum
1354 4413 1478 4478 domini
1500 4433 1584 4498 pape
1609 4433 1706 4499 super
1728 4418 1867 4495 quatuor

217 4522 378 4602 articulis,
402 4522 457 4606 qui
478 4544 499 4585 a
521 4522 643 4586 nuntiis
668 4528 744 4584 sunt
767 4522 932 4605 expressi:
969 4521 1096 4584 scilicet
1120 4541 1220 4605 super
1242 4519 1328 4582 facto
1352 4518 1473 4582 edificii
1496 4517 1619 4581 Montis
1642 4517 1718 4596 alti,
1742 4516 1865 4580 obsidi-

214 4626 286 4704 bus,
308 4626 499 4689 iuramentis
523 4633 557 4689 et
580 4624 728 4688 terminis
751 4624 884 4709 positis,
910 4631 943 4688 at
966 4625 1043 4709 quia
1064 4623 1232 4687 iustitiarii
1254 4622 1288 4685 in
1312 4621 1481 4686 Sabiniam
1505 4629 1538 4684 et
1561 4621 1714 4684 Tusciam
1738 4621 1866 4684 iverunt

214 4728 256 4792 ad
284 4728 447 4813 exigenda
475 4729 658 4793 iuramenta
689 4726 836 4812 predicta
865 4734 898 4792 at
927 4729 1156 4813 possessiones
1190 4727 1331 4791 ecclesie
1368 4732 1402 4791 et
1432 4725 1577 4790 fidelium
1607 4745 1738 4788 suorum
1769 4747 1864 4789 oceu-

214 4831 347 4918 pandas,
370 4833 511 4896 ecclesie
534 4827 703 4896 satisfiat².

324 4934 504 5014 Secundus,
527 4935 603 5020 quia
618 4932 849 4998 diffidaverunt
864 4933 1062 4998 cardinalem
1083 4934 1209 4998 seilicet
1225 4933 1392 4998 dominum
1408 4931 1609 4996 Ranerium³
1625 4938 1658 4995 ot
1673 4931 1866 5015 magistrum

215 5039 482 5104 Bartholomeum
505 5039 678 5102 notarium.

558 5199 704 5206 .-—-—...—

324 5298 346 5363 Ι)
365 5301 466 5351 Fuscofi
480 5300 512 5351 R.
603 5298 625 5364 δ)
646 5299 690 5349 Ad
708 5297 841 5364 [instantes
854 5326 887 5335 -
900 5295 1098 5362 molestandum]
1117 5299 1145 5348 in
1164 5297 1224 5362 Iicp.
1243 5305 1395 5346 arenatatum
1412 5304 1448 5345 est
1466 5295 1554 5354 Vacat,
1572 5295 1589 5345 i.
1607 5311 1627 5344 c.
1647 5295 1741 5344 deleas.
1783 5295 1868 5362 Papa,

215 5386 276 5450 qrria
293 5382 386 5436 iterato
404 5387 509 5436 consilio
527 5387 618 5436 ultima
636 5386 748 5435 orticello
766 5386 951 5452 infrascriptae
968 5387 1075 5452 formae
1092 5385 1164 5448 praeis
1191 5381 1230 5446 [n.
1249 5381 1301 5447 II]
1327 5382 1493 5431 irrsislcndum
1520 5399 1573 5431 nan
1592 5382 1707 5454 putarit,
1730 5381 1797 5431 lanne
1815 5382 1866 5446 epi-

215 5467 1867 5538 mmmmmmMmmmmmmmwmwmmmmWQw.Mmmss

320 5590 345 5656 1)
367 5587 410 5656 Cf.
428 5605 454 5642 n.
475 5593 539 5642 635.
609 5589 636 5657 2)
658 5587 701 5657 Of.
718 5605 745 5643 a.
763 5592 822 5644 591.
887 5590 915 5658 3)
935 5590 1053 5644 Sanctae
1071 5588 1186 5644 Mariae
1204 5589 1233 5640 in
1254 5587 1390 5643 tiosmidin
1409 5585 1555 5640 diaconum
1571 5585 1746 5654 cardinalem,
1763 5587 1796 5642 dc
1814 5601 1868 5657 quo

138 5673 482 5744 wffmMm.

319 5772 381 5826 Rue.
399 5773 477 5826 Pour.
497 5773 516 5826 Ι.
1628 5769 1662 5820 66
