4494 6426
713 392 912 448 EPISTOLAE
930 391 1119 448 subucula.
1155 395 1230 449 1221.
1740 403 1796 464 l3l

145 573 196 632 est
218 567 357 651 gravior,
380 571 471 631 tanto
494 566 612 631 fortius
636 587 709 630 cum
731 564 797 632 Dei
820 567 981 632 adiutorio
1005 589 1139 653 surgere
1162 567 1279 634 fortius
1303 575 1503 657 satagentes,
1528 572 1570 637 ad
1591 565 1800 637 karissimum

145 672 177 735 in
210 669 341 735 Christo
371 671 474 735 filium
501 677 648 734 nostrum
677 670 714 736 F.
744 671 965 736 Romanorum
998 674 1230 759 imperatorem
1260 696 1390 760 semper
1419 683 1592 762 augustum
1623 682 1656 742 et
1686 697 1798 762 regern

146 775 274 852 Sicilie,
305 774 528 840 venerabilem
552 774 687 839 fratrem
716 781 863 839 nostrum
886 772 1086 864 Nlioolaum]
1112 777 1303 862 episcopum
1324 776 1545 844 Tusculanum
1575 787 1709 867 propter
1735 779 1798 844 hoc

145 879 328 943 curavimus
352 875 514 942 destinare
527 879 547 956 ¹,
571 876 741 942 studentes
766 878 906 944 cundem
929 879 1159 964 imperatorem
1183 879 1224 943 ad
1240 882 1475 948 relevationem
1500 905 1594 949 cesus
1612 882 1798 948 huiusmodi

86 1021 96 1056 s
145 991 211 1046 tam
233 981 352 1046 litteris
375 980 496 1044 uostris
520 1001 617 1064 quam
644 981 720 1044 viva
742 1003 823 1048 voce
856 983 959 1068 ipsius
990 983 1138 1068 episcopi
1168 984 1324 1048 animare.
1370 984 1429 1051 Set
1460 992 1493 1050 et
1520 987 1592 1074 ipse
1621 987 1801 1075 imperator

145 1087 261 1172 spiritu
283 1084 393 1148 divino
409 1091 596 1169 preventus,
621 1092 797 1170 antequam
820 1085 859 1149 ad
884 1107 958 1150 eum
983 1086 1130 1171 prefatus
1153 1087 1327 1172 episcopus
1342 1090 1558 1174 pervenisset,
1581 1097 1715 1178 propter
1736 1091 1799 1154 hoc

145 1189 231 1255 idem
253 1190 422 1274 negotium
446 1189 645 1274 sollempnes
668 1189 709 1252 ed
732 1190 934 1275 presentiam
956 1195 1103 1253 nostram
1126 1190 1258 1254 nuntios
1282 1191 1477 1274 destinavit,
1501 1199 1566 1257 tem
1590 1193 1709 1257 litteris
1732 1194 1798 1257 suis

145 1315 240 1380 quam
270 1295 344 1357 viva
371 1314 450 1357 voce
481 1293 627 1378 ipsorum
658 1294 846 1358 nuntiorum
876 1294 972 1358 nobis
1010 1294 1197 1372 insinuans,
1231 1294 1316 1379 quod
1351 1295 1420 1360 eius
1454 1301 1505 1360 est
1536 1294 1736 1362 desiderium
1766 1301 1800 1359 et

144 1399 362 1484 propositum,
400 1396 484 1461 hanc
515 1395 666 1460 iniuriam
699 1395 822 1460 Christi
859 1403 892 1461 et
924 1397 1037 1483 populi
1074 1396 1269 1478 Christiani,
1306 1399 1335 1461 si
1368 1397 1511 1484 desuper
1545 1398 1656 1463 datum
1689 1399 1798 1479 fuerit,

80 1539 98 1572 n
146 1501 328 1581 vindicare,
357 1521 457 1586 super
482 1499 544 1563 hoc
573 1522 608 1564 se
637 1501 768 1564 omnino
792 1500 1001 1585 beneplacito
1026 1505 1137 1564 nostre
1161 1501 1338 1565 voluntatis
1367 1522 1546 1587 exponens.
1592 1501 1677 1574 Quia
1700 1501 1800 1585 igitur

144 1627 203 1692 per
218 1611 348 1669 mutuos
364 1603 494 1667 nuntios
510 1609 543 1667 et
560 1603 659 1667 etiam
676 1625 737 1689 per
752 1605 959 1689 colloquium,
985 1603 1012 1666 si
1028 1601 1163 1667 comode
1179 1603 1251 1667 lieri
1267 1605 1398 1689 poterit,
1422 1625 1495 1668 curu
1512 1605 1583 1690 ipso
1599 1604 1798 1688 imperatore

145 1707 347 1781 habendum,
379 1706 529 1771 ordinare
553 1708 732 1791 satagimus
758 1713 824 1770 tam
852 1706 892 1772 de
917 1707 1060 1792 passagii
1084 1707 1223 1770 termino
1246 1727 1343 1791 quarn
1366 1707 1406 1771 de
1430 1708 1504 1771 aliis
1528 1728 1590 1793 que
1615 1713 1691 1771 sunt
1714 1706 1799 1771 circe

143 1821 270 1878 tantum
293 1812 462 1897 negotium
485 1810 673 1893 ordinanda,
696 1832 774 1874 mox
797 1833 860 1897 que
884 1810 1033 1875 ordinata
1054 1810 1186 1892 fuerint,
1210 1811 1426 1896 significaturi
1448 1811 1570 1875 Christi
1587 1809 1740 1874 fidelibus
1764 1816 1798 1874 et

144 1939 201 1983 cos
218 1916 260 1981 ad
276 1915 527 1980 subventionem
544 1915 678 2000 negotii,
702 1921 797 2000 prout
816 1912 973 2000 expedire
992 1913 1188 1993 videbimus,
1207 1913 1378 1995 hortaturi,
1398 1915 1636 1980 fraternitatem
1652 1919 1796 1978 vestram

79 2051 98 2088 c
145 2042 298 2107 rogamus
326 2024 360 2084 et
389 2019 558 2083 hortamur
584 2019 617 2081 in
647 2017 800 2096 Domino,
831 2038 892 2102 per
921 2017 1102 2102 apostolica
1129 2016 1223 2080 vobis
1254 2018 1375 2103 scripta
1401 2017 1612 2098 mandantes,
1645 2017 1797 2102 quatinus

144 2125 275 2189 interim
306 2121 426 2207 singuli
454 2122 646 2186 commissos
675 2121 767 2185 vobis
797 2121 937 2207 populos
967 2118 1009 2184 ad
1039 2118 1073 2183 id
1101 2119 1224 2184 sedulis
1254 2120 1536 2186 exhortationibus
1565 2120 1733 2200 animetis,
1763 2117 1814 2184 ut

143 2226 330 2292 exhortatio
359 2230 472 2289 nostra
506 2244 563 2288 eos
595 2229 685 2288 tauto
718 2226 898 2309 paratiores
935 2224 1093 2302 inveniat,
1129 2228 1250 2308 quanto
1280 2230 1390 2288 vestre
1417 2224 1539 2288 luerint
1569 2222 1798 2287 exhortatione

143 2331 304 2416 preventi.

250 2451 329 2516 Det.
350 2451 504 2515 Lateran.
527 2447 630 2513 XIIII
652 2447 725 2513 Kal.
750 2448 880 2513 Ianuar.
904 2468 988 2512 anno
1013 2453 1116 2513 sexto.

253 2573 294 2636 In
324 2549 465 2638 eundem
497 2569 629 2635 modum
661 2570 817 2656 scriptum
846 2576 897 2633 est
928 2569 1184 2655 archiepiscopis
1216 2575 1249 2632 et
1279 2567 1495 2653 suffraganeis
1529 2567 1708 2633 eorundem
1741 2589 1801 2653 per

144 2676 335 2757 Franciam,
363 2675 533 2761 Angliam,
564 2673 722 2755 Scotiam,
752 2672 946 2754 Yberniam‚
975 2672 1211 2752 Theutoniam,
1238 2670 1433 2756 Ungarism,
1462 2669 1616 2734 Tusciam
1644 2676 1677 2736 et
1699 2671 1798 2735 Lorn-

144 2779 303 2844 berdiam.

934 3256 1018 3328 186.

254 3369 444 3464 Honorius
458 3394 525 3460 III
537 3415 627 3476 papa
641 3393 761 3474 populo
783 3392 820 3456 dc
837 3393 976 3458 Porcena
992 3393 1161 3473 interdicit,
1184 3413 1223 3456 ne
1238 3394 1382 3474 crriqcom
1399 3393 1464 3457 nisi
1478 3392 1620 3457 ecclcsiae
1635 3391 1799 3458 Rooranoe

136 3505 378 3589 procreationes
399 3501 570 3565 exsolvant.
1444 3499 1538 3573 1221,
1561 3494 1635 3561 Dec.
1657 3499 1711 3560 21.

249 3624 324 3679 Hon.
343 3625 394 3676 111
410 3622 478 3692 Ray.
503 3620 559 3673 Vol.
578 3621 636 3684 III,
655 3623 722 3680 182;
741 3619 803 3672 Lit.
830 3618 875 3682 VI,
894 3623 953 3672 146.

247 3709 470 3777 Potttcst,1te9.
491 3710 571 3762 ⁶743.

730 3900 898 3994 Populo
926 3901 976 3973 de
1003 3899 1213 3972 Porsena.

252 4053 459 4121 Auctoritate
489 4052 583 4116 vobis
613 4053 813 4137 presentium
843 4050 1023 4115 districtius
1054 4048 1259 4126 inhibemus,
1293 4066 1335 4110 ue
1366 4043 1517 4129 cuiquam
1544 4043 1608 4107 nisi
1638 4043 1735 4107 nohis
1767 4049 1800 4107 et

142 4162 269 4227 nuntiis
285 4159 406 4224 uostris
422 4154 633 4241 albergarias,
655 4156 901 4242 procurationes
917 4154 970 4218 vel
992 4153 1066 4232 elia,
1092 4173 1154 4238 que
1177 4151 1219 4215 ad
1239 4149 1417 4214 dominium
1433 4147 1608 4234 portinent,
1627 4147 1801 4223 exsolvetis,

66 4291 90 4330 ee
142 4287 205 4332 nec
229 4262 428 4351 presumatis
453 4259 562 4325 subire
585 4259 740 4325 iudicium
761 4259 795 4323 in
818 4259 884 4323 elia
906 4256 995 4323 curia
1018 4277 1115 4342 quam
1137 4256 1170 4320 iu
1195 4260 1315 4318 nostra.

252 4383 329 4449 Dat.
350 4382 504 4448 Lateran.
527 4379 596 4446 XII
617 4379 691 4445 Kal.
715 4379 845 4446 Ianuar.
869 4399 956 4443 anno
980 4399 1016 4443 se
1041 4383 1085 4442 to.

766 4665 1178 4678 ww

933 4961 1017 5036 187.

257 5081 445 5177 Honorius
475 5107 538 5174 III
555 5129 644 5191 popo
672 5105 827 5174 marcai
858 5105 895 5170 dc
922 5103 1060 5170 Perteaa
1091 5097 1240 5179 concedit,
1272 5100 1308 5163 at
1340 5118 1380 5163 ec
1413 5092 1590 5160 hominihus
1622 5091 1720 5156 cestii
1750 5091 1802 5156 sai

144 5219 289 5284 coruum
310 5215 371 5280 sthi
392 5214 519 5296 eligam.
1447 5201 1541 5275 1221,
1563 5193 1638 5262 Dec.
1660 5198 1713 5260 22.

250 5335 324 5392 Hori.
344 5338 398 5389 ΙΙΙ
411 5334 476 5403 Reg.
494 5331 558 5387 Lib.
583 5332 630 5401 VI,
649 5335 708 5386 147.

61 5437 87 5474 ³⁵
250 5423 385 5486 Potitoat,
403 5419 473 5491 ch.
493 5421 573 5474 6744.

254 5703 280 5772 l)
301 5699 344 5768 Os.
362 5717 389 5754 a.
408 5703 464 5752 183
482 5700 507 5752 ct
524 5702 584 5752 184.
