4560 6420
779 383 980 440 EPISTOLAE
997 384 1186 440 subucula.
1224 385 1302 439 1211.
1806 387 1867 448 ’113

214 553 256 618 de
279 576 364 620 novo
388 555 429 619 ab
453 557 500 620 eis
524 556 733 642 postmodum
756 565 960 644 recepturus.
1009 559 1084 624 Hiis
1118 558 1249 646 quidem
1280 560 1423 649 peractis
1455 559 1582 624 litteras
1613 562 1742 622 nostras
1771 577 1868 643 super

214 660 419 726 relaxatione
441 683 527 748 pene
552 662 736 746 assignabis
759 662 896 729 eisdem.

321 782 398 852 Dat.
421 789 458 849 ut
481 805 589 873 supra.

837 908 1248 918 numm—..p—

995 1172 1083 1247 812.

324 1281 532 1396 quenes]
553 1309 752 1373 Arelatensis
773 1313 802 1372 cl
824 1309 975 1395 P[etrns]
999 1310 1240 1375 Tarraconensis
1261 1311 1486 1392 archicpiscopi
1513 1315 1543 1376 et
1564 1313 1713 1378 nonnulli
1734 1313 1869 1395 episcopi

148 1434 161 1472 s
216 1413 367 1496 Greperie
378 1412 434 1477 IX
440 1432 547 1492 papae
567 1413 717 1490 scribam,
741 1413 857 1476 ructa
876 1433 986 1493 pupae
1007 1413 1119 1477 navali
1140 1417 1258 1490 exorta,
1275 1413 1434 1493 plurimes
1449 1415 1614 1494 praelatos
1635 1415 1679 1479 ud
1700 1417 1866 1482 camillam

210 1517 385 1582 accedentes
406 1537 427 1579 a
442 1514 575 1580 Pisonis
595 1518 625 1579 et
647 1516 765 1581 Ssiarlis
786 1516 920 1597 aliisque
942 1515 979 1578 de
1000 1516 1149 1580 ntandate
1164 1517 1325 1581 Frideriei
1347 1516 1422 1581 dieti
1445 1517 1647 1598 imperatoris
1668 1526 1774 1600 nuptos
1789 1540 1869 1598 esse,·

211 1624 333 1704 repant,
356 1623 391 1683 at
414 1619 502 1700 ipsis,
526 1619 582 1700 qni
603 1619 768 1698 evaserint,
787 1619 975 1699 praecipiat,
997 1619 1075 1699 qnid
1096 1620 1158 1684 sibi
1173 1620 1341 1700 placuerit.
1507 1625 1601 1700 1241,
1625 1622 1707 1687 Mai.
1731 1626 1782 1689 10.

317 1741 400 1808 Grep.
426 1739 472 1791 ΙΧ
494 1738 564 1809 Brp.
586 1737 644 1794 Vel.
666 1738 738 1803 VII,
767 1742 819 1801 7&
845 1737 907 1791 Lib.
930 1736 994 1801 XV,
1014 1743 1059 1792 55.
1112 1738 1240 1793 Teneran
1266 1741 1400 1810 epistolae
1424 1740 1524 1796 Mune
1545 1757 1579 1794 er
1596 1741 1688 1812 Rapa.
1713 1745 1784 1796 Ana.
1806 1740 1868 1803 e'ert,

209 1843 236 1880 a.
254 1830 328 1893 1211,
343 1830 359 1891 §
379 1829 496 1891 58-59,
514 1825 720 1895 inscriptionem
738 1840 756 1877 a
776 1823 809 1879 V.
831 1823 871 1878 et.
889 1825 923 1877 A.
942 1824 1014 1879 Mau
1031 1825 1111 1879 nebia
1128 1827 1354 1881 eomnrnnicatcm
1372 1843 1407 1881 ea
1425 1827 1492 1896 Rep.
1511 1827 1653 1882 addaces.

138 2054 163 2091 ιο
275 2018 446 2093 Littera
474 2020 761 2110 prelatorum
787 2020 974 2113 Ispanie
1002 2041 1138 2112 super
1166 2020 1374 2111 captione
1402 2021 1660 2114 legatorum
1687 2022 1809 2097 sedis

456 2142 706 2232 apostolice
735 2147 777 2216 et
803 2142 1084 2234 quorundam
1113 2139 1305 2214 aliorum
1332 2142 1629 2234 prelatorum.

321 2287 533 2356 sanctissimo
557 2293 642 2379 patri
670 2299 704 2357 et
730 2292 861 2357 domino
885 2291 1059 2376 Gregorio,
1087 2290 1151 2354 Dei
1179 2291 1286 2375 gratia
1314 2299 1523 2356 sacrosancte
1546 2290 1694 2356 Romane
1729 2290 1869 2356 ecclesie

213 2414 339 2456 summo
366 2395 526 2480 pontifici,
560 2395 587 2462 I.
610 2396 814 2462 Arelatensis
846 2403 878 2460 et
906 2396 943 2460 P.
971 2395 1227 2459 Tarraconensis
1255 2394 1510 2481 archiepiscopi,
1542 2395 1606 2460 N.¹
1629 2395 1865 2471 Astoriceusis,

212 2495 272 2561 Ιι.Ι
301 2495 488 2578 Auriensis,
520 2487 593 2561 'Me
619 2500 924 2580 Salamantinensis,
959 2499 1017 2564 P.¹
1044 2499 1292 2585 Portugalensis
1327 2505 1360 2563 et
1388 2498 1448 2565 E.¹
1471 2499 1681 2565 Placentinus
1722 2498 1869 2586 episcopi

136 2621 160 2660 a
212 2600 332 2687 pedum
356 2602 468 2665 oscula
490 2601 672 2670 beatorum.
720 2604 881 2668 Dolenter
910 2603 1082 2667 referimus
1107 2611 1139 2666 et
1162 2603 1336 2668 referendo
1361 2605 1496 2667 nimium
1520 2602 1751 2682 condolemus,
1782 2599 1869 2685 qnod

211 2725 285 2768 eum
307 2726 367 2769 nos
391 2714 424 2770 et
446 2706 652 2772 venerabiles
681 2708 714 2771 in
738 2706 868 2772 Christo
891 2716 1002 2792 patres
1025 2705 1309 2792 Rotomagensis¹,
1332 2706 1622 2792 Burdogalensis¹‚
1647 2705 1835 2770 auxitanus
1846 2705 1868 2783 ¹,

210 2807 402 2872 Bisnntinns
413 2809 426 2846 ¹
439 2810 685 2897 archiepiscopi,
699 2811 974 2875 Carcassonensis
986 2811 1023 2891 ¹⁰,
1035 2809 1237 2894 Agathensis
1248 2811 1287 2891 ¹¹,
1299 2810 1533 2875 Ncumasousis
1546 2809 1583 2891 ¹¹,
1597 2807 1818 2874 Tordononsis
1830 2807 1869 2886 ¹³,

210 2910 404 2976 Asteusis¹¹
426 2919 459 2976 et
481 2913 693 2999 Papiensis¹⁵
715 2916 862 3000 episcopi
890 2921 922 2978 et
954 2914 1073 2978 nobilis
1096 2913 1259 2995 Romeus,
1291 2923 1483 3000 procurator
1514 2921 1547 2980 et
1577 2914 1710 2978 nuntius
1733 2911 1869 2976 illustris

212 3015 340 3079 comitis
362 3016 583 3098 Prorineio¹¹,
606 3039 644 3082 ae
668 3039 764 3102 quam
787 3019 897 3106 plures
922 3019 975 3082 alii
1004 3018 1122 3103 prelati
1154 3025 1187 3082 et
1209 3025 1438 3105 procuratores
1463 3025 1652 3082 nostrarum
1677 3022 1710 3082 et
1733 3016 1869 3080 aliarum

134 3135 162 3175 ²⁰
214 3117 381 3183 diocesum
404 3141 442 3184 ae
464 3121 703 3207 provinciarum
732 3113 805 3186 eum
835 3121 1076 3186 venerabilibus
1106 3121 1253 3207 patribus
1280 3129 1378 3208 atque
1403 3121 1544 3187 dominis
1568 3121 1689 3186 Iacobo
1714 3120 1869 3206 episeopo

212 3221 420 3306 Penestrino,
457 3222 589 3289 Othone
617 3225 771 3291 cardinali
800 3233 833 3290 ot
864 3225 1024 3310 Gregorio
1053 3225 1094 3289 de
1124 3224 1300 3299 Romania,
1332 3227 1512 3312 apostolice
1542 3225 1630 3291 sodis
1660 3224 1796 3310 legatis,
1828 3221 1870 3286 ad

213 3332 322 3390 vestre
357 3329 539 3392 sanctitatis
576 3332 777 3420 presentiam
805 3330 838 3394 in
868 3329 1057 3394 obedientia
1092 3337 1124 3392 et
1158 3329 1333 3394 devotione
1366 3329 1524 3393 accedere
1557 3330 1649 3392 iuxta
1686 3333 1868 3392 vostrarum

212 3430 444 3494 continentiam
471 3433 653 3496 litterarum
676 3434 795 3519 spretis
819 3435 887 3498 sive
911 3434 1101 3520 postpositis
1124 3433 1325 3518 quibuslibet
1348 3431 1603 3510 difficultatibus,
1629 3430 1810 3496 terroribus
1834 3437 1869 3494 et

211 3533 366 3617 perieulis
382 3535 570 3615 niteremur,
592 3536 646 3601 die
668 3538 765 3601 tertia
780 3538 901 3601 mensis
918 3536 996 3600 Maii
1011 3537 1177 3623 navigium
1192 3536 1386 3601 Pisanornm
1410 3543 1443 3600 et
1462 3536 1644 3600 Siculorum
1668 3541 1702 3598 et
1725 3554 1867 3618 querun-

212 3634 288 3699 dam
310 3637 447 3702 alierum
470 3638 510 3704 do
537 3639 757 3706 iurisdictione
780 3639 936 3704 Friderici
961 3639 1038 3706 dicti
1062 3641 1268 3727 imperatoris
1293 3648 1326 3705 et
1349 3639 1389 3704 de
1424 3638 1578 3703 mandato
1602 3636 1748 3702 eiusdem
1774 3636 1869 3701 nobis

213 3761 248 3805 se
271 3743 425 3827 opposuit
452 3766 496 3809 ex
517 3743 704 3826 adverso¹¹,
734 3745 790 3831 qui
813 3767 873 3810 nes
896 3752 964 3808 tam
985 3752 1139 3832 potenter
1161 3753 1194 3810 et
1217 3745 1353 3808 viriliter
1376 3743 1480 3830 culpis
1516 3743 1635 3807 nostris
1660 3740 1869 3826 exigentibus

214 3854 459 3932 expugnarunt,
487 3847 574 3933 quod
597 3849 690 3913 nobis
715 3850 863 3936 exeeptis
887 3855 920 3912 et
941 3847 1067 3913 Romee
1094 3847 1221 3935 prelato
1253 3854 1285 3912 et
1315 3845 1447 3928 domine
1471 3845 1785 3931 compostellano¹⁸,
1814 3843 1870 3930 qui

214 3950 300 4036 apud
335 3951 470 4016 Portum
497 3951 680 4016 Veneris¹¹
712 3953 885 4017 lanueusis
919 3950 1061 4016 diocesis
1097 3951 1274 4039 impeditus
1309 3949 1452 4014 nondum
1483 3955 1620 4014 venerat
1649 3948 1802 4028 Ianuem,
1819 3953 1870 4010 «et

215 4054 407 4140 quibusdam
432 4055 506 4119 aliis
525 4056 671 4141 prelatis,
694 4055 916 4120 Braeharenai
935 4055 1225 4141 archiepiscopo¹⁰
1248 4052 1402 4118 videlieet
1425 4061 1458 4118 et
1480 4052 1651 4117 Anicieusi
1674 4049 1868 4139 episeopo¹¹

216 4165 250 4224 et
271 4159 385 4244 paucis
408 4159 480 4223 aliis
504 4158 545 4224 de
568 4159 833 4247 procuratoribus
856 4166 890 4223 et
916 4158 1047 4223 familiis
1075 4159 1291 4245 prelatorum,
1322 4176 1405 4243 ques
1434 4156 1475 4221 de
1506 4156 1690 4240 iniquorum
1719 4153 1869 4218 manibus

212 4261 291 4327 Iesu
306 4261 427 4326 Christi
443 4260 667 4326 misericordia
681 4263 841 4344 liberavit,
865 4263 1060 4349 quibusdam
1077 4263 1176 4327 etiam
1192 4261 1302 4348 gladio
1326 4269 1360 4326 et
1383 4260 1611 4326 submersione
1625 4259 1655 4299 ¹¹
1677 4257 1868 4344 peremptis,

214 4387 327 4432 secum
350 4373 478 4432 ceteros
501 4365 726 4448 deduxerunt,
756 4368 840 4433 sicut
868 4368 972 4432 fertur
995 4374 1028 4433 et
1051 4367 1214 4431 eredimus
1238 4366 1378 4430 vinculis
1402 4365 1618 4450 mancipatos.
1663 4362 1746 4426 Cum
1769 4361 1869 4448 igitur

214 4469 355 4534 mundus
378 4470 421 4534 sit
443 4471 568 4557 pesitus
590 4471 676 4534 ultra
698 4491 795 4555 quam
819 4471 1000 4556 excogitari
1023 4471 1130 4535 valeat
1153 4471 1187 4535 in
1209 4470 1353 4556 maligno
1383 4477 1416 4534 et
1445 4467 1641 4534 universalis
1673 4466 1812 4532 ecclesia
1835 4464 1869 4530 in

214 4574 423 4638 tribulatione
446 4572 591 4638 maxima
619 4572 783 4654 videatur,
814 4576 876 4639 nisi
899 4574 1060 4638 Dominus
1092 4574 1197 4638 nostri
1229 4572 1350 4638 debeat
1379 4579 1513 4637 extento
1545 4570 1679 4636 brachio
1710 4569 1869 4649 misereri,

214 4676 363 4742 attendat
384 4685 495 4742 vestra
517 4677 673 4742 sanctitas
696 4684 729 4742 et
751 4677 926 4756 deliberet,
958 4677 1100 4762 qualiter
1129 4677 1171 4742 sit
1194 4677 1227 4740 in
1250 4683 1339 4742 tante
1362 4676 1569 4740 necessitatis
1591 4674 1728 4740 articulo
1752 4695 1867 4761 prece-

215 4779 374 4860 dendum,
398 4787 432 4847 et
454 4780 547 4846 nobis
571 4781 747 4867 precipiat,
770 4780 857 4866 quod
880 4781 943 4845 sibi
965 4781 1141 4867 placuerit,
1167 4780 1243 4866 quia
1266 4779 1463 4845 adversitate
1486 4780 1595 4866 aliqua
1617 4800 1681 4842 non
1705 4778 1871 4860 obstante,

215 4905 290 4969 quc,
312 4907 385 4949 cum
407 4885 502 4950 benis
519 4885 601 4949 vetis
625 4884 765 4950 obicitur
788 4881 972 4948 dilectionis
989 4905 1068 4949 vere
1091 4883 1252 4970 prohetia,
1275 4902 1340 4946 non
1357 4883 1596 4968 reprobationis
1617 4881 1771 4946 iudicium
1793 4901 1867 4944 esse

214 4987 331 5070 debet,
363 4988 396 5052 in
427 4988 514 5052 omni
543 4989 726 5053 constantia
752 5009 791 5052 ae
820 4987 974 5051 firmitate
999 5009 1060 5052 uos
1089 4988 1218 5052 noverit
1247 5005 1495 5073 permansuros.
1552 4984 1595 5048 Et
1628 4985 1706 5048 lieet
1736 4987 1870 5070 propter

321 5246 347 5309 1)
366 5245 459 5300 Nune.
555 5247 582 5314 2)
600 5245 780 5301 Laurentiae.
876 5246 904 5310 3)
924 5241 1076 5300 Martinus.
1171 5247 1200 5316 4)
1220 5245 1330 5299 Petras.
1425 5242 1453 5308 5)
1472 5239 1614 5309 Aeptdias.
1712 5243 1739 5308 6)
1758 5240 1869 5295 Petrae.

217 5331 245 5399 ’1)
274 5330 422 5386 Geratdns.
530 5333 557 5398 8)
585 5333 769 5388 Arnanr'anus.
873 5332 900 5400 9)
930 5329 1107 5400 lictefredus
1131 5331 1175 5386 II.
1284 5329 1329 5395 10)
1359 5327 1499 5382 Okrinon.
1610 5328 1655 5394 11)
1683 5325 1869 5380 Bertrandnr.

219 5419 262 5485 12)
280 5416 477 5472 ArneldnsII.
548 5418 591 5482 13)
611 5418 722 5472 Petrus.
794 5418 837 5486 14)
853 5417 1030 5472 Hnmbertas.
1103 5414 1347 5484 remorabatur.
1411 5415 1453 5480 16)
1467 5411 1629 5484 Rapsacen&
1639 5411 1805 5480 Berenpan'i
1816 5411 1835 5465 1
1839 5411 1870 5466 V.

216 5503 260 5570 11)
279 5503 358 5558 Inter
370 5503 475 5558 Montis
489 5503 624 5558 Christiet
636 5502 827 5569 (retrituratur,
845 5505 880 5556 ab
892 5503 956 5556 Ilec
965 5502 1003 5556 ad
1013 5502 1150 5557 nuridiem
1160 5508 1186 5556 et
1195 5502 1338 5562 omanem·
1356 5499 1393 5567 σί.
1404 5499 1644 5563 Borma-urerer,
1655 5500 1672 5553 l.
1685 5514 1707 5552 c.
1719 5516 1746 5552 a.
1761 5503 1869 5553 320011.

199 5636 201 5640 .
218 5589 261 5654 18)
280 5588 412 5645 Iohanne.
494 5590 536 5657 19)
554 5591 589 5643 In
606 5588 782 5644 meridionali
794 5591 879 5658 porte
892 5589 1089 5657 paeninsulae,
1106 5603 1177 5656 qaae
1194 5588 1286 5642 sinam
1303 5585 1336 5640 ae
1353 5585 1471 5654 Spesrio
1488 5585 1582 5656 efficit.
1667 5586 1713 5656 20)
1733 5585 1869 5640 Silvestn'.

216 5674 262 5743 21)
281 5675 455 5730 Bemliardo.
541 5676 588 5744 22)
607 5675 685 5730 Inter
702 5689 770 5746 quea
787 5671 1010 5746 cretiepiseopns
1026 5673 1196 5732 Bisnntinns
1213 5679 1282 5728 erat

320 5775 383 5830 ltro.
399 5775 479 5828 Poro.
497 5775 518 5828 1.
1629 5767 1665 5822 90
