4596 6406
774 384 974 446 EPISTOLAE
991 387 1181 448 SELEC'I'AE.
1217 387 1293 446 1239.
1799 389 1858 454 651

207 567 390 635 limitanum
415 563 519 632 subici
544 573 577 632 et
600 565 692 632 illum
714 566 859 653 undique
882 585 943 653 per
970 561 1083 631 orbem
1113 566 1252 632 exaltari
1282 585 1481 652 procurans,
1510 563 1588 630 lieet
1618 563 1659 630 ab
1684 561 1801 629 eodem
1825 583 1861 628 se

207 672 400 759 multiplici⁸
421 672 525 735 lesam
546 671 723 736 afflictione
748 668 888 750 doleret,
912 691 932 733 a
953 671 1068 757 paucis
1092 675 1201 734 tamen
1225 671 1397 736 retroactis
1421 670 1625 756 temporibus
1654 669 1718 733 sibi
1749 673 1862 732 contra

208 777 390 842 Henrioum
418 781 531 838 natum
559 775 647 856 cius,
677 774 733 859 qui
762 780 889 860 partem
920 794 984 837 uon
1012 774 1173 838 modicam
1203 773 1398 838 Alamannia
1431 773 1502 838 eius
1531 771 1748 838 iurisdictioni
1782 773 1860 838 sub·

210 887 371 962 traxerat,
406 885 559 965 potenter
589 878 708 959 astitit,
745 885 778 941 et
801 878 999 942 inflictorum
1035 877 1098 941 sibi
1120 898 1179 962 per
1202 897 1277 941 eum
1307 875 1409 941 oblita
1431 878 1601 941 vulnerum
1629 877 1736 964 ipsum
1769 875 1860 960 quasi

209 983 249 1049 de
283 1004 368 1048 novo
406 983 439 1047 in
477 984 707 1069 imperatorem
743 981 887 1066 erigena,
922 979 1140 1045 Theutoniam
1175 981 1365 1067 apostolicis
1403 979 1522 1044 litteris
1562 980 1665 1066 ipsius
1695 978 1860 1044 desiderio

208 1086 436 1167 reformavit¹,
471 1085 533 1149 biis
561 1105 598 1148 ae
631 1084 705 1147 aliis
737 1105 799 1168 quc
830 1104 895 1148 non
927 1083 1107 1148 sufficimus
1140 1081 1303 1147 reeordari
1335 1082 1505 1147 benefieiis
1535 1083 1638 1168 ipsius
1668 1089 1860 1148 construens

208 1190 411 1254 munimenta
432 1185 571 1252 decoris.
617 1186 675 1251 Set
702 1187 763 1250 istc
791 1187 928 1250 baculus
958 1187 1149 1272 impiorum,
1177 1193 1264 1252 terre
1292 1187 1430 1250 malleus
1463 1186 1632 1264 universe,
1666 1186 1860 1251 conturbare
1878 1191 2024 1242 romanas

208 1301 339 1372 terram,
364 1311 466 1376 regna
489 1297 664 1354 concutere
689 1296 722 1353 et
745 1289 858 1353 orbem
881 1289 1047 1354 desertum
1071 1311 1194 1376 ponere
1218 1289 1365 1376 cupiens,
1389 1290 1577 1355 libertatem
1601 1290 1861 1355 ecelesiasticam

209 1398 243 1461 in
266 1395 353 1460 dieto
376 1415 478 1479 regno
503 1392 637 1457 sieilie²
661 1393 695 1456 in
718 1392 929 1478 obprobrium
953 1393 1120 1457 servitutis
1144 1398 1292 1457 extreme
1316 1392 1497 1474 deducens,
1521 1400 1555 1458 et
1577 1395 1755 1475 ecclesias,
1779 1415 1860 1480 quas

209 1506 247 1565 ut
269 1519 380 1563 earum
404 1494 623 1562 teneritudine
647 1516 741 1560 suum
764 1503 912 1560 ventrem
940 1497 1105 1583 imploret,
1136 1497 1230 1582 quasi
1259 1497 1324 1560 iarn
1353 1498 1484 1582 penitus
1508 1498 1691 1579 exossavit,
1721 1497 1860 1561 sordidis

209 1602 364 1668 oneribus
387 1606 421 1666 et
443 1601 586 1685 angariis
609 1599 812 1685 opprimens,
842 1620 898 1662 eas
926 1599 1023 1663 bonis
1046 1600 1148 1663 sacris
1171 1599 1337 1685 deputatis
1359 1599 1475 1665 usibus
1499 1601 1668 1685 spoliavit,
1701 1621 1860 1686 personas

209 1706 449 1771 ecclesiasticas
479 1703 601 1769 carceri
628 1703 793 1789 mancipat
822 1703 977 1787 ipsosque
1001 1702 1034 1766 in
1058 1703 1210 1767 examine
1234 1704 1334 1766 vetito
1357 1703 1503 1768 actiones
1533 1704 1718 1791 suscipere,
1752 1703 1861 1768 tallias

210 1811 338 1874 solvere
366 1814 401 1874 et
430 1809 517 1873 bona
546 1808 787 1888 ecelesiastica,
815 1813 852 1872 ut
878 1828 914 1871 se
944 1829 964 1872 a
991 1807 1222 1872 vexationibus
1252 1807 1428 1888 redimant,
1458 1808 1610 1874 exaurire
1640 1815 1673 1872 et
1696 1813 1861 1895 postremo

210 1917 347 1981 exulare
370 1919 509 1988 coartat;
533 1913 691 1978 eeclesias
714 1919 883 1998 pastomm
906 1912 1028 1976 solacio
1043 1912 1194 1977 viduatas
1217 1934 1282 1977 nou
1299 1913 1459 1998 permittit
1475 1912 1536 1977 sibi
1554 1932 1710 1998 sponsum
1727 1912 1861 1998 eligere,

211 2018 376 2084 viduitatis
392 2018 590 2083 vestimenta
612 2016 788 2102 deponere,
812 2015 917 2079 donee
940 2015 1077 2080 alicuius
1100 2015 1293 2081 adulterinis
1310 2016 1518 2102 amplexibus
1537 2037 1597 2102 per
1613 2015 1862 2101 impressionem

210 2122 380 2188 extiterint
402 2121 564 2206 copulate.
610 2118 662 2184 De
686 2117 945 2183 Christianorum
969 2119 1165 2183 habitaculis
1195 2127 1387 2185 construens
1410 2119 1520 2184 menia
1542 2117 1713 2184 Babilouis
1737 2125 1771 2184 et
1793 2119 1863 2184 edi-

209 2227 297 2307 ficia,
321 2226 353 2289 in
377 2224 494 2310 quibus
517 2223 662 2287 divinum
685 2209 813 2288 nomen
828 2224 1006 2300 excolitur,
1038 2224 1115 2287 illuc
1137 2223 1357 2305 transferens,
1386 2223 1442 2287 ubi
1464 2223 1691 2289 Machometus
1715 2224 1862 2311 perditus

209 2331 375 2410 adoratur,
411 2328 515 2392 turbis
545 2326 770 2413 undecumque
803 2328 949 2393 collectis
972 2327 1126 2392 Crucifixi
1155 2328 1253 2393 fidem
1281 2335 1315 2393 ot
1343 2348 1462 2392 nomeu
1492 2328 1622 2413 publice
1644 2327 1806 2414 predicari
1829 2327 1863 2391 in
1898 2387 1899 2390 ,

213 2434 329 2500 eodem
354 2453 455 2517 regno
478 2428 654 2516 prohibuit.
700 2431 1000 2516 Recuperationem
1023 2430 1125 2496 Terre
1150 2432 1269 2496 Sancte
1293 2438 1326 2496 et
1349 2431 1516 2517 negotium
1540 2433 1645 2496 erucis
1669 2431 1863 2518 impediens,

212 2539 347 2604 adeius
375 2535 655 2601 consumationem
683 2532 723 2599 dc
754 2535 849 2600 bonis
880 2557 1013 2600 suorum
1041 2535 1182 2601 conferri
1217 2535 1361 2600 fidelium
1390 2535 1570 2601 interdixit.
1625 2533 1746 2600 Contra
1774 2536 1864 2600 iura-

209 2649 356 2709 mentum
378 2641 550 2726 prestitum
574 2645 607 2704 et
629 2639 719 2726 pacis
742 2640 959 2725 interipsum
982 2647 1016 2704 et
1039 2641 1213 2706 eeclesiam
1237 2640 1412 2705 reformate
1435 2639 1549 2704 federa
1569 2639 1697 2704 nobiles
1716 2640 1863 2727 privatos

211 2745 327 2810 eastris
351 2750 385 2809 et
407 2743 482 2807 aliis
504 2742 600 2807 bouis
621 2743 698 2822 auis,
721 2742 881 2807 uxoribus
899 2749 933 2806 et
948 2741 1061 2807 liberis
1078 2742 1261 2829 captivatis,
1284 2743 1357 2807 loca
1372 2763 1431 2807 sua
1448 2744 1649 2831 proscriptos
1667 2745 1863 2830 relinquere,

211 2848 377 2914 domicilia
400 2847 433 2911 iu
455 2846 593 2911 aliorum
616 2845 793 2911 transferre
818 2847 997 2928 coloniam,
1027 2847 1166 2910 nutritos
1190 2846 1223 2909 in
1246 2847 1370 2911 croceis
1393 2847 1575 2932 amplexari
1599 2855 1745 2912 stercora
1766 2855 1800 2912 et
1822 2847 1862 2911 ad

212 2959 394 3017 extremam
423 2949 532 3035 coegit
564 2949 708 3036 inopiam
740 2949 904 3015 devenire.
958 2949 1096 3014 Necnon
1125 2948 1202 3013 dum
1229 2949 1405 3014 afflictione
1438 2951 1622 3038 comprimit
1654 2951 1754 3016 simili
1781 2973 1862 3038 pau-

212 3079 328 3144 peres,
357 3055 390 3120 id
419 3062 509 3120 tanto
541 3054 657 3119 fortius
682 3053 755 3118 Deo
783 3053 959 3142 displicere
991 3061 1159 3141 putamus,
1183 3059 1304 3139 quanto
1328 3055 1437 3119 verius
1460 3055 1549 3140 ipsos
1580 3053 1742 3120 eredimus
1769 3055 1863 3119 inno-

212 3167 335 3227 eentes.
380 3158 467 3232 Quid
490 3159 608 3245 plura?
642 3156 838 3238 Beronibus,
863 3158 1023 3222 militibus
1039 3165 1073 3222 et
1089 3158 1163 3222 aliis
1187 3157 1374 3223 hominibus
1398 3158 1546 3224 eiusdem
1569 3159 1663 3245 regni
1687 3159 1799 3224 Sicilie
1822 3158 1863 3223 ad

211 3266 375 3329 fortunam
398 3269 431 3327 et
455 3261 676 3328 conditionem
700 3284 869 3327 servorum
892 3261 1040 3326 inaudito
1063 3262 1259 3327 erudelitate
1282 3261 1439 3343 redactis,
1463 3263 1527 3326 iam
1550 3285 1609 3349 pro
1633 3263 1748 3328 maiori
1770 3268 1863 3350 parte

212 3367 314 3453 ipsius
337 3367 430 3452 regni
453 3367 656 3431 habitatores
679 3387 745 3430 uon
768 3365 894 3430 habent
916 3365 956 3430 de
973 3365 1115 3452 proprio,
1139 3365 1226 3430 uude
1244 3367 1400 3431 stramine
1418 3366 1475 3430 vili
1491 3367 1673 3451 quiescere,
1697 3367 1863 3430 nuditates

212 3492 289 3536 suas
312 3468 385 3534 rudi
408 3491 503 3534 saeco
527 3475 704 3553 contegere
727 3469 780 3533 vel
806 3474 955 3534 ventrem
977 3489 1062 3555 pane
1086 3469 1214 3554 possint
1237 3469 1380 3533 miliaoio
1404 3475 1561 3536 saturare.

324 3572 472 3658 Cumque
495 3573 639 3637 ululatus
663 3579 697 3637 et
719 3574 879 3638 clamores
903 3571 1062 3637 dictorum
1087 3573 1299 3638 eeclesiarum
1328 3578 1361 3637 et
1383 3572 1551 3637 hominum
1574 3594 1594 3636 a
1616 3579 1764 3659 tempore
1787 3570 1864 3636 dieti

211 3677 256 3744 H.
278 3677 522 3764 predecessoris
545 3678 648 3742 nostri
678 3677 817 3742 ecclesie
849 3698 947 3741 aures
980 3677 1136 3742 contiuua
1163 3677 1389 3764 deploratione
1419 3677 1623 3763 pulsassent,
1651 3682 1684 3740 et
1715 3676 1778 3739 iam
1808 3675 1865 3738 vix

212 3801 385 3867 possemus
413 3801 471 3846 cos
503 3778 627 3866 absque
657 3781 783 3844 lesione
814 3781 1017 3846 conscientie
1049 3780 1110 3846 sub
1141 3781 1403 3846 dissimulatione
1433 3781 1589 3862 transire,
1624 3781 1732 3866 ipsum
1766 3800 1865 3862 super

211 3885 414 3950 correctione
437 3883 598 3949 dictorum
621 3885 783 3949 scelerum
806 3905 870 3948 uon
894 3886 997 3949 semel
1020 3891 1072 3949 set
1094 3886 1218 3971 pluries
1241 3886 1364 3950 nuntiis
1387 3891 1421 3951 et
1443 3885 1563 3950 litteris
1586 3883 1708 3947 nostris
1736 3881 1865 3946 monui-

212 4009 302 4068 mus,
331 4009 369 4052 ac
396 3988 496 4073 longa
525 3989 686 4074 patientia
714 3988 918 4074 temporibus
943 3989 1189 4075 expectavimus
1213 3989 1404 4070 retroactis,
1439 3989 1467 4053 si
1490 3987 1627 4052 forsitan
1651 3987 1764 4050 oculos
1787 4005 1864 4049 suos

215 4090 255 4156 ad
279 4092 385 4156 celum
409 4091 563 4175 erigeret,
587 4098 620 4156 et
646 4098 765 4156 exutus
789 4099 935 4156 veterem
958 4112 1142 4177 novumque
1166 4093 1298 4158 indutus
1321 4092 1487 4157 hominem
1511 4111 1626 4155 manus
1645 4110 1721 4153 suas
1738 4109 1759 4152 a
1773 4093 1864 4152 tanta

213 4195 455 4281 perpetratione
489 4193 669 4259 facinorum
704 4194 882 4262 cohiberet.
948 4195 999 4261 De
1039 4197 1142 4282 petita
1180 4197 1316 4283 insuper
1348 4195 1579 4262 emendatione
1614 4192 1704 4258 dubii
1745 4189 1863 4268 adhuc,

210 4299 360 4363 volentes
383 4303 504 4361 statum
527 4297 599 4362 eius
620 4317 779 4384 processu
801 4319 960 4385 prospero
984 4300 1151 4384 gratulari,
1176 4321 1215 4365 eo
1237 4298 1468 4364 Lombardiam
1496 4319 1570 4364 eum
1594 4297 1694 4363 armis
1718 4297 1861 4361 intrante

213 4399 447 4480 mandavimus,
470 4406 507 4465 ut
529 4400 563 4464 in
584 4401 666 4465 loeis
689 4421 748 4488 pro
771 4422 964 4488 quacunque
988 4424 1087 4468 causa
1108 4403 1282 4468 interdicto
1306 4402 1463 4468 subiectis
1486 4403 1558 4489 ipso
1584 4407 1744 4488 presente
1761 4401 1863 4464 inter·

213 4504 339 4580 dietum
352 4504 484 4569 minime
497 4511 692 4586 servaretur,
710 4504 851 4570 eundem
864 4505 900 4572 F.
913 4507 1033 4571 nostris
1050 4507 1169 4572 litteris
1186 4513 1422 4588 ammonentes,
1438 4514 1484 4588 ut,
1501 4527 1543 4570 ue
1560 4505 1666 4570 crucis
1685 4505 1864 4589 negotium,

136 4639 163 4676 ro
215 4609 301 4694 quod
323 4607 364 4672 ad
386 4608 561 4674 utilitatem
585 4606 736 4690 ecclesie,
759 4608 888 4697 imperii
911 4615 945 4674 et
967 4611 1069 4674 totius
1084 4611 1198 4698 populi
1214 4609 1393 4675 Christiani
1407 4610 1514 4675 fuerat
1541 4608 1736 4690 ordinatum,
1761 4609 1864 4695 impe-

213 4713 275 4777 diri
302 4711 444 4792 valeret,
479 4712 606 4798 precise
638 4714 670 4775 in
701 4734 760 4777 nos
793 4714 1088 4801 compromitteret,
1122 4735 1163 4778 ne
1195 4714 1224 4777 si
1253 4720 1366 4779 eontra
1389 4711 1592 4778 Lombardos
1620 4719 1745 4778 anneta
1767 4733 1866 4778 manu

214 4814 396 4905 procedens
425 4823 549 4880 tantam
581 4813 675 4879 daret
705 4818 849 4902 exempli
877 4817 1075 4903 perniciem,
1108 4823 1353 4904 presumeretur
1380 4840 1399 4881 a
1426 4816 1592 4904 pluribus,
1623 4817 1709 4900 quod
1737 4824 1866 4881 ceteros

215 4921 357 4986 ecclesia
385 4917 594 4984 fefellisset⁸.
639 4917 809 5000 Cetemm,
841 4921 918 5006 quia
949 4921 1152 5006 reintegrare
1187 4921 1345 4984 scissuras
1374 4921 1538 4984 scismatis
1566 4928 1677 4984 nostre
1707 4919 1866 4983 incumbit

215 5023 321 5088 officio
345 5021 527 5102 servitutis,
560 5041 619 5108 pro
643 5021 789 5088 sedanda
811 5023 940 5110 imperii
964 5030 998 5089 et
1020 5023 1280 5088 Lombardorum
1302 5020 1469 5086 discordia
1490 5021 1612 5086 dictum
1636 5021 1865 5085 Penestrinum

136 5155 162 5192 o
214 5127 420 5212 episcopum,
453 5125 627 5190 commisso
658 5126 720 5191 sibi
753 5127 931 5211 legationis
963 5127 1087 5208 officio,
1126 5128 1182 5192 illa
1211 5125 1472 5191 consideratione
1509 5123 1678 5211 potissime
1713 5123 1865 5189 duximus

214 5227 456 5310 destinandum,
478 5235 515 5294 ut
531 5229 594 5294 sibi
609 5236 644 5294 et
658 5231 917 5316 quibuscumque
934 5231 1196 5296 discordantibus
1212 5231 1328 5296 minori
1345 5228 1522 5295 baberetur
1535 5229 1662 5293 ratione
1680 5234 1865 5313 suspectus,

214 5354 277 5419 quo
301 5333 369 5398 suis
392 5333 519 5399 actibus
547 5334 654 5398 minus
681 5335 832 5400 fermenti
860 5335 926 5401 odii
949 5335 1003 5401 vel
1026 5335 1146 5400 amoris
1171 5336 1353 5420 ingereret,
1383 5333 1437 5418 qui
1459 5353 1479 5397 a
1502 5331 1622 5398 mundo
1645 5339 1679 5396 et
1702 5352 1800 5396 carne
1824 5353 1865 5396 ex

317 5593 340 5660 ⁸)
362 5571 497 5662 multiplici
515 5571 543 5647 de
562 5594 609 5652 R.‚·
626 5613 691 5661 paroc
707 5603 784 5646 nubre
801 5596 1038 5646 trananrrrtulionem
1056 5595 1189 5644 setonam
1208 5593 1353 5660 riqnilirorc
1370 5593 1496 5644 ήιὶιιιιιιν.
1516 5593 1570 5644 MA
1579 5593 1608 5644 U.

319 5699 344 5764 ι)
364 5696 407 5765 us.
426 5714 453 5752 n.
474 5699 533 5748 oao
549 5702 575 5750 er
595 5699 654 5752 oar.
741 5699 768 5764 a)
789 5695 830 5764 es.
848 5713 875 5751 n.
896 5700 953 5750 roo
970 5701 996 5750 er
1016 5699 1079 5750 roo.
1167 5695 1194 5764 a)
1215 5693 1257 5762 cr.
1274 5710 1301 5748 n.
1322 5697 1379 5748 aar
1397 5699 1423 5748 er
1442 5697 1506 5748 ora.

1608 5789 1661 5842 82*
