4590 6366
462 451 524 512 568
1042 441 1090 495 EX
1107 439 1281 496 enudetur
1300 441 1338 494 IX
1357 436 1537 494 REGISTRC

459 619 636 683 bominibus
657 617 870 683 eebeostets
891 616 927 678 in
957 615 1027 696 foro
1049 614 1252 678 ecohsr'astr'co
1274 633 1338 676 non
1368 615 1535 675 tereretur
1556 609 1754 690 respendere,
1785 608 1822 671 in
1845 605 1986 668 initum
2009 605 2136 679 revocet,

462 722 589 787 rebelles
611 721 753 787 ecclesiae
777 719 820 783 ed
847 720 952 800 ipsius
974 717 1159 782 retardatum
1186 715 1288 780 redire
1316 715 1478 796 compellat
1503 717 1531 778 et
1554 712 1728 779 namsi·
1759 711 1900 790 aliisque
1927 706 2075 772 eoelesiis
2101 705 2137 767 dc

461 825 588 889 ἀαιιιιιίε
608 825 711 889 illotis
733 824 883 904 satisfieri
900 821 1015 907 faciut.
1524 857 1526 862 ι
1740 816 1836 890 1236,
1859 811 1962 877 Febr.
1988 812 2047 874 15.

566 944 647 1012 Grey.
665 943 715 996 IX
731 942 798 1010 Ray.
816 941 880 995 Lib.
899 941 955 1008 IX,
975 944 1038 994 384.
1075 939 1193 994 Edonus
1210 956 1245 992 rr
1263 938 1357 1010 libyn.
1377 938 1448 992 Ann.
1468 936 1528 991 eccl.
1547 953 1573 990 a.
1593 938 1673 1002 1236,
1689 941 1705 1000 §
1724 933 1838 986 31-36.

564 1029 703 1093 Pettbasl,
722 1029 791 1100 Ray.
810 1031 911 1082 10093.

909 1242 1130 1314 Ludovico
1158 1240 1327 1314 illustri
1354 1241 1447 1332 regi
1473 1240 1671 1312 Francis.

569 1392 660 1473 Rex,
692 1393 747 1478 qui
776 1393 869 1477 regni
896 1394 983 1477 regit
1010 1402 1158 1459 eternum
1182 1393 1378 1472 dominium,
1411 1393 1467 1476 qui
1493 1392 1601 1456 erexit
1631 1389 1806 1455 ecclesiam
1834 1407 1938 1473 snper
1962 1383 2132 1448 catholice

463 1494 539 1560 fidei
562 1495 822 1575 fundamentum,
847 1517 942 1581 reges
965 1504 1126 1562 terrarum
1150 1496 1191 1560 ad
1215 1497 1319 1582 ipsius
1336 1495 1478 1560 ecclesie
1503 1493 1698 1579 obsequium
1721 1492 1788 1555 suis
1812 1490 1949 1554 monitis
1975 1487 2132 1551 excitans

464 1606 498 1663 et
521 1600 609 1664 orbis
633 1600 799 1686 principos
822 1600 933 1664 multis
956 1600 997 1664 ad
1021 1601 1093 1664 eius
1117 1600 1326 1664 devotionem
1350 1598 1511 1684 exemplis
1535 1599 1688 1676 invitans,
1712 1597 1802 1659 illam
1824 1593 1971 1680 precipit
1995 1613 2017 1654 a
2042 1611 2131 1654 mor-

464 1702 582 1767 talibus
606 1704 774 1784 honorari,
804 1684 863 1790 pro
887 1725 951 1789 qua
973 1705 1044 1790 ipse
1070 1704 1261 1768 immortalis
1285 1705 1418 1767 formam
1449 1703 1534 1767 servi
1558 1702 1723 1787 accipiens
1747 1699 1852 1763 erucis
1876 1696 2073 1783 patibulum
2097 1699 2131 1757 et

464 1807 576 1870 mortis
599 1828 664 1894 non
687 1807 822 1892 expavit
844 1808 954 1872 subire
978 1815 1194 1880 tormentum,
1219 1808 1369 1871 exaltans
1393 1807 1499 1886 illum,
1524 1807 1578 1890 qui
1602 1804 1758 1868 ministris
1782 1802 1886 1888 ipsius
1911 1805 2048 1887 prestat
2072 1797 2130 1861 ob-

465 1909 633 1993 sequium,
664 1917 696 1975 et
723 1931 859 1994 regnum
883 1911 913 1975 ei
937 1933 996 1975 sua
1018 1911 1230 1975 miseratione
1254 1915 1473 1995 perpetuans,
1505 1909 1560 1994 qui
1584 1907 1625 1972 ad
1649 1915 1779 1992 tempus
1802 1925 1926 1991 sponse
1952 1922 2017 1966 sue
2043 1899 2130 1963 votis

464 2013 688 2078 favorabiliter
711 2013 921 2078 obsecundat.
966 2014 1069 2078 Porro
1092 2013 1141 2092 id,
1169 2012 1216 2077 lili
1239 2013 1423 2090 carissime,
1456 2014 1488 2075 in
1512 2011 1777 2098 progenitoribus
1800 2009 1864 2073 tuis
1887 2014 1923 2071 et
1945 2005 2129 2091 presertim

464 2118 498 2181 in
520 2116 641 2202 inclyte
666 2117 901 2181 reeordationis
929 2116 1046 2181 Carolo
1070 2116 1191 2200 Magno
1215 2116 1370 2200 colligere
1394 2117 1518 2202 poteris
1542 2116 1720 2196 evidenter,
1745 2113 1922 2197 diligenter
1944 2108 2129 2173 attendens

465 2220 605 2306 qualiter
627 2218 717 2285 idem
742 2220 879 2285 Carolus
900 2219 1047 2284 Romano
1070 2220 1227 2306 pontifici,
1250 2220 1372 2283 vicario
1395 2219 1474 2284 Iesu
1492 2218 1615 2283 Christi
1638 2227 1671 2283 et
1694 2216 1876 2282 successori
1901 2214 1995 2278 beati
2022 2211 2129 2288 Petri,

465 2324 518 2388 eui
540 2322 700 2388 Dominus
723 2325 847 2388 terreni
871 2325 966 2388 simul
991 2331 1024 2388 et
1048 2324 1181 2388 celestis
1205 2326 1335 2410 imperii
1357 2326 1430 2389 iura
1454 2323 1627 2404 commisit,
1651 2320 1819 2396 obediens,
1843 2341 1901 2406 pro
1927 2317 2129 2383 defensione

465 2427 605 2492 ecclesie
629 2449 665 2491 se
688 2428 855 2492 laboribus
880 2434 913 2492 et
936 2427 1097 2512 angustiis
1121 2428 1231 2491 multis
1256 2429 1424 2514 exposuit,
1449 2433 1605 2512 quantum
1629 2424 1748 2491 exinde
1772 2422 1924 2500 honoris,
1955 2420 2070 2485 laudis
2096 2425 2131 2483 et

465 2530 569 2615 glorie
603 2531 832 2617 reportaverit.
886 2530 944 2596 Set
972 2531 1082 2595 lorsan
1114 2531 1155 2595 ad
1184 2540 1273 2596 tuam
1301 2533 1450 2596 notitiam
1481 2553 1546 2595 non
1578 2531 1745 2616 pervenit,
1774 2527 1860 2614 quod
1889 2525 1980 2591 idem
2013 2533 2131 2590 contra

464 2641 694 2719 persecutores
729 2634 833 2719 ipsius
863 2635 1005 2700 ecclesie
1036 2656 1191 2720 magnum
1223 2636 1346 2722 pluries
1380 2656 1584 2720 congregans
1618 2633 1800 2698 exercitum
1829 2631 2052 2706 bellatorum,
2087 2628 2129 2692 dc

466 2737 547 2821 ipsis
563 2737 736 2820 magnifice
753 2737 981 2823 triumphavit;
1003 2746 1037 2803 et
1057 2739 1254 2825 imperatore
1272 2738 1633 2824 Constantinopolitano
1651 2735 1908 2800 ecclesiasticam
1926 2734 2128 2818 negligente
2178 2767 2188 2801 ·.

466 2838 644 2904 defendere
669 2839 866 2918 libertatem,
890 2842 1032 2906 ccclesia
1055 2841 1154 2927 gladii
1178 2842 1358 2928 spiritualis
1382 2848 1416 2906 et
1438 2841 1617 2905 materialis
1641 2841 1792 2905 obtinens
1814 2859 1835 2902 a
1856 2836 2005 2900 Domino
2031 2844 2129 2922 potc-

467 2930 603 3024 statem,
627 2950 664 3007 ut
688 2945 827 3008 alterum
850 2946 922 3030 ipsa
945 2953 1058 3010 exerat
1089 2954 1122 3010 et
1153 2953 1189 3010 ut
1212 2946 1297 3010 alter
1320 2953 1474 3010 exeratur
1497 2945 1632 3026 indicat,
1660 2944 1831 3030 imperium
1856 2940 1965 3006 eidem
1992 2940 2129 3020 Carolo,

467 3046 609 3132 quinon
633 3047 738 3110 solum
761 3047 938 3112 violatores
961 3050 1122 3113 libertatis
1154 3051 1294 3114 ecclesie
1319 3057 1369 3114 set
1400 3056 1433 3112 et
1462 3070 1570 3112 rerum
1595 3047 1892 3112 ecclesiasticarum
1916 3067 1978 3110 sua
2003 3046 2131 3110 virtute

467 3150 669 3235 compescuit
699 3150 898 3230 turbatores,
927 3154 1080 3234 contulit,
1113 3149 1148 3216 et
1170 3154 1276 3238 ipsum
1300 3153 1382 3216 alias
1406 3152 1576 3215 immensis
1606 3151 1709 3235 glorie
1740 3149 1844 3213 titulis
1866 3149 2061 3232 insignivit,
2096 3149 2131 3214 in

466 3272 641 3337 personam
673 3254 777 3339 ipsius
811 3256 1003 3320 continuans
1037 3257 1194 3340 gratiam,
1231 3277 1327 3340 quam
1361 3256 1532 3319 retroactis
1567 3254 1769 3340 temporibus
1803 3253 2003 3317 Zaccharias
2039 3274 2130 3339 papa
2177 3279 2188 3318 e

466 3355 584 3441 Pipino
608 3357 692 3441 patri
715 3378 774 3421 suo
804 3358 945 3440 fecerat,
977 3380 1072 3444 quern
1102 3359 1143 3423 ad
1173 3361 1266 3444 regni
1290 3359 1490 3424 Francorum
1522 3359 1639 3423 solium
1668 3358 1845 3432 exaltarat;
1875 3356 2131 3442 propterquod

467 3459 538 3545 ipse
563 3457 701 3556 Carolus
725 3461 917 3544 ecelesiam,
949 3484 1055 3548 aqua
1084 3484 1214 3527 ornnem
1243 3463 1401 3528 honorem
1431 3469 1636 3550 susceperat,
1669 3461 1804 3546 cupiens
1836 3460 2019 3540 honorare,
2050 3482 2129 3546 per-

465 3568 567 3648 petua
600 3562 674 3647 lege
710 3562 869 3644 decrevit,
904 3573 940 3631 ut
976 3587 1090 3630 omnes
1125 3568 1228 3653 ipsius
1263 3566 1479 3632 iurisdietioni
1510 3568 1668 3632 subiectia
1697 3569 1853 3630 statutum
1882 3583 1903 3626 a
1933 3561 2128 3629 Theodosio

467 3667 664 3752 imperatore
688 3687 747 3751 pro
771 3669 912 3733 ecclesie
936 3669 1088 3735 libertate
1113 3670 1258 3736 editum¹
1282 3671 1516 3735 inviolabiliter
1538 3672 1767 3749 observarent,
1800 3665 1955 3730 videlicet
1978 3675 2018 3730 ut
2042 3668 2128 3751 ‘qui-

467 3791 596 3854 cunque
624 3770 717 3833 litem
747 3772 889 3850 habens,
925 3774 994 3836 sive
1022 3775 1144 3859 petitor
1166 3773 1280 3850 luerit,
1316 3775 1368 3838 vel
1398 3775 1431 3837 in
1466 3773 1558 3837 initio
1586 3757 1654 3837 litis
1678 3772 1730 3836 vel
1757 3770 1906 3835 decursis
1934 3776 2127 3856 temporum
2178 3795 2189 3806 ·

467 3873 647 3953 curriculis,
670 3874 739 3938 sive
764 3896 836 3938 curn
860 3877 1029 3959 negotium
1050 3886 1232 3963 peroratur,
1257 3879 1326 3942 sive
1350 3879 1414 3941 iarn
1439 3878 1564 3962 ceperit
1587 3877 1692 3962 promi
1715 3873 1888 3950 sententia,
1913 3873 1940 3936 si
1964 3873 2126 3937 iudicium

468 3977 607 4061 elegerit
630 3985 837 4042 sacrosancte
863 3978 970 4042 sedisb
993 3981 1166 4058 antistitis,
1190 3981 1278 4045 illico
1303 3982 1373 4046 sine
1397 3983 1506 4066 aliqua
1529 3980 1743 4059 dubitatione,
1765 3978 1895 4042 etiamsi
1917 3998 1996 4062 pars
2022 3977 2127 4042 refra-

466 4087 562 4165 gatur
585 4080 705 4160 altera,
736 4080 777 4143 ad
808 4081 1037 4167 cpiscoporum
1067 4084 1222 4148 iudicium
1246 4106 1320 4149 cum
1349 4105 1499 4148 sermone
1522 4083 1719 4167 litigantium
1742 4081 1916 4165 dirigatur;
1949 4087 1985 4144 et
2009 4103 2127 4145 omnes

468 4204 586 4262 cause,
618 4204 681 4268 que
710 4185 852 4269 pretorio
878 4193 912 4249 et
934 4187 1034 4250 etiam
1058 4188 1146 4252 civili
1174 4189 1246 4253 iure
1269 4195 1466 4265 tractantur,
1498 4189 1727 4273 episcoporum
1750 4185 1923 4248 terminato
1948 4185 2128 4248 sententiis

467 4291 626 4372 perpetue
650 4286 748 4350 robur
770 4286 939 4352 obtineant
961 4289 1139 4372 firmitatis,
1169 4300 1202 4355 et
1230 4291 1413 4375 negotium,
1445 4289 1530 4374 quod
1554 4288 1674 4353 iudicio
1697 4289 1842 4373 ipsorum
1864 4286 2041 4362 deciditur,
2062 4309 2125 4352 ne-

468 4409 632 4474 quaquam
654 4389 793 4453 ulterius
817 4391 858 4454 ab
882 4391 991 4476 aliquo
1014 4395 1230 4459 retractetur’.
1276 4393 1329 4456 Ex
1352 4414 1415 4476 quo
1439 4392 1613 4456 manifesta
1635 4399 1729 4478 potes
1754 4391 1879 4455 ratione
1901 4389 2127 4476 perpendere,

467 4498 624 4575 quantum
647 4491 792 4575 iniquum
814 4493 965 4558 videatur
988 4503 1021 4560 et
1043 4497 1219 4574 absonum,
1252 4497 1279 4559 si
1311 4495 1415 4559 honor
1438 4496 1593 4574 ecclesie,
1625 4516 1688 4578 que
1713 4500 1779 4558 tam
1801 4492 1933 4578 grandis
1957 4494 2128 4558 libertatis

468 4592 640 4680 privilegio
673 4594 794 4659 donata
824 4599 1045 4681 cognoscitur,
1076 4601 1109 4664 in
1137 4601 1203 4663 illis
1232 4599 1506 4678 immunitatibus,
1537 4619 1599 4683 que
1629 4598 1731 4663 multo
1760 4597 1916 4686 predictis
1940 4607 2130 4663 noscuntur

469 4718 543 4762 esse
567 4698 729 4776 minores,
758 4705 815 4763 tuo
848 4707 994 4787 tempore
1018 4703 1217 4768 decurtatur.
1264 4701 1417 4767 Ceterum
1447 4703 1564 4786 reliqui
1595 4723 1804 4766 successores
1827 4701 1980 4766 eiusdem
2004 4702 2129 4783 Caroli,

467 4801 696 4886 progenitores
726 4803 790 4881 tui,
829 4805 1062 4871 exaltationem
1092 4807 1303 4871 eeclesiarum
1334 4807 1499 4893 propriam
1528 4806 1681 4892 exemplo
1713 4806 1810 4869 simili
1838 4813 2051 4891 reputantes,
2089 4829 2127 4873 se

469 4902 656 4968 Christiane
679 4904 766 4987 fidei,
790 4926 824 4970 se
848 4909 960 4972 matris
985 4909 1226 4974 constituerunt
1249 4911 1390 4974 ecclesie
1415 4910 1622 4990 defensores,
1647 4916 1681 4973 et
1705 4908 1882 4972 studiosius
1906 4909 2127 4976 attendentes

468 5006 555 5092 quod
575 5006 659 5089 Deo,
684 5009 738 5094 qui
761 5030 818 5074 eos
842 5012 935 5096 regni
957 5012 1062 5096 gloria
1085 5013 1284 5094 sublimarat,
1308 5014 1408 5078 nichil
1430 5013 1612 5099 rependere
1635 5017 1787 5098 poterant
1810 5013 1928 5092 simile,
1951 5021 1989 5076 ut
2013 5021 2129 5079 tamen

468 5110 678 5176 ostenderent
716 5114 958 5198 ingratitudinis
994 5116 1073 5180 vitio
1116 5139 1151 5182 se
1186 5140 1315 5197 carere,
1355 5118 1515 5183 ccclesias
1557 5116 1768 5180 facultatibus
1810 5115 1921 5179 multis
1956 5115 2129 5199 dotarunt,

576 5289 702 5297 ...ο-

571 5409 593 5474 “)
611 5410 739 5460 subiectos
757 5409 841 5477 Rapa.
933 5407 957 5476 b)
975 5411 1040 5478 legis
1059 5411 1137 5464 Sirra.
1157 5421 1179 5464 et
1200 5414 1285 5472 Cral.,·
1303 5415 1369 5466 sedis
1387 5413 1492 5463 incdit.
1511 5411 1584 5463 Rern.
1607 5411 1679 5462 Orat.

572 5544 597 5611 1)
618 5541 762 5596 Censtitat.
780 5543 921 5597 Sirmonde‘
941 5560 968 5598 n.
993 5544 1015 5596 I
1033 5544 1074 5598 cd.
1094 5545 1214 5610 Haemi,
1234 5563 1262 5615 p.
1289 5550 1356 5612 445,
1379 5547 1410 5599 in
1428 5544 1574 5600 Benrrenei
1594 5546 1673 5617 Cerp.
1697 5547 1771 5601 iuris
1790 5545 1867 5601 Rom.
1895 5549 2132 5608 ontes'uslinr'oru'.
2184 5575 2208 5614 rr

466 5631 545 5686 Haec
562 5631 723 5686 constitutio
741 5647 758 5684 a
779 5630 960 5685 Constantino
978 5631 1083 5700 Magne
1102 5633 1177 5686 edita
1196 5632 1226 5687 in
1243 5633 1381 5687 nonnullis
1400 5632 1540 5688 codicibus
1558 5636 1583 5685 et
1601 5635 1630 5687 in
1647 5633 1731 5687 Decr.
1752 5633 1892 5702 Gratiani,
1913 5649 1936 5690 c.
1957 5636 2017 5702 XI,
2039 5655 2087 5708 qu,
2106 5639 2133 5706 1,

465 5734 488 5775 c.
508 5720 627 5789 35-37,
645 5719 719 5774 unde
731 5735 813 5792 papa
832 5735 890 5773 earn
907 5719 1061 5791 snrnpsr'sse
1078 5719 1195 5790 videtur,
1216 5719 1367 5778 Theodosio
1384 5720 1454 5778 mole
1471 5719 1636 5780 attribuitur
1642 5743 1651 5786 ,·
1669 5720 1784 5788 Haeret,
1802 5721 1820 5775 l.
1836 5735 1860 5782 c.
1878 5727 1936 5779 net.
1955 5723 1980 5785 b,
