4494 6426
1067 393 1115 448 EX
1133 393 1290 449 HONORII
1308 393 1348 448 111
1365 392 1545 449 REGIS'I'RO

582 757 771 850 Honorias
797 782 865 847 ΙΙΙ
886 803 973 863 popu
1004 782 1162 846 scniocrsis
1189 783 1428 864 archiepiscopis
1459 787 1489 846 ct
1520 781 1669 862 episcopis
1698 765 1888 845 I'lrculooioc
1916 779 2069 860 notificat,
2099 799 2129 844 sc

474 884 635 949 Fridcro‘ci
656 884 871 950 Romanorum
893 885 1091 968 imperatoris
1111 904 1277 965 personam
1299 891 1328 951 ct
1349 886 1516 966 ‘imperium
1537 904 1633 965 usquc
1655 883 1699 947 od
1719 883 1856 948 reditum
1878 884 2007 947 eiusce
2033 883 2130 946 Terra

475 987 594 1052 Sancto
617 988 673 1052 sab
696 1008 755 1052 suu
770 990 960 1071 protectione
982 989 1164 1069 suscepisse,
1187 991 1291 1070 eisquc
1313 989 1452 1067 maudut,
1476 993 1512 1052 cot
1533 1007 1583 1052 cos
1604 988 1659 1068 qut
1682 988 1749 1050 cios
1771 988 1847 1051 iuro
1869 987 2019 1052 incedere
2039 1007 2130 1068 proe-

474 1095 609 1169 sumant,
626 1091 739 1173 poenis
761 1093 975 1180 ecclesiasticis
996 1096 1196 1174 compescant.
1301 1151 1306 1162 ,
1744 1092 1837 1169 1222,
1859 1091 1967 1172 April.
1990 1093 2043 1154 24.

578 1210 653 1265 Hori.
672 1212 730 1266 ΙΙΙ
745 1211 813 1280 ch.
838 1213 894 1267 Vol.
913 1211 975 1275 ΙΙΙ,
993 1214 1062 1273 231,·
1080 1212 1142 1266 Lib.
1167 1212 1215 1275 VI,
1235 1215 1298 1265 352.
1322 1214 1324 1218 ’
2180 1225 2196 1264 s

474 1388 712 1464 Universis
736 1391 1095 1484 archiepiscopis
1120 1396 1161 1464 el
1185 1389 1410 1483 episcopis
1433 1411 1512 1482 per
1530 1388 1828 1462 Theutoniam
1851 1389 2130 1462 constitutis

584 1521 720 1587 Sincera
731 1522 873 1602 devotio,
890 1544 986 1608 quam
1000 1522 1208 1586 karissimum
1219 1522 1252 1585 in
1265 1520 1395 1585 Christo
1408 1521 1510 1586 filium
1523 1529 1670 1585 nostrum
1683 1518 1896 1600 Fridericnm‚
1909 1521 2131 1584 Romanorum

474 1623 706 1710 imperatorem
734 1632 767 1691 et
796 1647 908 1710 regem
932 1625 1064 1704 Sicilie,
1094 1625 1135 1688 sd
1158 1623 1266 1689 Deum
1295 1632 1329 1689 et
1360 1625 1431 1689 eius
1456 1625 1630 1689 ecclesium
1659 1623 1782 1688 habere
1806 1625 2042 1709 conspicimus,
2072 1645 2131 1688 nos

475 1726 617 1809 inducit,
648 1737 685 1792 ut
713 1728 755 1794 ad
787 1729 1154 1814 eius.tranquillitatem
1190 1735 1223 1792 et
1254 1748 1368 1812 pacem
1397 1725 1547 1812 diligenti
1576 1726 1684 1790 studio
1721 1734 1753 1792 et
1785 1727 1931 1792 studiosa
1959 1727 2132 1813 diligentia

475 1830 694 1896 intendamus.
740 1832 820 1897 Cum
843 1833 943 1917 igitur
964 1831 1051 1895 idem
1075 1833 1145 1896 uelo
1165 1831 1245 1895 ¹fidei
1269 1837 1303 1896 et
1326 1830 1510 1896 devotionis
1535 1852 1692 1894 accensus
1716 1830 1757 1894 ad
1779 1830 2008 1896 liberationem
2032 1838 2130 1910 terre,
2192 1867 2214 1902 1¹

475 1933 509 1997 in
538 1954 602 2018 qua
632 1957 691 2000 rex
719 1957 834 2021 regum
868 1942 901 2000 et
933 1935 1082 2001 domiuus
1106 1934 1340 1999 dominantium
1363 1932 1458 2000 Iesus
1489 1932 1639 1998 Christus
1670 1935 1800 2018 generis
1830 1934 1963 1998 humani
1993 1935 2133 2000 salutem

476 2036 628 2122 dignatus
655 2046 706 2104 est
732 2039 988 2104 misericorditer
1017 2039 1164 2125 operari,
1192 2043 1359 2123 potenter,
1392 2039 1477 2102 sieut
1499 2038 1703 2123 imperialem
1727 2037 1821 2103 decet
1843 2038 2131 2124 magnificentiam,

478 2162 514 2206 se
538 2141 696 2227 accingat,
720 2163 790 2223 nos,
813 2149 937 2207 uttam
960 2143 1051 2228 pium
1074 2149 1108 2208 et
1124 2141 1253 2206 salubre
1269 2141 1470 2227 propositum
1494 2156 1553 2205 eol
1570 2143 1687 2206 melius
1705 2143 1812 2206 valeat
1828 2141 2018 2228 adimplere,
2042 2164 2133 2206 suam

476 2249 509 2310 et
531 2245 644 2309 uxoris
668 2267 706 2310 ac
728 2245 787 2310 filii
816 2246 865 2310 sui
895 2267 1053 2332 personas
1083 2267 1155 2310 curn
1185 2244 1337 2330 imperio,
1369 2263 1471 2328 regno
1500 2249 1533 2308 et
1563 2245 1723 2309 universis
1748 2245 1872 2310 iuribus
1900 2253 1933 2310 et
1955 2246 2133 2311 honoribus

477 2350 543 2414 suis
568 2349 628 2414 sub
651 2348 740 2414 beati
762 2350 852 2414 Petri
885 2358 918 2416 et
948 2356 1060 2416 nostra
1082 2351 1284 2436 protectione
1315 2349 1536 2435 suscepimus,
1568 2349 1746 2413 districtius
1774 2349 1959 2414 inhibentes
1988 2371 2030 2414 ne
2059 2351 2131 2435 quis
2182 2381 2214 2417 ιε

476 2453 606 2519 interim
638 2475 678 2520 ea
704 2453 877 2535 invadere,
911 2456 1058 2519 minuere
1082 2455 1135 2518 vel
1167 2452 1410 2538 quomodolibet
1440 2453 1634 2538 perturbare
1666 2460 1848 2539 presumat,
1883 2459 1934 2517 set
1964 2453 2133 2537 usquead

400 2619 402 2622 .
479 2556 621 2621 reditum
644 2557 714 2622 eius
739 2558 799 2623 aub
824 2558 960 2644 speciali
983 2557 1162 2643 apostolice
1193 2555 1281 2620 sedis
1305 2563 1337 2620 et
1360 2556 1683 2643 archiepiscoporum
1707 2578 1744 2621 ac
1769 2557 1997 2643 episcoporum
2020 2556 2133 2622 defen-

476 2661 568 2726 sione
597 2658 702 2725 libera
732 2667 765 2726 et
794 2662 905 2746 quieta
934 2662 1122 2726 consistant.
1167 2659 1312 2743 Ideoque
1343 2660 1549 2724 universitati
1578 2667 1685 2725 vestre
1713 2681 1774 2746 per
1802 2660 1983 2745 apostolica
2012 2660 2134 2745 scripta

476 2762 687 2850 precipiendo
709 2763 916 2846 mandamus,
948 2765 1099 2850 quatinus
1130 2765 1158 2828 si
1182 2764 1235 2848 qui
1259 2769 1372 2827 contra
1394 2763 1648 2850 prohibitionem
1676 2770 1820 2828 nostram
1848 2783 1930 2828 ausu
1959 2763 2132 2828 temerario

476 2867 659 2947 venientes,
682 2866 786 2953 ipsius
810 2867 1017 2954 imperatoris
1040 2867 1181 2932 honores
1205 2874 1261 2931 aut
1283 2869 1355 2931 iura
1377 2867 1533 2932 invadere
1557 2868 1610 2932 vel
1634 2869 1781 2933 minuere
1806 2888 1865 2931 seu
1887 2867 2131 2951 quomodolibet
2175 2894 2214 2930 rs·

478 2971 737 3056 presumpserint
765 2971 910 3036 indebite
940 2971 1149 3057 perturbare,
1182 2971 1302 3055 singuli
1337 2977 1482 3035 vestrum
1515 2971 1702 3036 huiusmodi
1731 2976 1978 3056 presumptores
2013 2970 2046 3033 in
2075 2991 2133 3033 sua

480 3071 605 3136 diocesi
628 3073 838 3151 constitutos,
872 3080 909 3138 ut
930 3095 950 3138 a
973 3095 1032 3138 sua
1055 3074 1301 3160 presumptione
1325 3073 1486 3138 desistant
1515 3081 1548 3138 et
1578 3073 1617 3138 de
1647 3074 1847 3160 presumptis
1869 3072 2015 3137 debitam
2038 3074 2134 3137 satis·

478 3175 654 3239 factionem
677 3175 880 3261 impendant,
913 3177 1093 3241 monitione
1116 3178 1229 3262 previa
1258 3198 1318 3264 per
1341 3178 1713 3241 excommunicationem
1735 3177 1768 3240 in
1792 3197 1951 3263 personas
1975 3184 2009 3240 et
2032 3177 2132 3240 inter-¹

479 3275 602 3341 dietum
624 3277 658 3342 in
680 3299 793 3344 eorum
815 3285 920 3344 terras
952 3279 1081 3344 subluto
1111 3281 1342 3367 appellationis
1371 3281 1540 3345 obstaculo
1573 3280 1793 3366 compellatis,
1823 3281 1975 3365 quotiens
2006 3279 2132 3344 fueritis

479 3380 639 3466 requisiti.
2178 3409 2198 3444 a

587 3502 662 3568 Dat.
686 3502 830 3587 Verulis,
855 3504 939 3570 VIII
961 3505 1036 3569 Kal.
1061 3505 1150 3586 Maii,
1173 3507 1382 3591 pontificatus
1406 3506 1510 3570 nostri
1532 3527 1617 3569 anno
1641 3511 1745 3570 sexto.

1104 3733 1515 3740 -.-----.--.-----

1265 3940 1347 4014 195.

588 4032 774 4128 Honorius
797 4065 861 4129 III
871 4086 962 4146 popu
983 4064 1210 4145 archiepiscopo
1232 4063 1443 4128 Brundusium
1470 4064 1604 4144 alesque
1633 4063 1782 4143 episcopis
1803 4062 1942 4143 Apustius
1970 4064 2078 4127 scribit
2098 4063 2133 4126 dc

477 4165 620 4230 electione
641 4167 851 4248 episopum-m
871 4169 962 4251 coppi
983 4169 1121 4234 Siciliae.
1749 4169 1843 4245 1222,
1866 4166 1973 4246 April.
1996 4170 2049 4230 24.

582 4286 1054 4356 mmmmmm

522 4461 564 4532 In
590 4459 738 4553 Apulia.
845 4519 854 4536 .
884 4520 893 4536 .
921 4463 1209 4537 Brundusiuo
1238 4467 1282 4535 et
1311 4519 1319 4534 .
1350 4518 1358 4535 .
1387 4462 1635 4535 Ydronlino
1663 4462 2025 4557 archiepiscopis
2052 4470 2091 4538 et
2176 4505 2195 4542 a

815 4641 823 4656 .
854 4641 861 4656 .
889 4585 1108 4658 Melfiensi
1137 4590 1179 4657 el
1207 4641 1214 4657 .
1245 4639 1253 4657 .
1283 4583 1530 4655 Botonlino
1559 4583 1798 4676 episeopis

586 4713 793 4778 Presantium
815 4715 909 4780 vobis
932 4716 1126 4780 auctoritate
1150 4715 1357 4795 mandamus,
1388 4715 1540 4798 quatinus
1565 4716 1593 4778 si
1615 4715 1809 4779 karissimus
1835 4717 1868 4780 in
1893 4715 2025 4782 Christo
2048 4719 2130 4782 filius

479 4823 591 4879 noster
606 4813 832 4904 F[ridericns],
855 4818 1076 4882 Romanorum
1090 4819 1269 4903 imperator
1292 4839 1423 4902 semper
1444 4824 1604 4902 augustus
1628 4825 1660 4882 et
1684 4839 1743 4882 rex
1761 4817 1886 4900 Sicilie,
1910 4819 1943 4883 in
1959 4842 2131 4905 personam

479 4919 616 4983 alieuius
641 4921 739 4985 electi
762 4921 953 5006 suspitionis
977 4943 1110 4986 causam
1133 4920 1307 4999 obiecerit,
1338 4921 1366 4983 si
1395 4926 1472 4984 tune
1500 4919 1587 4984 idem
1617 4921 1796 5006 imperator
1824 4922 1856 4985 in
1879 4921 2003 5009 Apulia
2025 4923 2131 4992 fuerit,

479 5044 536 5086 vos
560 5021 601 5087 de
625 5044 847 5089 ecunacum
871 5024 1034 5090 ordinario
1059 5046 1134 5105 suu,
1168 5025 1194 5088 si
1218 5023 1387 5088 commode
1413 5023 1533 5109 poterit
1556 5023 1733 5104 iuteresse,
1757 5023 1866 5088 Deum
1888 5025 2051 5090 habentes
2074 5047 2130 5110 pre
2177 5055 2198 5092 a

479 5126 582 5191 oculis
605 5127 751 5211 legitime
775 5128 998 5213 cognoscatis,
1029 5128 1102 5192 aliis
1131 5148 1193 5213 que
1225 5126 1266 5190 nd
1295 5127 1573 5191 confirmationem
1597 5127 1649 5190 vel
1677 5127 1931 5192 infirmationem
1963 5129 2129 5194 electionis

478 5231 658 5316 pertinent,
690 5231 851 5296 ordinario
881 5233 1068 5297 reservatis.
1120 5230 1158 5294 Id
1193 5238 1304 5295 autem
1335 5251 1438 5314 usque
1474 5229 1516 5293 ad
1546 5229 1687 5294 reditum
1715 5231 1955 5315 prosecutionis
1985 5232 2052 5296 voti
2084 5231 2132 5296 sui

478 5334 602 5419 absque
626 5340 738 5399 nostro
762 5340 796 5400 et
817 5336 921 5422 ipsius
944 5334 1124 5422 praiudioio
1148 5335 1298 5398 volumus
1323 5333 1501 5399 observari.

584 5453 661 5519 Dat.
684 5461 720 5519 ut
743 5478 852 5544 supra.

585 5678 702 5746 qne.
