4596 6406
767 383 967 442 EPISTOLAE
984 385 1173 445 senuerat.
1210 389 1285 445 1239.

987 716 1073 788 741.

310 826 499 937 &reportas
520 853 576 920 IX
597 876 684 936 papa
710 853 841 940 [Petro]
866 855 1095 936 orcbiepiscopo
1117 855 1337 938 Rotomnpcnsi
1364 861 1393 920 et
1414 857 1626 940 suffraganeis
1648 859 1716 923 eius
1737 859 1852 939 scribit,

200 987 232 1030 sc
253 961 453 1031 Friricrieum
474 959 589 1022 dictum
616 959 831 1039 imperatorem
854 980 916 1040 pro
942 959 1115 1024 excessibus
1140 960 1208 1024 suis
1233 963 1512 1026 excommunicasse
1539 967 1569 1026 ct
1597 963 1676 1042 loce,
1706 963 1750 1028 od
1774 986 1853 1046 qrme

200 1069 328 1142 everterit,
351 1063 514 1129 interdicto
536 1062 717 1140 subiecisse·
739 1061 871 1126 inundat
891 1063 943 1141 iis,
965 1066 1001 1126 ut
1021 1063 1081 1128 bas
1102 1065 1273 1128 sententias
1288 1064 1451 1146 publicari
1470 1063 1603 1146 sacient.

1180 1161 1185 1174 '
1489 1171 1583 1248 1239,
1606 1169 1712 1250 April.
1735 1173 1764 1234 7.

138 1305 150 1341 s
309 1289 392 1360 (ἶνες.
410 1288 460 1342 IX
477 1281 545 1355 ch.
569 1286 626 1342 Vol.
650 1286 703 1348 VI,
723 1289 781 1339 149.
817 1282 939 1340 Isittmm
957 1285 991 1341 de
1009 1287 1129 1341 secundo
1147 1289 1422 1342 esconrmunieatione
1439 1289 1615 1363 imperatoris
1631 1289 1779 1357 separatim
1796 1289 1849 1342 col·

200 1380 285 1433 lectae
302 1377 381 1432 orode
400 1373 561 1446 appendicia
579 1374 640 1428 Lib.
660 1372 747 1428 XIII
763 1373 909 1426 ndirrnclae
927 1379 999 1428 sunt.

305 1462 442 1526 Pottbast,
461 1461 530 1531 ch.
551 1463 648 1515 10724.

356 1751 366 1768 .
395 1751 404 1768 .
433 1690 769 1783 archiepiscopo
798 1691 1151 1784 Rothomagensi
1182 1695 1223 1764 et
1251 1693 1552 1786 suffraganeis
1579 1693 1690 1767 eiua.

312 1843 415 1909 Sedes
439 1841 632 1930 apostolica,
657 1841 741 1906 sient
764 1849 852 1906 totns
876 1843 945 1907 fere
969 1842 1057 1906 orbis
1080 1843 1158 1907 iacti
1176 1843 1341 1909 evidentia
1356 1844 1478 1924 didicit,
1501 1845 1705 1910 Fridericum
1727 1845 1849 1910 dictum

127 1968 151 2005 1⁰
202 1951 448 2036 imperatorem,
480 1969 523 2012 ex
550 1967 613 2031 quo
645 1947 751 2032 ipsum
780 1968 823 2011 ex
852 1953 946 2011 utero
969 1947 1083 2010 matris
1107 1948 1238 2034 excepit
1259 1948 1416 2034 genibus,
1445 1950 1565 2015 affectu
1595 1955 1742 2014 materno
1777 1969 1852 2034 pro·

202 2074 343 2138 sequens
377 2051 511 2116 lactavit
545 2050 702 2115 uberibus
736 2058 769 2115 et
799 2051 943 2116 humeris
976 2051 1151 2131 baiulavit,
1186 2073 1282 2138 quern
1318 2053 1395 2116 olim
1428 2055 1514 2118 omni
1544 2075 1630 2140 pene
1660 2051 1851 2116 destitutum

201 2156 324 2222 anxilio
354 2161 388 2219 et
415 2153 524 2218 dubiis
554 2159 681 2217 tantum
712 2153 903 2219 derelictum
937 2154 1110 2219 eventibus
1142 2176 1200 2219 suo
1233 2157 1359 2242 recepit
1389 2157 1571 2243 patrocinio
1603 2154 1851 2235 confovendum,

202 2281 372 2347 opponens
396 2280 431 2324 se
454 2264 608 2346 potenter
630 2258 835 2322 invasoribus
859 2257 952 2342 regni
975 2259 1042 2338 sni,
1073 2259 1128 2345 qui
1152 2260 1185 2323 in
1209 2266 1329 2324 terram
1353 2262 1424 2326 eins
1447 2261 1558 2326 oeulos
1581 2259 1746 2325 aviditatis
1769 2259 1852 2324 inie-

203 2371 324 2444 cerant,
347 2364 440 2429 cuius
464 2365 528 2427 iam
551 2362 633 2426 fines
657 2363 798 2447 ingressi
822 2384 895 2428 earn
917 2363 1041 2448 absque
1064 2363 1131 2428 ullo
1155 2362 1356 2428 defensionis
1380 2365 1548 2430 obstaculo
1577 2364 1795 2452 usurpabant,
1819 2370 1852 2426 et

138 2483 150 2519 τ·
203 2468 383 2534 defendens
407 2466 547 2532 eundem
569 2467 610 2530 ab
634 2465 865 2531 insidiantibus
888 2467 955 2531 vite
980 2488 1058 2544 sue,
1088 2468 1142 2552 qui
1166 2469 1264 2533 emuli
1290 2469 1404 2533 salutis
1428 2471 1532 2556 ipsius
1557 2469 1759 2535 conabantur
1780 2467 1852 2532 ani-

202 2595 288 2638 mam
311 2573 383 2637 eius
406 2571 600 2655 extinguere
623 2577 657 2634 et
680 2569 720 2635 de
743 2576 834 2635 terra
857 2572 961 2658 ipsius
979 2573 1170 2636 memoriam
1186 2572 1330 2638 abolere.
1373 2573 1520 2660 Cumque
1535 2574 1622 2639 idem
1638 2572 1851 2660 protectionis

201 2676 426 2743 ecclesiastice
457 2674 562 2760 clipeo
594 2675 812 2761 premunitus,
851 2696 991 2760 persone
1022 2681 1055 2740 et
1086 2677 1179 2760 regni
1207 2678 1258 2740 sui
1288 2677 1373 2742 bone
1402 2679 1558 2744 memorie
1590 2673 1777 2764 G[regorio]
1810 2674 1851 2740 de

202 2769 393 2865 Gualgano⁸
415 2780 501 2843 tituli
526 2778 645 2842 Sancte
668 2778 846 2843 Anastasie
869 2780 1064 2865 presbytero
1095 2779 1252 2844 cardinali
1284 2801 1303 2844 a
1332 2781 1411 2846 sede
1441 2782 1623 2868 apostolica
1644 2804 1705 2868 per
1727 2781 1847 2845 multos

201 2904 303 2948 annos
327 2882 483 2970 deputato
507 2879 658 2954 custode,
688 2882 819 2946 maioris
850 2889 955 2946 metas
978 2882 1143 2967 attigisset
1166 2884 1282 2958 etatis,
1314 2885 1444 2950 tandem
1467 2884 1658 2950 adultioris
1681 2882 1849 2969 dignitatis

201 2988 328 3074 apicem
350 3009 410 3073 per
432 3007 505 3051 eam
532 2986 642 3051 extitit
673 2985 877 3052 sublimatus.
928 2984 986 3050 Set
1013 2984 1183 3072 diligentie
1212 2986 1353 3052 studium
1381 2990 1468 3054 circa
1490 3001 1662 3076 personam
1686 2989 1758 3053 eius
1787 2987 1848 3051 im-

200 3111 348 3178 pensum,
371 3089 502 3154 labores
526 3089 699 3176 plurimos,
723 3111 804 3174 quos
828 3089 970 3154 eeclesia
993 3089 1095 3154 subiit
1117 3099 1252 3177 propter
1274 3113 1365 3172 eum,
1389 3091 1496 3178 quoad
1518 3094 1641 3180 ipsum,
1665 3088 1849 3179 perdidisse

201 3194 344 3274 videtur,
369 3215 442 3258 curn
465 3200 514 3259 tot
538 3194 769 3259 beneficiomm
795 3194 837 3258 sit
862 3195 1042 3268 immernor,
1066 3201 1156 3259 tante
1180 3197 1285 3281 gratie
1309 3196 1352 3260 sit
1374 3199 1537 3282 ingratus,
1560 3203 1594 3262 et
1614 3196 1738 3278 utinam
1762 3194 1850 3259 illius

201 3297 443 3384 ingratitudinis
486 3317 552 3360 non
588 3296 765 3362 excederet
805 3298 980 3378 terminos,
1015 3320 1075 3384 per
1108 3320 1204 3384 quam
1238 3307 1466 3386 perceptorum
1499 3279 1672 3365 bonoruni
1693 3299 1852 3364 existeret

202 3403 377 3488 negatione
402 3405 592 3466 contentus!
626 3400 729 3465 Porro
752 3402 831 3466 lieet
855 3402 981 3467 offensa
1003 3403 1150 3487 quelibet
1172 3404 1306 3468 aculeos
1329 3403 1451 3468 doloris
1475 3404 1638 3490 importet,
1661 3403 1719 3468 illa
1739 3409 1849 3465 tammr

201 3506 308 3571 iaculo
336 3505 479 3590 graviori
506 3505 672 3590 percellit,
705 3505 740 3568 in
775 3527 839 3590 qua
867 3528 926 3592 pro
957 3508 1063 3592 gratia
1090 3507 1289 3593 ingratitudo
1317 3507 1506 3594 rependitur
1533 3514 1567 3573 et
1593 3528 1652 3594 pro
1680 3506 1850 3571 beneficiis

199 3594 360 3676 maleficia
383 3616 643 3695 compensantur.
689 3609 812 3675 Verum
847 3619 1143 3698 quantumcumque
1172 3613 1279 3699 ipsum
1310 3612 1493 3697 apostolica
1519 3610 1615 3676 sedes
1639 3610 1794 3676 dilexerit
1817 3615 1850 3673 et

200 3722 234 3780 et
265 3734 416 3800 supreme
446 3712 587 3777 culmine
616 3715 789 3799 potestatis
820 3717 965 3780 erexerit
995 3718 1167 3796 secularis,
1196 3717 1264 3781 suis
1286 3722 1396 3779 tamen
1419 3714 1629 3799 exigentibus
1654 3713 1778 3799 culpis,
1809 3711 1849 3776 de

200 3818 317 3904 quibus
340 3837 535 3903 quamquam
558 3818 681 3902 pluries
705 3839 725 3882 a
747 3819 842 3883 nobis
859 3821 1002 3885 monitus
1024 3823 1215 3887 satisfacere
1240 3843 1304 3885 non
1329 3820 1464 3898 curavit,
1487 3819 1591 3882 coacti
1613 3817 1744 3897 fuimus,
1768 3817 1847 3880 licet

199 3922 307 4000 inviti,
345 3920 606 3985 animadvertere
643 3922 676 3985 in
709 3922 883 3988 eundem1.
938 3925 1021 3988 Nam
1059 3927 1121 3990 etsi
1144 3925 1249 3990 Adam
1279 3924 1387 3988 divina
1417 3921 1623 4009 providentia
1651 3920 1850 3985 excellentia

201 4025 371 4110 dignitatis
395 4031 429 4088 et
453 4025 657 4089 auctoritatis
682 4027 852 4108 extulerit,
876 4029 928 4092 cui
953 4030 1062 4093 omnia
1083 4029 1261 4092 animantia
1283 4034 1369 4091 terre
1393 4026 1543 4103 subiecit,
1568 4025 1645 4110 quia
1666 4030 1776 4087 tamen
1799 4023 1849 4086 sui

200 4130 291 4194 iussa
312 4128 478 4214 preteriit,
508 4128 579 4192 eius
603 4129 796 4194 excessibus
820 4150 884 4194 non
911 4133 1067 4217 pepercit.
1120 4129 1191 4204 Qua
1219 4138 1329 4195 autom
1357 4151 1377 4193 a
1404 4129 1491 4193 dicto
1515 4127 1683 4193 Friderico
1711 4147 1770 4212 pro
1799 4131 1848 4188 tot

200 4225 295 4296 bonis
319 4232 383 4296 sibi
408 4233 536 4296 collatis
561 4233 705 4297 ecclesia
726 4235 950 4299 retributionis
973 4237 1099 4322 premio
1121 4236 1305 4322 reportarit,
1326 4233 1575 4297 universitatem
1593 4237 1736 4294 vestram
1753 4229 1844 4293 voln-

200 4357 273 4400 mus
303 4357 369 4400 non
394 4336 513 4415 latere,
545 4357 651 4422 pauca
682 4335 722 4402 de
756 4339 867 4402 multis
903 4340 1049 4426 presenti
1080 4339 1200 4426 pagina
1230 4336 1458 4402 declarandos
1507 4335 1546 4400 In
1568 4335 1659 4399 Urbe
1688 4331 1849 4419 siqnidem

201 4461 334 4525 gravem
358 4438 553 4504 seditionem
577 4441 692 4521 movit,
725 4441 845 4507 exinde
868 4463 928 4508 nos
952 4451 985 4508 et
1008 4443 1126 4508 iratres
1150 4448 1278 4506 nostros
1302 4441 1379 4505 totis
1401 4440 1523 4504 viribus
1547 4439 1638 4502 nisus
1662 4435 1850 4514 excludere,

136 4561 147 4598 e
200 4548 237 4606 ut
260 4543 307 4606 sic
329 4543 509 4628 apostolice
533 4543 622 4608 sedis
644 4545 804 4609 honorem
831 4545 1030 4632 deprimeret
1057 4569 1095 4610 ac
1125 4547 1310 4610 libertatem
1337 4544 1442 4632 ipsius
1477 4542 1607 4629 penitus
1631 4541 1849 4618 conculcaret,

199 4653 312 4711 eontra
335 4648 518 4711 iuramento
539 4650 678 4734 prestita
701 4648 873 4714 veniendo.
918 4651 962 4715 Et
984 4651 1204 4715 venerabilem
1228 4651 1361 4715 fratrem
1389 4653 1535 4712 nostrum
1560 4695 1593 4711 ..
1617 4645 1847 4710 Penestrinum

199 4751 389 4838 episcopum
398 4752 421 4832 ³,
451 4751 527 4816 dum
550 4753 655 4838 ipsum
678 4751 717 4816 nd
742 4761 852 4840 partes
876 4753 1101 4838 Albigentium
1132 4755 1379 4841 disponeremus
1402 4774 1461 4839 pro
1485 4751 1750 4817 ennehoratione
1773 4748 1849 4812 fidei

199 4855 361 4919 catholice
385 4854 566 4936 destinare,
590 4878 650 4943 per
672 4856 832 4942 quosdam
856 4879 932 4922 suos
955 4858 1070 4924 fideles
1094 4859 1196 4922 invia
1220 4855 1369 4942 impediri
1391 4855 1566 4920 mandevit.
1612 4851 1848 4917 Catbedrales⁴

306 5017 369 5022 η...-
589 5019 758 5024 .---..,-.-,,,
767 5019 817 5024 ..,,.
829 5017 994 5023 ,-..-.-......-
1005 5017 1291 5023 —.-.--.—..---...—·
1303 5013 1742 5022 ..-,...-,.-.,-—..,-.-...—-.,....-

298 5117 319 5182 ¹)
338 5119 456 5187 uuugafi
473 5121 506 5172 R.

303 5257 330 5324 1)
349 5257 497 5311 Dominica
514 5257 675 5327 palmarum,
695 5258 780 5312 Mart.
793 5262 839 5320 20,
859 5255 1099 5310 excommunicatio
1109 5256 1227 5325 primum
1234 5252 1420 5326 pronuntiata
1437 5258 1462 5305 ct
1474 5266 1558 5306 coena
1571 5250 1693 5312 Domini,
1712 5248 1798 5302 Mart.
1808 5251 1852 5312 24,

199 5344 330 5397 innuente
349 5349 404 5400 est:
422 5345 458 5414 cs.
478 5343 617 5412 Potlbnst,
635 5343 700 5412 Rep.
717 5361 745 5412 p.
765 5347 831 5398 908.
869 5343 999 5398 Fermnln
1018 5343 1316 5410 excommunicationis,
1335 5355 1417 5409 quam
1435 5338 1528 5408 Rayn.
1547 5355 1573 5391 a.
1594 5340 1680 5403 1239,
1702 5339 1719 5402 ἕ
1739 5335 1851 5389 letiam

198 5430 228 5482 in
246 5427 313 5497 Rep.
332 5429 551 5498 septemremis,
569 5429 680 5494 ibidem,
700 5433 732 5482 ut
751 5428 783 5484 V.
804 5429 844 5483 01.
863 5430 897 5482 Α.
915 5415 987 5482 Mari
1003 5426 1085 5481 nebia
1103 5427 1226 5496 scripsit,
1244 5443 1302 5480 non
1321 5428 1411 5488 extat·
1428 5430 1513 5488 tenor,
1536 5441 1612 5494 quem
1630 5423 1721 5494 Rnym
1739 5421 1795 5484 rur,
1814 5419 1851 5473 ml

198 5514 308 5568 andrum
327 5533 361 5568 rr
374 5516 445 5570 Ann.
460 5515 589 5570 stadem.
608 5532 634 5568 a.
652 5518 733 5582 1239,
752 5515 801 5570 SS.
820 5520 838 5568 t.
852 5513 933 5577 XVI,
950 5530 980 5583 p.
994 5517 1060 5578 363,
1078 5530 1113 5566 en
1130 5512 1220 5565 rodim
1237 5513 1287 5580 qui
1304 5511 1403 5564 ibidem
1418 5511 1483 5566 Cori.
1500 5516 1519 5564 2
1535 5511 1702 5581 appelletur,
1725 5513 1852 5576 mrmptns

200 5607 248 5655 rat.
353 5604 381 5670 2)
407 5603 452 5656 Dc
480 5601 654 5672 sequentibus
681 5601 808 5656 articulis
834 5601 871 5669 cf.
895 5600 1042 5670 formulam
1068 5614 1156 5667 supro
1183 5604 1426 5666 commemoratam,
1453 5597 1503 5652 ubi
1526 5597 1624 5666 plures
1651 5597 1852 5650 enumerentur.

138 5713 149 5750 5
200 5687 227 5756 3)
249 5689 390 5750 luendum
408 5687 446 5755 cs.
463 5705 491 5744 n.
512 5692 572 5742 731.
676 5689 704 5754 4)
724 5687 767 5757 Os.
785 5704 813 5744 n.
832 5693 890 5742 700
907 5693 931 5742 et
952 5689 1017 5741 703.
