4538 6426
426 388 467 449 42
1017 381 1065 436 Ex
1083 380 1239 435 HONORll
1258 381 1298 434 lll
1315 378 1496 434 REGISTRO

425 556 541 642 viginti
572 564 710 643 quatuor
734 556 800 620 sint
822 555 1004 642 prebende,
1036 555 1130 619 vobis
1157 552 1342 620 distrahere
1373 553 1413 618 dc
1441 560 1554 617 nostra
1581 550 1818 638 permissionel
1839 551 1971 628 liceret,
2002 570 2078 634 pre-

426 662 539 725 sertim
563 683 636 726 cum
660 661 888 725 canonicorum
911 659 1075 724 delectum
1099 659 1253 744 supplere
1276 680 1336 743 per
1358 657 1514 720 maiorem
1544 654 1746 738 diligentiam
1770 663 1803 720 et
1826 652 2078 718 sollicitudinem

425 765 607 851 apponatis.
663 765 732 828 Nos
768 764 867 848 igitur
897 764 1015 828 vestris
1045 762 1198 848 precibus
1228 767 1427 840 annuentes,
1461 759 1492 822 id
1520 780 1579 845 per
1601 758 1768 822 biennium
1792 757 1961 822 dumtaxat
1984 757 2078 822 vobis

424 867 577 932 duximus
602 866 855 933 concedendum.

533 971 609 1036 Dat.
632 971 785 1034 Lateran.
808 971 844 1033 ΙΙ
867 970 945 1035 Idus
969 971 1102 1056 Aprilis,
1126 969 1333 1056 pontificatus
1355 968 1458 1032 nostri
1482 989 1566 1030 anno
1591 965 1745 1032 secundo.
2131 983 2143 1020 ι

1223 1437 1283 1510 57.

532 1552 720 1644 Honorias
743 1579 807 1643 ΙΙΙ
829 1599 918 1659 papa
941 1578 1168 1662 [Burcbardo]
1194 1579 1374 1658 praeposta
1395 1577 1563 1642 Bromerra'
1585 1577 1734 1654 coneedit,
1763 1582 1799 1640 at
1826 1576 1870 1641 ad
1901 1581 2020 1657 tempas
2051 1577 2081 1640 cr'

424 1680 515 1744 liccat
545 1685 679 1746 retinere
712 1683 748 1746 da
776 1681 956 1746 Dulmara'a
988 1685 1016 1744 et
1044 1681 1236 1745 Stcavradia
1273 1681 1428 1756 ccclesiae,
1464 1701 1533 1743 cum
1561 1681 1782 1760 praepositura
1809 1680 1993 1745 Brancasis
2023 1700 2081 1758 per

431 1782 667 1848 Waldcntarum
688 1785 731 1848 stt
751 1785 841 1848 calda
863 1785 1010 1864 collapsa.
1209 1803 1214 1814 ·
1690 1785 1784 1864 1218,
1808 1783 1915 1864 April.
1940 1783 1990 1846 12.

527 1903 600 1957 Ηοιι.
620 1906 674 1956 ΙΙΙ
688 1905 756 1972 Ray.
775 1903 838 1957 Lib.
857 1906 898 1972 II,
918 1909 995 1958 1015.

527 1989 659 2053 Pollam,
677 1989 747 2059 Rep.
765 1989 837 2042 ndat.
856 1989 881 2052 Ι,
901 1995 971 2042 5751
977 1993 1129 2043 a—26017.

961 2224 971 2242 .
1000 2224 1009 2241 .
1049 2168 1277 2261 preposito
1306 2168 1544 2242 Bremensi.

532 2314 624 2397 Oum,
648 2317 733 2380 sicut
755 2319 951 2404 accepimus,
975 2318 1182 2403 prepositura
1204 2317 1394 2384 Bremensis
1418 2340 1477 2404 per
1500 2319 1672 2404 reprobum
1694 2319 1936 2383 Guademarum
1953 2325 2080 2382 et‘suos

425 2419 600 2504 complices
623 2426 692 2483 tum
714 2420 866 2485 incendio
889 2428 958 2484 tum
981 2422 1103 2506 rapinis
1127 2422 1169 2484 sit
1191 2422 1286 2486 valde
1311 2423 1456 2508 collapsa
1485 2429 1518 2486 et
1541 2423 1660 2486 cotidie
1684 2408 1892 2500 devastetur,
1921 2422 1966 2484 ita
1994 2420 2081 2506 quod

424 2542 485 2585 uec
509 2521 568 2585 tibi
590 2543 651 2587 nec
674 2523 829 2588 fratribus
852 2525 917 2588 tuis
932 2531 1026 2610 potes
1043 2525 1229 2589 necessaria
1245 2525 1447 2604 ministrare,
1472 2524 1584 2589 dilecti
1604 2526 1671 2606 filii,
1695 2525 1875 2590 Bremense
1892 2525 2080 2610 capitulum,

424 2624 649 2710 supplicarunt
682 2625 851 2691 humiliter
884 2628 925 2690 ab
960 2628 1140 2712 apostoliea
1169 2629 1227 2692 tibi
1252 2628 1329 2692 sede
1354 2627 1503 2706 concedi,
1538 2635 1574 2692 ut
1605 2627 1645 2691 ad
1669 2637 1797 2713 tempus
1820 2627 1861 2693 de
1885 2634 1997 2692 nostra
2019 2627 2080 2690 tibi
2135 2650 2157 2685 n

423 2728 639 2813 permissione
672 2730 770 2794 liceat
793 2732 935 2795 retinere
960 2730 1000 2796 de
1024 2732 1200 2795 Dulmania
1222 2740 1255 2796 et
1285 2733 1325 2796 de
1351 2731 1581 2797 Steuwndial¹
1606 2733 1783 2814 ecclesias,
1812 2753 1891 2817 quas
1921 2733 2081 2796 hactenus

423 2830 568 2894 habuisti
591 2838 625 2894 et
648 2853 690 2896 ex
713 2833 830 2917 quibus
854 2835 909 2897 vix
934 2842 1006 2899 octo
1031 2836 1181 2899 marchas
1204 2837 1346 2921 percipis
1363 2837 1540 2914 annuatim,
1564 2857 1637 2898 cum
1657 2836 1910 2922 prodecessores
1926 2835 1974 2899 tui
1990 2835 2081 2920 pacis

427 2933 525 2997 otiam
548 2938 695 3019 tempore
719 2943 852 3022 propter
880 2940 1074 3003 tenuitatem
1103 2941 1308 3025 prepositure
1333 2940 1479 3025 predicte
1510 2940 1611 3003 adiuti
1642 2940 1715 3003 aliis
1746 2939 1915 3003 beneficiis
1938 2938 2080 3012 suerunt,

426 3040 462 3098 ut
485 3035 685 3101 commodius
709 3039 856 3104 eiusdem
879 3044 1085 3127 prepositure
1102 3065 1202 3108 onera
1224 3051 1465 3129 supportarent.
1510 3043 1578 3106 Nos
1601 3062 1678 3127 ergo
1701 3043 1803 3127 ipsius
1822 3043 1956 3128 capituli
1974 3042 2081 3127 preci-

426 3139 488 3202 bus
511 3140 667 3216 inclinati,
692 3150 724 3205 et
741 3143 882 3228 benigne
906 3146 967 3210 tibi
986 3145 1114 3211 deferre
1138 3147 1286 3210 uolentes
1310 3145 1530 3228 concedimus,
1553 3153 1597 3226 ut,
1622 3146 1684 3209 nisi
1706 3144 1794 3210 aliud
1811 3146 2003 3210 canonicum
2019 3143 2081 3207 tibi
2133 3163 2158 3200 ao

427 3240 603 3322 obstiterit,
627 3244 730 3310 libore
754 3248 861 3332 possis
886 3249 989 3312 dictas
1014 3250 1172 3313 ecclesias
1197 3243 1366 3313 retinere.¹

536 3345 612 3412 Dat.
635 3346 787 3413 Laterau.
812 3351 847 3414 II
869 3351 948 3416 Idus
972 3351 1106 3438 Aprilis,
1130 3373 1214 3415 anno
1239 3351 1392 3415 secundo.

1222 3800 1281 3875 58.

536 3909 724 4001 Honorius
746 3938 813 4001 ΙΙΙ
833 3959 922 4018 papo
943 3939 1169 4024 Blerabardo]
1196 3942 1311 4006 decom
1337 3945 1505 4008 Brrracnsl
1532 3946 1680 4022 corrcedit,
1710 3949 1746 4007 ut
1770 3945 1852 4008 <bats
1873 3946 2081 4024 praebendas,

427 4059 564 4118 quaram
585 4059 683 4102 anam
705 4039 741 4102 r‘n
764 4039 939 4114 Bremensi,
962 4043 1061 4106 aliam
1083 4065 1153 4108 coro
1175 4046 1211 4107 ia
1234 4047 1482 4112 Moaastcricnsi
1503 4048 1615 4111 lrabeat
1635 4049 1777 4122 ecclesiia,
1799 4049 1941 4112 retincat.

1693 4153 1785 4227 1218,
1808 4151 1915 4230 April.
1940 4155 1991 4214 12.
2133 4179 2157 4214 as

529 4225 602 4280 Han.
621 4228 675 4277 111
689 4225 758 4296 Ray.
777 4227 837 4280 Lib.
858 4231 898 4290 II,
918 4233 995 4281 1016.

529 4309 665 4373 Parma,
684 4311 755 4381 Ray,
773 4313 845 4366 Add.
864 4315 888 4376 I,
909 4315 1137 4370 5751t-26018.

1001 4510 1042 4582 Β.
1072 4511 1237 4585 decano
1265 4514 1501 4588 Bremensi.

533 4650 585 4715 Ex
607 4661 698 4738 parte
717 4657 913 4720 venerabilis
936 4658 1044 4723 fratris
1067 4663 1194 4728 nostri.
1220 4711 1227 4725 .
1249 4663 1508 4750 archiepiscopi²
1532 4673 1564 4729 ot
1579 4665 1771 4731 dilectorum
1788 4668 1927 4731 filiorum
1945 4666 2080 4751 capituli

426 4756 615 4820 Bremensis
638 4758 732 4821 nobis
748 4758 810 4821 fuit
824 4759 991 4825 humiliter
1011 4765 1237 4848 supplicatum,
1261 4773 1297 4830 ut
1319 4787 1391 4830 cum
1407 4774 1541 4852 propter
1556 4771 1687 4854 longam
1713 4778 1746 4834 et
1769 4770 1932 4834 assiduam
1948 4769 2078 4833 hostili·
2132 4798 2157 4830 n

425 4865 536 4939 tatem,
560 4880 655 4943 quam
672 4860 813 4926 ccclesia
828 4870 938 4926 restra
954 4865 1108 4928 sustinuit
1129 4867 1287 4932 hactenus
1308 4876 1340 4933 ot
1362 4870 1468 4934 adhuc
1487 4873 1635 4952 sustinet,
1658 4875 1745 4936 acin
1768 4874 1913 4938 futurum
1936 4871 2080 4938 creditur

426 4963 524 5027 etiam
548 4965 727 5045 sustinere,
755 4968 862 5030 nullus
886 4968 1032 5033 eiusdem
1057 4971 1198 5035 ecclesie
1223 4974 1398 5038 canonicus
1427 4997 1563 5039 securus
1587 4975 1628 5041 de
1652 4977 1715 5040 hiis
1739 4999 1801 5063 que
1825 4978 1925 5041 habet
1948 4978 2079 5054 existat,

425 5066 566 5150 benigne
590 5075 698 5132 tecum
721 5089 819 5153 agere
843 5069 1060 5153 dignaremur,
1084 5081 1120 5138 ut
1142 5073 1222 5139 duas
1245 5077 1439 5161 prebendas,
1457 5100 1592 5163 quarum
1613 5101 1711 5143 unam
1727 5081 1761 5144 in
1776 5081 1959 5156 Bremensi,
1981 5081 2080 5142 aliam

424 5191 502 5234 vero
526 5171 559 5233 iu
582 5171 836 5237 Monasterieusi
859 5174 962 5239 habes
990 5177 1157 5260 ecelesiis,
1188 5180 1329 5244 retinere
1359 5181 1419 5245 tibi
1442 5181 1482 5245 de
1506 5191 1618 5246 nostra
1645 5184 1860 5270 permissione
1884 5184 2008 5260 liceret,
2037 5202 2078 5244 ne

424 5281 457 5338 te
482 5273 689 5358 contingeret
711 5275 752 5340 ad
775 5276 918 5364 inopiam
941 5301 1078 5364 vergere
1108 5283 1141 5345 in
1171 5305 1304 5367 gravem
1328 5285 1474 5350 eiusdem
1509 5287 1650 5350 ecclesie
1678 5293 1715 5350 ut
1737 5295 1889 5351 asserunt
1910 5287 2078 5350 lesionem.
2130 5313 2156 5352 as

527 5535 550 5602 ¹)
568 5537 734 5604 promissione
751 5537 783 5587 Β.
867 5535 889 5604 ⁶)
907 5539 944 5590 ito
962 5539 993 5590 B.

528 5673 555 5743 1)
574 5673 695 5728 Dtr'lmea
712 5678 738 5728 et
756 5673 897 5746 Steinfart
914 5674 945 5730 ιἰι
962 5675 1081 5730 dioecesi
1098 5675 1320 5736 Monosteriensi
1337 5679 1465 5776 indjcare
1482 5681 1598 5736 uidetur.
1667 5682 1695 5748 2)
1716 5681 1864 5744 Gerbcrdr',
