4590 6366
432 423 494 486 538
1008 418 1055 472 EX
1074 416 1250 471 Gnuaonss
1269 417 1306 469 IX
1325 415 1506 470 REGISTRO

536 592 619 663 Grep.
638 593 687 646 IX
705 593 773 660 Rep.
794 592 853 647 Vol.
875 591 906 654 V,
931 595 1048 651 11-42;
1072 589 1134 644 Lib.
1154 589 1210 656 IX,
1229 593 1291 642 120.
1331 589 1426 642 Huius
1444 589 1540 656 longae
1559 587 1691 656 epistolae
1709 587 1837 640 Pertrias
1854 587 1927 640 nibil
1944 586 2003 640 nisi
2021 586 2097 638 tanc

428 679 599 748 particulam
618 678 780 746 descripsit,
803 694 863 731 cane
885 678 994 746 ruliqaa
1014 677 1051 730 ad
1073 676 1217 730 instoriam
1236 676 1388 743 petractem
1408 676 1514 728 nullius
1538 674 1662 727 momenti
1680 673 1742 726 sint.
1785 673 1838 728 Ubi
1856 673 1964 741 integra
1982 673 2097 740 lepatar

431 765 537 819 invenis
556 781 600 833 ap.
619 764 754 850 l’otttast.

532 849 671 914 Pocctase,
689 849 759 921 Rep.
779 853 863 903 9933.

602 1028 794 1102 Beatriei
821 1029 989 1102 illustri
1016 1029 1168 1120 regine
1194 1026 1399 1116 Castalii,
1427 1028 1574 1100 Toleti
1603 1033 1645 1101 et
1672 1025 1907 1118 Legionis&

299 1189 418 1286 E⁰3¹ffi³⁴³¹
538 1177 653 1242 Iesus³
673 1179 760 1243 filius
777 1179 902 1264 Syrach
924 1178 1040 1244 diebus
1063 1180 1135 1243 istis
1160 1180 1279 1242 obtulit
1300 1179 1395 1242 nobis
1416 1201 1473 1242 vas
1496 1178 1710 1255 ammirabile,
1733 1199 1815 1262 opus
1831 1176 1979 1254 Excelsi,
2004 1173 2096 1259 quod

387 1273 392 1282 ’
432 1281 600 1347 fornacem
624 1283 770 1346 caritatis
793 1284 827 1346 in
851 1283 975 1347 ardoris
1000 1283 1153 1369 operibus
1179 1281 1374 1360 custodivit,
1404 1304 1462 1346 vas
1491 1283 1621 1366 inquam
1653 1283 1812 1358 electum,
1843 1280 1986 1343 Domino
2012 1300 2095 1342 con-

431 1392 606 1464 secratum,
630 1393 776 1450 sanctam
800 1387 928 1450 scilicet
951 1386 1121 1450 Elisabeth
1134 1385 1156 1466 ²,
1181 1406 1243 1469 que
1268 1386 1502 1470 interpretatur
1526 1385 1680 1448 saturitas
1704 1385 1768 1448 Dei
1791 1384 1855 1447 mei
1877 1387 1930 1446 cla.
1978 1383 2008 1446 Ο
2035 1403 2095 1445 vas

431 1489 646 1568 ammirabile,
669 1510 726 1552 vas
751 1490 908 1570 electum,
932 1511 990 1553 vas
1012 1489 1253 1565 misericordie,
1277 1489 1309 1552 in
1333 1509 1396 1572 quo
1420 1489 1574 1564 tirannis,
1601 1488 1801 1574 principibus
1826 1494 1858 1551 et
1881 1486 2096 1570 magnatibus

431 1592 544 1655 mundi
568 1593 664 1657 huius
688 1592 798 1656 vinum
821 1614 899 1656 rere
923 1592 1183 1677 compunctionis
1207 1591 1463 1655 misericorditer
1485 1592 1684 1677 propinasti,
1713 1591 1799 1654 inter
1821 1611 1901 1674 quos
1925 1590 2094 1652 sororium

435 1701 528 1758 tuum
550 1694 685 1758 fratrem
709 1693 894 1758 Oanradum
917 1694 1080 1778 quondam
1103 1695 1376 1779 lanthgravium³,
1401 1703 1489 1759 etate
1515 1703 1680 1773 tenerum,
1704 1693 1824 1757 mundo
1848 1714 1978 1768 carum,
2003 1713 2094 1755 nior-

434 1796 555 1860 talibus
578 1799 774 1881 gratiosum,
806 1797 977 1861 inebriasti
1006 1798 1161 1882 precipue
1193 1799 1311 1882 poculo
1336 1798 1422 1861 vasis
1445 1797 1560 1877 huius,
1594 1798 1640 1860 ita
1673 1804 1708 1860 ut
1740 1797 1869 1860 calcatis
1893 1795 2095 1879 dignitatum

279 1917 422 1970 unciam.
437 1899 593 1976 fascibus,
617 1901 740 1966 reiecta
764 1900 912 1981 sindone,
934 1900 1040 1964 nudus
1064 1901 1254 1987 profugeret
1276 1900 1316 1964 de
1340 1901 1491 1964 manibus
1513 1901 1686 1986 impiorum
1705 1899 1962 1983 crucifigentium
1977 1897 2094 1962 Iesum

437 2002 603 2067 Christum
626 2003 668 2067 ad
699 2006 815 2069 asilum
839 2005 962 2082 crucis,
994 2005 1086 2068 ouius
1118 2005 1322 2088 signaculum
1346 2005 1513 2090 impressit
1538 2004 1680 2088 pectori,
1710 2002 1890 2066 misterium
1914 2001 2023 2080 cordi,
2057 2008 2096 2064 ut

289 2132 352 2174 cant.
368 2137 421 2184 aa.
436 2127 496 2192 per
518 2108 615 2172 mirre
639 2109 830 2172 fasciculum
851 2115 965 2195 posset
981 2107 1137 2171 Crucifixi
1161 2108 1360 2171 consortium
1384 2107 1572 2192 promereri.
1618 2106 1794 2170 inebriasti
1818 2125 1945 2188 quaque
1969 2105 2093 2190 poculo
2163 2144 2168 2154 ·

435 2211 523 2274 vasis
545 2211 643 2275 huius
666 2212 841 2296 Agnetem,
865 2211 1017 2274 ancillam
1041 2209 1163 2274 Christi
1187 2210 1358 2293 virginem,
1383 2217 1491 2272 natam
1515 2210 1602 2292 regis
1626 2208 1774 2284 Boemie,
1799 2228 1944 2270 sororem
1968 2208 2096 2284 tuam⁴,

436 2314 470 2377 in
492 2315 585 2379 cuius
610 2323 697 2379 etate
722 2324 836 2380 tenera
859 2316 957 2379 rebus
988 2315 1114 2399 asperis
1146 2313 1333 2398 experimur
1357 2313 1490 2377 celestis
1515 2312 1774 2376 conversationis
1798 2310 1957 2394 insignia,
1987 2311 2035 2373 ita
2059 2319 2097 2374 ut

436 2418 616 2503 imperialis
640 2419 790 2482 culminis
811 2405 942 2481 oblatab
973 2416 1107 2501 fastigia
1129 2416 1259 2499 fugiens
1289 2417 1373 2478 sicut
1396 2415 1527 2500 reptilia
1550 2422 1727 2492 venenata,
1760 2421 1792 2477 et
1823 2412 1910 2476 nuda
1932 2414 2098 2477 vexillum

436 2521 632 2607 triumphale
661 2523 766 2586 crucis
799 2522 978 2606 arripiens,
1013 2521 1076 2583 iam
1107 2518 1264 2605 procedat
1295 2519 1424 2583 obviam
1449 2539 1568 2603 sponso
1598 2539 1675 2597 suo,
1713 2516 1861 2581 accensis
1886 2515 2097 2600 lampadibus

347 2701 348 2704 Ἴ
435 2623 534 2688 choro
558 2645 722 2689 sacrarum
745 2624 908 2709 virgiuum
930 2623 1084 2688 comitata
1106 2627 1159 2688 ate.

544 2745 621 2809 Dat.
645 2745 786 2825 Perusii,
809 2744 875 2808 VII
897 2744 977 2808 Idus
999 2744 1096 2824 lunii,
1121 2763 1205 2806 anno
1228 2763 1325 2806 nono.

1060 3039 1471 3048 -—---———---————-—-..-.

1221 3316 1308 3388 644.

550 3425 740 3536 Gregorius
755 3454 810 3518 IX
817 3475 906 3535 papa
923 3458 1080 3536 potestati,
1102 3457 1230 3522 coasilio
1252 3460 1281 3520 et
1299 3456 1414 3536 populo
1438 3455 1616 3520 Assisiaati
1639 3456 1675 3519 dc
1692 3477 1771 3536 praec
1793 3455 1967 3520 incivitate
1989 3476 2101 3519 eorum

441 3555 648 3643 reformanda
669 3557 821 3622 mandata
841 3577 901 3622 sua
923 3560 1026 3638 mittit,
1051 3561 1151 3640 iisque
1173 3561 1318 3637 coneedit,
1340 3564 1376 3622 at
1393 3563 1573 3640 potestatem
1597 3563 1625 3622 ct
1648 3560 1729 3624 alios
1743 3559 1896 3643 officiales
1917 3558 2013 3622 libero
2036 3560 2102 3624 sibi

441 3681 546 3726 creora
567 3661 696 3740 possint.
1737 3663 1831 3738 1235,
1854 3661 1929 3724 Ian.
1954 3663 2006 3727 15.

546 3780 626 3848 Grep.
644 3780 694 3833 IX
710 3780 780 3851 Rep.
806 3781 861 3834 Vol.
886 3779 914 3844 V,
941 3784 988 3845 393
1018 3781 1080 3834 Lib.
1106 3782 1165 3848 IX,
1188 3788 1246 3836 112.
1293 3783 1420 3835 Pertrius
1441 3783 1493 3836 lias
1520 3781 1627 3835 litteras
1648 3782 1678 3834 in
1701 3781 1844 3834 editioaem
1873 3797 1952 3835 suam
1974 3782 2101 3850 intcpras
2156 3794 2182 3832 cs

441 3866 562 3935 recipere
579 3865 676 3920 noluit.
714 3866 790 3934 Quae
810 3866 840 3920 in
858 3868 1019 3936 apapraplto
1038 3869 1149 3921 librarii
1165 3885 1249 3922 manu
1267 3870 1391 3937 consecto
1409 3869 1517 3933 desunt,
1534 3867 1721 3936 supplevimus
1740 3883 1774 3921 etc
1798 3867 1925 3921 Tlccincri
1944 3868 2009 3922 Cod.
2030 3869 2100 3938 dipl.

441 3953 510 4007 dom.
530 3959 607 4021 temp.
626 3969 648 4007 s.
667 3951 723 4006 scd.
741 3958 759 4005 t.
777 3952 803 4019 I,
819 3969 847 4020 p.
866 3956 926 4018 104,
943 3969 969 4006 n.
988 3959 1043 4006 158
1060 3954 1132 4022 [Ta
1150 3955 1198 4022 qui
1216 3955 1278 4008 item
1296 3963 1331 4007 ea
1350 3956 1420 4024 ch.
1439 3956 1555 4008 lucustas
1572 3955 1681 4007 litteras
1696 3955 1854 4023 proposuit.

544 4038 681 4102 Pottliast,
700 4038 771 4110 Rep.
790 4041 873 4092 9937.

748 4272 756 4289 .
787 4273 795 4290 .
824 4219 1059 4308 potestati,
1089 4218 1279 4292 consilio
1308 4224 1349 4292 et
1375 4220 1539 4310 populo
1568 4219 1792 4292 Asisinati.

550 4364 644 4427 Inter
673 4385 767 4428 curas
796 4367 995 4453 multiplices
1026 4375 1060 4432 et
1091 4368 1309 4454 pregrandes,
1340 4389 1420 4452 quas
1450 4369 1524 4454 plus
1555 4369 1668 4446 solita,
1699 4368 1797 4431 immo
1826 4374 1936 4454 preter
1959 4366 2096 4430 solitum

444 4468 654 4546 sustinemus,
678 4488 786 4530 curam
811 4476 844 4532 et
866 4472 1087 4555 provisionem
1103 4473 1290 4558 patrimonii
1313 4472 1402 4535 beati
1416 4472 1507 4534 Petri
1530 4492 1595 4535 non
1612 4471 1773 4534 modicam
1794 4477 1995 4555 reputamus,
2020 4490 2096 4532 eum

444 4570 484 4635 ad
509 4568 767 4634 iurisdictionem
782 4578 927 4635 nostram
943 4582 1097 4638 noscatur
1113 4575 1328 4658 spiritualiter
1351 4581 1384 4638 et
1400 4576 1625 4660 temporaliter
1641 4574 1817 4658 pertinere.
1862 4573 1957 4637 Unde
1982 4580 2097 4659 posset

443 4671 539 4736 nobis
562 4692 625 4735 nan
650 4673 811 4736 immerito
836 4675 1006 4760 imputari,
1036 4678 1063 4740 si
1092 4697 1191 4762 super
1217 4676 1405 4762 provisione
1434 4678 1536 4762 ipsius
1570 4698 1717 4742 essemus
1748 4676 1850 4761 tepidi
1872 4677 1924 4740 vel
1953 4677 2097 4754 remissi,

444 4776 500 4861 qui
524 4782 714 4839 cunctorum
736 4775 882 4841 fidelium
917 4779 1172 4843 sollicitudinem
1196 4781 1340 4864 gerimus
1364 4782 1572 4866 pastoralem.
1619 4779 1701 4843 Cum
1725 4781 1812 4843 enim
1836 4802 1940 4865 nuper
1962 4779 2097 4864 quidam

444 4879 485 4944 de
517 4880 649 4944 civitate
673 4885 800 4960 vestra,
832 4883 887 4966 qui
910 4883 977 4947 dati
1000 4884 1032 4947 in
1056 4905 1188 4947 sensum
1212 4885 1387 4969 reprobum
1410 4884 1617 4947 delectantur
1640 4904 1712 4948 cum
1736 4883 1975 4962 malefecerint,
2006 4889 2041 4946 et
2064 4883 2098 4946 in
2154 4896 2181 4934 ³⁵

548 5039 643 5045 ..-
844 5040 903 5046 ώ-
908 5041 993 5046 ---.
997 5041 1075 5046 --.-
1081 5041 1222 5046 --·..-
1493 5041 1693 5047 .--.-..-.-.-.-—
1700 5043 1969 5050 ——-——-—....-—-
1978 5045 1987 5050 .

550 5141 571 5206 ¹)
589 5143 716 5193 Iohannes
733 5143 762 5192 in
779 5161 868 5209 apogr.
887 5142 987 5194 Pertaii.
1068 5141 1091 5206 l’)
1109 5143 1194 5193 oblata
1211 5143 1269 5193 edd.
1287 5145 1372 5194 obtata
1388 5144 1417 5193 ia
1434 5161 1523 5209 apogr.
1542 5143 1643 5193 Perteii.

548 5259 574 5326 1)
593 5259 671 5312 Filia
695 5258 822 5328 Ptttippi
844 5261 920 5327 repis
945 5260 1154 5314 Teutonicoram
1177 5265 1246 5313 erat.
1315 5260 1344 5326 2)
1366 5277 1392 5312 a.
1414 5264 1497 5326 1231,
1523 5261 1594 5313 Νου.
1620 5264 1654 5312 19
1682 5267 1804 5327 mortua,
1830 5278 1857 5314 a.
1884 5265 1968 5326 1235,
1995 5261 2062 5314 Ian.
2085 5268 2100 5315 1

445 5350 606 5399 sanctorum
625 5345 752 5414 catalogo
770 5345 897 5414 ascripta
915 5348 969 5411 est;
992 5345 1027 5414 cs.
1050 5345 1185 5412 Pottlrast,
1204 5345 1272 5413 Rep.
1294 5349 1373 5400 9929.
1456 5347 1483 5414 3)
1505 5345 1649 5400 Corradus
1664 5339 1758 5414 frater
1777 5346 1923 5400 Ludoaioi
1940 5346 1960 5398 1
1965 5348 1990 5396 V
2002 5346 2100 5400 mariti

444 5437 557 5485 sanctae
575 5430 722 5484 Elisabeth
740 5447 765 5484 a.
784 5436 866 5498 1231,
883 5432 955 5486 Noa.
969 5436 1004 5485 18
1024 5432 1144 5486 contulit
1162 5449 1191 5486 se
1215 5432 1305 5486 ordini
1324 5433 1421 5487 <lomus
1441 5431 1614 5486 Theutoniee
1638 5431 1668 5485 in
1691 5433 1827 5487 Marbure.
1863 5434 1935 5485 Ana.
1954 5431 2098 5501 Erptord.

444 5534 470 5570 a.
489 5519 570 5582 1234,
587 5515 638 5569 SS.
657 5518 676 5570 t.
688 5515 773 5584 XVI,
786 5533 816 5585 p.
837 5521 880 5570 30.
950 5519 979 5584 4)
997 5519 1116 5573 &actae
1135 5518 1279 5573 Elisabeth
1292 5523 1376 5588 pater
1393 5519 1521 5572 Andreas
1531 5518 1570 5570 11
1585 5535 1634 5572 rea
1652 5518 1794 5587 Unpariaa
1811 5519 1903 5586 frater
1921 5517 2101 5572 Constantine
2154 5525 2183 5563 ⁴⁰

443 5603 555 5670 rapinae
571 5601 721 5656 Baltemiae
737 5603 834 5656 matris
852 5602 967 5672 Agnetis
984 5608 1051 5658 erat.
1097 5605 1174 5660 Haec
1195 5621 1254 5659 cum
1273 5605 1442 5674 desponsata
1460 5605 1562 5673 fuisset
1579 5605 1711 5660 Heinrica
1729 5607 1796 5678 rapi,
1812 5623 1838 5660 a.
1858 5607 1931 5662 1233
1947 5604 2101 5676 assumpsit

444 5691 573 5746 habitum
591 5707 744 5763 pauperum
763 5689 946 5746 dominarum.
982 5695 1053 5748 Ana.
1072 5691 1156 5760 Prap.
1174 5693 1222 5747 SS.
1242 5698 1259 5746 t.
1278 5692 1335 5759 IX,
1348 5711 1379 5764 p.
1398 5698 1454 5749 171,
