4604 6420
992 399 1040 454 EX
1058 399 1233 455 GREGORII
1252 400 1290 454 IX
1309 400 1489 456 REGISTRO

1189 753 1276 827 456.

516 880 706 992 Gregorius
722 911 778 974 IX
796 932 883 991 palpa
896 911 1064 995 [Nicotao]
1083 912 1213 994 Rapina,
1235 911 1441 995 [Wilteelrno]
1463 909 1644 973 Mutinensi
1665 909 1814 989 ‹piscopis
1835 911 1864 970 et
1877 906 2064 991 [Gnidotto]

409 1017 500 1080 eleeto
522 1011 706 1078 Mantuano
727 1014 865 1092 inundat,
894 1017 929 1076 at
949 1014 1171 1099 [Hermanno]
1193 1014 1342 1096 niapistro
1368 1014 1604 1077 Teatmtieornnt
1625 1012 1665 1076 ab
1687 1013 1874 1091 imperatore
1894 1009 1939 1072 aet
1953 1014 2064 1090 piantes

407 1115 615 1181 Lombardiac
629 1137 693 1197 pro
709 1136 789 1196 paee
810 1115 1012 1196 retentanda
1034 1119 1218 1181 transmisso
1239 1117 1405 1200 diligenter
1426 1117 1589 1182 assistant.
1637 1111 1688 1198 (If.
1711 1133 1744 1179 n.
1767 1114 1833 1177 452
1853 1116 1883 1176 et
1902 1112 1977 1178 454.

1025 1287 1030 1299 ⁸
1700 1219 1794 1295 1231,
1817 1215 1901 1297 Sept.
1924 1217 1977 1280 27.

512 1284 594 1355 (iren.
611 1285 661 1339 IX
677 1285 746 1357 Req.
771 1287 828 1340 Vol.
846 1287 890 1350 ΙΙ,
909 1290 973 1350 129;
993 1288 1054 1342 aa,
1076 1287 1108 1352 V,
1127 1291 1188 1341 139.

512 1371 649 1436 Pontion,
667 1371 734 1440 Rea.
754 1375 836 1428 8813.

788 1623 797 1640 .
831 1623 839 1641 .
873 1568 1065 1661 Regina,
1102 1626 1111 1643 .
1146 1625 1154 1642 .
1188 1568 1434 1642 Mutinensi
1465 1567 1691 1660 episcopis

951 1694 995 1764 et
1022 1746 1030 1762 .
1060 1745 1069 1762 .
1098 1690 1243 1763 electo
1271 1689 1525 1761 Mantuano.
1592 1726 1604 1780 χ

527 1835 701 1900 Intellecta
737 1835 824 1920 quod
861 1838 1048 1901 carissimus
1086 1838 1119 1901 in
1156 1836 1287 1901 Christo
1323 1836 1410 1900 filins
1449 1843 1562 1900 noster
1597 1835 1804 1916 Fridericns,
1841 1836 2064 1899 Romanorum

413 1940 591 2024 imperator
613 1939 749 2003 illustris
774 1960 906 2023 semper
928 1946 1097 2024 augustus,
1119 1939 1301 2004 Ierusalem
1325 1945 1358 2002 et
1382 1936 1495 2003 Sicilie
1518 1960 1588 2019 rex,
1611 1960 1686 2003 cum
1708 1938 1811 2003 nobili
1833 1938 1903 2002 viro
1928 1987 1964 2004 ..
1988 1943 2064 2001 nato
2120 1963 2144 1999 lo

413 2063 471 2106 suo
496 2047 530 2107 et
552 2031 754 2128 principibus
778 2042 906 2128 imperii
929 2042 1125 2128 disponebat
1148 2044 1304 2128 generale
1321 2043 1520 2128 colloquium
1537 2042 1717 2123 celebrare,
1741 2041 1947 2105 meminimus
1970 2041 2064 2105 vobis

411 2166 472 2231 per
493 2153 621 2209 nostras
638 2146 763 2211 litteras
784 2145 997 2225 iniuncxisse,
1021 2153 1056 2211 ut
1079 2167 1152 2210 cum
1170 2146 1299 2211 dilectis
1323 2146 1398 2209 filiis
1414 2145 1596 2210 rectoribus
1613 2139 1781 2210 societatis
1795 2143 2065 2221 lumbardorum,

412 2270 493 2333 quos
516 2249 657 2313 ecclesia
671 2249 820 2314 Romana
842 2257 996 2335 tanquam
1012 2251 1096 2314 filios
1121 2250 1281 2336 speciales
1305 2249 1444 2313 intendit
1460 2249 1685 2334 multipliciter
1704 2248 1865 2313 honorare
1889 2269 1927 2312 ac
1951 2267 2064 2312 eorum

412 2351 640 2438 indempnitati
663 2351 854 2438 diligentius
877 2374 1071 2439 precavere,
1104 2374 1201 2439 super
1230 2353 1292 2417 hoc
1316 2353 1508 2437 diligentem
1542 2353 1699 2417 curaretis
1729 2351 1852 2416 habere
1879 2357 2065 2424 tractatum,

413 2477 458 2520 nc
477 2461 592 2541 posset
614 2456 751 2519 materia
774 2456 918 2520 scandali
948 2456 1087 2521 suboriri
1116 2464 1150 2521 et
1178 2457 1329 2541 impediri
1358 2456 1540 2542 proiectus,
1575 2457 1629 2540 qui
1652 2456 1823 2542 provenire
1847 2460 1998 2541 speratur
2021 2475 2064 2518 ex
2120 2477 2144 2514 rs

412 2558 574 2643 colloquio
606 2565 801 2639 memorato,
831 2560 970 2644 quodam
993 2561 1206 2646 transscripta
1236 2561 1416 2624 litterarum
1445 2561 1663 2646 imperialium
1693 2558 1735 2623 ad
1764 2580 1821 2624 vos
1852 2557 1976 2623 directo
2007 2577 2067 2643 per

412 2668 463 2741 te,
499 2661 600 2725 frater
634 2662 789 2747 episcope
823 2661 1030 2727 Mutinensis.
1088 2664 1135 2727 Ut
1169 2670 1279 2728 autem
1314 2662 1527 2727 dubitationis
1565 2663 1735 2748 scrupulus
1770 2661 1810 2725 de
1846 2660 2066 2725 vacillantium

413 2762 564 2828 cordibus
588 2764 705 2827 melius
736 2763 917 2843 auferatur,
949 2766 1086 2852 probate
1110 2766 1186 2830 fidei
1209 2766 1329 2844 virum,
1363 2765 1518 2829 dilectum
1547 2764 1648 2828 filium
1673 2815 1681 2829 .
1705 2813 1712 2828 .
1737 2765 1929 2849 magistrum
1951 2763 2067 2828 domus

412 2866 586 2950 hospitalis
610 2872 722 2930 sancte
746 2867 850 2931 Maria
874 2867 1171 2948 Theutonicorum,
1204 2869 1296 2932 euius
1319 2867 1623 2953 circumspectionis
1648 2865 1808 2930 industria
1830 2864 1938 2931 reddit
1960 2866 2067 2952 ipsum

413 2969 531 3034 merito
566 2969 762 3053 gratiosum,
797 2970 838 3034 ad
872 2978 983 3056 partes
1015 2970 1213 3035 Lombardie
1242 2972 1419 3056 imperator
1454 2970 1525 3056 ipse
1561 2969 1770 3051 transmittit,
1804 2990 1864 3055 per
1896 2991 1993 3054 quem
2027 2990 2067 3033 ea
2119 2991 2131 3029 a

412 3072 546 3135 tractari
576 3092 763 3158 speramus,
795 3093 858 3158 qne
889 3074 929 3137 ad
961 3075 1052 3160 pacis
1082 3074 1248 3161 pertinent
1272 3073 1522 3136 firmamentum.
1567 3072 1714 3158 Ideoque
1737 3073 1934 3137 fraternitati
1957 3078 2066 3137 vestre

413 3196 473 3260 per
494 3175 676 3260 apostolica
698 3175 821 3261 scripta
843 3177 1044 3256 mandamus,
1068 3178 1220 3262 quatinus
1244 3177 1278 3240 in
1301 3178 1383 3256 hiis,
1407 3198 1470 3261 que
1493 3176 1579 3240 idem
1602 3176 1760 3261 magister
1783 3197 1825 3240 ex
1847 3180 1939 3262 parte
1963 3175 2066 3260 ipsius

344 3264 346 3268 ¹
413 3278 619 3362 imperatoris
643 3279 825 3343 rectoribus
848 3279 983 3365 prefatis
1008 3287 1168 3366 exponet,
1193 3280 1254 3343 sibi
1278 3281 1388 3344 taliter
1409 3280 1591 3358 assistatis,
1616 3279 1702 3364 quod
1725 3300 1784 3365 per
1807 3280 1878 3344 eius
1902 3284 1936 3343 et
1958 3283 2066 3343 vestre

413 3379 621 3451 discretionis
645 3381 803 3460 studium,
840 3383 926 3467 quod
956 3383 996 3448 de
1027 3384 1190 3468 colloquio
1220 3383 1416 3470 premissum
1440 3389 1506 3462 est,
1540 3384 1580 3447 ad
1604 3384 1761 3448 honorem
1783 3383 1849 3448 Dei
1871 3391 1905 3448 et
1927 3383 2068 3449 ecclesie

412 3505 450 3547 ae
473 3484 679 3569 imperatoris
702 3485 859 3567 eiusdem,
882 3507 1009 3551 necnon
1025 3508 1141 3572 pacem
1163 3493 1196 3552 ct
1219 3488 1489 3572 tranquillitatem
1505 3487 1673 3572 provincie
1689 3486 1896 3567 Lombardie,
1919 3485 2065 3551 debltam
2119 3505 2145 3544 aa

413 3592 633 3671 consequatur
655 3588 818 3654 effectum.
864 3588 1030 3668 Ceterum,
1054 3596 1090 3653 ut
1114 3590 1240 3674 liqueat
1263 3590 1367 3670 vobis,
1392 3590 1533 3673 qualiter
1555 3589 1661 3654 eidem
1684 3589 1873 3676 imperatori
1896 3589 2066 3674 scripseri-

413 3711 485 3754 mus
511 3691 544 3754 in
572 3691 633 3754 hac
665 3697 772 3777 parte,
808 3693 1057 3778 transscriptum
1086 3693 1269 3757 litterarum
1301 3699 1484 3757 nostrarum
1513 3714 1591 3759 ecce
1620 3693 1713 3757 vobis
1743 3692 1804 3756 sub
1835 3692 1927 3756 bulla
1954 3697 2067 3757 nostra

413 3792 565 3858 duximus
587 3795 884 3860 transmittendum.

522 3912 611 3978 Data
633 3920 669 3978 ut
692 3936 800 4000 supra.

1042 4007 1452 4014 ---.-—..-—-—.-.....

1194 4318 1282 4390 457.

520 4442 711 4551 &reportas
737 4470 793 4536 IX
816 4493 904 4552 papa
933 4474 1102 4538 rectoribus
1130 4474 1287 4538 societatis
1316 4475 1523 4537 Mareliardioe
1555 4475 1697 4552 enuntiat,
1725 4475 1941 4554 invpaatorem
1967 4473 2068 4558 [Hor-
2120 4502 2148 4540 m

416 4574 585 4656 lanternam]
606 4573 790 4654 ompistram
808 4575 1043 4640 Tentonieorani
1065 4575 1109 4638 ad
1131 4597 1181 4640 eos
1196 4597 1259 4656 pro
1276 4597 1354 4656 paee
1372 4577 1578 4656 referamnda
1593 4577 1814 4656 transmisisse,
1837 4597 1946 4658 eosque
1959 4580 2069 4654 monet,

414 4680 450 4739 at
470 4677 538 4740 eins
560 4675 662 4740 nabis
682 4676 858 4745 intendant.
906 4679 958 4762 Of.
981 4699 1013 4742 n.
1036 4679 1099 4740 455
1122 4683 1152 4742 et
1172 4679 1245 4744 456.
1704 4683 1798 4759 1231,
1821 4680 1905 4760 Sept.
1928 4683 1981 4744 27.

519 4810 602 4880 arey.
621 4811 671 4864 rx
687 4810 756 4883 neq.
781 4813 836 4868 ve.
855 4815 899 4880 u,
918 4818 985 4881 aa
1003 4814 1065 4869 aaa.
1090 4815 1119 4879 v,
1138 4819 1197 4872 no

517 4898 652 4962 Poenae,
671 4897 742 4970 aa.
761 4903 841 4955 ssa.

827 5094 1099 5170 Rectoribus
1126 5096 1355 5170 societatis
1381 5097 1654 5171 Lombardie.
2119 5127 2146 5166 a

521 5241 695 5310 Intellecta
713 5252 774 5311 etc.
791 5265 912 5330 usqne:
937 5245 1116 5326 celebrare,
1139 5246 1346 5310 meminimus
1365 5245 1497 5311 dedisse
1514 5245 1607 5310 vobis
1624 5266 1683 5330 per
1698 5245 1828 5309 litteras
1844 5245 1877 5308 in
1895 5246 2068 5324 mandatis,

414 5352 451 5409 nt
481 5347 714 5411 convenientes
748 5347 781 5411 in
815 5368 916 5412 unum
948 5348 1075 5427 locum,
1111 5348 1288 5434 diligenter
1320 5349 1442 5413 auditis
1476 5370 1539 5433 qne
1573 5348 1780 5412 venerabiles
1812 5349 1931 5414 fratres
1964 5350 2068 5413 nostri

415 5499 423 5516 .
448 5497 456 5513 .
479 5448 643 5534 Reginus,
671 5498 679 5513 .
707 5450 935 5514 .Mutinensis
955 5457 992 5515 et
1023 5499 1030 5515 .
1055 5499 1062 5515 .
1086 5451 1271 5517 Brixiensis
1295 5452 1444 5539 episcopi
1468 5473 1505 5515 ac
1528 5450 1666 5515 dilectus
1690 5451 1776 5515 tilius
1805 5500 1813 5516 .
1838 5500 1846 5514 .
1869 5451 2067 5516 Mantuanus

414 5553 539 5618 electus
563 5554 616 5617 vel
647 5575 760 5619 eorum
790 5553 854 5616 duo
876 5553 969 5617 vobis
999 5576 1043 5619 ex
1071 5562 1165 5642 parte
1195 5561 1309 5620 nostra
1338 5560 1577 5641 proponerent,
1610 5555 1677 5618 tale
1708 5553 1829 5618 daretis
1862 5555 1910 5618 eis
1939 5561 2067 5619 matura

414 5655 543 5721 consilii
576 5654 814 5721 deliberatione
849 5677 1059 5743 responsum,
1095 5681 1158 5747 quo
1190 5659 1265 5747 paci
1296 5664 1406 5723 vestre
1441 5665 1555 5744 posset
1589 5657 1762 5728 salubriter
1794 5658 1970 5744 provideri.
2022 5658 2068 5723 Ut
2119 5685 2146 5724 a
