4604 6420
806 387 1006 444 EPIS'POLAE
1024 389 1213 446 SELECTAE.
1252 393 1327 447 1230.
1829 405 1888 465 341

239 555 357 621 reddas
381 577 423 622 ex
446 556 508 622 hoc
532 559 720 643 specialiter
735 560 909 646 obligatos.
948 560 1031 635 Qui·
1054 564 1082 627 si
1105 585 1211 646 secus,
1234 564 1321 650 quod
1342 566 1502 632 Dominus
1519 574 1655 651 avertat,
1671 591 1800 654 ageres,
1824 592 1890 636 non

237 681 409 745 possemus
433 682 492 726 nos
516 683 581 726 non
604 670 756 749 reputare
784 663 956 744 confusos,
987 665 1150 750 quianon
1179 667 1351 750 deessent,
1381 672 1435 755 qui
1468 671 1562 736 nobis
1590 671 1760 754 fiduciam,
1792 696 1888 759 quam

237 762 278 826 de
300 770 334 827 te
358 765 578 850 concepimus,
601 767 798 832 mordaciter
820 768 1067 853 exprobrarent.

344 884 420 949 Dat.
444 884 606 970 Anagnis,
630 886 678 954 Id.
703 887 820 952 Octob.
844 887 1057 973 pontificatus
1080 889 1185 954 nostri
1206 911 1291 955 anno
1315 891 1373 958 IV.

855 1133 1264 1141 ——-—..——..—-———..

1024 1356 1112 1431 dib.

171 1527 183 1564 s
344 1468 534 1578 Gregorius
556 1493 612 1558 IX
626 1512 718 1574 popo
739 1494 904 1560 Frriierico
926 1495 1141 1562 Roororrorom
1162 1499 1346 1580 imperatori
1367 1502 1504 1581 nuntiat,
1526 1501 1563 1565 io
1585 1502 1706 1581 litteris,
1728 1523 1808 1584 quos
1828 1503 1890 1569 sibi

232 1624 292 1685 pro
311 1599 511 1684 fideiusmris
527 1597 730 1678 principibus
745 1617 807 1677 per
831 1598 872 1666 G..
896 1599 1029 1665 iudicem
1051 1599 1240 1682 Pupiensem
1261 1603 1478 1682 destinaverit,
1508 1605 1660 1686 quaedum
1682 1606 1795 1670 omisso
1817 1626 1889 1684 esse,

232 1709 360 1788 propter
387 1702 470 1785 qrrod
494 1701 570 1765 illas
595 1719 659 1764 noo
682 1699 904 1779 publicaverit,
934 1706 964 1766 ot
991 1723 1071 1784 quoe
1101 1704 1245 1769 odderda
1274 1707 1322 1771 oet
1342 1707 1541 1773 immutanda
1569 1707 1648 1786 siut,
1670 1709 1891 1789 praesentibus

232 1809 404 1874 intercluso
425 1805 455 1870 ei
475 1803 603 1885 dirigat.
636 1801 748 1867 Monet
768 1823 846 1881 eum,
868 1806 904 1866 ut
924 1805 1081 1882 nuntiam,
1104 1806 1159 1886 qrri
1180 1825 1272 1871 saum
1293 1808 1456 1874 declinans
1477 1814 1633 1890 aspectura
1655 1811 1691 1874 irc
1707 1811 1891 1875 Teutonicos

228 1911 388 1993 profectos
409 1908 459 1985 sit,
481 1907 621 1971 celeriter
642 1911 766 1971 reuocet.
1557 1917 1651 1993 1230,
1674 1913 1749 1982 Dec.
1771 1919 1803 1982 3.

160 2041 184 2079 ro
340 2028 421 2098 Grec.
439 2027 489 2080 IX
505 2026 573 2096 Περ.
598 2025 654 2080 Vol.
674 2028 715 2094 II,
735 2029 787 2092 385
805 2025 867 2082 Lib.
886 2029 936 2092 11⁷,
957 2030 1000 2083 76.

338 2116 475 2180 Pottbaet,
493 2113 562 2183 Rea.
583 2115 669 2167 8633.

325 2306 568 2394 Friderico,
595 2304 763 2379 illustri
789 2305 1089 2380 Romanorum
1116 2307 1374 2399 imperatori
1401 2329 1578 2400 semper
1604 2314 1794 2404 augusto

888 2432 930 2502 et
955 2427 1046 2520 regi
1072 2427 1239 2502 Sicilie.

341 2579 507 2644 Dilectum
529 2575 632 2639 filium
656 2574 695 2642 G.
720 2575 861 2642 iudicem
883 2576 1097 2663 Papiensem,
1119 2576 1268 2640 nuntium
1291 2581 1399 2657 tuum,
1423 2598 1496 2642 cum
1519 2578 1639 2643 litteris
1662 2578 1886 2664 imperialibus

170 2712 182 2746 o
235 2685 277 2750 ad
305 2682 417 2749 sedem
447 2680 660 2766 apostolicam
692 2681 904 2745 accedentem
938 2680 1035 2745 solita
1063 2679 1266 2764 benignitate
1295 2681 1493 2766 recepimus,
1528 2686 1562 2744 et
1592 2687 1659 2745 tam
1687 2681 1762 2747 viva
1792 2701 1888 2767 quam

234 2787 370 2853 litterali
393 2805 474 2850 voce
497 2782 592 2847 nobis
616 2804 659 2846 ex
682 2789 738 2847 tna
760 2791 853 2869 parte
877 2784 1047 2870 proposita
1069 2778 1294 2847 intelleximus
1326 2781 1512 2868 diligenter.
1559 2782 1712 2848 Ceterum
1740 2785 1887 2870 inspecto

233 2893 416 2957 litteramm
439 2893 568 2966 tenore,
592 2906 671 2969 quas
703 2907 761 2972 pro
789 2886 993 2952 fideiussuris
1026 2885 1227 2972 principibus
1259 2894 1293 2951 ct
1322 2886 1396 2951 aliis
1419 2885 1625 2966 destinabas,
1649 2887 1726 2971 quia
1748 2886 1888 2973 quedam

235 2996 303 3060 sive
326 3014 386 3079 per
408 2988 643 3075 negligentiam
667 2989 737 3052 sive
759 3010 820 3075 per
835 2990 1086 3076 occupationem
1109 2989 1143 3053 in
1165 2989 1214 3053 eis
1235 2995 1328 3052 erant
1344 2989 1475 3070 omissa,
1499 3011 1600 3075 qnare
1616 2988 1721 3055 videri
1736 2997 1890 3076 poterant

234 3095 444 3183 imperfecte,
476 3092 564 3179 ipsas
591 3112 657 3155 non
685 3089 837 3156 duximus
867 3091 1098 3178 publicandas,
1130 3113 1171 3156 ne
1200 3092 1284 3156 forte
1313 3099 1427 3156 contra
1457 3113 1518 3157 nos
1546 3092 1670 3178 pariter
1692 3100 1725 3156 et
1752 3092 1890 3158 forsitan

236 3205 348 3265 contra
377 3203 409 3262 tc
442 3195 581 3280 amplius
609 3195 792 3258 sineremus
822 3195 1061 3264 detractoribus
1095 3194 1265 3259 materiam
1292 3193 1528 3275 murmurandi,
1564 3196 1657 3281 quasi
1688 3194 1748 3259 tibi
1777 3201 1890 3261 contra

234 3303 370 3367 formam
397 3301 535 3364 iuratam
564 3305 597 3362 et
627 3298 783 3384 scriptam
812 3298 853 3364 de
884 3298 1023 3383 quadarn
1058 3299 1150 3384 qnasi
1186 3304 1338 3384 suspecta
1371 3299 1478 3383 gratia
1513 3296 1731 3371 deferremus;
1763 3304 1814 3362 set
1848 3295 1890 3361 ad

235 3405 444 3469 collationem
467 3402 650 3466 litterarum
674 3401 817 3486 ipsarum
840 3408 874 3466 et
896 3400 1098 3487 quorundam
1121 3401 1260 3465 aliomm
1289 3401 1483 3486 scriptorum
1507 3400 1731 3465 venerabilem
1755 3400 1889 3464 fratrem

235 3513 413 3572 nostrum.
439 3556 447 3572 .
470 3504 660 3591 Capuanum
695 3503 1016 3590 archiepiscopum¹,
1053 3504 1109 3589 qni
1144 3511 1177 3568 ot
1211 3510 1323 3568 nostre
1355 3503 1547 3567 intentionis
1583 3502 1737 3566 affectum
1766 3508 1800 3566 et
1831 3521 1889 3566 sue

235 3611 390 3676 iudicium
420 3607 555 3672 rationis
581 3605 723 3672 fideliter
751 3607 848 3692 plene
877 3628 915 3671 ac
945 3608 1043 3694 plane
1072 3608 1132 3672 tibi
1162 3607 1246 3672 sicot
1268 3606 1460 3670 confidimus
1484 3605 1663 3684 intimabit,
1694 3603 1891 3669 fiducialiter

158 3741 182 3777 o
235 3712 456 3790 admittentes,
480 3730 543 3794 quc
566 3708 716 3774 addenda
731 3711 785 3774 vel
807 3708 1008 3774 immutanda
1023 3710 1266 3796 conspeximus,
1289 3708 1351 3773 tibi
1367 3707 1576 3794 presentibus
1593 3706 1762 3791 dirigimus
1786 3707 1889 3772 inter-

236 3817 338 3894 clusa,
362 3813 573 3879 serenitatem
597 3818 685 3876 tuam
708 3812 889 3878 affectuose
913 3819 1069 3898 rogantes
1093 3819 1126 3877 ct
1149 3819 1320 3878 monentes
1337 3818 1472 3892 attente,
1495 3811 1647 3895 quatinus
1665 3810 1887 3874 sinceritatem

235 3925 380 3983 nostram
403 3917 473 3981 sinc
496 3914 628 3980 fictione
652 3914 762 3999 aliqua
783 3914 960 4001 diligenter
981 3915 1175 3996 attendens,
1208 3937 1248 3981 ca
1279 3937 1392 3980 secure
1421 3916 1491 3980 sine
1522 3912 1725 3979 dubitatione
1756 3912 1888 3978 studeas

235 4021 425 4108 adimplere,
448 4019 492 4082 nil
516 4017 646 4103 penitus
670 4018 840 4104 suspicans
856 4019 949 4104 quasi
973 4025 1005 4084 tc
1029 4020 1063 4084 in
1085 4020 1195 4105 aliquo
1221 4019 1455 4084 circumvenire
1472 4007 1620 4097 volimus,
1645 4036 1718 4080 cnm
1741 4015 1805 4081 iam
1828 4036 1889 4101 per

235 4125 300 4190 Dei
322 4123 462 4209 gratiam
485 4121 635 4186 omnibus
659 4122 836 4202 serenatis,
867 4122 1035 4209 cupiamus
1060 4129 1096 4187 ut
1124 4123 1233 4188 omnia
1259 4123 1292 4186 in
1320 4123 1393 4187 luce
1417 4120 1610 4208 procedant,
1641 4119 1731 4184 nullo
1755 4138 1889 4203 prorsus

158 4255 183 4293 so
235 4230 308 4293 loco
337 4225 554 4292 versutiarum
589 4222 735 4287 tenebris
769 4223 942 4304 derelicto,
976 4226 1126 4290 obtantcs
1161 4231 1197 4289 ut
1237 4224 1278 4288 ad
1308 4234 1419 4289 votum
1459 4231 1551 4287 tuum
1592 4223 1700 4287 omnio
1733 4242 1889 4308 prospere

236 4332 425 4416 dirigantur.
470 4328 594 4393 Vemm
625 4325 721 4391 valde
755 4326 916 4392 credimus
947 4328 1123 4415 expedire,
1150 4334 1187 4392 ut
1208 4328 1341 4392 nuntius
1366 4327 1421 4391 ille
1445 4333 1535 4406 tuns,
1558 4326 1614 4412 qui
1637 4326 1801 4391 nescimus
1825 4346 1888 4410 quo

235 4436 351 4522 spiritu
372 4439 520 4498 nostrum
542 4430 709 4495 declinans
732 4437 902 4516 aspectum
925 4432 960 4496 in
974 4431 1170 4498 Teutoniam
1193 4438 1245 4496 est
1267 4429 1444 4518 profectus,
1467 4431 1619 4496 celeriter
1642 4435 1824 4509 revocetur,
1848 4449 1889 4492 ne

236 4544 350 4602 eontra
373 4538 511 4601 formam
531 4533 745 4620 prescriptam
769 4535 937 4618 contingat
960 4535 1145 4632 cautionem
1168 4555 1188 4598 a
1210 4533 1412 4619 principibus
1436 4533 1596 4599 exhiberi.

344 4657 421 4723 Dat.
445 4657 597 4720 Lateran.
621 4653 672 4716 ΙΙΙ
696 4653 780 4718 Non.
804 4654 977 4720 Deccmbr.
1000 4655 1208 4741 pontificatus
1231 4655 1334 4720 nostri
1357 4675 1442 4718 anno
1466 4661 1591 4739 quarto.

858 4899 1266 4908 ——-..-—.-——-.--...-———-

1018 5122 1105 5196 4b3.

159 5306 184 5343 n
346 5239 537 5348 Graecas
551 5263 606 5330 IX
621 5286 709 5346 popo
725 5263 889 5329 Friderico
904 5260 1118 5325 nolanorum
1134 5261 1316 5340 irrrperotori
1329 5261 1465 5340 expromt,
1488 5280 1549 5340 prro
1572 5257 1610 5322 dc
1632 5276 1727 5321 causo
1745 5255 1892 5336 petitioni

236 5375 306 5438 eires
327 5392 422 5452 super
443 5369 567 5433 iuribus
597 5370 722 5450 impedi
752 5369 787 5430 io
811 5367 981 5432 Provincia
1008 5371 1036 5428 ct
1067 5365 1161 5429 terris
1188 5363 1344 5427 haeretico
1368 5365 1528 5443 pravitate
1556 5361 1681 5442 insectis
1701 5359 1745 5424 od
1773 5363 1892 5440 ternpus

343 5663 365 5728 ¹)
383 5681 419 5714 an
437 5663 521 5726 Quia?
1055 5657 1080 5724 1)
1098 5653 1237 5709 Iacobum.
