4604 6420
784 409 983 464 EPISTOLAE
1001 409 1190 465 subucula.
1227 412 1302 466 1232.
1808 418 1870 481 385

217 581 369 646 molestia
391 603 456 645 non
479 581 643 647 desistunt
665 591 699 646 et
722 583 778 647 alii
801 583 925 667 regalia
952 582 1024 646 iura
1046 583 1238 663 defendunt,
1266 586 1299 648 in
1321 585 1525 650 Christianos
1550 609 1663 651 manus
1685 587 1871 651 Christiana

217 685 411 760 reflectitur,
441 707 504 770 que
527 686 560 750 in
584 686 706 750 Christi
731 686 908 750 blasfemos
932 686 1026 750 bellis
1056 708 1121 750 non
1149 687 1286 772 fatigata
1317 688 1467 752 civilibus
1491 688 1629 754 deberet
1658 689 1806 768 extendi,
1838 698 1872 755 et

218 794 366 873 sumptus
401 787 434 853 in
467 789 688 855 subiectorum
723 789 931 877 dispendium
966 797 1220 870 convertuntur,
1257 792 1289 855 in
1323 791 1499 878 dampnum
1534 794 1677 858 hostium
1712 793 1870 881 deputati,

218 890 320 954 Porro
343 890 376 954 in
400 892 519 956 talibus
544 894 623 957 satis
647 900 698 958 est
721 892 821 959 dubia
845 914 929 971 sors,
958 894 1054 957 nimis
1088 901 1259 980 suspectus
1283 901 1437 974 eventus,
1466 917 1540 959 cum
1569 903 1683 962 exorte
1706 897 1870 964 discordie

153 1014 164 1049 r
219 991 372 1057 scandalo
389 994 538 1060 hostibus
563 997 672 1081 inique
697 995 948 1060 machinationis
972 996 1069 1059 ianua
1089 1003 1201 1082 pateat
1224 1003 1258 1060 et
1280 998 1400 1062 nostris
1417 999 1469 1061 via
1491 998 1628 1063 subsidii
1651 1001 1884 1086 precludatur.·

217 1096 341 1160 Verum
372 1119 445 1161 eum
478 1105 554 1163 ante
588 1101 779 1184 languorem
810 1097 1016 1185 preparanda
1050 1099 1093 1162 sit
1127 1098 1303 1178 medicina,
1340 1099 1538 1166 deferenda⁸
1567 1124 1631 1166 non
1667 1102 1810 1168 ereditur
1837 1104 1870 1168 in

165 1225 168 1232 ⁴
216 1201 383 1283 languore.
444 1200 540 1266 Unde
570 1203 647 1266 mali
676 1202 836 1288 principio
869 1203 969 1266 celeri
1001 1202 1151 1266 uolentes
1185 1201 1329 1267 remedio
1360 1203 1545 1284 subveniri,
1578 1226 1619 1270 ne
1649 1227 1726 1271 eure
1757 1205 1870 1272 dilatio

217 1303 395 1367 curationis
434 1304 550 1390 perdat
587 1305 761 1382 effectum,
796 1304 1003 1369 universitati
1037 1311 1147 1369 vestre
1183 1327 1243 1391 per
1280 1300 1466 1391 apostoliea¹
1499 1307 1621 1393 scripta
1658 1309 1870 1394 precipiendo

218 1406 420 1487 mandamus,
445 1409 608 1493 quatinus,
633 1410 717 1474 sieut
732 1408 876 1473 divinam
892 1415 926 1474 et
940 1415 1084 1472 nostram
1101 1409 1240 1492 gratiam
1259 1430 1366 1473 earam
1383 1409 1523 1491 habetis,
1547 1408 1588 1474 ad
1604 1411 1871 1477 reformationem

141 1527 166 1564 1⁰
219 1511 313 1596 regni
348 1510 487 1598 predicti
520 1513 701 1579 venerabili
736 1512 828 1577 fratri
857 1519 970 1576 nostro
1002 1560 1010 1575 .
1041 1560 1048 1574 .
1076 1511 1262 1597 patriarche
1292 1511 1535 1593 Antiocheno¹,
1569 1515 1749 1599 apostolice
1781 1514 1870 1580 sedis

218 1617 343 1700 legato,
375 1614 554 1701 prudenter
581 1623 615 1682 et
643 1617 781 1681 viriliter
810 1615 1018 1694 assistentes,
1053 1615 1116 1679 hiis
1139 1616 1194 1699 qui
1227 1614 1346 1700 prefati
1375 1615 1581 1701 imperatoris
1610 1617 1767 1682 iustitiam
1794 1639 1870 1703 pro-

219 1723 409 1802 sequuntur,
432 1719 629 1804 impendatis
653 1725 687 1784 et
709 1719 881 1784 eonsilium
905 1725 938 1782 et
960 1718 1120 1782 auxilium
1143 1723 1338 1804 oportunum
1363 1717 1417 1782 etb
1442 1738 1576 1804 operam
1599 1718 1778 1785 efficacem.

326 1837 414 1902 Data
435 1843 472 1902 ut
494 1860 602 1925 supra.

327 1958 367 2023 In
389 1958 528 2024 cundem
551 1958 682 2024 modum
706 1960 861 2046 seriptum
885 1965 966 2024 est.
992 2011 999 2024 .
1022 1959 1177 2043 magistro
1201 1965 1235 2024 et
1257 1956 1411 2022 fratribus
1435 1957 1551 2024 militie
1575 1957 1715 2045 Templi.

142 2081 166 2118 u
326 2061 365 2125 ln
389 2061 529 2127 eundem
552 2061 684 2127 modum
708 2065 939 2150 scriptumest
968 2112 976 2127 .
1000 2114 1008 2129 .
1031 2062 1209 2148 magistro²
1239 2071 1273 2125 et
1302 2061 1457 2125 fratribus
1488 2060 1603 2125 domus
1631 2070 1743 2128 sancte
1767 2063 1870 2127 Marie

219 2165 475 2230 Teutonicerum
497 2165 770 2231 Ierosolimitane.

327 2269 365 2332 In
400 2267 540 2334 eundem
575 2269 706 2333 modum
744 2271 900 2356 seriptum
934 2276 986 2334 cst
1020 2269 1182 2334 universis
1217 2268 1431 2333 ecclesiarum
1466 2267 1602 2353 prelatis
1639 2290 1699 2354 per
1733 2290 1869 2353 regnum

219 2371 518 2438 Ierosolimitanum
541 2373 737 2439 constitutis.

841 2497 1251 2506 m...

1002 2722 1091 2795 478.

328 2836 518 2943 Greporios
540 2861 596 2926 IX
618 2881 706 2941 pape
730 2860 887 2940 praetatis
914 2861 1003 2943 rapui
1024 2860 1304 2942 Hierosolporttant
1326 2859 1467 2938 raosidut,
1496 2865 1531 2924 ut
1552 2859 1753 2944 [Albertum]
1772 2861 1873 2941 patri-

142 2982 169 3021 20
220 2966 347 3031 erebum
370 2965 599 3032 Antiochenam
615 2985 678 3044 pro
698 2962 921 3048 reformaticrw
939 2963 1030 3044 psas
1051 2963 1095 3027 ad
1115 2963 1455 3056 ropaunruooccdantem
1477 2963 1607 3046 benipnc
1628 2963 1792 3043 reciprocat.

323 3137 404 3207 arsy.
423 3137 472 3190 rx
489 3136 558 3205 aeq.
577 3133 638 3188 aa.
662 3133 711 3200 rr,
729 3137 771 3188 ⁵4.
1529 3067 1622 3144 1232,
1645 3065 1711 3132 lat.
1732 3071 1784 3132 29.

566 3330 934 3422 Archiepiscopis
962 3336 1003 3404 ct
1029 3329 1270 3422 episcopia,
1300 3329 1526 3419 abatibuS,

383 3453 608 3545 prioribus
645 3456 686 3526 et
723 3451 827 3526 aliis
864 3451 1153 3525 ecclesiarum
1189 3450 1375 3544 prelatis
1411 3472 1487 3542 per
1521 3470 1705 3542 regnum

693 3570 1100 3644 Ierosolimitanum
1132 3571 1401 3645 constitutis.

328 3723 409 3788 Cum
439 3721 661 3788 venerabilem
688 3722 824 3786 fratrem
855 3726 1003 3785 nostrum
1027 3770 1035 3785 .
1061 3767 1068 3783 .
1092 3721 1311 3807 patriarcham
1333 3718 1653 3785 Ierosolimitanum⁸
1682 3737 1741 3803 pro
1768 3715 1872 3800 ipsius

221 3836 306 3893 terre
339 3827 481 3912 negotiis
516 3831 549 3889 et
581 3825 654 3889 aliis
689 3845 761 3888 oum
793 3824 987 3910 quibusdam
1017 3823 1172 3888 fratribus
1204 3824 1333 3910 Templi
1367 3829 1400 3888 et
1434 3822 1618 3909 Hospitalis
1653 3822 1694 3886 ad
1728 3827 1872 3885 nostram

222 3931 420 4016 presentiam
438 3929 627 3993 duxerimus
643 3926 878 4004 advocandum,
901 3949 961 4014 per
983 3929 1164 4014 apostolica
1178 3929 1273 3992 vohis
1297 3928 1418 4013 scripta
1433 3926 1645 4014 precipiendo
1669 3926 1872 4004 mandamus,

222 4034 374 4119 quatinus
396 4033 620 4098 venerabilem
647 4030 780 4094 fratrem
810 4037 958 4094 nostrum
982 4078 990 4093 .
1014 4079 1021 4094 .
1045 4030 1265 4116 patriarcham
1287 4029 1546 4110 Antiochenum,
1575 4030 1755 4115 apostolice
1785 4028 1873 4093 sedis

145 4155 171 4194 ³⁰
222 4141 381 4221 legatum,
409 4134 450 4199 cd
477 4155 614 4220 regnum
643 4132 750 4218 ipsum
782 4154 840 4218 pro
864 4134 1094 4199 reformatione
1125 4134 1215 4220 pacis
1245 4135 1277 4197 in
1307 4133 1442 4197 suborta
1464 4131 1628 4196 discordia
1650 4132 1873 4208 accedentem,

222 4241 364 4324 benigne
388 4239 554 4325 recipiatis
579 4246 613 4303 et
635 4236 775 4302 honeste
800 4238 965 4319 tractetis,
988 4237 1036 4303 ita
1058 4237 1144 4324 quod
1167 4237 1375 4303 devotionem
1398 4243 1541 4302 vestram
1564 4236 1729 4324 possimus
1753 4234 1872 4301 exinde

223 4345 340 4409 merito
364 4342 602 4408 commendare.

330 4462 417 4529 Data
439 4464 555 4546 Reate,
579 4465 628 4530 IV
650 4462 818 4529 Kalendas
840 4461 993 4547 Augusti,
1015 4482 1101 4527 anno
1124 4469 1228 4528 sexto.
1351 4479 1354 4482 ·

1002 4912 1090 4985 479.

332 5028 523 5138 Gran-tus
545 5057 601 5122 rx
614 5077 705 5136 papa
726 5055 892 5140 [armo]
916 5053 1122 5136 patrarant
1145 5052 1338 5116 Antinum
1359 5050 1510 5127 camec,
1541 5051 1577 5112 a
1601 5047 1877 5112 exetasmos

147 5183 172 5222 aa
223 5166 253 5226 ct
269 5161 453 5243 percprr'aos
473 5162 543 5239 post
565 5158 732 5224 torminum
753 5158 795 5222 iis
816 5157 994 5222 iniunctam
1014 5155 1171 5220 absolvere
1193 5155 1305 5219 calcat.
1531 5153 1626 5226 1232,
1649 5149 1714 5215 Iul.
1737 5151 1790 5212 29.

327 5277 409 5346 Grep.
427 5277 477 5330 IX
493 5276 563 5346 Ray.
581 5276 643 5331 Lib.
661 5274 716 5342 IV,
734 5279 779 5331 55.

1036 5434 1246 5443 -—...-.-—·--

330 5556 352 5622 ¹)
370 5557 387 5607 ι’.
405 5573 427 5608 e.
444 5557 592 5610 differenda.
674 5555 698 5621 a)
715 5563 742 5607 ct
759 5554 827 5606 deest
844 5555 872 5606 ia
890 5554 922 5605 B.

329 5688 494 5758 1)Alberto.
563 5689 591 5757 2)
610 5687 777 5743 umnam.
847 5687 875 5756 3)
894 5685 1049 5741 Gerotdum.

328 5789 391 5843 th.
408 5789 490 5840 Porr.
508 5787 527 5841 1.
