4494 6426
727 351 926 407 EPISTOLAE
944 351 1132 408 SELECTAE.
1168 351 1244 406 1221.
1753 359 1813 422 129

160 524 330 604 voluntati,
362 545 403 588 nc
426 524 588 610 promotio
612 531 668 589 tue
693 525 914 608 sublimitatis,
939 525 980 591 ad
1003 547 1099 612 quam
1122 525 1348 612 aspirabamus
1372 547 1414 591 ex
1436 528 1555 609 animo,
1583 537 1696 616 posset
1719 530 1812 597 nobis

161 626 256 691 aliter
282 627 480 692 facientibus
509 627 677 694 retardari.
734 629 947 695 Postmodum
974 650 1053 694 vero
1089 636 1122 694 tc
1157 651 1231 696 cum
1265 631 1422 696 instantia
1452 634 1655 719 postulante,
1689 642 1726 700 ut
1754 658 1812 701 ex·

159 731 472 796 communicaremus
497 737 529 796 te
554 739 587 796 et
611 733 854 817 crucesignatos
878 732 1063 798 'lheutonie
1086 733 1273 810 universos,
1307 734 1369 798 uisi
1398 756 1464 799 uua
1492 757 1565 800 cum
1589 738 1653 802 illis
1676 740 1710 803 in
1734 741 1811 805 sub-

158 833 276 899 sidium
300 834 401 899 'l'erre
426 833 545 899 Sancte
569 836 728 900 transires
756 835 841 899 infra
871 857 945 900 eum
977 857 1074 920 quem
1101 839 1173 924 ipse
1203 838 1263 902 tibi
1286 839 1460 903 terminum
1482 841 1661 927 prefixisti,
1693 844 1727 907 in
1749 844 1811 909 hoc

158 960 286 1025 quoque
310 939 472 1023 gessimus
496 939 556 1004 tibi
579 960 719 1008 morem:
750 939 806 1003 sed
835 940 963 1024 quoties
991 940 1098 1024 ipsum
1122 942 1291 1026 prorogari
1319 943 1493 1006 terminum
1516 946 1749 1030 postulaveris,
1779 955 1812 1012 et

157 1045 285 1129 quoties
309 1044 341 1107 in
364 1043 425 1107 hoc
449 1051 505 1108 tue
522 1037 782 1128 acquieverimus
799 1043 968 1121 voluntati,
993 1049 1026 1106 ct
1048 1064 1107 1108 nos
1125 1044 1247 1108 scimus
1271 1051 1304 1108 et
1320 1051 1376 1108 tua
1393 1044 1568 1132 prudentia
1590 1069 1656 1113 non
1672 1051 1810 1136 ignorat.

156 1146 309 1234 Denique
343 1169 440 1234 quam
475 1149 665 1213 solemniter
699 1155 732 1212 et
766 1169 862 1233 quam
898 1147 1030 1234 publice
1064 1148 1097 1212 in
1135 1155 1191 1212 tua
1225 1149 1436 1213 coronatione
1470 1151 1673 1236 promiseris,
1712 1159 1744 1217 te
1777 1153 1811 1217 in

157 1272 346 1316 succursum
369 1251 447 1316 dicti
469 1252 633 1316 exercitus
657 1253 881 1336 transiturum,
906 1251 1071 1316 cismarini
1095 1256 1255 1316 noverunt
1277 1258 1311 1317 et
1335 1253 1433 1316 ctiam
1457 1255 1676 1320 transmarini.
1714 1255 1810 1322 Unde

155 1363 289 1442 propter
312 1355 591 1441 exspectationem
615 1356 663 1420 tui
687 1355 841 1437 subsidii,
876 1354 963 1439 quod
994 1356 1093 1419 etiam
1117 1377 1176 1440 per
1198 1356 1326 1420 litteras
1350 1362 1425 1420 tuas
1448 1359 1627 1442 promisisti
1651 1360 1811 1425 exercitui

158 1480 236 1544 sepe
260 1457 357 1538 dioto,
382 1459 523 1522 refutata
547 1464 597 1522 est
614 1458 817 1543 compositio,
842 1480 1014 1543 perquam
1031 1459 1295 1523 lerosolinritana
1318 1459 1432 1523 civitas
1453 1461 1688 1526 restituebatur
1711 1463 1810 1527 cultui

156 1561 358 1634 Christiano;
387 1583 425 1624 ac
448 1561 578 1626 demum
606 1568 675 1625 tota
698 1560 927 1626 Christianites
951 1583 1049 1648 passa
1072 1571 1124 1627 est
1146 1563 1236 1628 illius
1261 1563 1486 1627 confusionem
1511 1564 1691 1650 opprobrii,
1724 1565 1811 1650 quod

155 1664 244 1729 nulla
266 1666 388 1750 poterit
409 1665 572 1730 oblivione
596 1665 709 1729 deleri.
745 1663 832 1738 Quid
849 1665 949 1749 igitur
968 1667 1096 1744 mirum,
1120 1667 1148 1730 01
1164 1672 1277 1730 contra
1299 1687 1359 1729 nos
1383 1673 1416 1730 et
1438 1672 1550 1730 contra
1572 1672 1605 1732 te
1621 1675 1809 1742 murmurat,

155 1769 252 1832 immo
270 1769 388 1833 clamat
403 1771 544 1856 populus
562 1769 778 1850 Christianus,
803 1769 830 1833 si
847 1768 952 1833 credit
968 1776 1001 1834 et
1020 1769 1100 1833 dicit
1121 1791 1180 1833 nos
1202 1769 1262 1833 tibi
1278 1768 1408 1834 dedisse
1425 1769 1591 1833 licentiam
1607 1771 1810 1846 remanendi,

155 1892 191 1935 ac
215 1893 275 1957 per
297 1872 358 1936 hoc
380 1873 475 1936 nobis
496 1873 659 1958 imputans
683 1879 788 1936 totum
811 1872 932 1936 malum
956 1872 1042 1957 quod
1065 1872 1194 1950 accidit,
1219 1894 1277 1936 nos
1302 1880 1334 1936 et
1350 1872 1533 1936 Romanam
1553 1874 1728 1938 ecclesiam
1751 1897 1810 1961 pro

157 1981 188 2038 te
211 1975 366 2040 inauditis
386 1977 549 2040 lacessere
570 1977 776 2040 coutumeliis
799 1995 865 2039 non
889 1975 1040 2040 desistit?
1087 1974 1184 2040 Certe
1209 1976 1236 2038 si
1260 1975 1321 2039 hoc
1344 1981 1451 2039 tecum
1476 1975 1575 2061 digna
1597 1976 1809 2042 meditatione

155 2080 356 2164 pensaveris,
379 2101 597 2165 recognosces
621 2081 654 2142 in
677 2087 709 2144 te
733 2079 841 2164 gravis
866 2081 961 2166 culpa
984 2079 1177 2165 periculum,
1201 2100 1261 2142 nec
1285 2083 1361 2142 ante
1385 2078 1493 2142 letitia
1515 2079 1689 2162 letabaris,
1713 2102 1810 2166 quam

154 2182 272 2247 leceris
296 2182 430 2268 aliquid,
452 2205 511 2269 por
536 2182 622 2268 quod
646 2183 849 2247 satisfecisse
872 2182 953 2246 Deo·
969 2189 1002 2247 et
1024 2182 1211 2246 hominibus
1235 2181 1386 2245 videaris.
1433 2179 1676 2269 Expergiscere
1699 2184 1808 2268 igitur,

155 2288 402 2372 expergiscere,
435 2288 645 2352 serenissime
675 2288 849 2373 princeps,
884 2294 918 2350 et
944 2284 985 2350 ad
1015 2285 1243 2351 vindicandam
1273 2286 1424 2350 iniuriam
1452 2283 1574 2350 Christi
1606 2293 1638 2350 et
1668 2287 1808 2351 nominis

156 2388 335 2454 Christiani
358 2392 530 2475 accingere
553 2392 630 2455 totis
656 2391 795 2470 viribus,
826 2396 895 2455 toto
919 2389 1026 2456 corde.
1053 2381 1196 2469 ‘Pensa,
1229 2412 1324 2476 quam
1348 2411 1466 2475 magna
1489 2391 1603 2455 tribuit
1625 2391 1685 2455 tibi
1706 2390 1808 2470 Deus,

89 2518 98 2554 r
157 2501 190 2558 et
226 2501 341 2579 satage
375 2495 468 2558 iuxta
501 2495 642 2559 humane
674 2494 904 2579 possibilitatis
938 2492 1070 2558 modum
1104 2495 1137 2558 in
1171 2494 1233 2558 hoc
1268 2493 1331 2558 sibi
1365 2494 1502 2558 articulo
1538 2493 1719 2559 retribuere
1750 2516 1808 2580 pro

156 2597 318 2676 omnibus,
342 2619 405 2682 que
421 2597 572 2661 retribuit
589 2597 659 2684 ipsc
675 2597 744 2661 tibi.
789 2597 954 2676 Profecto,
978 2598 1005 2661 si
1030 2595 1176 2661 debitum
1193 2597 1343 2676 extimae,
1366 2597 1493 2660 nullum
1515 2597 1672 2676 invenies,
1697 2597 1752 2684 qui
1775 2603 1808 2663 tc

154 2700 293 2784 amplius
320 2699 463 2766 Domino
493 2707 659 2776 teneatur,
694 2721 766 2764 cum
795 2700 877 2763 nulli
905 2699 1022 2764 lecerit
1056 2699 1216 2785 ampliora
1243 2721 1340 2784 quant
1369 2699 1440 2763 tibi.
1492 2699 1527 2764 Si
1555 2702 1808 2787 oportunitatem

154 2802 320 2868 serviendi
344 2805 407 2868 sibi
430 2806 463 2868 in
486 2805 547 2869 hoc
571 2805 708 2868 articulo
732 2804 875 2887 cogites,
906 2803 940 2866 in
969 2803 1059 2866 nullo
1083 2823 1155 2866 eam
1178 2803 1333 2867 maiorem
1366 2804 1488 2888 poteris
1519 2805 1704 2889 repperire,
1736 2825 1808 2870 cum

154 2907 247 2992 copia
264 2929 373 2972 rerum
390 2909 648 2973 necessariarum
673 2907 713 2971 ad
736 2907 797 2971 hoc
815 2907 983 2991 negotium
1006 2906 1199 2992 praesteria
1223 2906 1294 2992 ipso
1317 2907 1477 2990 largiente
1495 2906 1667 2990 redundes,
1691 2914 1808 2994 potens

85 3035 94 3056 ⁰
153 3015 242 3075 terra
272 3017 306 3075 et
333 3012 429 3092 mari,
461 3011 553 3075 dives
587 3011 737 3097 personis
774 3017 807 3074 et
841 3010 940 3074 rebus
976 3017 1008 3073 et
1042 3008 1084 3072 ad
1113 3007 1375 3094 prosequendam
1405 3008 1528 3073 Christi
1556 3005 1707 3074 iniuriam
1737 3010 1810 3096 ipsa

153 3113 321 3178 vicinitate
345 3116 419 3200 plus
442 3115 515 3179 aliis
532 3120 721 3200 oportunus.
768 3114 870 3176 Porro
888 3113 914 3176 si
931 3113 1036 3197 gloria
1053 3118 1104 3176 est
1120 3112 1295 3197 querenda,
1320 3111 1360 3177 de
1378 3112 1494 3198 quibus
1510 3119 1620 3200 potest
1635 3113 1810 3197 gloriosior

152 3215 267 3280 haberi
290 3215 512 3282 aChristiano
535 3217 718 3304 triumphus
743 3238 840 3302 quam
864 3215 904 3280 de
928 3216 1069 3279 inimicis
1093 3216 1234 3280 nominis
1252 3214 1451 3280 Christiani?
1474 3238 1578 3302 queve
1601 3223 1711 3302 potest
1734 3238 1808 3282 esse

151 3321 257 3404 magis
289 3320 433 3404 gloriosa
461 3321 618 3401 victoria,
653 3342 750 3405 quam
787 3341 849 3404 que
885 3325 919 3383 et
947 3320 1163 3405 temporalem
1198 3318 1334 3404 gloriam
1365 3318 1480 3384 tribuit
1513 3325 1546 3384 et
1578 3319 1809 3406 sempiternam

152 3425 288 3510 insuper
310 3424 529 3510 repromittit?
575 3424 638 3489 Eia
661 3425 770 3509 igitur,
794 3445 925 3488 assume
950 3424 1093 3487 animum
1117 3422 1313 3486 celsitudine
1336 3430 1393 3487 tua
1415 3421 1564 3506 dignum,
1588 3428 1621 3486 et
1643 3422 1733 3502 Deo,
1756 3423 1808 3486 cui

153 3528 278 3593 servire
300 3549 377 3592 vere
400 3549 538 3612 regnare
563 3536 631 3607 est,
654 3534 687 3593 te
710 3528 866 3592 devotum
889 3525 1058 3613 impende,
1087 3526 1193 3590 sciens
1218 3524 1318 3610 quod,
1348 3526 1376 3590 si
1397 3526 1460 3590 hoc
1483 3525 1650 3610 negotium
1673 3523 1808 3609 aggredi

149 3631 299 3696 animose
323 3632 498 3711 curaveris,
520 3653 580 3695 nos
604 3629 645 3695 ad
669 3631 739 3695 eius
760 3631 999 3716 promotionem
1022 3628 1164 3714 diligens
1188 3627 1330 3693 studium
1354 3636 1388 3692 et
1408 3628 1588 3692 studiosam
1604 3626 1808 3712 diligentiam

149 3734 326 3800 adiuvante
348 3733 491 3798 Domino
513 3733 752 3820 impendemus.
797 3733 841 3798 Et
864 3755 941 3799 ecce
966 3754 1136 3819 speramus
1159 3733 1193 3795 in
1216 3730 1369 3813 Domino,
1394 3730 1480 3817 quod
1503 3731 1531 3796 si
1554 3731 1616 3795 hoc
1639 3732 1808 3816 negotium

150 3860 224 3902 cum
247 3837 350 3922 digna
377 3837 549 3902 devotione
574 3837 775 3924 susceperis,
805 3837 876 3922 ipse
908 3835 989 3901 illud
1011 3837 1044 3900 in
1067 3836 1132 3900 tuis
1155 3835 1306 3900 manibus
1330 3835 1538 3922 prosperabit
1560 3833 1688 3899 facilius
1711 3857 1807 3920 quam

150 3947 310 4025 speretur,
333 3941 410 4026 quia
432 3941 496 4006 etsi
518 3941 551 4004 in
574 3941 636 4006 hoc
657 3941 835 4005 novissimo
864 3940 1001 4004 articulo
1025 3960 1181 4026 prospere
1204 3939 1325 4003 nostris
1347 3939 1485 4004 cesserit
1507 3938 1657 4018 inimicis,
1680 3944 1808 4002 constat

87 4077 95 4086 ·
151 4053 263 4109 tamen
287 4044 360 4108 illos
390 4064 463 4108 esse
495 4044 670 4130 plurimum
699 4044 853 4129 fatigatos
884 4051 916 4108 et
938 4041 1178 4107 inestimabilia
1201 4063 1413 4128 personarum
1443 4049 1477 4108 et
1505 4063 1613 4106 rerum
1635 4040 1808 4126 dispendia

148 4148 343 4234 pertulisse,
374 4145 616 4232 propterquod
647 4148 675 4212 si
697 4146 838 4211 viderint
868 4146 991 4211 bellum
1016 4167 1058 4210 ex
1081 4145 1218 4211 adverso
1243 4166 1440 4230 consurgere
1469 4151 1503 4210 et
1531 4149 1564 4209 te
1593 4145 1808 4230 personaliter

149 4250 331 4313 instaurato
349 4251 496 4314 exercitu
511 4251 733 4331 transfretare,
751 4251 868 4314 saltem
884 4248 926 4314 ad
941 4250 1223 4335 compositionem,
1240 4250 1304 4328 njsi
1321 4249 1473 4329 fallimur,
1489 4248 1585 4314 facile
1601 4247 1807 4329 inducentur,

150 4373 330 4438 perquam
354 4353 584 4418 rehabebimus
617 4359 730 4417 sancta
760 4359 889 4434 nostra,
921 4359 955 4417 et
978 4352 1185 4417 Christianus
1214 4354 1373 4438 populus,
1405 4351 1461 4437 qui
1490 4372 1577 4416 nuuc
1607 4351 1806 4416 confusionis

151 4455 333 4539 ignominia
348 4455 515 4540 premitur,
540 4457 572 4519 in
589 4455 733 4520 rediviva
757 4456 862 4521 letitie
879 4456 1017 4540 gloriam
1033 4457 1189 4541 erigetur.
1234 4454 1322 4520 Illud
1344 4463 1455 4521 autem
1470 4457 1621 4520 nolumus
1644 4461 1677 4519 te
1694 4455 1806 4536 latere,

90 4591 98 4620 ι
152 4557 239 4644 quod
269 4559 297 4622 si
325 4580 386 4623 uec
415 4559 599 4623 Christiane
626 4557 703 4623 lidci
733 4560 804 4624 zelo
831 4580 893 4623 nec
926 4560 1046 4623 nostris
1078 4559 1360 4625 exhortationibus
1389 4559 1569 4640 excitatus,
1601 4559 1635 4622 in
1664 4559 1806 4644 negotio,

150 4662 239 4748 quod
261 4662 357 4736 absit,
381 4663 481 4727 fueris
506 4661 637 4749 tepidus
661 4670 852 4742 memorato,
877 4683 936 4726 nos
960 4661 1021 4726 tibi
1043 4684 1108 4727 nou
1129 4684 1300 4749 parcemus
1319 4662 1467 4743 ulterius,
1490 4682 1551 4726 nec
1575 4663 1672 4726 saluti
1695 4668 1806 4726 nostre

149 4789 212 4832 nec
235 4767 371 4831 utilitati
399 4768 499 4830 totius
528 4768 640 4853 populi
665 4766 842 4831 Christiani
874 4773 906 4831 tc
936 4767 1076 4853 amplius
1106 4766 1327 4853 preferemus;
1358 4765 1435 4848 quin
1464 4764 1561 4828 immo
1590 4771 1623 4830 te
1653 4771 1805 4850 tauquam

150 4871 219 4934 voti
242 4870 366 4956 proprii
387 4877 645 4955 contemptorem
667 4871 985 4935 excommunicatum
1010 4870 1199 4934 solemniter
1222 4868 1471 4954 publicabimus,
1503 4865 1600 4951 idque
1623 4889 1683 4954 per
1702 4875 1805 4932 totum

152 4973 376 5038 Christianum
400 4973 513 5038 orbem
534 4973 693 5037 iaciemus
717 4974 750 5037 in
767 4974 992 5038 confusionem
1014 4981 1104 5037 tuam
1124 4973 1254 5060 publice
1278 4971 1430 5035 nuntiari.
1476 4969 1527 5034 Tu
1550 4991 1629 5054 ergo
1653 4971 1736 5034 sicut
1758 4971 1808 5033 vir

87 5105 98 5140 s
153 5077 287 5162 sapiens
311 5083 344 5140 et
368 5076 547 5140 catholicus
570 5077 722 5162 princeps
746 5075 922 5160 diligenter
945 5075 1077 5140 attende
1102 5097 1164 5160 que
1195 5075 1352 5155 dicimus,
1385 5081 1418 5138 ct
1441 5095 1519 5138 cave
1542 5071 1733 5158 prudenter,
1764 5094 1805 5136 ne

151 5187 184 5243 tc
208 5180 314 5264 ipsum
338 5180 370 5242 in
395 5180 465 5244 eius
489 5179 661 5243 articulum
684 5178 886 5244 difficultatis
916 5177 1066 5258 inducas,
1096 5177 1136 5241 de
1164 5199 1227 5263 quo
1258 5177 1354 5241 lacilc
1381 5197 1527 5262 nequeas
1558 5175 1718 5262 expediri.
1762 5174 1806 5237 Et

151 5303 229 5346 ecce
259 5282 417 5346 mittimus
446 5280 489 5346 ad
519 5290 551 5346 te
575 5282 797 5347 venerabilem
828 5283 964 5346 fratrem
992 5289 1139 5346 nostrum
1161 5281 1335 5346 Nicolaum
1362 5279 1585 5345 Tusculanum
1615 5280 1806 5366 episcopum

151 5385 334 5470 apostolice
365 5383 453 5448 aedis
483 5385 643 5470 legatum,
675 5384 780 5450 virum
808 5387 921 5471 utique
951 5385 1126 5472 prudentia
1155 5391 1188 5450 et
1217 5385 1379 5470 religione
1409 5383 1621 5470 conspicuum
1651 5388 1685 5446 et
1711 5379 1806 5446 nobis

152 5490 238 5553 inter
260 5495 389 5552 ceteros
412 5488 529 5554 fratres
553 5495 684 5554 nostros
709 5490 775 5554 suis
799 5490 927 5555 meritis
946 5489 1155 5574 exigentibus
1180 5488 1369 5577 specialiter
1392 5509 1512 5569 carum,
1536 5493 1579 5568 et,
1603 5487 1687 5552 sicut
1709 5485 1806 5550 certis

76 5621 101 5658 a
151 5591 353 5676 argumentis
370 5593 599 5678 comperimus,
622 5592 683 5656 tibi
698 5591 855 5658 devotum
870 5614 908 5658 ac
924 5592 1034 5673 fidum,
1058 5593 1289 5658 excellentiam
1304 5597 1393 5657 tuam
1410 5597 1564 5680 rogantes
1588 5597 1622 5656 et
1637 5590 1806 5654 hortantes

255 5733 318 5784 Bra.
336 5733 417 5784 Portu.
436 5732 456 5785 1.
1568 5725 1601 5780 l'l
