4596 6406
739 361 939 416 EPISTOLAE
956 362 1145 421 subactas.
1181 365 1257 420 1240.
1801 373 1863 436 697

207 529 362 594 mandato
396 535 508 594 nostro
539 532 716 597 restituens
749 533 930 599 Iohannem
961 536 1158 624 Capuaciam
1187 539 1346 604 sindicum
1376 547 1521 605 vestrum
1550 541 1590 606 da
1619 541 1682 606 hiis
1714 542 1864 607 omnibus

205 640 315 698 vestro
340 633 471 698 nomine
495 634 671 714 investivit,
695 644 791 722 prout
807 638 847 702 ,in
871 639 1088 706 instrumento
1112 641 1244 727 publico
1276 643 1352 708 inde
1376 644 1525 709 coniecto
1548 644 1669 709 dicitur
1691 645 1864 711 contineri.

204 736 274 800 Nos
297 737 398 822 igitur
419 738 536 801 vestris
561 738 856 824 supplicationibus
888 743 1051 824 inclinati,
1083 744 1170 830 quod
1197 745 1380 811 abeodem
1408 747 1564 812 cardinali
1592 749 1716 813 factum
1747 755 1798 814 est
1829 750 1863 814 in

204 841 267 904 hac
283 847 386 926 parte,
403 841 597 906 auctoritate
614 843 795 928 apostoliea
811 846 1038 912 confirmemus
1055 854 1089 912 et
1104 850 1266 933 presentis
1284 850 1396 937 scripti
1412 852 1592 937 patrocinio
1609 853 1862 918 communimus.

205 943 296 1008 Nulli
320 965 398 1028 ergo
422 981 465 1040 -ζ
486 952 598 1010 nostre
622 947 879 1012 confirmationis
903 955 965 1016 cto.
1011 951 1047 1016 Si
1070 951 1142 1036 quis
1165 959 1276 1017 autem
1300 961 1361 1020 etc.

313 1065 389 1132 Dat.
411 1066 565 1134 Laterau.
587 1067 622 1132 II
645 1068 729 1135 Nou.
753 1069 836 1138 Dec.
859 1093 946 1136 auno
969 1070 1084 1136 XIHI.

831 1334 1243 1344 m

992 1613 1078 1688 191.

312 1722 587 1830 lustramentum,
622 1773 682 1832 quo
713 1753 796 1815 iuter
825 1751 1012 1832 Greporium
1041 1752 1078 1815 de
1107 1752 1280 1830 Romania,
1319 1756 1506 1832 apostolicae
1536 1756 1619 1820 sedis
1652 1757 1799 1838 lepatunr,
1837 1758 1866 1818 01

207 1854 381 1918 umnam
407 1856 571 1938 0901110111
598 1859 627 1919 et
653 1855 851 1920 consiliarios
873 1854 1049 1919 Ianuenses
1071 1855 1252 1934 ordinatur,
1281 1861 1355 1939 quot
1381 1861 1411 1921 et
1440 1858 1549 1939 quates
1574 1879 1669 1923 naves
1692 1880 1752 1939 pro
1771 1879 1865 1940 prae·
1953 1871 1962 1883 '

208 1958 283 2023 latis
308 1958 352 2024 ad
380 1959 545 2023 conscilium
565 1957 737 2038 portandis
761 1961 792 2021 et
821 1956 1004 2022 reducendis
1024 1979 1045 2020 a
1069 1957 1284 2024 lossensibus
1306 1963 1500 2042 praeparari
1529 1965 1558 2026 et
1587 1967 1708 2041 quanta
1724 1962 1865 2044 pecunia

205 2084 265 2144 pro
286 2063 422 2144 sinpulis
443 2083 465 2126 a
486 2061 555 2125 sede
576 2061 746 2142 apostolica
768 2060 847 2125 soloi
868 2060 985 2125 debeat.
1532 2067 1625 2142 1240,
1648 2063 1722 2130 Dec
1746 2067 1776 2128 6.

311 2181 392 2252 Grep.
412 2183 458 2236 m'
472 2181 539 2247 ch.
560 2180 619 2236 Vol.
645 2183 707 2247 VII,
727 2184 852 2244 57—5s,·
868 2179 898 2234 in
915 2180 1067 2251 appendice
1084 2181 1135 2235 sub
1154 2199 1182 2235 n.
1203 2186 1256 2237 781
1272 2187 1480 2240 commemorata
1493 2191 1561 2254 post
1578 2203 1606 2238 n.
1623 2187 1691 2247 793,·
1708 2183 1745 2252 es.
1760 2200 1787 2237 n.
1802 2185 1865 2236 781.

311 2266 612 2330 Huiltord-Bribotleo,
639 2267 656 2320 l.
675 2283 696 2320 e.
715 2269 733 2320 t.
756 2266 787 2330 V,
801 2284 832 2336 p.
852 2269 924 2320 1063
947 2284 981 2321 ce
1002 2267 1067 2320 eott.
1086 2267 1131 2320 La
1150 2268 1233 2323 Parte
1251 2269 1290 2324 du
1312 2269 1402 2336 Tbeil,
1426 2269 1475 2340 qui
1496 2271 1642 2325 nonnullos
1661 2270 1730 2338 Rep.
1749 2285 1864 2334 errores,

206 2372 275 2426 qnos
293 2355 423 2410 Pertains
441 2355 593 2423 annotavit,
612 2369 664 2408 ouo
681 2352 822 2407 arbitratu
839 2353 989 2422 corriperis,
1006 2353 1077 2408 alios
1091 2371 1241 2424 perperam
1259 2361 1285 2410 01
1301 2355 1468 2425 neptipenter
1485 2357 1599 2428 lependo
1617 2357 1783 2412 introducit.

343 2585 688 2677 Transcriptum
715 2583 1121 2659 instrumentorum
1148 2607 1281 2678 super
1307 2591 1529 2679 apparatu
1556 2587 1732 2680 navigii.

315 2735 353 2799 In
371 2735 494 2800 Christi
516 2734 647 2799 nomine
670 2755 777 2800 emen.
822 2733 905 2799 Cum
927 2732 1078 2798 dominus
1099 2735 1280 2820 Gregorius
1302 2735 1344 2800 de
1366 2736 1537 2818 Romania,
1561 2737 1744 2824 apostolice
1768 2737 1861 2802 sadis

207 2841 352 2925 legatus,
384 2862 444 2926 pro
477 2839 609 2904 domino
643 2861 730 2926 papa
761 2861 804 2904 ex
838 2837 974 2924 speciali
1006 2836 1160 2902 mandate
1198 2839 1321 2904 domini
1350 2861 1435 2926 pape
1467 2840 1620 2926 petiisset
1652 2861 1672 2904 a
1702 2843 1865 2905 communi

208 2943 436 3024 Ianucnsium,
465 2943 617 3030 quatinus
646 2943 754 3008 eidem
781 2964 840 3029 pro
862 2940 993 3005 domino
1017 2963 1104 3028 papa
1127 2963 1185 3006 scu
1208 2943 1281 3007 aliis
1304 2944 1427 3008 nuntiis
1450 2942 1573 3008 domini
1595 2965 1680 3031 pape
1706 2945 1863 3030 expensis

208 3047 356 3112 eiusdem
378 3046 574 3112 concederet
596 3048 709 3132 galeas
733 3054 766 3112 et
790 3044 912 3110 taridas
936 3052 1077 3110 armatas
1107 3066 1166 3133 pro
1197 3045 1418 3111 conducendis
1448 3053 1481 3111 et
1510 3046 1705 3112 reducendis
1728 3049 1864 3135 prelatis

207 3151 421 3215 ecelesiarum
453 3158 487 3215 et
516 3151 589 3215 aliis
617 3151 766 3238 personis
801 3149 842 3214 ad
868 3151 1023 3235 generale
1058 3151 1232 3215 concilium
1261 3172 1321 3237 per
1354 3153 1460 3238 ipsum
1489 3172 1651 3216 summum
1673 3152 1862 3238 pontificem

209 3253 409 3334 iaciendum,
442 3255 548 3320 dictus
576 3255 726 3320 dominus
756 3256 885 3340 legatus
913 3253 1044 3318 nomine
1074 3259 1107 3318 et
1135 3254 1208 3317 vice
1242 3253 1346 3340 ipsius
1379 3256 1496 3318 summi
1528 3255 1693 3340 pontificis
1726 3277 1769 3320 ex
1800 3276 1866 3320 una

208 3365 301 3444 parto
336 3365 369 3424 et
399 3359 565 3424 Henrieus
596 3359 682 3423 filius
712 3358 875 3444 quondam
905 3357 1102 3438 Guillielmi,
1137 3357 1283 3423 sindicus
1312 3359 1492 3423 eommunis
1521 3359 1695 3424 Ianucnsis
1732 3359 1774 3424 ad
1802 3360 1865 3424 hoc

208 3462 397 3548 specialiter
423 3462 619 3526 constitutus
645 3483 705 3549 par
728 3512 761 3528 ..
783 3463 1005 3549 potestatem¹
1036 3469 1069 3526 et
1098 3462 1302 3526 consiliarios
1328 3461 1526 3544 leonenses,
1558 3469 1693 3526 vocatos
1726 3469 1759 3526 et
1786 3483 1864 3527 001-

209 3573 362 3653 gregatos
386 3567 426 3631 ed
450 3569 556 3655 ipsum
586 3567 759 3632 eonsilium
789 3589 849 3654 per
876 3587 978 3631 cornu
1006 3573 1039 3631 et
1067 3588 1259 3654 campanam
1287 3587 1378 3631 more
1409 3565 1520 3645 solito,
1550 3586 1612 3629 nac
1642 3586 1707 3628 non
1739 3573 1774 3630 et
1801 3566 1865 3652 ipsi

210 3671 387 3736 consiliarii
413 3693 456 3735 ex
477 3671 543 3735 alia
565 3672 651 3736 inter
676 3692 711 3734 se
734 3693 833 3758 super
854 3669 1010 3757 predictis
1033 3671 1138 3756 galeis
1163 3679 1196 3736 et
1219 3670 1334 3736 taridis
1357 3678 1391 3736 et
1414 3669 1625 3735 armamentis
1649 3689 1762 3734 earum
1786 3690 1863 3735 eon-

211 3773 366 3840 cedendis
396 3776 459 3861 ipsi
489 3775 620 3840 domino
648 3797 733 3862 pape
757 3776 808 3839 vel
841 3775 913 3840 eius
936 3775 1058 3839 nuntiis
1083 3797 1142 3840 seu
1164 3775 1278 3839 nuntio
1302 3774 1414 3840 taliter
1437 3779 1680 3838 convenerunt:
1712 3773 1865 3838 videlieet

208 3879 285 3963 quia
307 3877 414 3944 dietus
438 3879 579 3945 sindicus
603 3902 661 3968 pro
690 3881 762 3968 ipso
790 3880 953 3944 communi
983 3881 1133 3966 promisit
1161 3880 1226 3967 ipsi
1253 3881 1363 3965 legato
1392 3879 1566 3966 recipienti
1588 3880 1719 3944 nomina
1744 3879 1864 3944 summi

207 3983 370 4070 pontificis
405 3985 585 4050 concedere
620 3991 654 4050 et
685 3991 833 4073 prestare
866 3984 930 4071 ipsi
965 3983 1096 4048 domino
1130 4005 1215 4071 pape
1246 4006 1305 4048 seu
1335 3985 1406 4048 eius
1437 3983 1559 4048 nuntiis
1598 3982 1712 4068 galeas
1749 3981 1864 4046 decem

208 4093 351 4152 armatas
373 4109 432 4175 pro
454 4088 622 4174 portandis
645 4090 780 4177 prelatis
804 4095 838 4154 et
861 4089 933 4153 aliis
957 4087 998 4152 ad
1022 4089 1197 4153 concilium
1220 4094 1254 4154 et
1276 4087 1482 4168 reducendis,
1506 4087 1568 4151 boc
1592 4085 1689 4150 modo
1707 4085 1864 4150 videlieet

208 4189 295 4274 quod
317 4191 351 4255 iu
374 4193 521 4278 qualibet
546 4195 642 4278 galea
665 4200 760 4259 crunt
787 4193 945 4258 nauclerii
974 4199 1007 4258 et
1037 4192 1223 4278 superiores
1255 4197 1386 4256 eentum
1410 4198 1484 4256 octo
1508 4197 1543 4256 ct
1566 4189 1698 4254 subtani
1721 4187 1863 4252 xxv1²

211 4301 245 4360 et
274 4296 530 4380 supersalientes
553 4294 646 4376 XL³,
675 4297 871 4382 computatis
898 4296 932 4359 in
960 4295 1022 4360 hiis
1054 4295 1349 4381 supersalientibus
1380 4295 1554 4359 naucleriis
1577 4291 1647 4357 IIII
1676 4299 1709 4357 et
1739 4293 1861 4357 comite

209 4419 290 4475 nuo,
326 4399 533 4484 petentario‘
563 4421 627 4464 uuo
659 4407 692 4464 et
720 4399 899 4464 balistariis
923 4399 971 4478 X,
1007 4420 1143 4485 quorum
1171 4398 1415 4463 balistariorum
1449 4398 1589 4482 quilibet
1624 4396 1746 4461 habeat
1782 4395 1863 4460 duas

208 4502 359 4584 balistas,
388 4523 486 4568 unam
513 4502 554 4568 de
579 4524 680 4568 cornu
712 4511 746 4566 et
776 4503 874 4567 aliam
901 4502 941 4566 de
964 4503 1068 4588 ligno,
1098 4509 1132 4566 ct
1160 4502 1193 4566 iu
1222 4502 1368 4588 qualibet
1396 4502 1492 4588 galea
1520 4502 1562 4565 sit
1591 4500 1712 4565 balista
1734 4520 1800 4563 una
1822 4497 1863 4564 de

210 4609 328 4670 tumo³
350 4613 383 4672 et
406 4607 602 4672 munitiones
625 4604 726 4670 XXX
747 4606 840 4682 ferri;
872 4613 905 4671 et
932 4605 1080 4694 predicte
1103 4606 1264 4671 concedet
1286 4613 1319 4672 et
1343 4604 1503 4693 prestabit
1526 4625 1698 4670 commune
1720 4604 1863 4668 101101-

211 4711 294 4774 sium
318 4733 375 4797 pro
399 4710 551 4776 mercede
575 4733 634 4776 seu
656 4712 761 4796 pretio
785 4710 942 4774 librarum
958 4708 1141 4774 OOLXXV
1157 4730 1216 4796 pro
1239 4731 1434 4796 unaquaque
1458 4709 1555 4796 galea
1578 4713 1611 4772 ct
1634 4729 1693 4795 pro
1711 4707 1864 4794 quolibet

134 4821 160 4858 ³⁸
213 4834 340 4893 mense,
371 4813 413 4878 ad
441 4835 554 4879 omnes
584 4835 749 4900 expensas
781 4815 961 4879 communis
990 4813 1164 4879 leunensis
1192 4813 1323 4878 domino
1353 4835 1440 4901 papa
1468 4814 1520 4878 nel
1552 4812 1623 4876 eius
1651 4813 1773 4876 nuntiis
1806 4833 1865 4876 seu

212 4915 342 4981 domino
367 4918 475 5002 legato
499 4940 557 5004 pro
580 4917 652 5004 ipso
675 4917 806 4983 domino
829 4940 916 5006 papa
937 4919 1080 4984 faciente
1104 4917 1300 4983 solutionem
1317 4915 1358 4980 dc
1380 4915 1532 4982 mercede
1550 4937 1609 4980 seu
1625 4915 1731 5001 pretio
1748 4936 1864 5002 supra-

211 5019 298 5085 dicto
322 5022 485 5087 communi
500 5021 713 5086 Iauucnsium
735 5045 796 5108 pro
821 5021 948 5087 duobus
971 5022 1153 5104 mensibus,
1177 5029 1211 5087 et
1233 5022 1295 5086 hoc
1318 5025 1394 5084 ante
1418 5040 1478 5104 per
1501 5039 1649 5084 mensem
1672 5040 1769 5103 quam
1792 5019 1864 5105 ipsc

374 5199 557 5205 .-.-.—.-...,-—
569 5201 615 5206 w..
626 5202 685 5207 .--,
699 5202 779 5208 --,--
789 5201 859 5206 ,-,-
872 5203 880 5206 ,
906 5201 944 5206 ...-
961 5201 975 5204 -
986 5201 1018 5205 --
1030 5201 1046 5204 -.
1058 5199 1086 5206 ...-
1097 5200 1122 5204 -.
1133 5200 1158 5204 -
1180 5199 1215 5204 a„
1227 5199 1253 5203 .-
1274 5198 1290 5202 -
1305 5197 1333 5202 ..-
1642 5195 1761 5202 -Q--oe

315 5313 342 5380 1)
361 5312 512 5369 Henricum
528 5313 562 5368 de
579 5313 728 5369 Modestia.
832 5316 859 5384 2)
879 5314 1035 5370 ‘Sullanos’
1057 5315 1217 5385 inferiorem
1237 5313 1369 5384 remipum
1391 5311 1512 5367 ordinem
1540 5313 1703 5378 attinuisse,
1726 5312 1756 5366 in
1778 5313 1866 5381 ‘eupe-

211 5400 346 5454 rioribue'
362 5405 454 5454 011001
470 5407 496 5456 01
514 5400 629 5471 remipes
646 5399 677 5453 in
698 5400 794 5455 ordine
819 5402 964 5472 superiore
990 5401 1114 5456 sedentes
1136 5408 1162 5455 et
1182 5407 1299 5465 nautae,
1325 5400 1427 5469 ouibus
1447 5403 1677 5454 omnamentorum
1702 5413 1772 5451 cura
1798 5404 1867 5463 erat,

135 5491 162 5530 ⁴⁰
213 5487 419 5556 comprehensos
437 5503 492 5540 0000
506 5493 646 5556 putamus.
716 5487 745 5554 3)
763 5487 872 5542 Armati
888 5489 958 5542 naoi
970 5486 1117 5558 praesidio
1144 5485 1217 5550 dati,
1244 5487 1345 5556 0111100
1362 5486 1486 5540 sambri
1508 5489 1533 5540 et
1558 5485 1673 5540 comitm
1697 5484 1756 5538 sioe
1779 5497 1867 5538 comes

210 5572 405 5643 praefuerunt.
489 5574 518 5640 4)
536 5572 598 5628 Sioe
619 5571 798 5642 pitantiario,
825 5574 1004 5630 distributore
1025 5572 1200 5627 (1101101111.
1287 5573 1314 5638 5)
1334 5569 1441 5626 Gallice
1462 5571 1606 5627 ‘arboteote
1623 5571 1643 5624 d
1659 5570 1741 5636 toser’,
1765 5569 1868 5624 1011010

213 5660 310 5724 motor,
329 5659 408 5714 00110
425 5674 528 5714 nerem
540 5675 594 5728 per
611 5659 777 5718 rotationem
793 5658 1002 5721 machinamenti
1019 5657 1163 5716 cuiusdam
1181 5657 1381 5716 attendebatur.

320 5758 521 5813 11110111.
1626 5751 1661 5808 88
