4448 6420
1065 421 1114 478 ax
1132 421 1288 478 sonoan
1306 421 1347 478 ιιι
1365 421 1546 478 uscrsrnc
1627 501 1628 504 p

1259 759 1345 832 279.

588 867 777 964 Honoras
809 898 876 963 nr
899 918 988 978 papa
1013 897 1178 963 neaera
1210 897 1316 962 aona
1350 898 1485 964 ranna
1518 898 1647 962 noane
1680 899 1715 962 a
1743 898 1921 980 niutan
1956 897 2001 961 aa
2027 916 2133 977 praes

479 1001 653 1087 [Sipesridi
674 1001 754 1086 ΙΙΙ]
774 1001 985 1084 Aspastcusis
1007 999 1140 1081 episcopi
1161 999 1319 1065 diocesani
1337 1001 1507 1084 privilepia
1529 1001 1712 1065 nrooasterii
1732 1002 1785 1066 sni
1805 1003 1946 1065 innovat.

570 1178 572 1182 ,
1769 1105 1862 1183 1225,
1886 1105 1970 1187 Aa.
1995 1107 2047 1170 16.

581 1191 656 1245 Han.
675 1190 733 1244 111
747 1188 816 1258 Bop.
839 1189 897 1243 Vol.
921 1187 950 1252 V,
971 1192 1015 1252 77,
1036 1191 1088 1255 785
1106 1188 1167 1242 Lib.
1188 1189 1224 1252 X,
1244 1193 1286 1243 17.

478 1418 712 1492 Frederico
741 1418 890 1493 abbati
919 1419 1179 1492 monasterii
1208 1425 1359 1493 sancte
1386 1420 1521 1493 Maris
1553 1421 1596 1492 in
1623 1419 1918 1513 Alchinghen¹
1948 1422 2133 1514 eiusque

570 1541 805 1628 fratribus,
833 1544 922 1614 tarn
949 1539 1236 1630 presentibus
1263 1562 1391 1631 quam
1418 1539 1602 1628 futuris
1630 1543 1877 1633 regularem
1904 1543 2040 1616 vitam

1011 1659 1229 1750 professis
1257 1660 1299 1731 in
1325 1664 1600 1751 perpetuum.

586 1809 690 1873 Novis
714 1815 813 1896 egent
836 1809 1000 1888 remediis,
1025 1830 1087 1893 quc
1111 1808 1151 1872 dc
1174 1829 1258 1872 novo
1282 1829 1451 1893 emergere
1468 1809 1691 1890 dinoscuntur,
1715 1819 1748 1874 et
1771 1811 1857 1874 circa
1872 1811 2015 1890 morbos,
2038 1815 2134 1895 prout

481 1912 602 1978 diversi
632 1918 707 1976 suut
736 1919 770 1976 et
797 1913 892 1992 varii,
924 1913 1109 1976 curationes
1134 1911 1268 1996 expedit
1291 1913 1427 1976 variare.
1473 1913 1682 1978 Venerabilis
1706 1912 1866 1998 siquidem
1896 1915 1999 1978 irater
2021 1920 2132 1977 noster

480 2064 487 2079 .
512 2065 519 2078 .
543 2015 764 2100 Augustensis
788 2017 979 2101 episcopus,
1012 2014 1208 2080 diocesanos
1232 2022 1359 2094 vester,
1388 2037 1448 2100 per
1471 2017 1598 2080 litteras
1622 2039 1698 2081 suas
1722 2017 1815 2080 nobis
1839 2038 1944 2101 nuper
1967 2017 2131 2101 exposuit,
2189 2047 2190 2058 ι

479 2118 564 2203 quod
593 2118 722 2203 quidem
751 2119 929 2182 monachus
957 2126 1067 2186 vester
1096 2139 1116 2182 a
1139 2117 1288 2194 diabolo,
1320 2119 1412 2182 cuius
1441 2117 1583 2182 iaciebat
1605 2141 1723 2205 opera,
1747 2120 1938 2204 instigatus,
1962 2119 2134 2205 privilegia

479 2222 617 2306 quedam
640 2244 660 2285 a
683 2221 760 2286 sede
783 2221 965 2308 apostolica
994 2222 1192 2285 monasterio
1225 2228 1334 2284 vestro
1358 2243 1515 2285 concessa
1538 2221 1706 2286 cuiusdam
1730 2223 1842 2285 militis
1865 2223 2023 2286 instinctu
2057 2221 2133 2286 sub-

479 2326 580 2411 ripuit
610 2332 643 2389 et
670 2325 703 2388 in
732 2325 837 2410 ipsius
869 2323 1003 2388 tradidit
1030 2330 1244 2410 potestatem
1273 2325 1365 2387 cuius
1398 2332 1504 2388 castro
1532 2347 1596 2389 non
1619 2333 1694 2410 post
1717 2327 1835 2389 multos
1865 2325 1936 2390 dies
1969 2332 2065 2412 capto
2093 2325 2133 2388 ab

479 2428 620 2492 inimicis
651 2429 755 2513 ipsius
786 2434 820 2492 et
848 2427 1010 2491 universis
1041 2419 1136 2491 bonis
1173 2425 1292 2490 exinde
1324 2428 1514 2512 asportatis,
1550 2428 1697 2513 predicta
1726 2429 1900 2514 privilegia
1938 2429 2009 2494 sine
2046 2429 2135 2492 bulla

478 2532 611 2596 fuerunt
632 2531 727 2595 vobis
750 2529 887 2610 ab'hiis,
911 2529 952 2594 ad
975 2551 1112 2615 quorum
1135 2551 1249 2593 manus
1267 2529 1476 2610 devenerant,
1500 2531 1661 2595 restituta.
1706 2530 1758 2596 De
1782 2529 1844 2617 quo
1869 2553 1942 2596 cum
1965 2533 2133 2617 ingentem

480 2635 646 2699 tristitiam
675 2634 892 2719 conceperitis
920 2639 953 2698 et
984 2654 1162 2709 merorem,
1199 2632 1305 2697 dictus
1340 2634 1513 2719 episcopus
1549 2656 1647 2720 super
1680 2639 1771 2699 tanto
1805 2636 1897 2699 vobis
1932 2635 2134 2720 compatiens

480 2737 692 2816 detrimento,
723 2758 782 2822 per
808 2736 973 2822 predictas
1002 2737 1130 2800 litteras
1160 2734 1254 2799 nohis
1288 2735 1454 2800 humiliter
1484 2737 1699 2822 supplicavit,
1729 2745 1766 2801 ut
1788 2737 1999 2823 dignaremur
2021 2736 2135 2802 ecdem

479 2841 652 2927 privilegia
682 2841 848 2906 innovare.
904 2841 956 2904 Tu
986 2861 1130 2924 quoque,
1161 2839 1208 2901 fili
1237 2825 1354 2918 abbas,
1385 2839 1425 2902 ad
1455 2839 1655 2924 presentiam
1685 2846 1830 2905 nostram
1860 2840 2041 2921 accedens,
2072 2861 2135 2904 uno

479 2944 724 3030 privilegiorum
747 2945 909 3029 ipsorum,
932 2942 1089 3007 videlicet
1113 2941 1235 3005 Oalixti
1259 2941 1409 3022 secundi,
1434 2949 1467 3006 ct
1491 2944 1649 3028 rescripto
1674 2943 1828 3020 alterius,
1851 2944 1986 3008 secundi
2011 2944 2137 3008 scilicet

480 3046 679 3126 Innocentii,
709 3045 803 3111 nohis
834 3047 1006 3125 exhibitis,
1039 3067 1112 3109 curn
1143 3046 1246 3109 multa
1273 3066 1407 3130 precum
1436 3046 1592 3110 instantia
1620 3048 1766 3132 petivisti
1796 3046 1903 3110 eidem
1932 3046 2131 3110 monasterio
2179 3063 2190 3100 2

481 3171 579 3236 super
605 3156 695 3213 tanto
723 3149 908 3214 discrimine
938 3149 1089 3213 similiter
1117 3147 1292 3233 provideri.
1348 3149 1567 3214 Attendentes
1598 3150 1699 3234 igitur
1727 3148 1813 3234 quod
1841 3171 1880 3214 eo
1908 3151 2014 3234 magis
2043 3149 2135 3213 vobis

481 3255 640 3318 existeret
663 3252 907 3332 consulendum,
931 3273 994 3336 quo
1018 3253 1052 3315 in
1075 3253 1232 3316 maiorem
1247 3252 1408 3328 lesionem
1431 3253 1535 3338 ipsius
1552 3253 1743 3317 monasterii
1765 3251 1827 3317 boc
1851 3251 1996 3317 creditur
2018 3261 2135 3317 attem-

480 3363 621 3443 ptatum,
646 3355 890 3420 considerantes
913 3357 1064 3443 insuper,
1090 3363 1157 3419 tam
1182 3378 1224 3420 cx
1248 3355 1364 3420 ecdem
1388 3354 1509 3420 calixti
1532 3357 1705 3443 privilegio
1730 3376 1825 3441 quem
1849 3355 1991 3440 quodam
2014 3357 2135 3442 scripto

480 3461 514 3524 in
535 3458 675 3545 predicti
691 3457 876 3524 Innocentii
900 3467 1034 3544 regesto
1052 3465 1195 3546 reperto,
1218 3466 1434 3524 memoratum
1450 3461 1684 3524 monasterium
1708 3460 1847 3525 ecclesie
1862 3459 2011 3523 Romane
2034 3459 2136 3524 fuisse

481 3563 679 3649 apamenis,
700 3563 855 3628 videlicet
877 3562 978 3628 Bcrta
1001 3564 1168 3627 comitissa
1190 3571 1223 3628 ct
1245 3563 1452 3647 Lenugarda,
1475 3564 1543 3627 filia
1565 3564 1647 3642 eius,
1671 3562 1825 3646 illiusque
1849 3561 1967 3626 marito
1992 3561 2134 3626 Oorrado
2182 3591 2190 3620 :

481 3666 669 3731 marchione
701 3673 734 3730 et
755 3664 916 3745 Henrico,
945 3664 1087 3744 Octcne,
1117 3665 1322 3730 Theoderico
1353 3673 1386 3730 et
1414 3666 1580 3744 Thetoue,
1603 3666 1686 3752 ,filiis
1710 3684 1841 3744 eorum,
1869 3664 2016 3728 oblatum
2045 3664 2137 3728 iuxta

481 3771 642 3857 prefatum
666 3767 788 3834 Calixti
815 3770 1037 3855 privilegium,
1067 3768 1216 3855 qu0d=in
1238 3790 1454 3855 pergameno,
1483 3769 1643 3855 scriptura
1672 3773 1706 3832 et
1736 3767 1811 3831 stilo
1834 3768 2040 3854 repperimus
2063 3787 2136 3831 esse

481 3894 612 3949 verum,
636 3871 676 3937 de
699 3871 835 3935 fratrum
856 3880 1042 3937 nostrorum
1066 3872 1202 3936 consilio
1226 3872 1318 3937 vobis
1346 3879 1379 3937 et
1410 3872 1609 3937 monasterio
1633 3877 1742 3935 vestro
1769 3891 1906 3956 presens
1929 3871 2137 3956 privilegium

482 3975 631 4041 addendo
648 3974 787 4060 quedam
803 3975 867 4039 alia
883 3975 1067 4039 communia
1082 3975 1315 4038 monachorum
1338 3975 1481 4062 capitula
1496 3973 1648 4038 duximus
1667 3973 1923 4038 concedendum.
1968 3973 2138 4037 Prcfstum

482 4081 592 4164 itaque
622 4079 856 4143 monasterium
884 4077 944 4142 sub
975 4078 1064 4142 beati
1096 4078 1187 4171 l³etri
1220 4084 1253 4142 et
1287 4083 1399 4142 nostra
1437 4078 1643 4164 protectione
1676 4077 1872 4162 suscipimus
1907 4083 1942 4140 et
1973 4077 2136 4162 presentis

483 4183 595 4268 scripti
618 4181 791 4268 privilegio
815 4182 1062 4260 communimus,
1086 4182 1256 4267 inprimis
1282 4181 1443 4266 siquidem
1468 4187 1661 4262 statuentes,
1685 4186 1722 4244 ut
1744 4179 1823 4243 ordo
1847 4181 2061 4258 monasticus,
2085 4179 2138 4264 qui

484 4284 662 4350 secundum
695 4283 804 4348 Deum
839 4291 872 4348 et
903 4284 992 4348 besti
1024 4283 1196 4348 Benedicti
1232 4285 1379 4368 regulam
1414 4283 1447 4346 in
1480 4283 1595 4348 codem
1631 4284 1830 4348 monasterio
1859 4283 2031 4347 institutus
2065 4303 2139 4347 esse

484 4387 677 4466 dinoscitur,
711 4387 880 4473 perpetuis
919 4385 1042 4451 ibidem
1080 4387 1284 4473 temporibus
1315 4386 1550 4451 inviolabiliter
1587 4387 1792 4456 observetur.
1853 4385 2012 4452 Preterea
2046 4406 2140 4470 quas-

485 4511 622 4575 cumque
637 4490 875 4574 possessiones,
899 4479 1102 4575 quecumque
1118 4491 1207 4555 bona
1231 4498 1293 4555 etc.
1317 4510 1441 4574 usque:
1464 4473 1688 4575 permaneant.
1733 4489 1772 4553 In
1789 4489 1905 4576 quibus
1922 4489 1983 4554 hec
1999 4489 2140 4575 propriis

484 4593 635 4658 duximus
658 4591 870 4677 exprimenda
884 4593 1068 4658 vocabulis:
1093 4596 1202 4659 locum
1227 4595 1343 4680 ipsum,
1367 4595 1400 4657 in
1423 4615 1486 4678 quo
1510 4593 1671 4679 prefatum
1694 4593 1928 4658 monasterium
1952 4592 2053 4656 situm
2076 4598 2137 4672 cst,

485 4717 558 4760 cum
591 4693 742 4759 omnibus
776 4677 984 4779 pertinehtiis
1014 4697 1097 4771 suis;
1131 4701 1165 4760 in
1193 4695 1332 4761 Ov‘vehin
1366 4697 1540 4760 ecclesiam
1576 4697 1680 4760 sancti
1709 4695 1866 4781 Stephani
1895 4717 1969 4758 cum
1996 4695 2077 4758 villa
2108 4702 2141 4759 et

486 4798 613 4863 duobus
636 4798 854 4883 piscatoribus
877 4799 1097 4875 beneficiatis;
1120 4800 1153 4863 in
1176 4799 1354 4884 Wisingen
1375 4820 1525 4863 mansum
1547 4819 1646 4862 unum
1673 4820 1745 4863 cum
1769 4797 1895 4862 duobus
1919 4797 2140 4883 piscatoribus

485 4901 704 4974 beneficiatis;
728 4901 761 4965 in
784 4923 890 4986 augea
905 4902 1050 4967 Danubii
1073 4911 1139 4968 tres
1163 4924 1294 4968 mansos
1319 4925 1392 4968 cum
1415 4904 1528 4987 augeis
1552 4910 1585 4966 et
1607 4904 1813 4988 pertinentiis
1837 4903 1921 4975 suis;
1945 4902 1979 4966 iu
1998 4901 2140 4988 Liphein

486 5005 662 5071 ecclesiam
685 5006 789 5070 sancti
803 5005 873 5070 Viti
897 5027 970 5070 cum
993 5007 1126 5082 familia,
1150 5007 1331 5070 tributariis
1355 5013 1388 5070 et
1410 5007 1533 5070 mansis
1548 5004 1712 5084 undecim,
1735 5005 1931 5069 molendinis
1955 5012 1989 5070 et
2012 5005 2140 5071 duobus

485 5109 704 5195 piscatoribus
719 5109 921 5173 beneficiatis
945 5115 979 5172 et
997 5108 1148 5173 omnibus
1171 5109 1297 5172 iuribus
1320 5116 1354 5172 et
1372 5108 1579 5193 pertinentiis
1604 5108 1688 5182 suis;
1712 5108 1745 5170 in
1761 5107 1890 5192 Speche
1914 5108 2137 5172 molendinum

484 5233 598 5287 uuum;
621 5212 656 5276 iu
671 5211 909 5297 Muggenwilar
931 5233 1072 5292 mansos
1086 5218 1170 5287 tres3
1195 5213 1305 5276 villam
1328 5193 1362 5276 in
1377 5211 1520 5276 Valhein
1543 5217 1576 5276 et
1600 5211 1773 5275 ecclesiam
1790 5211 1893 5274 sancti
1908 5209 2055 5275 Dionisii
2070 5231 2140 5276 cum

485 5315 669 5380 redditibus
687 5323 720 5380 et
737 5315 860 5379 familia
877 5323 909 5380 ct
925 5299 1075 5381 omnibus¹
1093 5316 1164 5380 aliis
1181 5316 1307 5380 iuribus
1325 5323 1358 5380 et
1372 5315 1580 5402 pertinentiis
1598 5314 1682 5389 suis;
1705 5315 1831 5378 invilla
1848 5313 1993 5378 Valhcin
2009 5335 2137 5378 mansos

485 5425 652 5505 quattuor;
682 5420 716 5482 iu
738 5418 926 5484 Walsteten
955 5419 1129 5484 ecclesiam
1158 5421 1261 5484 sancti
1285 5419 1419 5483 Martini
1442 5439 1515 5482 cum
1538 5416 1679 5498 familia,
1710 5417 1907 5514 tributariis,
1936 5438 2052 5481 manso
2074 5437 2141 5480 uno

587 5711 613 5779 1)
631 5709 687 5765 siue
705 5710 856 5780 Elrbr'npcrr
869 5727 959 5782 prope
983 5710 1096 5766 Ulmum.
