1298 1821
292 203 312 218 10
587 201 611 215 EX
621 201 699 215 nouom]
708 201 729 215 1“Π
737 201 827 215 REGISTRO

291 245 324 261 sint
334 245 364 261 filii
376 247 457 267 potentes.
480 245 553 267 Tempus
565 247 591 261 est
602 245 653 265 enim*
668 246 686 260 ut
700 244 761 261 saciant
775 244 865 261 vindictam
877 245 893 261 in
905 245 1006 265 nationibus,
1017 245 1034 261 in
1045 244 1122 266 gentibus

292 271 355 287 scilicet
366 270 477 287 detinentibus
489 273 506 287 et
520 271 669 287 contaminantibus
684 270 751 286 Terram
764 270 846 290 Sanctam,
858 271 875 287 in
888 271 920 287 hiis
936 271 964 292 qui
978 271 1045 287 stultam
1060 271 1122 287 faciunt

292 297 361 318 gloriam
373 297 425 313 crucis
437 297 498 313 Christi
509 299 526 313 et
537 297 637 318 exprobrant
648 296 754 317 ignominiam
763 296 848 312 Dominice
860 297 947 318 passionis.
969 297 1060 319 Proper-are
1072 297 1121 318 igitur

210 328 248 339 uma.
254 329 287 340 1⁵,st
293 328 362 339 necesse
379 322 436 339 estad
449 324 494 339 tante
508 322 592 338 felicitatis
610 322 692 342 bravium,
709 324 726 338 et
741 322 788 338 tollat
805 322 858 338 fidelis
875 322 943 343 quilibet
960 328 1025 339 crucem
1041 328 1087 339 suam
1104 324 1121 339 et

293 350 370 370 sequatur
381 348 459 365 vexillum
471 348 523 370 glorie
535 348 593 364 summi
605 348 654 369 regis,
670 353 700 364 nec
715 350 784 364 excuset
800 354 817 364 se
829 348 888 370 aliquis
902 354 912 364 a
926 349 993 365 servitio
1005 348 1045 365 Iesu
1060 348 1124 365 Christi
1147 354 1153 363 a

216 380 278 392 noman.
292 375 320 396 qni
333 375 368 391 vult
381 380 450 396 regnare
464 380 501 391 cum
514 374 558 396 ipso,
577 374 615 396 quin
630 374 684 396 potius
699 374 770 396 abneget
784 374 892 396 semetipsum
906 376 922 391 et
942 376 991 391 exeat
1010 374 1031 391 de
1044 376 1089 391 terra
1106 376 1122 391 et

293 400 390 422 cognatione
402 406 438 421 sua,
455 400 472 416 in
483 405 532 416 manu
547 400 592 416 illius
603 400 688 416 dimittens
700 400 762 420 omnis,
779 400 807 422 qui
819 400 888 416 contulit
898 400 979 416 universa.
1002 400 1080 417 Ceterum
1092 406 1122 416 nos

293 426 339 442 iuxta
350 427 429 442 statutum
440 426 483 442 sacri
491 426 556 442 concilii
564 426 646 447 generalis
654 431 733 447 personas
742 427 759 442 et
767 425 810 442 bona
822 431 884 446 eorumy
897 426 925 447 qui
933 426 985 442 crucis
993 428 1031 442 sunt
1039 427 1122 442 caractere

293 452 375 473 insigniti,
389 452 488 474 recipientes
501 451 531 468 sub
548 452 650 473 protectione
664 451 708 468 sedis
724 451 814 473 apostolice
831 452 906 473 speciali,
918 452 993 468 omnibus
1008 452 1036 473 qui
1049 452 1123 468 laborem

293 478 343 494 istum
354 478 371 493 in
382 478 452 499 propriis
464 478 538 499 personis
550 477 630 494 subierint
641 479 658 494 et
672 477 755 499 expensis,
766 477 831 499 plenam
844 483 909 493 suornm
921 478 1041 499 peccaminum,
1053 477 1073 494 de
1085 478 1121 499 qui·
1149 483 1161 492 m

293 503 325 520 bus
333 503 413 520 veraciter
424 503 485 519 suerint
493 503 542 520 corde
552 503 617 520 contriti
626 505 643 520 et
653 509 681 519 ore
693 503 769 522 confossi,
780 503 845 519 veniam
854 503 957 525 indulgemus
967 505 983 520 et
991 503 1007 519 in
1015 503 1123 520 retributione

294 530 376 545 iustorum
387 529 444 545 salutis
456 531 512 545 eterne
524 529 621 551 pollicemur
632 531 743 551 augmentum.
765 529 795 545 Eis
802 531 857 545 autern
868 529 895 550 qui
904 534 936 545 non
944 529 961 545 in
969 529 1040 550 propriis
1048 529 1123 551 personis

296 555 330 571 illic
341 555 451 575 accesserint⁷
466 555 495 571 sed
507 555 523 571 in
535 555 569 571 suis
580 555 666 571 dumtaxat
677 555 756 577 expensis
768 555 814 571 iuxtn
825 555 919 571 facultatem
936 557 953 571 et
965 555 1061 576 qualitatem
1078 560 1124 571 suam

296 581 339 597 viros
351 580 419 596 idoneos
431 580 535 600 destinarint,
550 582 567 597 et
582 581 614 597 illis
629 581 706 597 similiter
720 581 748 601 qui
763 581 802 596 lieet
816 580 833 596 in
848 581 906 596 alienis
919 581 1001 602 expensis,
1017 581 1034 596 in
1049 580 1124 602 personis

296 606 366 628 propriis
377 608 432 622 tamen
443 606 551 626 accesserint,
570 606 635 628 plenam
653 611 718 622 suorum
736 606 839 622 concedimus
851 606 915 622 veniam
930 607 1040 628 peccatorum.
1069 606 1123 622 Huius
1151 611 1163 620 ns

295 637 360 654 quoque
372 632 474 649 remissionis
485 632 560 648 volumus
575 634 592 648 et
607 632 712 648 concedimus
727 637 764 648 cssc
779 632 868 654 participes
880 632 926 648 iuxta
938 632 1044 653 quantitatem
1056 631 1125 648 subsidii

296 660 313 674 ct
324 658 415 674 devotionis
426 658 504 675 affectum
515 663 578 678 omnes,
589 658 617 679 qui
628 658 648 674 ad
661 658 786 674 subventionem
798 658 850 680 ipsius
862 660 905 674 terre
917 658 937 674 de
948 658 996 674 bonis
1007 658 1041 674 suis
1053 663 1125 679 congrue

296 684 420 704 ministrabunty
436 686 465 700 aut
480 684 523 700 circa
537 684 611 705 predicta
625 684 710 700 consilium
728 685 744 700 ct
761 684 840 700 auxilium
855 684 960 705 impendent·
974 686 1078 705 oportunum.
1104 683 1126 700 Et

296 709 373 731 quoniam
389 709 530 731 pernecessarium
551 709 633 726 credimus
650 709 716 731 negotiu
731 709 782 726 Terre
800 709 868 727 Sancte.
892 712 909 726 ut
925 710 1007 731 principes
1024 711 1041 725 ct
1055 710 1125 731 populus

297 735 399 751 Christianus
411 735 457 757 pacis
468 735 550 756 gaudeant
558 735 625 755 unitate,
637 735 678 751 adeo
690 735 732 756 quod
745 737 823 751 statutum
836 737 861 751 est
869 737 926 751 sancta
937 737 954 751 et
962 735 1051 751 universali
1062 735 1124 756 synodo
1151 740 1164 749 ro

297 760 385 781 suadente,
402 763 420 777 ut
437 761 491 777 saltim
507 766 538 783 per
553 761 677 782 quadriennium
695 761 711 777 in
729 763 763 777 toto
781 761 820 777 orbe
833 761 925 777 Christiano
939 766 973 782 pax
987 761 1087 782 generaliter
1098 761 1126 777 ob-

298 788 380 806 servetur,
392 787 414 803 ita
425 786 469 808 quod
481 792 510 808 per
522 787 629 803 ecclcsiarum
641 787 714 809 prelatos
726 787 839 803 discordantes
852 787 949 803 reducentur
960 786 981 803 ad
993 787 1057 808 plenam
1069 792 1125 808 paccm

298 814 325 829 aut
336 812 400 828 firmam
411 813 485 834 treugam
497 812 613 829 inviolabiliter
624 813 754 832 observandum,
766 815 783 829 et
795 813 822 834 qui
831 813 936 834 acquiescere
944 812 986 829 sorte
994 812 1127 834 contempserint,

298 843 328 860 per
335 838 521 855 excommunicationem
527 839 544 855 in
549 844 628 860 personas
638 840 654 854 et
663 838 766 855 interdictum
776 839 792 855 in
803 841 855 855 terras
863 839 944 855 artissime
953 838 1080 860 compellantur:
1091 843 1126 858 nos,

298 864 326 885 qui
344 863 364 880 ad
382 864 496 881 liberationem
515 866 558 880 tcrre
570 864 615 880 illius
629 864 693 880 ardenti
708 864 790 881 desiderio
805 865 896 886 aspiramus
911 869 931 880 ac
945 869 1002 885 pacem
1017 864 1099 885 diligimus
1111 866 1127 880 et
1153 871 1166 879 ε»

298 895 335 906 eam
346 889 442 911 inquirimus
453 895 494 911 puro
506 889 563 910 corde,
577 892 610 906 tam
625 895 654 912 pro
671 890 785 906 exhortatione
798 890 844 906 verbi
859 890 920 910 crucis,
932 895 980 911 quam
995 895 1024 911 pro
1038 889 1084 911 pacis
1099 895 1128 906 seu

297 917 392 937 treugarum
403 915 459 932 federe
471 915 585 938 propagando,
601 918 618 932 ct
629 921 658 938 pro
670 916 707 932 aliis
722 922 753 937 que
768 916 823 932 limam
837 916 944 932 correctionis
959 917 1059 937 exposcunt,
1077 915 1128 931 mitti-

298 946 334 957 mus
341 941 361 957 ad
368 946 396 957 vos
406 942 517 958 venerabilem
525 941 594 958 fratrem
605 943 678 958 nostrum
687 942 781 958 Ostiensem
793 942 894 963 episcopum,
905 942 957 958 virum
971 941 1027 963 utique
1039 941 1129 957 secundum

298 972 327 983 cor
337 968 419 987 nostrum,
430 967 467 983 Deo
479 969 496 983 et
507 967 600 983 bominibus
611 969 704 989 acceptum.
716 969 800 989 potentem
813 967 829 983 in
841 972 891 989 opere
907 969 924 983 et
937 972 1020 987 sermone,
1032 967 1129 989 precipuum

299 993 369 1009 ecclesie
380 992 412 1009 Dei
423 993 519 1013 membrum,
530 999 578 1014 quem
590 994 632 1009 inter
643 994 684 1009 alios
696 994 755 1009 fratres
767 995 832 1010 nostros
844 993 912 1015 speciali
929 993 1033 1015 prerogativa
1043 992 1128 1014 diligimus
1153 999 1166 1009 ω

299 1018 376 1038 caritatis,
388 1019 475 1035 commisso
487 1019 502 1035 ei
511 1019 560 1040 plene
568 1019 655 1041 legationis
664 1019 723 1038 officio.
734 1021 753 1035 ut
762 1019 822 1036 evellat
833 1022 850 1036 ct
862 1019 950 1040 dcstruath,
961 1019 1026 1035 edificet
1038 1021 1055 1035 et
1065 1019 1129 1041 plantet

299 1046 316 1060 et
327 1044 389 1060 inserat
400 1049 431 1065 que
443 1045 459 1060 in
471 1050 510 1066 agro
519 1045 585 1061 Domini
597 1045 656 1061 viderit
668 1045 759 1061 inserenda.
784 1045 911 1061 Universitatem
923 1045 978 1066 itaque
989 1047 1060 1061 vestram
1072 1050 1129 1061 mone-

300 1075 335 1086 mus
345 1071 362 1086 et
370 1070 477 1086 exhortamur
483 1072 545 1087 attente
553 1077 583 1093 per
592 1071 682 1093 apostolica
688 1071 750 1093 scripta
757 1071 863 1093 precipiendo
871 1070 973 1090 mandantes,
982 1071 1059 1092 quatinus
1070 1070 1129 1092 ipsum,

300 1096 349 1112 immo
361 1101 391 1112 nos
406 1096 422 1112 in
434 1096 470 1117 ipso
484 1097 581 1118 recipientes
593 1097 656 1113 ilariter
668 1099 684 1113 et
695 1097 776 1118 benigney
792 1097 868 1113 monitis.
881 1097 946 1113 statutis
958 1098 975 1113 et
986 1096 1066 1112 mandatis
1077 1096 1129 1118 ipsius

300 1121 383 1138 humiliter
394 1121 488 1139 intendatis.
511 1122 546 1139 Nos
558 1123 601 1139 enim
613 1123 719 1142 sententiam,
736 1128 785 1144 quam
797 1123 813 1139 in
828 1124 933 1139 contumaces
947 1124 964 1138 et
978 1122 1050 1139 rebelles
1063 1122 1129 1138 duxerit
1153 1128 1166 1138 ε»

300 1147 420 1168 proferendam,
432 1147 511 1164 faciemus
522 1150 588 1165 auctore
600 1148 671 1165 Domino
683 1148 799 1165 inviolabiliter
810 1148 899 1165 observari.

354 1172 393 1189 Dat.
404 1173 481 1189 Lateran.
492 1173 509 1190 X
520 1173 557 1190 Kal.
569 1174 660 1194 Februarii,
673 1174 776 1196 pontificatus
787 1175 839 1191 nostri
850 1180 893 1191 anno
905 1174 963 1196 primo.

700 1275 729 1293 13.

483 1334 506 1349 uf,
524 1338 539 1347 m
577 1334 626 1347 memo
644 1338 646 1341 ν
680 1338 686 1346 >r
712 1340 715 1347 r
919 1332 980 1347 'wltrmr
994 1332 1035 1350 vrwl,
1050 1331 1131 1348 scrib-'ln

425 1370 427 1372 ,
479 1364 489 1372 »ι
502 1364 539 1376 ,μω
582 1359 595 1372 vt
607 1364 611 1371 ι
623 1365 626 1371 1
700 1372 704 1374 ,
784 1370 785 1373 ,
889 1370 899 1372 ..
916 1370 919 1374 ,
932 1359 947 1373 «l
958 1357 972 1373 si
983 1358 1035 1374 {errae
1046 1356 1131 1376 mmm
1155 1364 1168 1375 ω

421 1384 459 1402 am,
472 1385 487 1399 a(
499 1389 532 1398 mm
572 1384 620 1399 «mm
633 1390 665 1399 mn
677 1385 745 1399 mmm<
758 1385 843 1403 transeant,
854 1383 986 1404 wem-zuatavam
997 1383 1031 1399 voto
1039 1381 1134 1402 κωφὴ

370 1365 378 1373 υ

303 1410 375 1427 tribuant
387 1410 465 1425 lit-mnam
476 1415 509 1424 <um
521 1415 537 1424 w
549 1410 646 1425 mesmmh,
954 1409 1001 1428 1217,
1013 1407 1052 1426 lan.

357 1440 393 1452 Ilun,
403 1439 429 1452 ll!
439 1439 471 1455 Ray,
484 1439 511 1451 Vm!-
521 1439 533 1453 Ι,
546 1440 564 1454 Μ,
575 1441 598 1453 ⁴2¹1v
610 1439 635 1452 L1l1
651 1439 662 1454 Ι,
673 1440 706 1452 [1170
1028 1406 1201 1474 Ἀ

359 1461 424 1474 Pomone.
436 1461 463 1475 lsmf
481 1462 515 1473 ῑι;,·,·
1007 1470 1019 1472 Α

385 1522 477 1539 μημιιμιψιυω
491 1522 502 1534 1:
548 1523 557 1533 ¹,
568 1522 628 1535 *mmm-1
640 1522 653 1535 n
