4448 6420
292 403 353 472 238
881 393 928 454 m
946 391 1102 453 HONORII
1120 391 1161 452 111
1178 392 1358 454 REGISTRO

398 576 439 642 In
462 575 603 644 eundem
625 574 757 641 modum
788 574 947 662 scriptum
976 577 1028 638 est
1051 619 1059 634 .
1082 619 1090 634 .
1114 571 1311 637 Zurinensi¹
1339 579 1373 637 et
1398 620 1406 635 .
1430 621 1438 636 .
1461 568 1754 660 Racheburgensi²
1780 573 1943 662 episcopis

290 704 349 771 pro
372 681 535 746 universis
558 678 794 765 crucesignatis
817 676 1069 743 Lubicensibus.

398 800 477 868 Dat.
498 800 652 866 Lateran.
675 798 757 864 XVI
778 797 854 864 Kal.
877 796 1125 863 Decembris³⁸.

398 922 438 986 In
460 920 600 987 cundem
630 919 763 984 modum
796 917 953 1004 scriptum
983 923 1035 983 cst
1068 965 1107 981 ..
1140 915 1398 1003 archiepiscopo,
1433 969 1441 985 .
1467 965 1475 980 .
1508 917 1675 1003 preposito
1699 919 1814 982 maiori
1838 925 1871 983 et
1903 969 1943 985 ..

291 1024 416 1090 decano
441 1023 635 1090 Sanctorum
658 1023 892 1109 Apostolorum
916 1020 1161 1086 coloniensium
1188 1041 1246 1106 pro
1270 1021 1396 1085 clericis
1420 1021 1654 1104 crucesignatis
1678 1021 1820 1085 civitatis
1845 1021 1941 1086 Colo·
1996 1048 2007 1083 a

291 1128 426 1193 niensis.

399 1249 475 1317 Dat.
498 1249 651 1314 Lateran.
673 1247 788 1312 Idibus
810 1245 1018 1312 Novembris.

1073 1816 1160 1890 315.

408 1933 596 2027 Honorius
618 1959 685 2024 ΙΙΙ
705 1979 792 2041 papa
819 1958 958 2024 scabinis
983 1961 1013 2021 ct
1032 1958 1151 2040 populo
1182 1956 1360 2022 Coloniensi
1385 1957 1557 2035 libertates,
1585 1957 1797 2022 immanitates
1822 1961 1851 2022 et
1877 1977 1947 2022 corr-

293 2063 472 2130 suetadirtcs
492 2064 533 2128 ab
554 2063 795 2144 imperatoribus
816 2066 846 2126 et
864 2059 1063 2142 principibus
1083 2060 1204 2125 ciuitati
1224 2081 1329 2124 (torrem
1350 2079 1508 2124 concessos
1530 2063 1704 2142 coufirmat.

1587 2185 1681 2265 1226,
1704 2182 1782 2251 Noc.
1808 2188 1858 2250 14.
2001 2219 2024 2256 10

396 2268 471 2322 Hcs.
491 2271 545 2323 ΙΙΙ
559 2268 628 2338 ch.
650 2269 709 2323 Vol.
733 2267 850 2338 V,‚148‚·
868 2265 930 2320 Lib.
949 2266 1006 2330 XI,
1025 2269 1089 2320 375.

396 2354 533 2419 Pottltcot,
551 2354 622 2426 ch.
642 2357 725 2409 7609.

620 2566 820 2643 Scabinis
848 2572 891 2641 et
915 2566 1124 2641 universo
1151 2565 1316 2656 populo
1343 2562 1613 2642 Coloniensi.

402 2718 510 2785 Prone
534 2719 718 2786 devotionis
741 2725 911 2805 promptus
934 2718 1088 2798 affectus,
1117 2738 1214 2803 quam
1237 2738 1316 2803 erga
1337 2717 1520 2782 Romanam
1543 2716 1718 2781 eeclesiam
1740 2716 1949 2784 laudabiliter

294 2821 423 2906 geritis,
457 2844 522 2888 non
551 2822 684 2908 indigne
711 2826 871 2903 meretur,
905 2828 942 2886 ut
969 2843 1027 2886 vos
1060 2817 1217 2907 specialib
1246 2820 1353 2906 gretia
1382 2819 1469 2885 sedis
1498 2821 1679 2907 apostolice
1709 2827 1947 2908 prosequentes
2002 2858 2025 2894 n

295 2925 433 3007 vestris,
457 2931 613 3010 quantum
638 2947 711 2990 cum
734 2924 807 2990 Deo
831 2946 1022 3012 possumus,
1046 2923 1199 3011 precibus
1221 2945 1412 2991 annuamus.
1456 2924 1655 3012 Eapropter,
1687 2924 1796 2990 dilecti
1820 2925 1853 2988 in
1875 2924 1948 2989 Deo

295 3026 367 3108 filii,
396 3049 516 3114 usque:
546 3048 699 3110 assensu,
730 3027 902 3093 libertates
926 3034 959 3093 et
982 3028 1204 3092 immunitates
1227 3029 1377 3113 antiquas
1401 3035 1435 3093 et
1456 3028 1670 3093 rationabiles
1694 3028 1948 3094 consuetudines

293 3128 336 3193 ab
359 3130 629 3217 imperatoribus,
661 3133 864 3220 principibus
893 3134 948 3198 vel
974 3133 1048 3197 aliis
1071 3133 1233 3218 legittime
1255 3133 1349 3198 vobis
1381 3139 1416 3197 et
1438 3133 1563 3198 civitati
1585 3140 1693 3198 vestre
1717 3155 1891 3199 concessas
1915 3139 1949 3198 et

295 3231 453 3299 hactenus
487 3236 698 3318 observatas,
735 3244 822 3302 ratas
857 3235 1018 3302 habemus
1053 3242 1087 3302 et
1120 3257 1177 3302 eas
1210 3237 1405 3302 auctoritate
1441 3237 1620 3323 apostolica
1654 3236 1882 3301 confirmamus
1915 3242 1950 3301 et

294 3338 458 3420 presentis
481 3339 593 3426 scripti
615 3341 795 3427 patrocinio
819 3340 1065 3406 communimus.
1110 3339 1200 3406 Nulli
1222 3361 1300 3426 ergo
1324 3376 1375 3406 -.
1421 3339 1456 3404 Si
1480 3340 1552 3424 quis
1575 3377 1626 3404 —.
2001 3377 2027 3411 20

401 3473 477 3539 Dat.
499 3475 654 3545 Lateran.
676 3475 793 3542 XVIII
816 3475 892 3544 Kal.
914 3475 1121 3558 DecembriS,
1143 3498 1227 3542 anno
1250 3477 1310 3542 XI.

917 3774 1328 3782 ————--—--——--—

1082 4053 1168 4125 316.

405 4162 593 4256 Honoras
615 4191 682 4257 ΙΙΙ
699 4211 788 4273 popo
819 4193 1041 4276 crucesignatis
1063 4191 1288 4256 Lubiccnsibus
1317 4191 1396 4257 idem
1418 4195 1511 4274 atqrrc
1536 4192 1770 4258 Goloaimsibus
1799 4195 1950 4275 concedit;

294 4294 333 4398 os.
356 4314 389 4362 rc.
411 4296 485 4361 312.
1593 4315 1686 4392 1226,
1708 4314 1786 4381 Noc.
1812 4318 1863 4379 16.

397 4430 471 4484 Hoc.
491 4429 545 4482 111
553 4425 629 4500 Res.
647 4427 711 4482 Lib.
730 4427 786 4493 XI,
806 4431 868 4482 381.

397 4515 532 4580 Portant,
551 4515 621 4584 Rep.
641 4517 725 4568 7607.

652 4727 884 4802 Universis
910 4727 1231 4821 crucesignatis
1257 4730 1597 4806 Lubicensibus

402 4878 620 4944 Sacrosancta
642 4884 703 4944 eto.
727 4898 846 4963 usque:
876 4878 1062 4946 confovere.
1107 4878 1189 4945 (lum
1218 4880 1319 4966 igitur
1346 4881 1419 4947 zelo
1441 4880 1519 4946 fidei
1547 4902 1669 4968 usque:
1703 4881 1949 4967 communimus,

294 4987 475 5048 statuentes
499 4987 560 5047 etc.
605 4981 696 5048 Nulli
720 5002 799 5067 ergo
824 5018 875 5045 -.
922 4981 957 5048 si
982 4983 1054 5069 quis
1077 5020 1128 5049 -.

403 5118 478 5184 Dat.
501 5117 656 5185 Lateran.
682 5118 766 5184 XVI
788 5118 865 5187 Kal.
888 5119 1092 5202 Decembris,
1116 5142 1201 5187 anno
1224 5122 1407 5189 undecimo.

397 5446 421 5515 Ι)
440 5449 590 5502 Novembris
609 5449 645 5511 11,-
662 5451 696 5516 cs.
714 5467 740 5500 rr.
759 5452 816 5502 316.
897 5448 921 5517 b)
940 5453 1058 5518 specialis
1076 5451 1109 5505 R.
2003 5485 2028 5521 30

395 5601 420 5669 1)
438 5599 618 5658 Brunwarrlc
636 5602 807 5658 sumserat,
906 5603 933 5672 2)
953 5604 1075 5659 Henrioc
1093 5605 1310 5674 Baretaryenm'.
1410 5606 1438 5672 3)
1456 5605 1493 5673 es.
1513 5605 1649 5661 Metlmb.
1674 5605 1755 5661 u-B.
1773 5610 1792 5661 t.
1812 5607 1864 5670 IV,
1884 5609 1948 5672 198,

290 5705 317 5743 a.
336 5690 415 5752 2661,
433 5687 483 5742 ubi
501 5690 603 5759 legitur
621 5691 673 5744 sub
691 5690 762 5744 Noc.
781 5691 824 5743 13.
