4494 6426
1001 385 1048 440 EX
1067 383 1224 442 HONORII
1242 383 1282 437 ΙΙΙ
1302 383 1482 438 auulsuno

1200 651 1283 724 109.

524 766 713 860 Honorius
735 793 802 859 III
818 815 906 874 papa
919 793 1154 858 Alemanelrinis
1177 792 1292 870 scribit,
1315 812 1347 854 sc
1368 792 1522 855 stistinere
1543 791 1758 871 adpraesens
1776 811 1836 870 pro
1859 811 1964 853 eorum
1984 812 2069 870 paee,

415 897 497 979 qnod
528 898 693 964 Friderieo
725 896 939 962 Romanorum
971 898 1047 979 repi,
1082 898 1111 960 si
1140 896 1180 960 ab
1214 895 1281 976 'ipse
1310 894 1437 979 fuerint
1468 893 1629 974 requisiti,
1663 894 1874 958 iuramentum
1904 893 2069 974 fidelitatis

410 1006 583 1086 praestent,
606 1001 705 1068 salon
726 1007 831 1065 tanmn
852 1002 888 1066 in
910 1001 1052 1066 omnibus
1072 1001 1224 1083 fidelitate
1245 1021 1283 1064 ac
1303 998 1373 1063 inre
1395 996 1556 1062 Romanae
1578 997 1729 1064 ecclesiae.

1707 1105 1801 1179 1219,
1823 1102 1906 1185 Aug.
1928 1107 1981 1169 30.

518 1223 961 1292 non.1111ap.nte.1r,555.
996 1222 1116 1277 Edimus
1133 1223 1356 1292 bancepistolam
1372 1239 1406 1276 ex
1421 1221 1593 1292 Rapnatnn.
1611 1221 1671 1275 cccl.
1689 1237 1716 1276 a.
1729 1225 1804 1286 1219,
1822 1225 1896 1290 §ab
1914 1225 2069 1292 suppletam
2120 1229 2132 1264 δ

414 1316 503 1364 terrun
521 1327 556 1363 ece
575 1309 690 1372 Gbiliui,
709 1311 814 1363 Annali
831 1309 861 1363 eli
880 1309 1063 1364 Aleeemidria
1077 1326 1105 1378 p.
1124 1313 1170 1362 27.

517 1395 652 1461 Pottbast,
672 1396 742 1466 Rep.
762 1399 838 1450 6118.

828 1573 1059 1648 Potestati
1086 1578 1127 1646 et
1153 1572 1322 1664 populo
1349 1570 1664 1647 Alexandrina.

524 1723 720 1789 Deuotionis
751 1730 861 1789 vestre
894 1724 1021 1788 litteras
1054 1730 1192 1809 paterna
1230 1722 1434 1807 benignitate
1476 1723 1659 1809 recepimus
1699 1729 1733 1788 et
1760 1727 1884 1788 'earum
1920 1732 2068 1788 tenorem

416 1828 645 1914 perspeximus
668 1826 862 1913 diligenter,
886 1827 1079 1892 fidelitatem
1101 1834 1242 1892 vestram
1265 1827 1372 1911 dignis
1395 1827 1429 1891 in
1451 1826 1592 1890 Domine
1616 1826 1767 1892 laudibus
1791 1826 2068 1906 commendantes,
2122 1847 2145 1883 10

417 1930 503 2017 quod
525 1952 584 1995 vos
601 1937 755 2016 tanquam
778 1930 889 1996 devoti
912 1938 945 1996 et
967 1930 1081 1996 fideles
1105 1932 1245 1997 ecclesie
1261 1931 1410 1995 Romane
1427 1930 1492 1996 filii
1516 1930 1738 1994 committatis.
1778 1929 1885 2016 Super
1907 1952 1947 1994 eo
1971 1930 2071 2015 igitur

415 2032 502 2114 quod
525 2040 635 2098 nostre
658 2034 835 2099 voluntatis
864 2034 947 2098 scire
976 2034 1219 2119 beneplacitum
1253 2034 1409 2120 petiistis,
1442 2040 1551 2097 utrum
1575 2032 1729 2098 videlieet
1752 2054 1811 2097 ves
1834 2033 1972 2098 velimus
1996 2055 2070 2097 cum

415 2136 488 2200 aliis
515 2138 628 2202 amieis
651 2139 769 2203 vestris
801 2137 842 2202 de
869 2136 1069 2202 Lombardia
1097 2137 1265 2201 carissimo
1293 2137 1326 2200 in
1351 2135 1483 2200 Christo
1510 2135 1576 2200 filio
1606 2143 1718 2200 nostre
1741 2135 1919 2201 Frederieo
1950 2136 2071 2200 illustri

416 2240 486 2326 regi
509 2240 620 2306 Sicilie
643 2240 677 2306 in
698 2240 920 2306 Romanorum
943 2241 1175 2326 imperatorem
1199 2241 1305 2306 electo
1336 2239 1500 2305 fidelitatis
1537 2240 1754 2304 iuramentum
1775 2245 1940 2326 prestare,
1971 2240 2000 2303 si
2030 2240 2070 2304 ab

416 2366 455 2410 eo
477 2344 605 2408 fueritis
629 2345 794 2429 requisiti,
822 2344 917 2409 vobis
944 2343 1097 2408 duximus
1120 2344 1328 2430 presentibus
1352 2342 1581 2423 intimandum,
1613 2343 1699 2429 quod
1729 2343 1756 2406 si
1779 2343 1836 2407 alii
1859 2343 1947 2408 cives
1969 2341 2069 2406 Lom-

414 2447 527 2512 bardie
555 2446 642 2512 dicto
676 2448 747 2532 regi
777 2447 944 2512 fidelitatis
971 2448 1176 2532 prostiterint
1204 2447 1401 2527 iuramenta,
1433 2446 1632 2510 sustinemus
1661 2445 1702 2509 ad
1735 2467 1870 2532 presens
1900 2467 1958 2532 pro
1989 2467 2071 2531 paee

415 2556 535 2632 vestra,
557 2557 595 2614 ut
617 2551 645 2615 si
667 2552 709 2616 ab
733 2552 806 2637 ipso
827 2549 955 2614 fueritis
977 2549 1134 2635 requisiti,
1158 2550 1275 2614 iuretis
1296 2550 1413 2630 eidem,
1438 2548 1537 2612 salvis
1558 2555 1668 2613 tamen
1691 2549 1724 2613 in
1745 2549 1897 2614 omnibus
1912 2547 2071 2612 fidelitate

416 2675 454 2718 ae
477 2654 547 2718 iure
572 2661 781 2719 sacrosancte
803 2654 951 2719 Romane
975 2655 1115 2718 ecelesia
1138 2653 1252 2717 matris
1276 2658 1395 2718 vestre.

523 2755 599 2822 Dat.
622 2755 737 2838 Reate,
761 2754 813 2820 III
836 2754 912 2821 Kal.
936 2755 1105 2842 Septemb.
1127 2755 1336 2842 pontificatus
1360 2754 1464 2821 nostri
1487 2775 1572 2819 anno
1595 2762 1720 2840 quarto.

1201 3227 1284 3299 103.

522 3338 725 3432 Faunus
755 3363 969 3428 &manorum
1002 3385 1058 3428 rea
1085 3366 1227 3430 ominibus
1259 3367 1295 3430 in
1328 3365 1457 3446 imperio
1490 3368 1520 3430 ct
1553 3365 1589 3428 iu
1616 3385 1710 3448 repne
1736 3365 1866 3431 Siciliae
1897 3363 2075 3428 constitutis

415 3469 539 3546 scribit,
570 3488 602 3533 se
625 3467 805 3548 Spoletanis
832 3471 861 3532 et
882 3465 1136 3546 Narniensibus,
1168 3469 1224 3550 qui
1253 3473 1361 3533 caetra
1382 3487 1537 3532 summum
1556 3469 1731 3550 pontificem
1752 3469 1869 3551 eripere
1895 3467 2075 3531 calcaneum

415 3570 680 3652 attempmoerint,
722 3569 904 3648 mandasse,
944 3575 980 3634 nt
1010 3571 1108 3635 eidem
1144 3571 1331 3649 intendant;
1371 3572 1514 3652 alioquin
1540 3572 1622 3652 poni
1652 3561 1768 3651 faceret
1805 3589 1855 3634 eos
1889 3571 1927 3633 in
1959 3569 2074 3632 muno.

415 3674 564 3757 Iniunpit
584 3673 727 3738 omnibsus
746 3673 893 3755 fidelibus
913 3674 994 3752 suis,
1024 3678 1060 3737 ut
1087 3675 1117 3738 si
1145 3673 1240 3738 iidem
1268 3673 1389 3739 obedire
1411 3675 1619 3758 neptenerint,
1652 3677 1717 3738 tam
1732 3692 1888 3753 personas
1908 3691 2004 3753 quam
2025 3688 2076 3734 res

414 3799 520 3844 eorum
540 3779 676 3860 cupiant.
1634 3781 1729 3861 1219,
1751 3775 1981 3860 Aua-ceper

520 3898 594 3952 Hom.
612 3897 671 3950 III
685 3896 752 3966 Rep.
776 3896 832 3951 Vol.
850 3897 894 3964 ΙΙ,
912 3903 982 3961 138,·
1001 3897 1064 3952 Lib.
1084 3897 1136 3963 IV,
1157 3901 1219 3952 593.

519 3983 610 4038 Ede
632 3981 755 4050 lbeiuer,
775 3981 839 4037 Geel.
857 3984 925 4055 dipl.
943 3984 1011 4038 dom.
1029 3987 1107 4053 ternp.
1125 4002 1147 4040 s.
1165 3983 1219 4038 sed.
1239 3983 1265 4052 1,
1281 3999 1312 4052 p.
1329 3987 1372 4048 49,
1390 4000 1417 4038 n.
1438 3988 1482 4039 70.

1039 4211 1450 4219 ——..—-—-——

1214 4437 1297 4512 104.

526 4547 729 4640 blidenus
760 4572 974 4638 Romanorum
1014 4595 1071 4638 rea·
1107 4573 1245 4640 Honorii
1275 4577 1339 4640 III
1370 4597 1474 4656 pupae
1511 4576 1625 4639 litteris
1654 4596 1715 4656 par
1743 4576 1931 4641 Aletrinnm
1965 4578 2076 4643 allatis

419 4677 583 4758 respondet
612 4697 706 4757 super
727 4675 913 4758 quibasdam
941 4677 1103 4754 articulis,
1134 4679 1170 4742 dc
1197 4680 1309 4760 quibus
1335 4679 1422 4759 apreel
1446 4679 1604 4743 ecclesiam
1625 4678 1803 4743 Romanam
1832 4679 2014 4758 notabatur,
2047 4685 2076 4745 et

419 4781 550 4843 neritiat
578 4798 610 4843 sc
632 4799 693 4860 per
721 4778 780 4842 bas
811 4778 933 4842 litteras
962 4781 1120 4844 uniuersis
1147 4786 1251 4845 notum
1282 4801 1346 4846 esse
1372 4781 1462 4858 aelle,
1489 4781 1572 4862 quod
1597 4801 1701 4845 omnies
1722 4776 1929 4846 concessimus
1949 4803 2026 4847 suas
2047 4788 2076 4848 et

420 4881 503 4947 dona
526 4885 591 4944 tam
612 4880 649 4945 da
674 4880 790 4944 ducatu
805 4880 924 4960 Spoleti
945 4885 973 4944 et
995 4885 1081 4946 terra
1101 4885 1275 4949 comitissae
1290 4883 1462 4948 Matbildis
1483 4905 1577 4966 priam
1599 4884 1636 4949 ele
1658 4884 1761 4949 sanni
1776 4883 1866 4948 Petri
1883 4885 2077 4965 patrimonio
2127 4911 2153 4951 ao

414 4983 507 5070 facta
528 4983 655 5048 duxerit
676 4983 849 5047 irritanda.
1731 4989 1825 5069 1219,
1849 4987 1933 5070 Sept.
1958 4992 1988 5052 6.

523 5106 596 5160 Hon.
616 5106 674 5159 III
688 5105 754 5174 Rep.
779 5103 890 5171 Volll,
909 5109 971 5169 130,
991 5109 1058 5172 1315
1075 5105 1137 5159 Lib.
1157 5107 1176 5159 1
1182 5107 1210 5175 V,
1230 5112 1292 5161 572.

525 5193 580 5246 Ed.
599 5209 618 5246 a
641 5192 837 5255 Winlelmann,
856 5193 917 5246 Act.
936 5192 1006 5261 Imp.
1024 5192 1097 5246 inea.
1114 5209 1142 5260 p.
1160 5197 1219 5254 145,
1237 5209 1264 5247 n.
1284 5197 1344 5247 167.

524 5327 656 5333 ——..-...-
664 5327 754 5332 -.——.-
788 5327 812 5333 .-
828 5327 874 5334 --..
886 5328 1026 5332 ---.----.
1039 5329 1062 5333 -.
1080 5329 1112 5333 1--
1136 5331 1138 5333 .
1171 5329 1182 5333 ..
1220 5329 1228 5332 -
1243 5330 1252 5332 ..
1288 5330 1309 5334 ...
1319 5331 1359 5334 ...-
1381 5330 1384 5334 ,
1405 5330 1410 5332 .
1430 5330 1448 5333 -.
1463 5329 1516 5333 -.ἡ
1528 5328 1641 5334 ψ-...ῌ

523 5425 549 5491 1)
568 5423 626 5477 Pro
644 5427 777 5492 corrupta
794 5429 861 5476 uota
879 5423 1071 5491 ebrormlopiea
1092 5424 1177 5479 buius
1205 5425 1351 5493 epistolae:
1375 5425 1450 5495 apud
1469 5425 1629 5495 Hagenowe
1646 5424 1764 5479 XXVIII
1787 5425 1884 5479 indict.
1916 5425 2033 5479 Tbeiaer
2054 5432 2080 5480 et

419 5509 665 5575 Bbbmer-Ficlcer,
685 5511 752 5579 Rep.
771 5510 842 5578 Imp.
861 5511 942 5564 mia.
960 5511 1009 5574 ΙΙ,
1033 5527 1060 5563 n.
1086 5514 1160 5564 1095
1185 5511 1303 5564 XXVIII
1328 5511 1405 5564 Febr.
1424 5511 1492 5564 VIII
1510 5510 1567 5564 ind.
1586 5511 1770 5580 coniecerunt,
1794 5511 1867 5581 quael
1884 5527 1945 5564 cum
1962 5513 1991 5564 in
2010 5511 2080 5580 Rep.

418 5598 491 5652 inter
509 5597 642 5666 epistolas
654 5597 753 5651 mensis
764 5596 880 5650 Nou-a.
900 5599 969 5649 1219
985 5597 1051 5650 baec
1063 5597 1180 5667 legatur,
1197 5597 1289 5650 minus
1304 5597 1447 5666 probabile
1465 5603 1518 5661 est;
1537 5599 1616 5650 inuria
1635 5597 1665 5650 in
1676 5598 1756 5651 curia
1766 5597 1947 5665 Aua-sept.
1966 5613 1992 5650 a.
2010 5603 2081 5651 1219

419 5683 496 5753 apud
508 5683 668 5751 Hapenowe
680 5681 777 5736 babila
792 5683 898 5751 scripta
915 5697 971 5736 esse
984 5682 1101 5737 videtur.
1137 5683 1181 5752 (Is.
1195 5683 1494 5747 limitaret-Brittones,
1514 5681 1589 5737 Hiet.
1605 5683 1672 5752 dipl.
1684 5682 1767 5737 neta.
1780 5683 1824 5753 11,
1847 5683 1919 5737 Tora.
1929 5682 1955 5746 1,
1971 5699 1999 5754 p.
2015 5687 2079 5738 675.
