4560 6420
776 395 976 456 EPIS'IOLAE
993 396 1183 456 subacuta.
1221 399 1296 454 124¹.

651 758 659 774 .
689 758 697 773 .
726 699 1061 792 archiepiscopo
1090 699 1408 792 strigoniensi.

318 848 435 916 Virum
459 850 638 916 secundum
662 871 720 914 cor
741 858 888 913 nostrum
918 858 951 915 te
975 851 1140 915 invenisse
1165 851 1339 915 credentes
1363 872 1401 916 ao
1424 851 1519 916 letari
1543 873 1642 938 posse
1667 855 1700 919 in
1722 859 1756 919 ts
1781 860 1864 919 tam-

210 976 306 1041 quam
330 957 364 1018 in
387 954 534 1020 Romane
556 954 696 1020 ecclesie
712 954 779 1018 filio
796 955 942 1039 speciali,
968 954 1229 1038 Strigonieusem
1246 956 1430 1032 ecclesiam,
1454 956 1564 1020 nobile
1580 956 1710 1041 quidem
1727 959 1866 1023 ecclesie

202 1058 275 1123 'Dei
306 1058 503 1138 membrum,
537 1058 596 1122 tibi
621 1057 818 1122 fiducialiter
848 1056 1001 1120 duximus
1034 1057 1320 1140 committendam,
1357 1067 1529 1146 sperantes
1558 1045 1645 1145 quod
1677 1061 1711 1124 iu
1739 1067 1867 1147 partem

213 1161 441 1226 sollicitudinis
465 1168 621 1225 evocatus
646 1162 691 1224 sie
714 1160 886 1224 nobiscum
903 1160 1078 1242 ingruente
1095 1163 1294 1226 necessitate
1311 1185 1411 1227 onera
1426 1165 1606 1249 partireris,
1630 1162 1716 1250 quod
1734 1164 1866 1247 gloriari

209 1286 381 1351 possemus
410 1285 469 1327 nos
499 1265 595 1328 vinee
625 1263 746 1327 domini
776 1263 921 1326 Sabaoth
951 1264 1128 1349 prefecisse
1162 1266 1319 1330 cultorem
1356 1267 1469 1331 utilem
1497 1275 1530 1331 et
1558 1268 1654 1332 nobis
1684 1267 1866 1331 adiutorem

209 1368 364 1432 idoneum
387 1369 615 1454 assumpsisse.
663 1369 738 1447 Set,
761 1367 848 1451 quod
871 1389 936 1432 nou
960 1369 1031 1432 sine
1053 1369 1240 1433 turbatione
1263 1369 1452 1450 referimus,
1475 1371 1592 1435 vulnus
1615 1372 1657 1434 ab
1680 1370 1775 1434 hoste
1800 1392 1866 1434 non

211 1479 386 1558 expectato
410 1471 565 1550 serentes,
589 1472 623 1534 in
646 1470 798 1535 instantis
822 1471 1031 1534 necessitatis
1055 1471 1194 1534 articulo
1213 1471 1321 1536 eidem
1335 1473 1475 1537 ecclesie
1491 1475 1588 1536 matri
1600 1480 1657 1537 tue
1672 1474 1866 1558 obsequium

211 1583 267 1641 tue
291 1577 475 1642 devotionis
500 1575 674 1656 subducis,
705 1597 725 1638 a
756 1575 847 1638 cuius
877 1576 1012 1638 caritate
1043 1576 1230 1660 persecutio
1255 1577 1345 1639 nulla
1368 1576 1421 1639 vel
1444 1575 1587 1660 gladius,
1620 1577 1787 1662 presentia
1815 1575 1867 1640 vel

211 1680 321 1745 futura
343 1687 375 1745 te
400 1680 560 1744 deberent
583 1679 790 1763 aliquatenus
813 1700 975 1763 separare.
1028 1678 1123 1743 Licet
1151 1681 1251 1764 igitur
1278 1701 1378 1765 super
1407 1681 1618 1744 excusatione
1650 1689 1706 1745 tua
1736 1680 1778 1744 de
1801 1701 1867 1743 nou

212 1784 374 1848 veniendo
398 1783 439 1846 ad
463 1783 636 1846 concilium
660 1781 782 1845 dudum
804 1780 962 1866 quasdam
984 1782 1079 1846 nobis
1100 1784 1228 1846 litteras
1252 1782 1437 1860 destinaris,
1461 1790 1495 1847 et
1517 1805 1577 1846 nos
1601 1783 1660 1847 tibi
1684 1805 1782 1870 super
1804 1783 1867 1847 hoc

210 1895 308 1973 prout
331 1886 489 1972 expedIre
514 1885 652 1949 vidimus
676 1884 866 1948 duxerimus
885 1885 1167 1971 respondendum:
1198 1888 1272 1971 qnia
1300 1893 1410 1949 tamen
1434 1885 1550 1950 eadem
1573 1907 1679 1973 nuper
1701 1909 1761 1973 per
1783 1887 1864 1951 alias

210 1992 338 2055 litteras
363 1998 435 2054 tuns
452 1992 573 2054 nostris
590 1988 722 2052 auribus
746 1989 927 2070 inculcasti,
951 1990 1108 2073 quasdam
1132 1990 1342 2055 difficultates
1366 1990 1548 2054 striarum
1572 1992 1719 2076 pericula
1741 1992 1774 2055 iu
1799 1993 1866 2055 eis-

211 2095 286 2160 dem
310 2096 429 2160 litteris
454 2094 686 2180 exprimendo,
711 2115 785 2156 curn
808 2094 869 2156 iam
893 2115 953 2180 per
975 2094 1040 2158 Dei
1062 2097 1200 2178 gratiam
1225 2095 1271 2157 ita
1293 2093 1333 2157 dc
1357 2095 1424 2171 via,
1448 2103 1569 2179 quatu
1594 2095 1706 2159 etalii
1730 2101 1800 2158 tute
1825 2094 1866 2158 ad

147 2209 158 2244 ⁵
212 2199 325 2263 sedem
348 2200 562 2284 apostolicam
586 2199 698 2262 venire
729 2197 880 2281 possitis,
911 2217 1054 2281 congrue
1084 2198 1125 2260 sit
1152 2199 1335 2283 provisum,
1363 2197 1539 2284 quodfper
1567 2199 1639 2262 loca
1668 2198 1866 2262 discriminis

211 2324 270 2366 seu
294 2311 398 2366 terras
422 2303 628 2365 inimicorum
653 2301 794 2364 ecclesie
818 2322 877 2363 vos
900 2299 1023 2364 habere
1048 2301 1222 2363 transitum
1250 2302 1436 2364 nullatenus
1467 2302 1649 2386 oportebit,
1680 2324 1780 2388 super
1803 2325 1866 2388 quo

210 2428 269 2492 per
292 2406 422 2469 nuntios
446 2414 578 2470 nostros
599 2407 696 2491 plene
726 2405 876 2491 poteritis
905 2404 1052 2484 edoceri,
1082 2405 1232 2467 volumus
1263 2411 1296 2467 ct
1318 2426 1376 2489 per
1399 2406 1581 2490 apostolica
1605 2405 1664 2468 tibi
1688 2408 1811 2491 scripta
1833 2408 1865 2470 iu

206 2511 326 2573 virtuts
351 2509 539 2574 obedientie
563 2509 771 2588 mandamus,
801 2509 954 2594 quatinus
986 2509 1079 2572 iuxta
1101 2508 1196 2592 primi
1220 2508 1363 2572 mandati
1387 2510 1491 2572 nostri
1514 2516 1662 2573 tenorem
1686 2512 1799 2574 venire
1825 2510 1867 2573 ad

211 2614 386 2676 concilium
411 2635 476 2676 non
498 2621 688 2698 postponas.

133 2740 159 2777 2¹⁰
318 2733 395 2797 Dat.
418 2733 572 2798 Lateran.
595 2733 664 2796 IIII
688 2732 762 2796 Kal.
787 2733 907 2812 Martii,
931 2752 1016 2794 anno
1040 2731 1151 2794 XIIII.
1188 2756 1191 2762 ·

829 2973 1240 2981 *ww—a..-

993 3239 1080 3312 805.

318 3337 509 3444 Gregorius
532 3361 587 3426 IX
605 3384 692 3442 papa
707 3363 898 3446 [Gnillctnro
921 3363 1044 3445 Srrrdo]
1063 3365 1211 3442 potestati
1232 3369 1261 3426 et
1282 3364 1412 3428 consilio
1432 3363 1643 3427 lanrmnsinm
1664 3363 1808 3442 maridat,
1830 3369 1866 3428 nt

209 3487 277 3530 enin
299 3465 468 3551 [Ia-colare]
490 3465 649 3545 cpr‘scopns
664 3466 895 3530 Pracncstnrns
917 3471 945 3528 et
967 3466 1072 3551 Oltto]
1094 3467 1246 3531 ‹tinctona-a
1268 3467 1445 3530 cardinatis
1467 3487 1536 3530 cerni
1552 3467 1710 3546 praelatis
1732 3467 1776 3530 ad
1796 3487 1866 3530 con-

209 3572 317 3635 ciliant
343 3569 587 3650 properantibus
618 3570 684 3632 iam
713 3570 801 3650 rqind
828 3569 1018 3652 Lugdunum
1046 3573 1257 3649 convenerint,
1292 3572 1336 3636 ad
1363 3574 1474 3649 lacurn,
1506 3570 1588 3632 rrrrrlc
1616 3571 1771 3632 transitus
1797 3573 1866 3649 fiat,

209 3695 305 3738 nares
322 3679 460 3754 paratas
482 3673 645 3737 destinent.
1491 3676 1584 3750 1241,
1607 3694 1631 3736 c.
1656 3671 1778 3736 Mart.¹

130 3813 156 3852 25
316 3792 400 3864 Grcg.
420 3794 469 3846 IX
487 3793 555 3861 ch.
579 3793 636 3847 roc
661 3795 727 3862 VII,
747 3797 797 3861 59;
814 3796 844 3846 in
863 3793 1014 3863 appendice
1031 3795 1082 3847 snb
1099 3811 1126 3846 n.
1149 3797 1200 3846 781
1218 3799 1424 3846 conrrnemorata
1438 3795 1504 3863 post
1520 3810 1546 3846 n.
1568 3795 1626 3846 791.

584 4047 593 4064 .
623 4048 632 4064 .
660 3992 879 4083 potestati
908 3997 950 4064 et
977 3989 1164 4063 consilio
1194 3990 1492 4064 Ianuensium.

317 4139 568 4218 Intelleximus,
602 4139 689 4225 quod
712 4141 913 4204 venerabilis
937 4141 1038 4205 frater
1062 4188 1095 4202 ..
1120 4139 1295 4225 episeopus
1319 4139 1534 4205 Penestriuus
1559 4146 1593 4204 et
1614 4139 1755 4203 dilectus
1778 4140 1864 4203 iilius

208 4249 323 4306 nostor
346 4243 385 4306 Ο.
410 4243 522 4307 Sancti
546 4244 674 4307 Nicolai
704 4245 737 4306 in
761 4243 901 4308 Carcere
926 4239 1127 4329 [Tullianolt
1159 4242 1317 4306 diaeonus
1348 4243 1537 4323 cardinalis,
1568 4244 1747 4328 apostolice
1777 4241 1864 4306 sedis

209 4347 327 4431 legati,
360 4347 448 4433 opud
471 4348 668 4432 Lugdunum
699 4369 773 4410 cum
801 4349 936 4433 prelatis
964 4347 1179 4411 eeclesiarum
1203 4347 1244 4410 de
1268 4347 1527 4411 Ultramontnnis
1551 4346 1698 4432 partibus
1722 4344 1763 4408 ad
1788 4365 1864 4408 con-

130 4479 155 4516 so
210 4451 322 4514 cilium
344 4452 597 4536 properantibus
622 4458 854 4530 convenerunt,
879 4451 919 4514 ad
935 4453 1043 4516 locum
1062 4450 1119 4514 ubi
1135 4473 1194 4536 pro
1211 4452 1355 4536 ipsorum
1371 4453 1512 4515 transitu
1530 4451 1697 4535 navigium
1715 4456 1866 4536 paratum

207 4554 307 4620 fucrit
329 4559 523 4642 quantocius
548 4557 737 4644 profecturi.
782 4556 851 4620 Nos
875 4557 975 4640 igitur
1005 4555 1045 4619 de
1075 4555 1170 4619 vobis
1198 4562 1353 4640 tanquam
1383 4557 1584 4643 specialibus
1614 4561 1648 4617 et
1674 4551 1864 4639 predilectis

208 4660 348 4724 ecclesio
372 4659 521 4725 Romane
544 4662 620 4725 filiis
644 4659 806 4724 sinceram
831 4661 864 4722 in
887 4659 1029 4724 Domino
1053 4658 1205 4723 fiduciam
1230 4659 1432 4740 obtinentes,
1457 4657 1704 4723 universitatem
1721 4662 1865 4718 vestram

208 4783 361 4846 rogamus
391 4771 425 4828 ot
455 4765 623 4828 hortamur
657 4769 781 4826 attento
815 4762 1021 4842 uraudantes,
1056 4764 1223 4847 quatinus,
1260 4763 1345 4824 sicut
1379 4762 1536 4826 honorem
1564 4761 1628 4824 Ilei
1663 4767 1696 4823 ct
1723 4760 1864 4822 ecclesio

209 4867 415 4952 gratiamque
439 4868 619 4953 apostolice
644 4868 732 4932 sedis
762 4873 794 4930 et
825 4873 969 4930 nostram
993 4866 1146 4950 diligitis,
1179 4865 1220 4928 ad
1252 4866 1473 4950 rocipIendum
1507 4868 1633 4950 legatos
1665 4871 1699 4928 et
1722 4864 1865 4952 prelatos

131 4994 156 5034 n
210 4970 343 5034 eosdem
357 4993 430 5035 cum
446 4973 613 5055 galearum
630 4980 663 5036 et
679 4993 830 5035 vasorum
848 4969 1054 5035 multitudiue
1071 4991 1242 5034 occurrere
1266 4969 1440 5046 festinetis,
1464 4968 1550 5053 quod
1567 4989 1623 5030 eos
1641 4986 1713 5028 eum
1731 4964 1865 5028 familiis

214 5081 248 5137 et
271 5074 370 5137 rebus
393 5076 590 5138 necessariis
614 5076 792 5140 eorundem
817 5075 945 5139 deferre
969 5075 1104 5161 possitis
1127 5082 1259 5138 auctore
1283 5072 1355 5136 Deo
1379 5069 1547 5135 commode
1570 5090 1608 5134 ac
1633 5091 1765 5150 secure,
1789 5089 1865 5132 nos-

208 5197 271 5260 que
296 5183 404 5242 vestro
434 5178 618 5243 dovotionis
649 5181 802 5245 allectum
830 5185 864 5242 et
886 5178 1029 5242 studium
1057 5176 1236 5242 debeamus
1265 5175 1382 5240 merito
1405 5176 1439 5238 ln
1461 5173 1603 5238 Domino
1627 5171 1865 5236 commendare.

819 5321 830 5327 ι
848 5321 949 5329 ,ο-..μ
973 5323 995 5326 -.
1015 5323 1027 5326 -
1061 5323 1067 5326 .
1093 5321 1147 5326 -.-
1164 5317 1309 5326 -........,-.
1328 5321 1334 5324 .
1348 5315 1760 5324 -—--·-.·----....---.------

313 5405 337 5466 ⁸)
354 5406 475 5456 'I'ullhmo
493 5405 561 5456 (leret
577 5407 605 5455 r'n
624 5405 655 5456 R.

315 5523 340 5588 l)
361 5525 422 5592 Quo
439 5529 558 5592 tempore
572 5525 697 5592 praelati
715 5523 881 5592 artedunum
897 5523 1083 5591 perverterint,
1100 5521 1245 5574 nesciinus.
1287 5515 1321 5571 rr
1339 5517 1410 5570 alna.
1429 5516 1492 5570 Ian.
1511 5533 1536 5571 rr.
1556 5521 1631 5579 1241,
1649 5513 1697 5568 SS.
1716 5519 1734 5567 t.
1749 5511 1865 5574 XVIII,

131 5631 159 5670 40
207 5627 238 5679 p.
257 5613 307 5662 IIII
326 5617 453 5672 nument,
471 5627 557 5662 mense
576 5611 662 5664 Mart
681 5627 765 5664 nares
784 5613 935 5662 Ionnsnses
954 5610 991 5663 ad
1009 5625 1056 5660 eos
1074 5605 1246 5674 recipiendos
1266 5605 1375 5657 bic-ianr
1391 5604 1617 5674 prosecuerant
1636 5619 1736 5669 eosque
1747 5598 1867 5669 April&

211 5699 333 5750 Ianuari
347 5695 547 5766 perducerent.
585 5697 719 5750 Fortasse
736 5695 852 5764 epistola
871 5696 963 5748 eodan
980 5695 1075 5748 dieue
1092 5709 1208 5764 sequens
1226 5692 1293 5744 arra
1311 5697 1357 5744 est.
