1298 1821
125 489 137 498 ιο

124 618 136 627 ιι

443 193 543 208 marona
552 194 648 209 saecun
667 194 705 208 1217.
968 196 985 212 11

329 264 401 283 Nobili
414 265 463 283 viro
477 265 552 283 comiti
566 265 658 284 Alberto
672 265 698 284 de
711 264 815 284 Alsatia¹.

202 302 229 319 Ab
240 302 316 324 aquilone
330 302 403 318 revelata
420 302 489 324 perfidia
501 302 585 318 succendit
600 302 658 322 ollam,
673 307 705 323 que
719 304 772 318 totas·
786 307 828 324 pene
844 307 883 319 oves
895 308 987 324 puerosque

160 328 269 349 consumpsit;
286 329 302 344 et
315 327 353 344 dum
365 327 478 348 succenditur,
493 328 627 349 persecutionum
638 328 719 349 angustiis
731 328 819 347 suscitatis,
830 328 863 344 nisi
875 328 956 345 excitatus
967 329 987 347 is.

1004 307 1024 318 1-r.
1032 308 1060 319 me.

1002 333 1025 343 nm.
1034 334 1060 346 ms.

161 354 188 375 qui
199 353 269 375 imperat
280 353 332 370 vontis
344 355 361 369 et
372 353 418 372 rnsri,
436 355 498 369 statuat
514 353 586 370 medium
602 353 674 369 fornacis
691 353 738 375 quasi
753 355 819 370 ventum
832 354 873 370 roris
887 354 958 374 flantem,
969 356 988 371 ιιι
995 354 1034 364 ’Μ’-
1043 355 1070 366 ²³³⁴*

161 379 203 400 ignis
214 379 301 395 succensio
313 379 425 400 conquiescat,
440 379 530 395 timendum
542 381 568 395 est
579 379 639 401 populo
651 379 749 399 Christiano,
761 384 781 395 ue
793 385 803 395 a
814 380 926 401 septentrione
937 380 988 396 inter-

161 406 218 426 ceptus
233 405 250 421 in
265 405 339 425 flamma,
356 405 377 421 ab
393 405 456 421 oriente
470 410 490 421 ac
504 405 571 421 meridie
587 405 690 421 inimicorum
705 405 758 421 crucis
772 405 834 421 iniuriis
846 407 953 427 provocatus,
968 406 988 422 ab

161 431 246 447 occidente
257 433 345 452 quassatus
357 431 478 452 superstitione,
489 430 570 447 bellorum
582 431 664 452 affligatur
675 431 718 447 inter
729 430 822 452 angustias,
833 433 851 447 et
862 431 932 447 afflictus
946 431 990 448 inter

161 457 245 473 molestias
256 457 364 478 angustietur.
387 456 430 473 Sane
441 462 493 478 nuper
508 456 598 478 iniquitatis
613 456 641 472 ille
655 456 698 472 filius
712 456 732 472 aad
744 456 837 478 aquilonem
848 457 903 478 posuit
913 457 989 473 thronum

162 488 213 502 suurn,
225 484 307 504 expetens
318 484 336 499 nt
348 482 436 498 cribraretb
448 482 490 498 sicut
501 482 572 498 triticum
584 482 662 503 populum
669 481 785 502 Christianum,
797 482 836 498 dum
846 482 863 498 in
874 482 942 498 circuitu
954 482 989 498 eius

161 508 223 530 paravit
239 508 306 524 insidias
322 510 339 524 et
356 508 409 530 ipsum
426 508 498 529 undique
516 507 649 529 persecutoribus
664 507 780 528 circumduxit,
796 509 813 524 et
824 510 842 524 ut
853 508 874 524 de
885 508 922 524 aliis
933 508 989 524 mundi

161 534 234 556 partibus
245 536 334 553 taceamus,
349 534 403 550 bestia
414 534 430 550 in
442 534 521 550 Livonica
533 534 600 555 regione
609 533 685 552 surrexit.
697 539 728 555 que
740 539 768 550 ore
781 535 838 555 aperto
850 533 928 550 absorbet
939 534 989 555 pluri—

161 565 201 580 mos,
213 560 276 576 habens
287 559 363 576 fiduciam
374 559 417 581 quod
428 559 503 576 Iordanis
515 559 572 576 influat
583 559 599 575 in
611 565 630 575 oa
642 559 683 578 eius,
695 561 751 576 contra
759 564 807 580 quam
816 559 840 576 sic
848 559 912 581 accingi
920 565 989 576 necesse

162 588 187 602 est
197 586 276 607 populum
288 585 403 606 Christianum,
415 585 458 607 quod
470 585 508 601 dum
519 585 540 601 sb
552 590 584 601 una
592 587 638 607 psrte
647 585 732 607 propulsat
739 585 812 605 iniurias,
824 585 845 601 ab
853 585 886 601 alis
897 587 989 607 promptum

162 611 252 633 periculum
259 616 292 627 non
300 611 377 627 incurrat*
396 611 442 627 Inter
455 616 484 627 eos
494 613 549 627 autem
558 611 585 632 qui
596 613 639 627 terre
648 611 671 627 illi
684 611 707 627 sic
715 611 776 627 afflicte
783 611 836 632 parati
848 613 886 627 sunt
897 611 990 631 subvenire,

162 639 179 653 tn
190 637 211 653 sd
222 637 352 653 subveniendum
366 637 381 653 ei
395 639 440 653 tanto
454 639 471 653 te
486 637 571 653 accinxisti
587 637 655 653 viriiiter
669 642 688 653 ac
700 638 784 658 potenter.
801 639 862 658 quanto
877 642 906 658 per
921 637 991 653 subven-

162 663 223 679 tionem
234 665 279 679 tuam
291 663 352 679 maiora
363 668 448 684 speramus
457 662 510 679 eidem
519 662 587 679 comoda
597 665 701 684 proventura⁴
718 663 780 679 Verum
792 663 835 684 quis,
847 663 890 679 sicut
900 663 933 679 tuis
942 663 990 679 nobis

162 689 220 705 litteris
232 689 320 708 intimasti.
332 691 348 705 te
360 694 390 710 pro
401 688 508 710 expeditione
520 689 565 710 regia
579 689 596 704 in
611 689 678 705 remotis
689 691 757 710 agente,
770 694 807 705 eum
819 688 839 705 sd
854 688 896 705 bone
911 689 989 704 memorie

162 713 290 736 I[nnocentium]
307 714 441 736 predecessorem
453 716 526 730 nostruin
543 714 607 730 litterae
623 714 731 734 destinasses,
746 716 763 731 ut
778 714 808 731 tibi
819 714 877 731 liceret
890 716 990 730 caracterem

163 740 215 756 crucis
226 740 301 761 accipere
316 740 377 757 volenti
391 742 449 756 contra
463 745 536 762 paganos
550 740 638 756 Livcnicos
649 740 740 762 proficisci,
754 740 808 756 medio
823 742 897 762 tempore
911 740 958 756 mnlti
969 739 989 756 de

162 766 224 782 familia
235 767 268 786 tua,
279 767 326 782 tuum
337 766 438 788 propositum
450 766 554 785 nescientes,
570 771 599 787 pro
614 766 721 782 subventione
736 768 780 782 terre
791 766 922 782 Ierosolimitsne
937 765 990 782 crucia

162 792 264 813 signaculum
278 793 380 813 receperunt.
407 791 455 807 Unde
473 797 508 807 cum
523 793 541 807 tu
555 791 663 808 familiaribus
678 792 710 808 tuis
726 797 783 808 carere
798 797 830 808 non
844 792 898 814 possis
912 797 942 808 nec
954 791 990 807 aine

162 818 202 839 ipsis
213 817 299 834 commode
310 819 366 833 votum
377 817 514 839 peregrinationis
526 817 602 839 implere.
617 823 627 833 a
641 818 688 834 nobis
703 818 786 834 humiliter
797 818 893 839 postulasti,
907 819 925 834 ut
936 817 990 833 saltim

162 843 218 860 decem
230 843 250 859 tle
263 843 326 859 familis.
336 845 364 859 tus
378 843 486 865 specialibus,
504 843 531 864 qni
549 843 595 864 quasi
612 848 650 865 psrs
666 844 690 860 tui
705 844 778 865 corporis
796 849 833 860 esse
853 843 936 863 videntur,
951 842 990 859 dare

163 869 246 885 licentiam
254 868 364 890 dignaremur,
376 871 394 885 ut
402 870 455 885 tecum
467 869 484 885 in
492 869 577 885 Livonism
589 869 658 886 transire
666 870 736 889 valeant,
748 871 786 885 voto
794 869 930 891 peregrinationis
938 869 990 886 Terre

163 894 222 911 Sancte
234 895 250 911 in
262 894 306 911 aliud
315 896 418 911 commutato.
435 894 483 911 Licet
492 897 546 911 autem
555 895 611 911 niniori
620 895 663 911 bono
671 895 740 917 proponi
748 900 780 911 non
791 895 852 912 debeat
862 895 916 911 minus
924 895 990 915 bonurn,

162 921 200 942 quia
211 922 271 941 tamen,
283 921 325 937 sicut
336 922 401 942 oportet
412 926 442 937 uns
454 926 549 937 succurrere
561 921 611 937 Terre
624 921 690 940 Sancte,
702 921 773 943 [oportet
784 920 868 943 quoquel‘,
880 923 898 937 ut
912 921 989 943 pusillum

163 951 230 968 gregem
242 946 296 968 gentis
307 946 394 965 Livonice,
410 946 436 962 cui
448 947 546 968 complacuit
557 946 638 963 Dominus
650 946 689 963 dare
700 952 773 968 regnum,
787 947 880 963 nullatenus
891 947 990 966 omittamus,

163 972 237 988 volentes
249 972 365 988 nichilominus
377 974 394 988 te
406 972 464 992 virum,
476 972 518 988 siout
528 972 593 992 dicitur,
604 973 698 989 timoratum
710 974 727 989 et
738 972 827 994 apostolice
839 972 875 988 sodi
886 972 962 988 devotum
974 972 990 988 in

163 998 195 1014 tuis
206 998 283 1020 precibus
295 997 379 1018 exaudire,
388 998 478 1014 venerabili
490 998 536 1014 fratri
547 1000 603 1014 nostro
615 1010 619 1014 .
631 1010 634 1014 ,
647 998 746 1014 Slesvicensi
758 998 847 1019 episeopo*
859 1000 876 1014 et
887 997 947 1014 dilecto
958 998 991 1014 lilio

163 1024 219 1040 abbati
230 1023 251 1040 de
259 1024 315 1040 Aurea
326 1024 380 1040 insula
391 1023 500 1040 slesvicensis
512 1023 582 1040 diocesis
587 1024 600 1044 ⁸,
612 1024 632 1040 de
641 1029 709 1045 quorum
721 1023 820 1040 discretione
832 1024 904 1045 gerimus
916 1023 991 1040 fiduciam

163 1050 259 1071 pleniorem,
270 1049 327 1066 dafnus
339 1050 399 1065 nostris
410 1049 471 1066 litteris
483 1050 499 1065 in
511 1049 597 1070 mandatis,
609 1052 626 1066 ut
636 1050 710 1071 pensatis
718 1051 735 1065 et
746 1049 854 1065 consideratis
864 1049 991 1065 circumstantiis

163 1076 225 1097 negotii
236 1075 326 1095 universis,
341 1075 355 1091 si
368 1077 411 1091 terre
423 1075 447 1091 illi
461 1075 539 1092 Livonice
554 1075 623 1092 viderint
635 1075 714 1097 expedire
725 1080 744 1091 ac
756 1075 797 1091 utile
809 1075 839 1091 tibi
850 1074 893 1094 sore,
905 1076 923 1091 ut
934 1074 991 1091 decem

163 1101 183 1117 de
195 1101 289 1117 homiuibus
300 1101 341 1121 tuis,
356 1106 424 1122 quorum
437 1101 535 1117 electionem
547 1101 587 1123 ipsis
598 1103 616 1117 ct
628 1103 656 1117 tuc
668 1100 753 1122 prudentie
769 1100 846 1116 duximus
863 1100 991 1121 relinquendam,

164 1129 217 1143 tecum
231 1129 318 1143 transeant
336 1127 356 1143 ad
374 1127 458 1143 servitium
469 1127 508 1143 Iesu
520 1127 588 1145 Christi,
603 1127 653 1143 iidem
667 1127 765 1143 auctoritate
783 1128 839 1142 nostra
855 1126 992 1148 peregrinationis

164 1154 201 1169 voto
213 1155 275 1169 mutato
287 1153 328 1175 ipsis
342 1153 415 1169 tribuant
426 1155 480 1169 tecuni
494 1153 576 1169 licentiam
591 1152 695 1171 transeundi.
711 1153 776 1174 proviso
791 1152 881 1174 prudenter
892 1157 913 1168 ne
929 1152 945 1168 in
956 1152 991 1167 elu-

165 1179 226 1195 sionem
238 1179 271 1195 voti
283 1179 328 1200 prius
340 1179 396 1195 emissi
408 1178 470 1200 aliquid
481 1180 591 1200 attemptetur.

218 1204 256 1220 Dat.
268 1205 344 1221 Lateran.
356 1205 399 1221 VIII
410 1204 447 1221 Kal.
459 1204 508 1221 Febr.
519 1204 623 1226 pontificatus
634 1204 686 1220 nostri
698 1209 740 1220 anno
751 1204 809 1225 primo.

565 1314 593 1332 14.

219 1340 314 1364 -Hmmn‘m
329 1348 361 1365 HI
371 1353 417 1369 pawn
435 1348 535 1365 Iandrmuro
552 1353 582 1367 rasis
602 1347 652 1362 ltmrm

166 1374 372 1392 &imitatae-mmm
383 1379 412 1391 ros
423 1374 442 1390 ιω
452 1379 517 1389 mamm
528 1373 616 1393 primipara
628 1377 647 1392 lv*

218 1419 501 1463 nim-1
509 1438 545 1451 1120
555 1439 592 1450 wrm
602 1439 620 1449 .-,-ι

557 1472 594 1485 numi
603 1475 618 1483 νυ
644 1476 647 1486 y

593 1492 649 1505 Nic-olon

621 1518 649 1531 mea
658 1515 729 1527 mumma.

717 1347 761 1362 mm.
779 1354 788 1360 «ι
809 1345 901 1365 «rmfi'rmare
917 1344 994 1365 quidquid

715 1373 754 1386 rm!
766 1372 861 1386 mmrwnem
871 1376 918 1391 regno
929 1370 993 1386 Damae

723 1443 725 1447 ι
739 1438 787 1448 ,oswiu
812 1442 817 1448 «r
829 1436 844 1448 11*

832 1468 992 1485 ,nemun-nona

811 1494 858 1506 .mox
870 1491 885 1504 ιἰι
898 1490 940 1504 ulium
951 1490 994 1504 locum

873 1536 889 1550 2·

1001 367 1028 378 Dm.
1036 368 1063 379 sm.

998 489 1025 500 Luc.
1032 491 1065 501 flasi.

999 540 1032 551 nous
1040 541 1066 552 ιι.εΔ

1000 566 1023 576 ιο».
1030 567 1064 577 mis.
