4448 6420
83 3437 134 3476 25

743 321 944 381 mrsroma
962 321 1151 382 saneris.
1187 323 1264 383 raas.
1620 405 1621 408 p
1769 325 1829 396 let

180 521 341 567 consensu
363 499 461 567 totius
485 499 535 565 sui
559 501 694 587 capituli
717 501 855 565 contulit
882 508 1044 588 perpetuo
1074 503 1178 568 libere
1209 487 1420 569 obtinendam
1430 504 1451 568 ¹.
1495 504 1564 569 Nos
1589 505 1688 590 igitur
1710 504 1830 569 vestris

180 608 274 672 iustis
297 607 451 694 precibus
468 607 615 671 inclinati
631 607 840 671 collationem
856 607 972 692 ipsam,
996 608 1081 671 sicut
1099 607 1233 694 provide
1257 609 1344 673 facta
1367 616 1418 674 est
1442 615 1475 674 et
1497 609 1689 695 inprobatis
1711 609 1831 673 litteris

180 711 309 796 plenius
333 711 532 791 continetur,
563 710 759 774 auctoritate
792 710 973 794 apostolica
1002 711 1230 776 confirmamus
1261 720 1295 777 et
1323 713 1486 799 presentis
1511 713 1624 800 scripti
1646 712 1830 799 patrocinio

182 815 427 878 communimus.
470 813 562 878 Nulli
586 834 663 898 ergo
687 813 940 877 confirmationis
964 820 1027 878 ete.
1075 813 1110 878 si
1132 817 1205 900 quia
1228 852 1280 879 —.

287 932 351 999 Dl.

964 1217 1050 1290 n75.

289 1326 478 1417 Honor—ins
506 1352 575 1416 ΙΙΙ
592 1372 680 1433 papa
706 1353 881 1439 [Henricc]
908 1355 1143 1420 Mediolanensi
1170 1356 1398 1438 archiepiscopo
1425 1361 1455 1421 et
1480 1359 1643 1443 [Alberto]
1664 1357 1834 1423 Briaiensi

181 1460 318 1541 episcopo
350 1457 494 1532 nuntiat,
527 1474 628 1536 anper
660 1457 783 1538 abacos
815 1459 949 1537 nobiles,
986 1461 1022 1522 in
1055 1479 1146 1541 qrcos,
1183 1460 1259 1540 qaia
1291 1459 1431 1539 sanctores
1463 1461 1634 1526 haereticae
1661 1460 1834 1542 pietatatis

181 1560 403 1628 Brieiensinm
424 1558 560 1638 sacer-inl,
582 1561 909 1625 excommunicationis
930 1565 1084 1626 sententia
1107 1563 1174 1626 lala
1195 1565 1252 1641 sit,
1281 1564 1318 1624 in
1339 1581 1396 1626 sna
1417 1566 1599 1643 praesentia
1619 1563 1835 1643 nrnllipliciter

182 1665 387 1746 supplicasse,
414 1666 451 1725 nt
476 1662 631 1724 sententia
659 1663 718 1726 illa
746 1664 921 1742 relaxatum
947 1666 1178 1746 propterquod
1199 1665 1405 1742 incandet,
1431 1670 1468 1729 nt
1495 1668 1665 1748 sufficienti
1691 1668 1835 1731 cantione

183 1772 302 1848 recepta
323 1786 373 1830 cos
394 1765 558 1829 absolvant
578 1769 607 1827 et
628 1785 875 1848 unamquemque
896 1768 988 1832 incia
1011 1771 1134 1850 calparn
1151 1769 1309 1850 paniant;
1332 1770 1370 1850 cs.
1394 1791 1426 1835 n.
1449 1772 1524 1834 264.

287 1937 360 1991 nos.
381 1937 436 1988 nr
450 1934 519 2005 neq.
544 1935 599 1989 va.
625 1935 654 1998 v,
676 1939 718 2000 79,
738 1941 790 2003 aa·
809 1936 871 1991 ra.
890 1937 928 2007 x,
946 1942 992 1992 aa.
1492 1875 1585 1952 1225,
1608 1874 1672 1938 Iol.
1696 1874 1748 1940 15.

294 2190 304 2208 .
335 2191 344 2208 .
373 2132 724 2238 archiepiscopo
752 2133 1079 2208 Mediolanensi
1107 2140 1148 2208 ct
1177 2192 1185 2209 .
1215 2193 1223 2210 .
1252 2137 1477 2210 Brixiensi
1506 2137 1723 2227 episcopo.

291 2282 417 2348 Graves
441 2281 483 2346 sd
506 2303 565 2346 nos
589 2281 776 2346 iamdudum
799 2282 977 2348 ascendere
1002 2285 1179 2361 clamores,
1203 2284 1289 2371 quod
1313 2307 1385 2349 cum
1409 2291 1454 2367 tu,
1477 2286 1579 2350 trater
1601 2287 1772 2372 episcope,
1796 2305 1834 2348 sc

186 2386 382 2452 venerabilis
405 2387 507 2451 frater
529 2393 643 2450 noster
659 2437 666 2452 .
685 2437 693 2452 .
709 2387 884 2473 episcopus
899 2387 1096 2452 Mutinensis
1105 2388 1127 2468 ³,
1152 2389 1269 2473 quibus
1293 2389 1558 2455 commiseramus
1583 2387 1835 2453 sollicitudinem

185 2490 370 2579 extirpandi
398 2491 594 2576 pravitatem
624 2489 804 2554 hereticam
834 2488 874 2553 de
905 2491 1073 2576 provincia
1094 2490 1307 2572 Lombardie‚
1338 2494 1372 2556 in
1402 2492 1569 2557 Brixiensi
1593 2493 1742 2572 civitate,
1773 2511 1835 2576 que

186 2595 355 2660 dicebatur
369 2593 501 2679 gravius
525 2613 599 2657 esse
617 2600 771 2680 corrupta
793 2593 954 2658 fermento
971 2593 1157 2659 huiusmodi
1172 2596 1351 2682 pravitatis,
1375 2597 1504 2661 velletis
1518 2596 1648 2682 publice
1665 2597 1835 2682 precipere

186 2699 320 2762 oonsilio
353 2697 538 2776 Brixiensi,
573 2703 610 2760 ut
641 2697 867 2762 exterminatis
904 2698 1060 2762 hereticis
1093 2699 1260 2764 diruerent
1293 2699 1450 2785 quasdam
1484 2697 1615 2780 domos,
1650 2699 1683 2763 in
1718 2698 1836 2784 quibua

186 2801 322 2867 heretici
345 2798 574 2864 habitaverant
597 2807 631 2864 et
652 2799 902 2886 predicaverant
925 2802 1110 2883 manifeste,
1134 2802 1180 2866 M.
1204 2804 1346 2867 vicarius
1370 2800 1509 2868 Gerardi
1533 2802 1612 2867 civis
1628 2800 1837 2880 Mutinensis,

190 2912 263 2970 trrnc
298 2903 445 2991 predicte
476 2903 617 2968 civitatis
649 2904 796 2988 regimen
827 2904 1021 2986 obtinentis,
1050 2928 1112 2970 nec
1143 2927 1207 2970 non
1240 2907 1392 2972 eonsules
1424 2913 1457 2971 et
1484 2906 1615 2992 quidam
1641 2906 1770 2971 nobiles
1800 2926 1838 2970 ae

187 3010 241 3074 alii
264 3008 304 3074 de
329 3009 462 3073 civitate
486 3029 524 3072 ac
553 3006 678 3072 diocesi
700 3007 867 3073 Brixiensi
891 3009 984 3074 vobis
1013 3009 1214 3074 audientiam
1237 3009 1455 3095 denegantes,
1488 3030 1523 3074 se
1547 3008 1641 3074 nobis
1664 3009 1837 3073 manifeste

188 3134 352 3200 opponere
375 3118 656 3199 presumpserunt,
681 3118 714 3176 et
735 3113 862 3199 prefato
881 3111 921 3177 G.
946 3114 1014 3177 suis
1039 3115 1143 3200 culpis
1166 3113 1375 3199 exigentibus
1399 3113 1439 3177 ab
1463 3113 1689 3177 ecclesiastica
1711 3112 1838 3176 unitate

186 3218 313 3304 preciso
338 3223 371 3280 et
393 3216 568 3280 manifesto
591 3215 811 3279 hereticorum
834 3215 953 3281 lautori
984 3224 1099 3281 contra
1126 3217 1355 3282 inhibitionem
1378 3223 1523 3282 nostram
1545 3216 1759 3302 pertinaciter
1781 3214 1839 3279 ad-

164 3321 340 3386 herentes
364 3328 398 3385 et
420 3319 569 3384 foventes
593 3319 682 3404 ipsos
706 3318 891 3400 hereticos,
915 3341 988 3384 cum
1012 3319 1128 3386 eodem
1152 3342 1188 3384 sc
1218 3327 1331 3385 eontra
1352 3319 1461 3384 Deum
1492 3326 1525 3384 et
1553 3320 1726 3385 ecclesiam
1749 3316 1839 3380 dam·

190 3425 363 3511 pnabiliter
386 3429 577 3502 erexerunt,
601 3428 753 3508 patenter
777 3423 977 3509 receptando
1001 3425 1034 3489 in
1058 3423 1209 3496 domibus
1232 3424 1300 3488 suis
1322 3423 1487 3488 hereticos
1509 3429 1543 3488 et
1563 3431 1670 3488 turres
1692 3443 1751 3508 pro
1774 3421 1839 3485 illis

189 3535 299 3593 contra
329 3527 507 3592 catholicos
535 3524 712 3590 muniendo
742 3548 780 3590 ac
808 3526 848 3591 de
876 3527 941 3591 illis
973 3527 1148 3613 pugnando
1178 3527 1297 3591 acriter
1326 3532 1438 3591 contra
1467 3526 1557 3602 illos3
1593 3532 1727 3613 propter
1753 3522 1840 3610 quod

189 3632 381 3697 auctoritate
403 3635 517 3694 nostra
539 3629 661 3694 tulistis
686 3632 1032 3696 excommunicationis
1057 3631 1253 3696 sententiam
1276 3631 1309 3693 in
1333 3628 1484 3710 eosdem,
1507 3651 1649 3715 nosque,
1672 3629 1841 3693 intellecta

189 3741 276 3800 tante
299 3734 556 3820 presumptionis
579 3732 730 3813 audacia,
760 3733 820 3797 tibi
850 3741 883 3798 et
906 3734 1086 3799 venerabili
1109 3733 1201 3798 fratri
1223 3739 1334 3798 nostro
1359 3783 1366 3798 .
1392 3779 1399 3794 .
1422 3731 1640 3796 Arriminensi
1663 3731 1841 3818 episeopo⁴

191 3859 287 3924 super
318 3858 405 3924 pena
437 3835 616 3922 infligenda
648 3834 835 3900 huiusmodi
867 3837 1150 3923 presumptoribus
1182 3836 1363 3900 direximus
1400 3835 1521 3919 scripta
1554 3840 1675 3900 nostra.
1727 3834 1842 3920 Nuper

79 3953 102 3972 ⁵
192 3949 298 4005 autem
329 3947 362 4006 te
396 3961 434 4004 ac
470 3940 636 4006 nobilibus
670 3941 749 4005 viris
783 3939 968 4004 Raimundo
1005 3942 1124 4006 comite
1153 3941 1257 4014 Mosi,
1289 3948 1322 4004 et
1348 3938 1531 4003 Raimundo
1561 3937 1601 4003 de
1630 3937 1841 4022 Hugonibus,

191 4044 344 4110 Tetoccio
367 4042 408 4108 de
431 4043 612 4125 Tetocoiis,
636 4043 811 4109 Frederico
835 4043 875 4110 de
898 4045 1035 4110 Lavello
1058 4046 1172 4130 longo,
1203 4045 1335 4109 Matheo
1359 4043 1400 4110 de
1424 4042 1606 4122 (lambeta,
1629 4040 1776 4104 Iohanne
1801 4039 1841 4104 de

191 4147 366 4227 Minervio,
390 4146 536 4213 Ottolino
559 4148 781 4233 Meleghette,
811 4170 848 4214 ac
872 4148 1105 4215 Beneventura
1128 4149 1168 4214 de
1191 4149 1356 4213 Walando
1380 4169 1438 4234 pro
1463 4167 1498 4211 se
1523 4167 1560 4210 ac
1583 4145 1673 4225 aliis,
1705 4145 1738 4208 in
1762 4165 1842 4229 quos

190 4251 256 4315 lata
280 4251 344 4315 luit
366 4252 529 4316 sententia
553 4251 758 4337 supradicta,
788 4253 821 4315 in
850 4259 963 4317 nostra
993 4254 1161 4339 presentia
1187 4252 1393 4324 constitutis,
1422 4250 1521 4316 iidem
1543 4249 1670 4316 nobiles
1688 4270 1787 4314 *suam
1811 4255 1844 4312 et

192 4354 375 4420 absentium
399 4355 528 4440 culpam
551 4355 777 4440 multiplieiter
800 4376 961 4421 excusare
983 4357 1137 4436 nitentes,
1160 4354 1338 4420 asserendo
1362 4354 1448 4439 quod
1472 4355 1585 4418 civitas
1602 4353 1787 4418 Brixiensis
1811 4353 1844 4416 in

193 4465 301 4544 partes
317 4457 422 4522 divisa
445 4464 496 4522 est
518 4458 583 4521 iem
606 4479 625 4522 a
647 4460 746 4541 longo
762 4465 922 4544 tempore,
946 4461 1031 4525 sicut
1055 4460 1166 4542 scitur,
1189 4458 1285 4539 unde,
1310 4460 1338 4522 si
1361 4458 1445 4522 forte
1469 4458 1631 4522 incorum
1653 4464 1745 4545 parte
1771 4462 1846 4520 sunt

192 4563 290 4647 aliqui
321 4559 362 4626 de
391 4560 539 4646 predicta
574 4562 735 4647 pravitate
767 4565 928 4648 suspecti,
958 4585 1016 4628 eos
1045 4584 1110 4627 non
1138 4571 1294 4648 tanquam
1324 4563 1488 4627 hereticos
1521 4567 1572 4626 set
1600 4569 1755 4647 tanquam
1786 4581 1844 4624 sue

192 4663 292 4749 partis
310 4664 416 4728 socios
432 4662 611 4729 defendere
628 4665 839 4748 studuerunt,
863 4667 990 4753 aliaque
1010 4668 1113 4731 multa
1128 4668 1162 4730 in
1177 4666 1423 4731 exeusationem
1445 4687 1537 4729 suam
1555 4671 1587 4730 et
1606 4665 1845 4729 incusationem

194 4767 292 4852 partis
324 4766 457 4832 alterius
488 4769 699 4854 proponendo
730 4769 899 4834 humiliter
930 4772 1111 4855 petierunt,
1142 4777 1178 4834 ut
1206 4770 1414 4855 dignaremur
1445 4766 1663 4854 supradictam
1697 4768 1845 4831 relaxare

195 4871 388 4936 sententiam
411 4891 449 4934 ac
471 4891 624 4935 rovocare
640 4871 795 4936 mandata
810 4893 970 4958 expressa
993 4874 1027 4937 in
1049 4874 1168 4938 litteris
1185 4871 1380 4959 supradictis
1403 4870 1460 4936 tibi
1484 4879 1518 4936 et
1537 4871 1665 4957 prefato
1690 4871 1845 4957 episeopo

110 4987 121 5012 ⁴
197 4973 395 5038 Ariminensi
429 4973 580 5050 directis,
617 4974 746 5040 dilectis
784 4975 861 5039 liliis
895 4976 1060 5041 nobilibus
1094 4977 1172 5040 viris
1208 4975 1358 5040 (luidone
1394 4974 1517 5038 Grasso
1555 4981 1589 5039 et
1622 4973 1771 5039 Bonoldo
1805 4972 1846 5037 de

196 5075 351 5142 Bonoldis
375 5077 501 5142 civibus
524 5078 844 5159 Mediolanensibus,
868 5100 949 5164 quos
972 5085 1119 5166 potestas
1143 5087 1176 5144 et
1200 5101 1370 5144 commune
1395 5077 1692 5143 Mediolanensium
1713 5082 1848 5163 propter

195 5178 253 5244 hoc
276 5180 466 5266 specialiter
487 5180 529 5244 ad
551 5189 697 5246 nostram
726 5183 928 5268 presentiam
956 5182 1176 5264 destinarunt,
1207 5183 1400 5270 suppliciter
1422 5181 1683 5268 postulantibus,
1715 5187 1752 5244 ut
1774 5180 1847 5266 paci

196 5287 334 5350 civitatis
369 5285 515 5371 predicte
549 5286 723 5373 providere
761 5287 876 5353 debita
913 5287 1133 5352 sollieitudine
1169 5308 1367 5352 curaremus.
1426 5286 1522 5350 Licet
1556 5285 1655 5370 igitur
1690 5284 1755 5364 hii,
1793 5283 1848 5369 qui

298 5545 324 5613 1)
343 5547 421 5613 1224,
439 5545 506 5600 Dec.
524 5549 565 5600 14.
617 5546 644 5614 2)
661 5546 691 5600 in
708 5547 790 5617 copia
807 5548 918 5601 nostra:
935 5544 1020 5614 Dlata
1038 5542 1167 5600 Lateran.
1185 5560 1278 5598 mense
1297 5543 1426 5598 Februar.
1444 5558 1518 5596 anno
1537 5540 1581 5610 X).
1633 5541 1659 5608 3)
1683 5540 1852 5594 Wilbclmna.

100 5629 151 5674 *ὃ
198 5631 225 5700 4)
242 5629 463 5686 Bonaeenlarer.
