4604 6420
401 391 463 459 366
982 381 1028 442 ux
1048 381 1223 443 olrnccau
1242 369 1281 442 ιιι
1299 381 1478 444 arelauno

401 571 514 631 nostra
533 564 804 645 transmittimus,
834 563 973 650 potestis
1001 561 1131 650 plenius
1153 561 1285 629 intueri.
1330 561 1414 626 Cum
1437 562 1537 648 igitur
1558 563 1737 649 imperator
1758 563 1913 650 pacifico,
1944 563 2055 629 cuius-

401 667 483 734 libet
505 668 661 738 violentie
686 668 873 755 suspicione
897 672 1075 747 summota,
1107 686 1181 730 oum
1204 666 1271 730 filio
1294 671 1328 730 et
1355 666 1558 752 principibus
1591 667 1659 730 suis
1686 665 1834 732 intendat
1857 668 2056 752 colloquium

402 771 605 852 celebrare¹,
629 778 666 836 ιιι
688 771 912 837 reconciliatio
935 772 1034 858 plena
1056 770 1122 850 fiat,
1145 790 1187 834 ne
1211 775 1338 834 tantum
1360 769 1483 834 bonum
1505 769 1615 855 aliquo
1631 769 1740 836 valeat
1762 769 1855 837 obice
1878 771 2054 858 propolim,

402 875 631 940 discretionem
666 880 809 942 vestram
844 894 998 959 rogamus
1037 879 1070 936 et
1107 893 1278 937 monemus
1313 878 1457 954 attente,
1494 895 1554 960 per
1590 875 1772 960 apostolica
1804 874 1897 939 vobis
1935 876 2057 961 scripta

401 976 605 1058 mandantes,
630 979 783 1064 quatinus
806 978 935 1044 dilectis
957 978 1033 1041 tiliis
1056 976 1238 1041 rectoribus
1263 977 1431 1041 societatis
1455 978 1604 1042 eiusdem
1626 978 1687 1042 hec
1712 977 1821 1042 omnia
1838 985 2054 1065 exponentes,
2121 1007 2133 1043 ι

403 1089 437 1147 et
464 1089 694 1147 enumerantes
722 1081 870 1170 pericula
900 1102 963 1167 que
993 1080 1229 1145 inevitabiliter
1254 1081 1476 1162 imminerent,
1506 1080 1595 1167 ipsos
1624 1081 1785 1146 moneatis
1814 1081 1993 1168 prudenter
2024 1087 2058 1146 et

403 1185 581 1249 efficaciter
610 1183 789 1272 inducatis,
823 1191 860 1248 ut
888 1183 986 1248 saluti
1013 1189 1047 1248 et
1077 1183 1181 1270 quieti
1211 1205 1270 1248 sue
1299 1183 1453 1248 studeant
1481 1183 1664 1270 providere.
1721 1182 1794 1256 Qua
1824 1191 1934 1250 autem
1963 1185 2057 1249 vobis

403 1287 557 1352 duxerint
577 1286 821 1374 respondenda,
853 1287 948 1352 uobis
977 1287 1130 1351 celeriter
1159 1309 1219 1373 per
1247 1294 1374 1353 vestras
1402 1289 1530 1354 litteras
1555 1288 1706 1353 intimare
1731 1287 1864 1352 curetis.
1910 1288 2058 1362 Quodsi

403 1413 468 1456 non
490 1413 604 1457 omnes
628 1398 690 1458 ato.
712 1390 777 1458 duo
799 1398 945 1457 vestmm
968 1397 1029 1458 etc.

510 1512 598 1579 Data
619 1512 737 1595 Reate,
760 1511 794 1576 ΙΙ
817 1511 903 1577 Non.
928 1510 1020 1598 Sept.
1043 1511 1250 1598 pontificatus
1274 1512 1377 1577 nostri
1400 1531 1486 1575 anno
1509 1512 1632 1596 quinto.

1026 1756 1315 1764 ..-.--—.---.--*...--.-
1319 1757 1370 1762 μ...»
1375 1757 1433 1762 --...-

1186 1981 1274 2054 453.

518 2095 709 2205 (drepanius
730 2122 786 2187 lX
808 2143 894 2204 popa
922 2123 1031 2186 iisdem
1059 2120 1207 2199 monam,
1242 2125 1278 2184 ut
1309 2124 1419 2185 contra
1449 2121 1633 2200 Reatinum,
1666 2123 1732 2188 nist
1767 2123 1861 2209 infra
1890 2126 2059 2191 temainum

403 2230 582 2310 praefixum
602 2226 646 2291 aa
664 2227 848 2290 mandatum
864 2226 1006 2290 ecelesiae
1028 2223 1165 2303 redierit,
1182 2224 1355 2305 procedant
1377 2229 1406 2287 ot
1428 2228 1543 2289 lauram
1566 2226 1634 2289 cius
1649 2228 1870 2308 ooooqrauto'bus
1890 2232 2057 2310 exponant.

508 2399 590 2467 orep.
609 2398 659 2451 rx
676 2397 744 2468 aq.
770 2397 826 2452 aa.
844 2399 889 2461 11,
907 2400 973 2464 mu·
991 2395 1053 2449 uso.
1074 2395 1107 2464 v,
1125 2399 1186 2450 ιιι.
1717 2333 1811 2409 1231,
1834 2330 1918 2412 sepa,
1941 2336 1971 2399 4.

1139 2610 1323 2684 Eisdem.
2114 2653 2137 2691 a

514 2761 554 2825 In
576 2761 640 2825 hiis
663 2780 725 2844 que
749 2759 790 2824 ad
812 2758 920 2824 Deum
942 2761 1108 2847 pertinent
1130 2781 1187 2824 vos
1215 2759 1412 2824 fiducialiter
1437 2759 1627 2841 invitamus,
1658 2767 1694 2825 ut
1723 2762 1757 2825 in
1780 2762 1852 2826 eius
1875 2784 1933 2827 vos
1957 2764 2059 2829 bene-

405 2865 535 2952 placitis
559 2870 770 2944 exercentes,
793 2860 902 2926 diviue
926 2865 1031 2948 gratie
1055 2863 1236 2928 reddamini
1258 2863 1453 2948 apertiores,
1476 2883 1574 2948 quam
1598 2885 1728 2950 semper
1750 2865 1855 2950 gloria
1878 2867 2060 2934 comitatur.

409 2967 495 3033 Sane
519 2967 623 3032 nostis
647 2967 732 3033 sicut
754 2966 916 3032 credimus
940 2966 1167 3033 detestandam
1189 2967 1349 3032 insaniam
1364 2965 1493 3032 Ezelini
1515 2973 1588 3048 etc,
1610 2975 1647 3032 ut
1669 2969 1702 3032 in
1725 2970 1839 3054 quinto
1862 2970 1941 3036 folio
1963 2971 2060 3036 huius

409 3071 560 3156 quaterni
582 3071 738 3157 scriptum
762 3077 934 3156 estsuper
957 3072 1019 3136 hoc
1043 3121 1051 3136 .
1076 3121 1083 3136 .
1106 3072 1282 3158 potestati,
1306 3071 1443 3135 consilio
1467 3077 1501 3136 et
1523 3072 1644 3157 populo
1666 3071 1853 3139 Paduano².
1899 3074 2061 3148 Quocirca

408 3172 640 3239 discretionem
662 3181 805 3240 vestram
833 3176 1014 3241 affectuose
1045 3197 1198 3261 rogamus
1230 3181 1263 3239 et
1292 3195 1462 3240 monemus
1485 3182 1625 3257 attente,
1652 3197 1713 3262 per
1733 3177 1916 3262 apostolica
1939 3178 2062 3264 scripta
2113 3213 2139 3251 m

407 3276 616 3357 mandantes,
646 3278 798 3361 quatinus
826 3279 1045 3365 suscipientes
1076 3279 1224 3344 hilariter
1253 3300 1385 3344 causam
1410 3278 1533 3344 Christi
1555 3284 1590 3344 et
1616 3299 1659 3344 ex
1682 3279 1789 3344 animo
1812 3289 2060 3366 prosequentes,

409 3381 642 3446 commoneatis
664 3381 779 3447 fideles
803 3389 837 3448 et
859 3383 1101 3448 commonefieri
1116 3383 1254 3465 faciatis,
1277 3389 1481 3470 prenotatam
1498 3383 1546 3449 eis
1570 3382 1828 3468 indulgentiam³
1851 3385 2060 3470 predicando,

408 3491 444 3548 ut
469 3491 582 3551 contra
604 3485 726 3551 dictum
750 3486 909 3572 perfidum
929 3495 962 3552 ot
984 3489 1055 3554 eius
1080 3480 1257 3574 complices
1279 3487 1459 3574 procedant
1481 3488 1514 3551 in
1537 3487 1668 3552 nomine
1692 3486 1770 3551 lesu
1787 3485 1919 3570 Christi,
1942 3494 1977 3552 et
1998 3488 2061 3551 nisi

408 3587 494 3653 inira
516 3589 693 3653 terminum
723 3590 786 3656 sibi
814 3592 976 3677 prefixum
1003 3592 1044 3664 ad
1068 3592 1257 3656 mandatum
1280 3592 1420 3657 ecclesie
1449 3592 1519 3657 sine
1546 3593 1656 3677 aliqua
1685 3591 1893 3656 simulatione
1917 3591 2061 3674 redierit,

407 3701 512 3757 terras
536 3693 607 3758 eius
631 3701 666 3759 et
689 3695 883 3780 complicum
906 3717 945 3761 ac
968 3695 1152 3761 adiutorem
1175 3695 1280 3782 ipsius
1303 3695 1538 3780 occupantibus
1562 3696 1753 3781 exponatis,
1776 3702 1813 3758 ut
1835 3695 1882 3759 sio
1904 3697 2060 3760 mulctato
2112 3727 2138 3766 n,

407 3797 594 3883 pestilente,
618 3818 777 3883 sequaces
795 3800 866 3864 eius
882 3799 916 3863 in
938 3800 1006 3864 suis
1021 3799 1238 3886 pravitatibus
1255 3797 1504 3878 confundantur,
1528 3804 1561 3863 et
1576 3799 1633 3863 alii
1653 3797 1831 3863 reddantur
1849 3799 1883 3862 in
1899 3799 2061 3864 similibus

408 3901 582 3966 cautiores.
629 3900 723 3974 Quod
747 3903 775 3967 si
798 3924 863 3967 non
886 3924 1000 3968 omnes
1024 3909 1086 3969 etc.
1110 3902 1248 3988 quilibet
1269 3907 1414 3967 vestrum
1437 3909 1499 3968 eto.

514 4020 602 4085 Data
624 4022 741 4104 Reate,
764 4023 799 4087 ΙΙ
821 4023 907 4089 Non.
933 4023 1023 4110 Sept.
1047 4024 1256 4109 pontificatus
1279 4024 1383 4089 nostri
1405 4044 1490 4088 anno
1513 4024 1636 4108 quinto.

1031 4269 1396 4277 «ιώ-..ῳ-
1401 4269 1441 4276 -ι

1189 4493 1277 4568 454.

514 4604 705 4716 Granum
719 4632 777 4700 rx
795 4654 882 4716 papa
902 4633 1071 4719 [oraru]
1092 4632 1213 4715 neum
1235 4637 1264 4697 a
1284 4633 1449 4717 [auam]
1462 4633 1632 4699 sumna
1652 4635 1803 4716 episcopis
1824 4641 1853 4701 a
1874 4637 2062 4722 [cauom]

406 4734 498 4800 electo
521 4734 705 4800 Mantuano
726 4737 871 4817 mandat,
903 4741 940 4802 ut
960 4757 1029 4803 mom
1051 4736 1236 4802 Fridaro'oru
1257 4735 1473 4802 Rauracorum
1498 4739 1670 4818 imperator
1701 4759 1770 4803 oum
1790 4738 1965 4824 [Haurico]
1992 4741 2062 4822 filio
2113 4769 2139 4806 so

407 4857 463 4902 suo
484 4843 514 4904 et
534 4839 610 4904 aliis
629 4840 828 4922 pannonibus
842 4841 1058 4909 Alaruonnioe
1079 4840 1117 4904 in
1133 4840 1283 4922 partious
1298 4840 1506 4905 Lmnbardiaa
1527 4841 1712 4922 colloquium
1735 4842 1888 4908 mlabrare
1909 4843 2063 4922 intendat,

406 4947 540 5008 rectores
565 4943 720 5009 suumn
746 4949 904 5024 numam,
932 4965 972 5010 ne
997 4945 1043 5008 ais
1067 4943 1111 5009 ad
1135 4943 1190 5010 hoa
1216 4943 1469 5025 impedimentum
1492 4945 1622 5027 aliquod
1642 4933 1815 5027 potiantur¹
1840 4949 1962 5027 amoni.
2010 4947 2063 5032 Cf.

406 5067 441 5114 a.
463 5049 537 5113 aaa.
1698 5052 1792 5128 1231,
1815 5048 1899 5133 sept.
1921 5053 1974 5118 27.

512 5167 594 5239 Grec.
613 5168 664 5223 IX
681 5169 750 5239 nep.
774 5167 830 5223 Vol.
850 5167 894 5232 11,
913 5170 982 5235 128,-
999 5167 1062 5222 Lib.
1085 5166 1116 5235 V,
1134 5171 1198 5222 137.

509 5254 647 5326 Porum,
666 5255 735 5326 ary.
756 5259 836 5311 aare.

510 5498 537 5566 1)
557 5496 721 5559 Rauennae.
741 5495 813 5550 Noa.
833 5501 863 5558 1,·
881 5494 919 5563 of.
937 5494 1116 5566 imperatoris
1133 5496 1278 5566 epistolam
1295 5496 1333 5551 od
1349 5497 1512 5563 lanuuues,
1532 5497 1592 5552 LL.
1610 5502 1629 5552 ι.
1649 5497 1694 5563 II,
1708 5515 1739 5568 p.
1759 5502 1823 5552 570.
1932 5499 1961 5569 2)
1981 5500 2064 5556 Hanc

406 5584 551 5652 epistolam
570 5583 699 5636 Pertaius
717 5597 772 5636 non
790 5581 948 5651 descripsit,
967 5581 1070 5651 lepitur
1087 5585 1165 5652 opud
1188 5583 1299 5654 Uqlrelli,
1318 5585 1384 5640 Ital.
1403 5601 1493 5648 sacro,
1517 5587 1536 5638 ι.
1557 5585 1589 5650 V,
1604 5603 1634 5654 p.
1653 5589 1715 5648 445,
1739 5584 1789 5640 sub
1808 5585 1887 5640 dolo.-
1909 5586 2005 5650 Reate,
2024 5587 2062 5640 IV

406 5671 501 5724 Nonas
520 5667 675 5739 Septembr.
694 5685 767 5721 anno
785 5668 836 5724 V..·
861 5669 898 5736 os.
915 5685 943 5723 u.
962 5672 1022 5722 451.
1092 5675 1119 5742 3)
1138 5675 1238 5729 scilicet
1257 5671 1340 5727 trium
1357 5687 1500 5728 annorum.
