4590 6366
1031 415 1079 468 EX
1098 413 1272 468 ennoean
1291 413 1329 468 IX
1348 412 1528 467 REGISTRO

1060 661 1255 735 Eistensi
1283 663 1506 755 episcope.

565 816 775 879 Transmisso
798 813 893 878 nobis
916 812 1036 876 nobilis
1059 812 1120 876 viri
1145 861 1177 876 ..
1201 814 1330 877 comitis
1354 812 1396 876 de
1418 812 1590 877 ΤοΙΙοεὲέ*ι
1614 812 1805 897 conquestio
1829 811 2004 899 patefecit,
2030 807 2117 895 qnod

458 919 549 983 tuin
574 939 648 982 cunr
671 919 760 982 n'ulla
784 915 983 1002 competenti
1015 915 1194 980 monitione
1223 918 1336 1002 previa
1368 917 1439 980 sine
1469 938 1568 980 cause
1597 915 1784 980 rationabili
1808 922 1923 980 contra
1946 916 2117 998 generalis

458 1028 584 1086 statuta
607 1021 736 1086 concilii
760 1021 954 1085 auctoritate
986 1021 1118 1106 propria
1149 1014 1496 1085 excommunicationis
1522 1021 1718 1084 sententiam
1741 1019 1972 1105 promulgasti.
2018 1017 2117 1082 Ideo-

458 1147 522 1211 que
545 1125 754 1204 mandamus,
787 1124 957 1209 quatinus,
981 1125 1009 1187 si
1032 1130 1084 1188 est
1106 1124 1167 1205 ita,
1191 1123 1312 1200 dictam
1336 1124 1683 1190 excommunicationis
1706 1124 1902 1188 sententiam
1927 1123 2016 1186 infra
2040 1130 2113 1186 octo
2173 1155 2184 1191 a

458 1228 529 1293 dies
553 1234 628 1313 post
657 1228 901 1312 susceptionem
924 1227 1127 1312 presentium
1151 1227 1222 1292 sine
1246 1227 1391 1312 qualibet
1414 1226 1607 1290 difficultate
1631 1227 1778 1300 relaxes;
1810 1227 1958 1311 alioquin
1983 1225 2116 1290 dilectis

459 1332 536 1396 filiis
569 1379 603 1395 ..
627 1331 667 1396 de
690 1329 888 1395 Brunebaeh
898 1329 921 1410 ²,
954 1378 986 1394 ..
1015 1329 1056 1394 de
1079 1329 1255 1394 Eberech⁸
1285 1337 1319 1395 et
1349 1378 1384 1394 ..
1409 1331 1449 1394 de
1473 1330 1657 1394 Keishem⁴
1681 1329 1853 1394 abbatibus
1879 1328 2117 1393 Cisterciensis

460 1434 582 1499 ordinis
605 1433 860 1519 Herbipolensis
884 1441 918 1498 et
939 1433 1160 1518 Augustensis
1185 1433 1353 1498 diocesnm
1376 1435 1498 1499 nostris
1522 1433 1636 1498 damus
1666 1434 1787 1498 litteris
1816 1435 1849 1496 in
1872 1431 2056 1513 mandatis,
2083 1441 2118 1495 ut

460 1540 523 1625 ipsi
557 1560 599 1603 ex
634 1545 728 1618 tunc,
765 1538 940 1602 sufficienti
977 1537 1017 1601 ab
1051 1539 1122 1624 ipso
1158 1559 1257 1623 super
1292 1538 1355 1602 hiis
1390 1560 1449 1624 pro
1486 1538 1603 1622 quibus
1638 1537 1939 1602 excommunicatus
1976 1536 2119 1600 habetur

461 1625 610 1708 cautione
633 1650 777 1728 recepta,
801 1643 895 1706 iuxta
917 1642 1053 1705 formam
1077 1643 1219 1706 ecclesie
1240 1643 1437 1706 sententiam
1460 1643 1648 1705 relaxantes
1671 1641 1818 1722 eandem,
1842 1648 1876 1705 et
1899 1642 2116 1726 iniungentes

406 1804 409 1811 .
461 1747 492 1811 ei
515 1745 601 1831 quod
625 1745 665 1810 de
690 1746 760 1810 iure
784 1741 884 1810 fuerit
908 1744 1160 1828 iniungendum,
1191 1745 1326 1809 audiant
1350 1743 1457 1829 siquid
1481 1744 1579 1808 fuerit
1602 1743 1800 1828 questionis,
1831 1752 1864 1808 et
1887 1745 2117 1830 appellatione

460 1854 588 1914 remota
617 1847 728 1912 debito
760 1847 842 1912 lineb
870 1847 1039 1925 decidant,
1069 1856 1102 1912 et
1132 1848 1255 1912 faciant
1278 1847 1365 1933 quod
1391 1846 1599 1912 decreverint
1620 1848 1814 1910 auctoritate
1838 1853 1953 1912 nostra
1981 1847 2121 1912 firmiter

461 1951 646 2024 observari;
679 1952 810 2037 proviso
843 1952 1000 2016 attentius
1033 1957 1069 2014 ut
1098 1953 1125 2015 si
1152 1973 1211 2036 pro
1242 1951 1416 2016 manifesta
1445 1951 1571 2014 offensa
1602 1950 1644 2013 sit
1673 1951 1799 2035 prolata
1833 1952 2020 2030 sententie,
2055 1953 2120 2016 nisi

460 2056 551 2141 prius
574 2053 615 2118 ab
638 2055 920 2119 excommunicato
945 2055 1109 2120 sufficiens
1132 2061 1299 2140 prestetur
1322 2054 1470 2128 emenda,
1494 2054 1682 2134 nullatenus
1707 2055 1883 2120 relaxetur.

568 2173 644 2238 Dat.
667 2175 820 2257 Viterbii,
843 2175 875 2239 V
897 2174 973 2242 Kal.
995 2174 1086 2256 Maii,
1109 2175 1317 2262 pontificatus
1340 2177 1444 2240 nostri
1467 2197 1552 2240 anno
1576 2175 1617 2242 X.

1082 2419 1493 2429 -——--—0----.—-—--——-

1243 2659 1331 2733 688.

571 2771 763 2881 Grcoorins
790 2799 846 2863 IX
863 2820 951 2878 papa
973 2800 1218 2884 [Raymnndnm
1247 2799 1333 2884 VII]
1355 2800 1492 2863 concitem
1517 2799 1707 2862 Tolosanum
1729 2799 1884 2878 increpat,
1908 2799 1994 2879 qnod
2008 2820 2123 2879 pacem

461 2907 545 2968 inter
571 2904 729 2968 ecclesium
756 2906 785 2966 ct
814 2901 1016 2968 Lndowicnm
1038 2904 1094 2967 IX
1121 2925 1220 2986 repom
1243 2904 1443 2968 Francorum
1473 2924 1512 2965 ca·
1536 2906 1631 2982 parte
1663 2921 1730 2964 nrm
1759 2907 1788 2965 et
1815 2902 1919 2980 eps-rem
1950 2923 1992 2965 ca
2017 2904 2124 2966 altera

462 3008 578 3072 initam
603 3009 633 3071 et
662 3009 782 3070 stolata
814 3009 922 3069 contra
950 3005 1119 3071 haereticos
1146 3007 1230 3071 edito
1259 3005 1438 3081 violaverit,
1469 3006 1557 3085 eique
1587 3005 1730 3083 mandat,
1759 3008 1795 3067 nt
1821 3003 1896 3068 baec
1923 3006 2068 3087 coereeat
2095 3009 2124 3068 rt

459 3108 605 3190 maximo
631 3128 734 3173 mense
755 3107 879 3172 Martio
906 3110 941 3172 in
970 3109 1145 3172 subsidium
1178 3109 1293 3173 Terrae
1321 3108 1457 3173 Sanctae
1488 3107 1688 3191 transfretat,
1718 3108 1830 3172 ibidem
1858 3128 1916 3188 per
1941 3109 2123 3189 quinquen·

463 3212 553 3275 niam
574 3215 773 3291 rnoratnrns;
795 3211 939 3293 alioquin
962 3212 1289 3276 encommnnicalr'onis
1311 3211 1496 3274 sentemiam
1518 3212 1554 3273 r'n
1576 3231 1645 3274 enne
1670 3212 1850 3275 innovatum
1871 3212 1925 3277 r'rc'.

1731 3317 1823 3392 1236,
1849 3314 1954 3395 April.
1978 3317 2033 3380 28.

570 3434 651 3504 Grec.
670 3435 720 3488 IX
736 3435 804 3502 Rea.
822 3433 885 3489 Lib.
904 3435 945 3494 Χ.
971 3438 1016 3487 58.
1053 3433 1171 3487 Edimns
1192 3435 1263 3488 leone
1285 3433 1427 3502 epistolam
1452 3450 1486 3486 ea·
1510 3433 1601 3504 Royn.
1623 3435 1696 3488 Ann.
1721 3435 1782 3487 ecel.
1807 3453 1832 3488 a.
1859 3437 1943 3493 1236.
1969 3439 2126 3500 §ss-44,

465 3523 619 3593 suppletam
636 3528 662 3575 et
680 3527 829 3576 correctam
847 3538 881 3575 ec
898 3521 997 3586 Tentat,
1016 3519 1146 3589 Lapettes
1166 3520 1205 3573 cla
1223 3522 1312 3574 trecor
1329 3520 1376 3573 des
1394 3521 1514 3586 chortes,
1532 3527 1550 3572 t.
1570 3520 1620 3586 11,
1634 3538 1665 3588 p.
1686 3524 1747 3586 314,
1765 3537 1791 3575 n.
1811 3524 1884 3573 2445
1903 3520 1975 3590 [T.],
1996 3521 2047 3590 qni
2066 3521 2125 3590 cpi·

465 3610 565 3663 stolam
582 3608 673 3662 eodem
690 3607 734 3661 die
751 3607 784 3661 de
802 3607 894 3661 eadem
912 3623 943 3660 re
961 3605 999 3660 ud
1017 3606 1255 3674 arehiepiscopum
1272 3606 1450 3662 Viennensem
1468 3606 1605 3672 directam,
1624 3623 1705 3674 qnam
1724 3607 1816 3676 Royn.
1834 3611 1850 3672 ὅ
1868 3611 1903 3659 44
1921 3614 2128 3674 comnremorat,
2173 3660 2175 3662 .

465 3713 501 3748 ec
524 3694 686 3764 apoc-rapto
708 3695 783 3748 circa
806 3711 831 3748 a.
857 3698 931 3746 1250
955 3693 996 3746 cel
1016 3696 1116 3763 postea
1142 3693 1217 3761 sacto
1238 3694 1396 3762 proposuit.
1439 3693 1517 3747 Haeo
1539 3693 1658 3762 epistole
1682 3709 1742 3747 cnm
1764 3710 1811 3758 ea,
1834 3710 1916 3762 qnam
1939 3692 2036 3764 Rayn.
2065 3693 2125 3759 dot,
2174 3710 2197 3748 ee

465 3786 578 3851 excepto
590 3781 649 3848 fine
667 3781 705 3834 ad
722 3781 832 3834 verbnm
848 3779 1005 3834 concordat.

570 3867 706 3930 Pottlrast
723 3867 789 3935 Req.
809 3870 904 3920 10151.

607 4077 753 4151 Nobili
779 4077 873 4150 viro
900 4077 1048 4150 comiti
1074 4077 1302 4152 Tolosano
1331 4080 1538 4170 spiritum.
1563 4077 1744 4151 consilii
1770 4075 1973 4150 sanioris

574 4227 660 4291 Olim
683 4225 725 4290 ad
748 4226 928 4312 apostolice
952 4225 1040 4291 sedis
1063 4228 1188 4312 perlato
1212 4229 1372 4305 notitiam,
1396 4189 1538 4312 quodid
1561 4226 1710 4312 partibus
1727 4225 1966 4310 Albigensibus
1990 4226 2125 4290 vineam

466 4331 600 4395 Domini
633 4330 771 4394 tribulus
806 4334 839 4394 et
871 4330 977 4393 urtica
1011 4332 1236 4416 repleverant,
1272 4336 1304 4395 et
1340 4332 1373 4394 in
1407 4338 1528 4396 terram
1561 4329 1643 4394 luda
1676 4351 1735 4395 rex
1771 4329 1946 4392 Babilonie
1983 4329 2125 4393 veniens

467 4433 627 4519 templum
658 4433 793 4496 Domini
824 4433 912 4497 vasis
948 4435 1057 4498 aureis
1092 4434 1253 4499 catholice
1284 4433 1360 4498 fidei
1389 4435 1603 4519 spoliaverat,
1635 4435 1712 4498 illuc
1746 4434 1852 4498 felicis
1882 4433 2127 4498 recordationis

467 4537 683 4602 Innocentius
707 4542 741 4600 et
763 4535 930 4600 Honorius
954 4537 1209 4622 predecessores
1233 4537 1336 4600 nostri
1360 4538 1519 4618 cultores,
1544 4538 1599 4622 qui
1623 4559 1665 4602 ex
1687 4538 1760 4624 ipsa
1782 4537 1901 4602 herbas
1925 4538 2128 4622 pestilentes

467 4660 597 4704 vomere
626 4639 861 4725 predicationis
888 4649 1120 4727 excerperent,
1154 4647 1208 4705 etc
1237 4641 1324 4704 clare
1356 4642 1511 4705 memorie
1544 4641 1747 4705 Ludovieum
1775 4661 1886 4726 regem
1916 4640 2058 4706 Francia
2093 4649 2128 4706 et

466 4745 548 4809 alios
572 4743 612 4809 de
636 4764 737 4829 regno
760 4765 818 4808 suc
842 4745 947 4808 erucis
970 4745 1137 4830 signaculo
1154 4744 1338 4828 insignitos,
1363 4744 1418 4828 qui
1434 4765 1588 4809 mucrone
1606 4745 1731 4808 iustitie
1755 4765 1775 4807 a
1796 4743 1910 4829 templi
1933 4746 2127 4808 sanctuario

466 4846 578 4912 sordes
603 4846 887 4911 contaminationis
904 4847 1086 4926 eraderent,
1110 4846 1326 4928 destinarunt,
1352 4853 1523 4932 sperantes
1548 4845 1702 4932 quodibi
1726 4846 1839 4911 botrus
1856 4845 2019 4912 catholice
2044 4847 2124 4913 fidei

466 4951 500 5015 in
523 4951 659 5016 calicem
675 4950 811 5015 Domini
834 4950 1097 5038 comprimendus
1121 4959 1317 5037 erumperet,
1342 4958 1376 5015 et
1391 4951 1573 5014 Ierusalem
1597 4956 1781 5036 expurgata
1804 4971 1917 5034 regem
1941 4971 2128 5036 pauperem

312 5054 641 5132 antecrescentem
669 5077 768 5142 super
796 5056 921 5142 pullum
950 5055 1041 5120 asine
1071 5054 1252 5139 subiugalis
1285 5076 1358 5119 cum
1392 5055 1510 5140 palmis
1529 5055 1703 5140 'recipiens
1726 5061 1760 5120 et
1788 5053 1922 5118 floribus
1947 5055 2127 5119 exultaret.

468 5157 636 5244 Cumqued
659 5157 700 5222 ad
717 5157 750 5222 id
766 5157 844 5223 dicti
860 5159 1112 5246 predecessores
1138 5159 1241 5222 nostri
1256 5159 1430 5244 plurimum
1454 5159 1641 5222 laborantes
1658 5179 1723 5222 non
1742 5158 1926 5244 potuissent
1949 5157 2127 5241 prolicere,

572 5454 593 5521 ¹)
611 5444 711 5507 Tollsst
731 5453 762 5504 R.
844 5455 868 5520 a)
886 5455 918 5506 de
937 5455 954 5505 fi
973 5454 1005 5505 B.
1086 5454 1109 5522 θ)
1127 5463 1152 5508 et
1169 5455 1236 5506 deest
1254 5471 1297 5520 ap.
1316 5453 1401 5520 Rapa
1420 5462 1443 5504 et
1466 5452 1493 5502 T.
1575 5449 1598 5517 ιι)
1615 5454 1653 5504 ito
1676 5453 1713 5517 T.,
1731 5470 1790 5505 cum
1808 5452 1892 5520 Rapa

571 5591 597 5658 1)
617 5588 778 5643 Dotlnater'n
797 5605 831 5643 ex
850 5588 987 5643 occidente
1004 5591 1124 5644 civitatis
1143 5589 1301 5644 Eiclssto'dt.
1380 5587 1407 5655 2)
1427 5604 1462 5642 ec
1480 5587 1617 5643 occidente
1634 5590 1686 5643 cic.
1710 5587 1874 5658 thmbnry.
1950 5587 1979 5656 3)
1998 5605 2035 5642 en
2052 5591 2124 5644 ocei-
2178 5613 2205 5652 m

467 5677 545 5732 dente
563 5677 615 5731 cic.
634 5675 780 5746 Bambcrp.
851 5676 879 5744 4)
899 5692 934 5730 cc
953 5677 1138 5747 septentrione
1156 5676 1206 5731 cic.
1226 5674 1428 5731 Donanwdrtlr.
