4524 6412
698 409 897 464 EPISTULAE
915 408 1105 466 snLEoTxu.
1141 413 1218 468 1229.
1722 418 1783 480 307

131 588 346 665 censeantur,
383 589 416 648 et
450 583 687 648 constitutariis
721 583 855 648 facturis
892 581 1143 651 constitutiories
1177 587 1391 674 municipales
1426 608 1485 653 seu
1517 593 1640 652 statuta
1666 585 1784 672 quibus

131 688 301 772 regamini,
325 687 402 752 dum
424 688 590 753 tamenin
614 688 676 752 hiis
700 710 765 754 non
782 689 988 753 contineatur
1002 690 1125 774 aliquid
1141 697 1254 756 contra
1270 692 1446 758 ecclesiam
1469 696 1502 756 et
1525 690 1784 756 ecclesiasticam

133 791 329 871 libertatem,
352 812 414 855 nec
436 811 501 854 non
517 792 746 857 auctoritatem
764 791 943 856 exercendi
964 793 1223 860 iurisdictionem
1245 794 1391 882 plenarie
1414 795 1449 858 in
1471 794 1604 859 civitate
1627 813 1665 857 ac
1689 798 1784 857 extra

132 894 165 957 in
193 893 286 958 robis
317 902 351 958 et
373 894 506 973 vestris,
536 900 602 958 tam
633 893 666 956 in
695 893 845 980 personis
873 915 971 978 quam
1000 895 1115 971 rebus,
1146 897 1230 962 sicut
1257 919 1298 962 ea
1325 898 1433 962 omnia
1460 898 1547 962 iuste
1579 917 1617 961 ac
1648 896 1784 982 pacifice

66 1024 78 1060 a
133 995 327 1081 possidetis,
358 1017 419 1060 nec
449 1018 514 1061 non
551 998 631 1076 alia,
668 1019 731 1083 que
760 998 794 1061 in
823 997 966 1061 futurum
1003 999 1098 1063 iustis
1129 999 1233 1065 modis
1267 1007 1436 1086 prestante
1463 999 1605 1064 Domino
1633 999 1784 1085 poteritis

133 1097 288 1185 adipisci,
319 1099 412 1164 vobis
436 1101 630 1164 auctoritate
654 1100 835 1186 apostoliea
858 1099 1085 1165 confirmamus
1114 1109 1147 1167 ct
1169 1105 1333 1189 presentis
1356 1104 1467 1190 scripti
1491 1101 1671 1190 patrocinio
1695 1123 1784 1166 com-

134 1203 306 1266 munimus.
351 1203 441 1268 Nulli
463 1224 542 1288 ergo
566 1211 628 1266 etc.
674 1199 709 1266 Si
734 1202 805 1287 quis
828 1209 937 1267 autem
961 1208 1023 1268 etc.
1218 1193 1220 1200 ’

238 1322 325 1387 Data
346 1321 484 1402 Perusii,
509 1321 624 1409 [XIIII
646 1321 814 1386 Kalendas
837 1321 934 1402 Iunii,
956 1344 1041 1388 anno
1064 1322 1174 1411 tertio]
1184 1336 1206 1388 Β.

752 1621 1161 1629 ———c-—-—-——·—

908 1899 994 1973 388.
1035 1921 1036 1924 ’

241 2008 431 2118 Gregorius
453 2033 508 2132 IX
528 2057 618 2118 papa
640 2036 815 2104 Sucrsonos
836 2038 879 2102 od
901 2038 1074 2102 dominium
1095 2040 1237 2104 ccclesiae
1258 2039 1398 2104 redemtos
1419 2059 1488 2103 cum
1517 2039 1606 2104 bonis
1634 2040 1701 2104 atis
1729 2039 1787 2104 sub

58 2175 82 2211 ro
127 2139 317 2218 protectione
331 2158 391 2203 seco
404 2140 535 2220 suscipit
548 2142 577 2202 et
591 2140 767 2204 laudabiles
781 2161 886 2204 eonem
901 2142 1137 2206 oonaaetudtncs
1158 2147 1187 2206 ct
1201 2143 1278 2221 olio,
1301 2161 1380 2222 quoe
1394 2140 1579 2225 [Pelagius]
1594 2141 1788 2206 Albouoasr's

131 2243 298 2322 opiscopus,
320 2243 506 2323 apostolicae
530 2243 613 2308 sedis
635 2244 766 2326 loqutus,
787 2245 833 2308 ets
854 2244 1030 2324 indulserit,
1053 2247 1227 2327 consimilat.
1425 2247 1518 2324 1229,
1540 2243 1624 2310 Mai.
1648 2246 1700 2307 19.

236 2378 318 2449 (ἔτερ.
336 2379 386 2432 IX
402 2357 468 2448 ltep.
492 2381 548 2436 Vol.
568 2381 594 2451 I,
611 2386 676 2448 115‚·
693 2379 756 2436 Lib.
773 2381 800 2450 I,
819 2384 862 2435 16.

234 2465 369 2534 Pottbuet,
387 2465 456 2534 Rep.
477 2470 561 2520 8403.

727 2645 908 2719 Civibus
940 2645 1191 2718 Suessania

54 2825 78 2862 n
169 2819 171 2822 ·
241 2792 345 2858 Sedes
375 2794 557 2880 apostolica
583 2794 675 2858 velut
700 2795 754 2881 pia
784 2802 904 2876 mater,
932 2815 995 2880 que
1025 2795 1164 2858 filiorum
1193 2793 1279 2859 uteri
1310 2793 1361 2858 sui
1391 2793 1540 2858 oblivisci
1570 2815 1636 2858 non
1666 2800 1786 2879 potest,

131 2897 272 2960 intrante
296 2917 374 2983 seps
398 2897 431 2962 in
455 2903 634 2982 conspectu
657 2918 716 2962 suo
740 2899 865 2984 gemitu
887 2898 1132 2962 tribulationum
1157 2899 1342 2978 multarum,
1366 2919 1502 2982 quarum
1525 2903 1705 2985 tempestas
1729 2917 1787 2962 vos

132 3008 166 3065 et
189 2999 270 3063 alios
286 2998 435 3064 homines
451 3000 544 3084 regni
567 3000 712 3086 graviter
733 3002 901 3087 hucusque
920 3000 1129 3087 depresserat
1152 3006 1186 3064 et
1209 3021 1293 3087 pene
1310 3000 1512 3065 demerserat
1530 2999 1562 3064 in
1579 2998 1786 3086 profundum,

132 3108 279 3167 materno
305 3102 426 3167 affectu
458 3104 662 3189 compatiens
689 3104 927 3169 afflictionibus
953 3104 1111 3180 filiorum,
1141 3105 1196 3188 qui
1228 3104 1320 3189 quasi
1349 3104 1382 3168 in
1405 3105 1474 3168 luto
1498 3109 1532 3168 et
1554 3103 1657 3168 latere
1681 3103 1787 3168 coacti
1804 3113 1945 3164 iussurus.

130 3203 261 3269 fuerant
284 3204 465 3286 deservire,
489 3205 653 3272 desiderio
677 3207 894 3288 desideravit,
918 3214 954 3271 ut
976 3207 1052 3292 iugo
1076 3207 1117 3271 ab
1141 3227 1254 3271 eorum
1277 3206 1462 3272 cervicibus
1487 3211 1554 3270 tam
1577 3204 1657 3271 dure
1682 3207 1784 3272 servi·

128 3309 211 3372 tutis
241 3329 415 3390 excussso,
446 3309 543 3374 finem
573 3309 650 3388 dare
679 3309 743 3374 hiis
766 3310 927 3376 Dominus
951 3310 1149 3396 dignaretur.
1194 3310 1234 3374 In
1257 3310 1411 3375 effectum
1442 3330 1571 3394 quoque
1602 3307 1787 3395 producens

132 3410 218 3495 quod
241 3411 274 3475 in
297 3411 416 3477 ellectu
439 3413 591 3497 gerebat,
621 3413 654 3476 in
684 3435 719 3478 se
744 3415 889 3500 suscepit
911 3415 1081 3498 negotium
1110 3421 1143 3479 et
1166 3413 1318 3478 submisit
1339 3413 1493 3478 humeros
1516 3411 1558 3476 ad
1581 3410 1787 3498 portandum,

131 3534 190 3599 pro
213 3535 276 3600 quo
294 3513 425 3598 quidem
442 3511 596 3602 exposuit
620 3536 655 3580 se
672 3517 840 3582 laboribus
864 3523 897 3581 et
920 3517 1076 3602 expensis
1094 3517 1342 3596 innumeriset
1357 3515 1507 3602 personis
1532 3515 1632 3579 etiam
1655 3536 1787 3580 suorum

132 3615 277 3681 fidelium
292 3639 357 3682 non
373 3619 532 3704 pepercit,
555 3620 732 3704 languores
748 3641 807 3705 per
822 3620 884 3684 boc
900 3619 1009 3684 ferens
1031 3627 1065 3683 et
1079 3624 1212 3706 portans
1228 3617 1358 3682 dolores
1374 3617 1541 3682 hominum
1556 3617 1786 3703 predictorum.

133 3718 215 3783 Cum
238 3721 337 3806 igitur
365 3720 491 3786 reducti
524 3723 595 3786 sitis
623 3722 664 3787 ad
688 3723 879 3789 fidelitatem
903 3730 936 3788 et
958 3723 1136 3787 dominium
1159 3721 1308 3787 Romane
1331 3721 1492 3800 ecclesie,
1524 3720 1565 3785 ad
1594 3742 1691 3806 quam
1720 3742 1786 3786 non

52 3853 79 3889 ω
133 3829 204 3887 erat
226 3823 360 3889 dubium
383 3845 441 3888 vos
466 3833 636 3911 spectare,
668 3826 865 3893 adherentes
889 3829 973 3892 sicut
997 3826 1136 3893 subiecti
1165 3833 1199 3892 et
1229 3825 1342 3892 fideles
1367 3823 1531 3904 ciusdem,
1562 3825 1655 3888 cuius
1683 3844 1783 3888 suave
1803 3839 1959 3892 natosrnao.

133 3926 245 4011 iugum
268 3934 302 3992 et
324 3949 407 3992 onus
431 3929 502 3993 eius
526 3937 577 3994 est
599 3931 688 4012 leve,
717 3953 755 3996 ae
779 3954 837 4018 per
860 3933 921 3996 hoc
945 3953 1010 3995 non
1032 3931 1136 4010 illius,
1169 3950 1232 4014 que
1256 3930 1289 3993 in
1313 3925 1528 3994 servitutemb
1551 3933 1703 4012 generat,
1734 3934 1785 3992 set
1803 3943 1920 3988 (satsat

132 4030 237 4095 libere
260 4029 319 4094 filii
342 4031 512 4112 existatis,
542 4032 677 4117 dignum
701 4041 766 4114 est,
796 4041 833 4098 ut
854 4035 895 4098 ab
918 4034 1076 4099 uberibus
1101 4031 1334 4097 consolationis
1358 4029 1446 4095 sedis
1470 4028 1649 4114 apostolice
1674 4030 1786 4093 matris

133 4139 166 4195 et
189 4131 320 4198 dominc
343 4142 453 4199 vestre
476 4134 625 4200 ammodo
651 4137 859 4218 recreamini,
888 4137 1071 4222 gaudentes
1103 4157 1177 4200 oum
1200 4135 1307 4199 letitia
1330 4133 1442 4219 quiin
1464 4131 1596 4195 tristitia
1619 4133 1786 4198 extitistis.

132 4233 335 4322 Eupropter,
358 4236 471 4302 dilecti
495 4238 528 4301 in
551 4237 693 4304 Domino
716 4239 786 4320 filii,
809 4242 927 4306 vestris
951 4239 1129 4306 commodis
1152 4236 1324 4325 providere
1347 4237 1513 4315 volentes,
1544 4255 1618 4299 cum
1640 4233 1788 4300 Romana

135 4339 274 4403 ecclesia
303 4340 483 4404 elementer
511 4342 701 4427 prospicere
725 4344 934 4408 consueverit
956 4342 1155 4408 utilitatibus
1179 4340 1417 4420 subiectorum,
1447 4339 1568 4403 restris
1597 4337 1786 4425 supplicati-

133 4442 250 4506 onibus
273 4442 431 4524 inclinati,
454 4442 496 4507 de
522 4442 659 4508 fratrum
681 4452 868 4509 nostrorum
890 4467 1029 4510 assensu
1051 4464 1110 4510 vos
1134 4450 1168 4510 et
1191 4444 1358 4508 civitatem
1374 4448 1516 4507 vestram
1539 4462 1613 4505 oum
1636 4441 1787 4506 omnibus

132 4544 239 4626 bonis,
262 4566 325 4631 que
348 4545 634 4631 impresentiarum
652 4547 891 4612 rationabiliter
905 4546 1082 4633 possidetis
1106 4546 1219 4611 autin
1241 4545 1387 4609 futurum
1410 4549 1472 4608 etc.
1494 4562 1615 4628 usque:
1639 4542 1787 4628 adipisci,

133 4647 195 4711 sub
224 4646 313 4712 beati
335 4646 427 4711 Petri
459 4652 493 4712 et
523 4655 636 4712 nostra
667 4649 872 4734 protectione
905 4649 1120 4735 suscipimus,
1149 4652 1331 4712 statuentes
1364 4646 1558 4712 auctoritate
1587 4646 1789 4732 presentium

134 4749 298 4815 civitatem
320 4749 502 4837 predictam
524 4750 557 4814 in
579 4749 738 4816 fidelitate
763 4750 851 4816 sedis
873 4752 1054 4839 apostolice
1077 4751 1329 4838 persistentem,
1359 4749 1393 4812 in
1422 4749 1493 4814 eius
1525 4748 1676 4815 demanio
1706 4748 1790 4812 siout

134 4851 318 4938 Anagniam
346 4860 380 4917 et
409 4853 491 4918 alias
520 4853 671 4919 civitates
703 4853 899 4940 Campanie,
938 4854 1036 4918 salvis
1072 4853 1215 4919 servitiis
1250 4859 1284 4917 et
1318 4850 1500 4915 redditibus
1534 4851 1623 4916 curie
1657 4849 1790 4930 debitis,

132 4963 292 5043 perpetuo
314 4956 530 5022 retinendam.
575 4955 718 5043 Insuper
747 4957 956 5022 concedimus
980 4957 1091 5036 vobis,
1122 4961 1159 5019 ut
1187 4955 1221 5019 in
1252 4952 1462 5040 proficiendis
1484 4951 1579 5017 vobis
1607 4952 1789 5017 rectoribus

133 5067 166 5124 et
200 5061 235 5123 in
266 5060 486 5126 contractibus
518 5060 739 5141 venditionis,
778 5061 952 5147 emptionis
990 5081 1027 5124 ao
1062 5059 1136 5122 aliis
1171 5057 1323 5121 habeatis
1357 5055 1398 5122 ad
1432 5055 1535 5118 instar
1568 5052 1789 5140 predictarum

134 5164 303 5228 civitatum
318 5162 497 5250 Campanis
520 5165 717 5229 libertatem.
762 5163 961 5230 Laudabiles
978 5170 1130 5250 preterea
1150 5158 1406 5227 consuetudines
1424 5165 1550 5224 vestras
1574 5165 1607 5222 et
1628 5157 1788 5222 hactenus

93 5259 97 5286 ¹
133 5267 351 5354 approbatas,
385 5287 514 5333 necnon
551 5274 585 5332 et
618 5268 683 5334 alia
717 5287 779 5353 que
808 5266 1008 5332 venerabilis
1042 5265 1145 5330 frater
1173 5272 1287 5328 noster
1313 5311 1321 5329 .
1346 5311 1354 5328 .
1376 5261 1576 5328 Albanensis
1603 5260 1789 5346 episcopus,

246 5461 323 5468 b..—

56 5621 83 5660 ω
240 5597 263 5664 ·)
282 5599 357 5650 XIIII
377 5623 409 5633 -
428 5598 502 5648 tertio
520 5597 632 5649 deestis
650 5597 724 5665 copta
741 5605 845 5660 anostra,¹
867 5597 1038 5663 mpplcrimus
1061 5612 1091 5646 er
1114 5593 1231 5656 Ilaeiuer,
1255 5591 1316 5642 bort.
1335 5591 1398 5656 dipl.
1421 5589 1487 5640 dom.
1509 5596 1582 5654 temp.
1601 5605 1621 5638 r.
1646 5587 1698 5640 aed.
1722 5595 1738 5638 t.
1758 5588 1781 5654 1,

129 5705 158 5754 p.
179 5689 223 5748 88,
241 5702 266 5736 o.
287 5687 345 5734 152.
427 5682 448 5748 ὓ)
466 5685 589 5736 servitute
608 5683 639 5736 u.

1528 5767 1583 5819 39·
