4604 6420
396 435 458 496 372
973 433 1020 486 EX
1039 432 1214 487 tiltliGOltll
1232 433 1271 486 IX
1290 431 1469 487 ltEGIS'I'IlO

240 622 382 675 natusne.
397 603 567 683 delectati,
596 624 661 688 quo
691 603 810 669 exinde
839 605 937 670 tiores
968 612 1002 670 et
1023 606 1148 671 fructus
1172 605 1368 693 proveniunt
1391 607 1569 691 gratiores,
1598 627 1671 670 curn
1701 625 1766 669 non
1793 611 1885 669 esset
1912 604 2047 669 lucerna

395 707 547 793 ponenda
575 708 637 772 sub
665 707 773 773 modic
805 708 864 775 sed
891 731 990 796 supra
1019 709 1268 790 candelabrum,
1296 716 1332 774 ut
1354 710 1508 774 tenebras
1537 710 1713 776 multorum
1734 707 1914 788 illuminet,
1944 708 2046 771 collo-

397 809 517 890 canda,
546 818 579 876 te
609 811 643 875 in
668 810 954 898 Semigalliensem
978 814 1169 900 episcopum
1192 813 1342 878 manibus
1369 814 1489 878 nostris
1518 813 1671 878 duximus
1695 810 1966 892 consecrandum
1994 812 2044 875 in-

395 913 576 980 dubitatam
595 935 723 1001 quoque
740 915 781 980 de
802 923 834 980 te
856 924 1009 1001 gerentes
1025 917 1185 995 fiduciam,
1209 924 1321 1003 utpote
1338 938 1404 982 non
1423 923 1491 982 tarn
1506 917 1708 1003 argumentis
1725 935 1823 1000 quarn
1839 913 2046 981 evidentibus

397 1019 631 1105 experimentis
653 1019 814 1099 instructi,
837 1019 924 1103 quod
946 1021 1126 1084 animarum
1142 1020 1282 1085 salutern
1305 1027 1338 1084 et
1356 1019 1533 1085 Christiani
1557 1021 1663 1085 cultus
1687 1019 1780 1084 sitias
1796 1018 2045 1095 incrementum,

396 1122 438 1186 ad
461 1142 524 1207 que
546 1127 665 1207 potens
689 1143 725 1188 es
748 1121 779 1186 in
798 1143 898 1208 opere
921 1144 959 1187 ae
978 1144 1139 1204 sermone,
1163 1144 1320 1188 concesso
1337 1123 1398 1188 tibi
1418 1123 1451 1186 in
1467 1122 1615 1204 Livonia,
1639 1118 2047 1200 Gotblandia,Vinlandia,

395 1224 577 1303 Hestonia,
606 1224 813 1310 Semigallia,
842 1225 1019 1291 Ourlandia
1046 1233 1080 1292 et
1110 1222 1229 1292 ceteris
1256 1226 1497 1312 neophytorum
1528 1232 1561 1290 et
1588 1245 1789 1312 paganorum
1812 1222 1990 1310 provintiis
2014 1229 2048 1286 et

396 1327 512 1391 insulis
535 1327 774 1414 circumpositis
797 1328 972 1413 legationis
995 1329 1102 1394 officio
1125 1350 1183 1414 pro
1207 1328 1283 1393 fidei
1311 1327 1431 1393 finibus
1460 1327 1648 1394 dilatandis:
1678 1327 1875 1393 fraternitati
1903 1332 1959 1391 tue
1987 1345 2049 1411 per

396 1431 579 1517 apostolica
609 1432 731 1518 scripta
766 1431 976 1513 mandamus,
1011 1439 1173 1516 quatenus
1204 1432 1237 1495 in
1269 1432 1350 1496 locis
1381 1430 1505 1495 eisdem
1533 1431 1636 1496 libere
1666 1429 1834 1495 Christum
1863 1428 2048 1508 annunties,

396 1534 589 1619 corrigendo
619 1554 777 1620 personas
806 1534 1048 1601 ecclesiasticas
1073 1542 1106 1601 et
1129 1535 1286 1601 ecclesias
1310 1534 1531 1609 reformando;
1561 1534 1713 1600 instituas
1734 1554 1863 1619 quoque
1886 1533 1919 1599 in
1943 1532 1990 1598 eis
2013 1539 2047 1597 et
2101 1557 2126 1596 ro

396 1635 471 1701 inde
504 1657 678 1717 amoveas,
713 1659 786 1702 curn
817 1659 899 1724 opus
930 1637 1042 1718 fuerit,
1076 1638 1231 1719 abbates,
1268 1639 1394 1724 priores
1425 1639 1574 1724 aliosque
1610 1637 1758 1703 subditos
1789 1643 1823 1702 ct
1852 1642 2047 1723 personatus

396 1739 575 1820 habentes,
603 1761 799 1826 promovens
822 1741 863 1805 ad
886 1741 1018 1808 ordines
1041 1742 1194 1822 clericos,
1225 1742 1420 1834 electionem
1444 1741 1673 1828 episcoporum
1696 1741 1904 1820 confirmans,
1932 1741 2047 1826 eisque

397 1844 653 1908 consecrationis
677 1850 710 1910 ct
732 1845 905 1910 abbatibus
928 1844 1168 1910 benedictionis
1191 1867 1309 1910 munus
1332 1844 1541 1931 impendens,
1566 1866 1640 1909 cum
1662 1843 1846 1930 expedierit
1869 1849 1903 1908 et
1924 1841 2047 1908 rideris

242 1959 295 2002 nuc.
310 1964 378 2013 aare.
397 1951 626 2032 opportunum.
670 1947 801 2014 Virtute
831 1949 930 2034 igitur
958 1949 1092 2035 spiritus
1121 1948 1252 2013 indutus
1282 1970 1324 2014 ex
1352 1950 1434 2029 alto,
1469 1949 1675 2014 commissam
1704 1946 1765 2012 tibi
1793 1945 2047 2012 sollicitudinem

394 2055 460 2114 tam
488 2049 697 2116 laudabiliter
732 2052 863 2118 studeas
895 2073 1069 2129 exercere,
1101 2059 1138 2116 ut
1169 2073 1228 2138 per
1260 2053 1475 2116 ministerium
1507 2057 1598 2116 tuum
1634 2052 1667 2115 in
1702 2050 1849 2136 partibus
1884 2049 1950 2113 illis
1981 2047 2046 2114 fide
2114 2073 2126 2109 r

395 2152 556 2219 catholica
576 2160 773 2240 propagata,
805 2156 836 2220 ei
863 2156 996 2240 placeas
1027 2155 1081 2240 qui
1111 2155 1175 2219 sibi
1203 2155 1342 2241 placitos
1371 2154 1522 2241 provebit
1553 2155 1586 2218 in
1615 2154 1769 2232 salutem,
1799 2160 1933 2238 paratus
1960 2150 2047 2237 quod

395 2258 683 2343 supererogaveris
701 2279 925 2344 compensare.
971 2257 1021 2322 Ne
1045 2265 1154 2324 autem
1177 2259 1237 2322 tibi
1260 2257 1346 2323 desit
1367 2257 1542 2343 potestatis
1564 2257 1754 2336 auotoritas,
1777 2257 1830 2320 cui
1852 2255 1946 2321 adest
1969 2276 2046 2319 con-

396 2359 533 2425 scientie
556 2361 682 2446 puritas
706 2367 740 2427 et
761 2366 873 2448 presto
896 2382 971 2426 esse
994 2361 1138 2426 creditur
1165 2361 1322 2427 iudicium
1349 2361 1501 2438 rationis,
1530 2360 1733 2446 presentium
1764 2360 1825 2424 tibi
1852 2358 2047 2423 auctoritate

397 2463 619 2544 concedimus,
641 2472 678 2530 ut
700 2465 957 2530 contradictores
981 2471 1015 2530 et
1037 2465 1179 2530 rebelles
1196 2463 1554 2544 excommunicationis,
1578 2463 1803 2549 suspensionis
1827 2468 1861 2527 et
1882 2461 2048 2527 interdicti

397 2586 538 2632 censura
552 2568 724 2654 percellas,
748 2571 825 2655 quia
847 2576 881 2635 et
902 2590 962 2634 nos
978 2571 1186 2651 sententiam,
1209 2591 1306 2656 quarn
1328 2569 1362 2633 in
1384 2569 1468 2634 talea
1492 2568 1553 2633 rite
1575 2567 1760 2654 protuleris,
1783 2573 1886 2632 ratam
1908 2566 2046 2632 habebi·
2101 2588 2129 2626 so

395 2690 467 2734 mus
497 2675 530 2734 et
559 2671 715 2736 faciemus
746 2678 879 2738 auctore
909 2672 1051 2738 Domino
1079 2695 1183 2760 usque
1216 2674 1257 2739 ad
1293 2672 1552 2738 satisfactionem
1586 2671 1782 2756 condignam
1816 2669 2050 2736 inviolabiliter

395 2772 573 2838 observari.

502 2893 578 2959 Dat.
601 2895 718 2977 Reate,
741 2894 773 2959 V
795 2893 936 2960 Kalend.
960 2895 1058 2962 Febr.
1081 2898 1292 2983 pontificatus
1315 2897 1419 2962 nostri
1443 2918 1527 2961 anno
1551 2896 1593 2964 V.

1178 3398 1266 3474 aaa.

503 3510 694 3622 (simportus
717 3539 772 3604 IX
785 3559 877 3621 papo
897 3537 1066 3624 [Nicoloo]
1087 3538 1221 3622 Rr'pcast
1242 3542 1272 3603 et
1291 3537 1514 3624 [Hermanno]
1535 3536 1684 3603 Loulcmt
1707 3539 1870 3619 episcopia
1891 3539 2048 3621 frutribus

393 3641 526 3708 militiae
550 3642 670 3724 Templi
691 3641 728 3707 dc
743 3642 888 3719 Macarta,
910 3646 940 3705 ct
961 3642 1118 3707 catomis
1139 3641 1258 3706 civibus
1272 3640 1463 3725 Repertsibus
1483 3643 1622 3720 marlot,
1644 3645 1680 3705 ut
1699 3641 1885 3720 Wironicm,
1910 3643 2047 3707 Gervam
2099 3671 2126 3710 aa

394 3747 423 3808 et
444 3743 646 3809 Maritimam
667 3745 811 3826 altasque
831 3745 1014 3826 provincias
1035 3743 1238 3830 [Baldor‘no]
1259 3745 1398 3825 opuscola
1421 3744 1662 3827 Scoripollicnsi,
1685 3745 1736 3808 coi
1759 3745 1793 3808 tn
1814 3745 1959 3824 partibas
1980 3747 2047 3810 illis

394 3847 558 3927 legationis
579 3846 717 3930 officiam
738 3849 932 3914 scombrum
956 3849 1006 3928 sit,
1029 3849 1208 3914 restituant.
1695 3849 1789 3926 1232,
1811 3847 1884 3912 lan.
1907 3851 1958 3913 30.

499 3967 580 4035 (ἔτερ.
597 3968 647 4020 IX
663 3966 734 4040 Req.
758 3968 814 4023 Vol.
833 3968 876 4032 ΙΙ,
896 3972 1049 4032 151-152;
1069 3966 1132 4022 Lib.
1154 3967 1186 4037 V,
1206 3971 1268 4022 167.

498 4051 635 4118 Postea,
653 4053 718 4124 περ.
739 4056 824 4108 sear.

885 4268 895 4288 .
930 4269 940 4288 .
971 4213 1152 4306 Rigensi
1185 4218 1228 4287 et
1260 4270 1268 4288 .
1305 4269 1314 4288 .
1349 4213 1555 4288 Lealensi

454 4333 675 4425 episcopis
702 4338 743 4408 et
768 4334 990 4408 fratribus
1017 4334 1176 4408 militie
1202 4334 1375 4427 Templi
1402 4335 1454 4407 de
1481 4334 1665 4408 Livonia
1693 4339 1734 4406 et
1761 4334 1987 4408 universis

981 4454 1156 4529 civibus
1182 4455 1465 4548 Rigensibus

501 4599 555 4664 Ad
577 4606 722 4664 nostram
747 4599 906 4666 noveritis
929 4601 1129 4668 audientiam
1150 4603 1352 4689 pervenisse,
1375 4602 1462 4688 quod
1486 4623 1559 4667 cunr
1583 4623 1682 4689 super
1702 4602 1887 4683 Wironie²,
1916 4601 2047 4668 Gerre²

395 4711 428 4768 ct
450 4703 635 4769 Maritime³
665 4725 703 4768 ac
730 4703 804 4768 aliis
835 4704 1012 4790 provinciis
1041 4706 1128 4771 inter
1155 4705 1355 4771 Teutonicos
1388 4713 1422 4770 et
1448 4704 1560 4771 Danos
1591 4706 1668 4769 olim
1698 4707 1828 4790 questio
1853 4713 2045 4786 verteretur,

394 4806 591 4872 venerabilis
623 4806 725 4872 frater
754 4814 867 4873 noster
900 4856 908 4872 .
940 4856 947 4872 .
977 4809 1174 4874 Mutinensis
1206 4811 1419 4896 episcopus‘,
1458 4816 1535 4875 tunc
1571 4808 1751 4896 apostolice
1786 4810 1873 4875 sedis
1904 4812 2044 4897 legatus,
2111 4838 2123 4874 r

393 4931 531 4975 assensu
552 4912 694 4997 partium
718 4931 774 4976 eas
798 4910 839 4975 ad
862 4931 977 4976 manus
996 4918 1124 4978 nostras
1140 4913 1315 5000 recipiens,
1339 4913 1412 4978 illas
1436 4913 1469 4978 in
1490 4913 1598 4979 reditu
1622 4934 1679 4977 suo
1695 4912 1852 4997 magistro
1869 4912 1895 4976 Ι.
1912 4915 2046 5001 cappel-

393 5015 468 5079 lano
492 5014 562 5080 eius
584 5014 715 5078 nomine
739 5020 852 5079 nostro
876 5015 1046 5098 tenendas,
1070 5023 1103 5082 et
1126 5016 1334 5102 postmodum
1354 5017 1512 5103 magister
1533 5015 1701 5103 predictus
1717 5015 1851 5081 easdem
1867 5016 1961 5081 vobis
1984 5018 2045 5083 sub

394 5125 484 5182 certa
505 5117 609 5182 forma
631 5117 808 5198 commisit,
842 5117 927 5182 sicut
955 5119 988 5182 in
1016 5119 1134 5184 litteris
1165 5119 1242 5185 inde
1266 5120 1424 5186 conlectis
1447 5120 1578 5205 plenius
1602 5120 1795 5185 continetur.
1841 5119 1924 5185 Cum
1946 5119 2046 5204 igitur

393 5220 574 5286 venerabili
610 5220 701 5285 fratri
734 5226 846 5286 nostro
880 5218 1122 5306 Semigallicnsi
1156 5222 1312 5309 episcopo
1346 5222 1522 5308 legationis
1560 5221 1702 5287 officium
1733 5222 1766 5285 in
1798 5221 1864 5286 illis
1896 5222 2045 5308 partibus

393 5325 582 5390 duxerimus
606 5324 890 5407 committendum,
920 5325 1122 5412 presentium
1152 5326 1245 5392 vobis
1274 5326 1468 5392 auctoritate
1496 5324 1704 5407 mandamus,
1735 5324 1888 5409 quatinus
1916 5324 2044 5389 sublato
2097 5349 2125 5387 ro

496 5617 523 5687 l)
542 5617 670 5673 Wirlcnd
686 5618 759 5673 inter
776 5619 865 5672 lacum
878 5617 983 5686 Peipus
1001 5623 1025 5672 et
1043 5618 1134 5672 aarum
1146 5617 1302 5672 Finnicum.
1347 5616 1376 5683 2)
1394 5615 1494 5670 lescen
1512 5631 1547 5669 ac
1564 5614 1699 5670 occidente
1717 5616 1868 5672 ll'r'rcm'ae.
1915 5617 1942 5684 3)
1962 5617 2047 5684 waes,

393 5702 567 5759 occidentalis
585 5720 636 5760 ora
655 5705 800 5760 Estontae.
871 5705 899 5772 4)
924 5703 1090 5760 ll'r'ltelmus.
