4538 6426
873 375 1088 432 PRAEFATIO.
1773 381 1809 434 lx

147 573 314 663 opinetur
341 572 536 644 6666666666
561 572 708 644 omniura
735 573 879 646 ittarune
915 576 1157 668 epistolarum,
1187 600 1274 667 6666
1330 583 1366 648 nt
1393 578 1545 670 66666666
1580 584 1731 666 6666666,
1770 581 1812 650 de

142 693 270 783 perimo
305 693 513 764 ctsecunda
549 695 786 768 convocatione
821 696 957 768 concitii
996 699 1081 768 anni
1116 700 1213 768 1241
1246 699 1308 770 sub
1343 701 1462 771 cadero
1501 702 1620 791 foruna
1655 700 1810 788 66666666,

148 836 185 884 6.
205 813 278 883 781
300 818 331 885 66
353 814 447 902 785,
474 815 521 884 ad
546 817 813 905 6666366666666
839 815 912 888 tata
940 841 1031 906 6336,
1068 825 1105 890 ut
1139 819 1185 890 ibi
1216 820 1291 892 sota
1321 823 1464 892 uomina
1491 831 1624 908 eorum,
1652 822 1700 891 ad
1727 843 1810 911 6663

148 933 284 1006 directa
318 941 436 1023 66666,
476 940 732 1008 annotarentur.
792 937 903 1009 Irnrno
943 941 1084 1010 6666666
1118 963 1159 1011 ca
1199 940 1332 1028 tabula,
1375 941 1413 1011 in
1452 965 1522 1032 666
1558 947 1647 1012 certa
1688 941 1811 1012 ordine

149 1056 346 1148 composita
372 1062 481 1145 66666,
509 1056 680 1149 decerpta
706 1079 778 1130 6336
802 1060 876 1131 iarn
901 1084 956 1132 res
982 1061 1062 1152 ipsa
1082 1061 1263 1133 cerisiuite
1285 1062 1400 1133 reddit
1423 1067 1454 1132 et
1476 1062 1576 1153 infra
1596 1063 1816 1133 demonstra·x

150 1176 245 1248 bitur
254 1174 274 1248 ¹.
327 1175 368 1248 Si
396 1199 475 1248 uero
508 1177 555 1248 ad
580 1200 687 1248 66666
712 1180 830 1250 666666
857 1180 1082 1272 epistolarum
1108 1181 1254 1253 ittarurn
1281 1183 1477 1255 anthentica
1510 1185 1549 1254 in
1581 1185 1811 1274 666636666666

150 1320 222 1369 nou
253 1299 365 1388 fuisse
397 1305 545 1389 constat,
582 1321 691 1389 66666
726 1301 789 1372 666
823 1323 929 1372 unani
957 1271 1187 1374 authenticum
1214 1308 1341 1374 66666
1376 1303 1509 1375 litteras
1535 1309 1673 1374 notatas
1684 1357 1692 1392 ,
1722 1327 1809 1393 6666

153 1421 306 1490 omnium
326 1419 517 1512 coemptum
539 1418 683 1509 suerint,
706 1443 785 1492 6666
803 1421 921 1492 tab-uta
938 1424 1116 1494 66666666
1133 1422 1217 1495 ittae
1240 1424 1365 1496 6663363
1383 1445 1453 1495 6336
1467 1430 1598 1515 putare
1619 1423 1809 1510 debeamus,

149 1563 223 1612 non
248 1539 480 1632 intettipirnns.
521 1580 573 1592 -
617 1541 729 1613 Unam
765 1545 910 1634 (6666666
943 1544 1120 1635 epistotam
1150 1545 1373 1636 pracbemus,
1408 1567 1494 1635 6666
1519 1543 1614 1616 66666
1641 1545 1741 1615 nodo
1769 1568 1811 1616 66

150 1662 343 1734 6666666666
370 1664 408 1734 66
435 1662 582 1755 16666366
608 1662 722 1735 relato
747 1686 818 1736 esse
839 1669 970 1756 666636,
996 1687 1029 1736 n.
1051 1667 1139 1754 309,
1170 1666 1208 1736 in
1235 1689 1305 1757 666
1325 1688 1426 1759 papa
1453 1671 1600 1737 rectores
1627 1664 1809 1736 666666666-

150 1783 234 1853 tatis
259 1780 496 1868 Lambardiae
529 1784 748 1874 adhortatur,
781 1792 820 1857 nt
844 1809 876 1856 a.
898 1788 1016 1874 1226,
1043 1785 1130 1858 Nou.
1154 1791 1175 1856 1
1202 1786 1329 1877 6666663
1363 1787 1410 1856 ad
1441 1787 1554 1858 sedern
1586 1784 1811 1877 apostoticam

150 1903 342 1992 destinent;
371 1928 459 1996 6666
484 1905 629 1998 epistota
652 1905 690 1978 in
716 1906 868 1998 Repestis
894 1909 984 1980 inter
1010 1907 1100 1980 atias
1125 1907 1211 1978 Nou.
1232 1911 1287 1978 22
1311 1913 1342 1979 ct
1363 1907 1448 1979 Noc.
1468 1909 1520 1978 24
1549 1908 1651 1979 datas
1677 1906 1810 1998 6666666.

274 2023 313 2096 Si
338 2025 391 2098 bis
416 2027 458 2098 de
485 2027 776 2119 66636316666366
802 2052 844 2100 66
871 2028 993 2101 titteris
1028 2030 1159 2101 notatis
1193 2031 1389 2120 conscripta
1420 2052 1491 2100 6336
1521 2030 1722 2116 statuimus,
1750 2029 1811 2101 bac

150 2167 223 2216 nan
260 2147 392 2219 decreta
421 2149 570 2239 quadarn
596 2171 715 2242 papae
757 2150 810 2221 666
846 2148 1047 2222 canceltarii
1089 2155 1315 2242 praeceptum
1359 2170 1430 2221 6336
1464 2149 1634 2236 dicimus,
1674 2150 1734 2220 scd
1769 2172 1811 2220 66

150 2268 396 2341 cousuetudine
432 2270 595 2357 66666336,
632 2293 719 2361 qnae
755 2293 831 2342 cum
867 2270 1005 2360 aliquid
1039 2270 1198 2342 6666666663
1234 2269 1386 2357 baberet,
1421 2273 1561 2340 3666666
1595 2275 1662 2358 636,
1691 2292 1810 2360 6666

151 2387 284 2460 66636666
303 2391 418 2481 patuit
444 2396 475 2463 et
501 2391 687 2463 6663663366
714 2396 774 2480 636,
801 2396 873 2462 turn
893 2371 1124 2483 potissinuai,
1149 2414 1226 2464 cum
1250 2390 1404 2482 epistota,
1430 2411 1516 2480 6666
1535 2390 1634 2461 initio
1652 2385 1810 2480 Repestis

151 2507 261 2580 inseri
286 2531 357 2580 non
386 2506 521 2600 debuit,
543 2518 686 2604 postea,
715 2512 863 2601 sortasse
890 2514 939 2584 ad
958 2536 1081 2605 preces
1114 2515 1187 2586 eius
1221 2513 1277 2585 cui
1309 2513 1393 2583 data
1429 2517 1519 2601 erat,
1551 2512 1808 2601 rapistrarctur.

156 2627 241 2702 Tabe
277 2632 363 2722 66666
397 2632 491 2703 circa
528 2633 704 2726 epistotam
735 2633 868 2705 Urbani
894 2634 921 2704 I
924 2634 1003 2707 Va
1034 2634 1079 2708 L.
1109 2633 1241 2706 Delicta
1268 2633 1412 2705 citatarn
1442 2631 1612 2704 accidisse
1633 2637 1810 2724 6666663,
1909 2639 1913 2644 ’

152 2751 246 2842 pud
271 2775 313 2824 66
337 2751 509 2843 36666666
535 2754 753 2827 6666666666
780 2752 995 2848 Registetur
1023 2754 1235 2846 6666666663,·
1262 2777 1344 2826 narn
1370 2756 1402 2826 si
1429 2755 1648 2826 coustitutum
1674 2753 1809 2842 fnisset,

149 2878 190 2944 66
218 2872 414 2946 anthentica
442 2897 595 2966 6666666
621 2877 661 2947 66
686 2877 951 2966 66663666666666
979 2878 1088 2948 666336
1114 2879 1152 2948 66
1176 2876 1325 2968 66666366
1347 2874 1534 2965 reserenda
1556 2879 1674 2962 633666,
1703 2895 1810 2964 qnare

150 2991 292 3066 uerbum
312 2991 528 3087 Registetur
546 2997 745 3069 addendam
765 2997 917 3086 fnisset?
943 2999 1039 3090 666”
1062 2996 1199 3070 6666666
1219 3019 1287 3069 non
1307 2996 1380 3069 sine
1401 3017 1509 3068 causa
1532 2994 1662 3088 apponi
1684 2994 1810 3083 debuit,

150 3115 184 3188 si
210 3114 435 3208 Repestarurn
461 3118 575 3192 scriba
601 3119 798 3192 authentica
823 3117 1013 3192 describere
1039 3141 1111 3191 666
1137 3123 1372 3191 consueuerat.
1427 3115 1531 3188 Atiae
1558 3114 1737 3209 epistotae,
1772 3115 1811 3186 66

151 3259 299 3328 quarum
325 3244 421 3330 66666
448 3237 564 3313 littera
591 3238 625 3312 R
652 3263 730 3313 curn
754 3246 855 3328 nota,
882 3263 947 3331 666
975 3239 1047 3312 laco
1077 3241 1116 3311 in
1143 3239 1300 3330 chestis
1336 3237 1508 3329 66666666,
1538 3238 1729 3324 invenitur,
1762 3237 1811 3307 ad

152 3379 228 3430 ren
252 3361 367 3451 ipsarn
392 3359 479 3434 66666
504 3360 633 3450 catast,
668 3383 751 3432 666
783 3367 815 3433 et
849 3384 892 3433 66
921 3361 1126 3434 authenticis
1160 3365 1191 3432 66
1223 3382 1265 3431 66
1297 3357 1421 3430 titteris
1446 3359 1572 3431 6666663
1598 3359 1637 3428 66
1663 3355 1811 3448 16666366

151 3476 270 3552 auca
296 3502 369 3553 6336
390 3488 549 3572 possunt.
602 3480 718 3554 Porro
746 3482 793 3551 ad
819 3483 877 3572 id,
909 3483 1001 3573 66666
1027 3481 1162 3554 Muncb
1194 3481 1241 3551 ad
1267 3481 1464 3573 opinionem
1489 3501 1589 3552 36666
1614 3483 1807 3551 363666666-

154 3600 234 3672 darn
256 3601 420 3694 protudit,
446 3603 622 3676 66666663
649 3603 874 3695 1666636666
895 3601 1096 3695 pririlepiis
1130 3608 1242 3673 rotam
1279 3603 1456 3694 appictan
1488 3605 1520 3672 66
1546 3599 1810 3690 subscriptiones

153 3719 292 3792 additas
317 3745 398 3813 6336,
425 3727 671 3817 respautemus
695 3747 758 3798 663
783 3723 883 3796 uultu
903 3723 1092 3817 6666666666
1117 3723 1268 3796 Hortarii
1287 3722 1359 3794 ΙΙΙ
1382 3728 1413 3796 66
1442 3721 1603 3812 (66666666
1625 3719 1695 3807 ΙΧ,
1723 3742 1811 3811 6666

153 3864 196 3914 eu
221 3841 381 3935 Repcstis
406 3847 652 3936 6666666666,
677 3867 784 3935 insse,
810 3849 849 3917 in
868 3843 990 3937 666663
1007 3842 1270 3938 subscriptiones
1293 3847 1527 3936 reperiantur·
1558 3842 1684 3933 66666
1708 3839 1811 3912 cerba

154 3961 199 4035 L.
225 3959 392 4038 16663666ς
431 3967 527 4039 66663
566 3964 826 4057 suffrapantur,
868 3970 928 4058 666
974 3967 1242 4059 subscriptiones
1284 3966 1322 4036 in
1357 3962 1550 4057 6666666663
1584 3961 1811 4053 8666366666

154 4081 351 4157 innocenii
378 4085 450 4157 ΙΙΙ
474 4085 617 4179 ‘seraper
647 4086 733 4175 serc'
762 4086 877 4158 deesse
909 4086 1013 4176 died,
1042 4093 1074 4158 66
1106 4086 1196 4157 inter
1228 4085 1487 4176 quatuordeeim
1517 4079 1645 4154 unun³
1677 4086 1811 4152 turdum

155 4206 317 4280 66666666
337 4214 463 4300 potest,
492 4212 583 4301 qnod
608 4211 653 4282 iis
679 4215 842 4280 ornaturi
868 4215 927 4282 636.
981 4208 1093 4281 Aliud
1126 4214 1239 4280 autern
1272 4209 1310 4278 iu
1336 4204 1493 4293 depastis
1527 4203 1725 4275 quacentii
1752 4201 1816 4274 IV

154 4327 315 4400 66666666.
367 4330 482 4403 Primi
508 4331 646 4422 666666
672 4329 777 4401 libri
802 4329 1004 4421 6666666666,
1041 4352 1128 4420 quac
1154 4349 1295 4399 numero
1320 4347 1441 4397 noaern
1468 4329 1564 4412 3666,
1591 4325 1706 4394 amnia
1732 4322 1809 4394 sab-

153 4448 393 4539 scriptienibus
420 4457 548 4539 carent,
575 4474 615 4523 ea
641 4473 731 4539 6666,
761 4473 849 4542 6666
876 4453 915 4522 66
939 4451 1086 4522 secundo
1114 4447 1213 4521 tertio
1241 4453 1374 4539 666666,
1401 4467 1576 4538 quousque
1602 4443 1649 4514 Ε.
1676 4439 1811 4533 Bcrper

155 4569 302 4662 16666366
315 4572 433 4660 edidit,
447 4595 589 4644 numera
602 4572 722 4664 6666666
739 4574 967 4660 continentur,
986 4571 1109 4660 66666,
1124 4575 1288 4642 eteorum
1303 4591 1390 4659 6666
1404 4568 1443 4637 66
1452 4566 1608 4658 66663663
1621 4571 1811 4655 temporum

152 4690 362 4780 inferiarum
374 4694 575 4784 reperimus,
589 4691 708 4784 666666
723 4691 1030 4783 subscriptionibus
1046 4692 1217 4761 instructa
1236 4693 1325 4760 sunt.
1371 4687 1468 4759 Unde
1489 4686 1531 4759 ab
1554 4708 1644 4757 anno
1664 4685 1810 4757 secundo

153 4811 349 4886 Innocentii
359 4810 384 4882 1
388 4812 423 4885 V
428 4812 615 4904 6666666666
628 4837 671 4886 66
689 4815 892 4886 6666666663
903 4815 942 4884 66
957 4812 1105 4902 66666366
1125 4812 1301 4902 descripta
1315 4831 1387 4881 esse
1407 4831 1523 4880 66666
1540 4830 1611 4878 non
1626 4804 1810 4877 abliorrere

154 4934 301 5022 ridetur,
318 4939 350 5004 et
366 4933 517 5022 66666336
531 4937 686 5008 66666666
700 4934 781 5006 ticet
795 4934 857 5006 bac
875 4938 946 5004 6666
960 4933 1037 5023 ficri
1055 4938 1211 5025 66666666
1224 4953 1306 5020 6336,
1323 4930 1407 5021 6666
1426 4931 1598 5002 decretum
1616 4931 1699 5016 6666,
1719 4930 1757 4995 ut
1774 4924 1811 4995 iu

149 5060 326 5144 posterum
348 5053 530 5146 6666666666
555 5055 593 5127 66
609 5056 759 5148 16666366
784 5080 853 5129 666
880 5057 1117 5147 reciperentur
1139 5054 1208 5125 6636
1232 5051 1510 5145 cartapecuniae
1532 5045 1811 5134 sanctadona)

155 5171 434 5262 repistratcribus
466 5175 598 5266 sotuta;
635 5200 735 5270 6666
767 5199 867 5250 unane
899 5199 986 5250 saec.
1010 5174 1112 5246 XIV
1141 5175 1358 5246 obseruatum
1394 5183 1464 5244 6336
1493 5169 1640 5262 probari
1668 5173 1780 5260 potest
1788 5165 1810 5238 ⁴.

155 5290 306 5388 Propter
341 5298 433 5387 quod
471 5299 691 5390 suspicamur
727 5298 953 5390 Munatium,
987 5299 1046 5389 666
1083 5297 1343 5370 66636666666663
1378 5295 1592 5366 diversorum
1624 5297 1812 5382 temporum

261 5600 402 5668 166661.
506 5603 535 5667 6)
551 5619 578 5670 p.
599 5613 626 5656 11
649 5609 727 5658 css.
842 5607 869 5670 3)
889 5603 947 5658 16.
975 5601 1042 5670 VH,
1064 5607 1124 5668 66·
1149 5602 1277 5669 Panna,
1298 5601 1359 5668 66.
1379 5607 1453 5655 636.
1557 5599 1585 5662 4)
1604 5593 1711 5660 aare,
1730 5599 1747 5647 ι.
1767 5593 1812 5660 11,

155 5703 181 5753 6
203 5693 240 5754 ts,
258 5691 326 5752 nom
346 5685 457 5755 Mundi,
472 5705 500 5756 p.
520 5695 563 5743 30.

260 5785 321 5837 Bw.
339 5781 459 5836 Pasini
