4576 6390
755 367 954 431 ams'lotla
972 371 1161 436 suenorum
1198 373 1274 436 1233.

999 602 1025 669 Ι.

575 723 723 801 Nobili
748 728 843 801 viro
872 727 912 802 C.
940 730 1221 824 lantegravio
1248 731 1467 826 Turingie.

294 875 438 960 Dignum
463 883 513 940 est
536 882 569 940 et
592 898 771 941 consonum
796 877 929 958 rationi,
952 884 988 942 ut
1011 881 1193 965 apostolice
1216 881 1304 946 sedis
1328 881 1532 966 benignitas,
1556 880 1642 946 siout
1664 878 1704 945 ad
1728 901 1842 945 omnes

188 979 303 1044 fideles
325 980 524 1063 generaliter
553 980 706 1044 affectum
729 980 875 1045 caritatis
898 981 1063 1062 extendit,
1096 984 1144 1048 sie
1173 1005 1246 1065 eos,
1276 1006 1359 1070 quos
1382 985 1468 1048 circa
1498 985 1668 1049 servitium
1692 1005 1786 1048 suum
1809 989 1843 1047 ct

188 1082 413 1148 defensionem
445 1083 604 1147 catholice
635 1083 715 1148 fidei
742 1083 917 1168 presertim
950 1084 1012 1148 hoc
1041 1092 1203 1172 tempore,
1238 1087 1271 1151 in
1306 1108 1370 1173 quo
1402 1088 1494 1152 labes
1522 1087 1669 1152 heretice
1696 1087 1842 1172 peccetis

123 1215 135 1252 a
189 1187 398 1271 exigentibus
429 1187 526 1251 latius
555 1193 606 1250 est
634 1185 767 1266 diffusa,
796 1185 982 1252 devotiores
1013 1189 1193 1268 invenerit,
1225 1191 1360 1276 speciali
1394 1190 1526 1255 studeat
1553 1189 1736 1278 patrocinio
1765 1210 1842 1254 eou-

188 1289 310 1354 fovere.
354 1289 442 1353 Hinc
466 1296 527 1370 est,
551 1289 637 1374 quod
659 1289 757 1354 fidem
781 1311 820 1354 ae
843 1289 1052 1356 devotionem
1069 1292 1244 1358 recolende
1261 1294 1418 1358 memorie
1436 1293 1679 1380 progenitorum
1702 1299 1843 1369 tuorum,

188 1413 284 1477 quam
307 1392 511 1456 incessanter
540 1391 582 1456 ad
605 1391 714 1457 Deum
737 1399 771 1457 et
801 1392 913 1458 sedern
944 1395 1159 1480 apostolicam
1183 1395 1368 1461 habuerunt
1389 1402 1422 1462 et
1445 1403 1479 1461 tu
1503 1418 1567 1461 non
1589 1396 1696 1462 miuus
1719 1394 1842 1460 habere

188 1495 381 1571 dinosceris,
416 1495 643 1577 attendentes,
672 1518 846 1582 personam
877 1503 965 1560 tuam
999 1505 1032 1562 et
1066 1505 1187 1563 terram
1219 1521 1292 1565 curn
1321 1501 1473 1565 omnibus
1503 1500 1600 1565 bonis
1629 1507 1689 1564 etc.
1722 1520 1842 1584 usque:

187 1599 434 1680 communimus,
459 1606 643 1664 statuentes
667 1606 703 1663 ut
725 1605 757 1664 te
782 1601 814 1663 in
837 1599 1009 1666 devotione
1033 1604 1174 1668 ecclesie
1197 1605 1407 1691 persistente,
1432 1625 1471 1668 ea
1494 1605 1603 1668 omnia
1625 1624 1742 1668 secura
1764 1623 1842 1666 con-

112 1731 136 1767 io
189 1705 306 1766 sistant
329 1709 362 1766 et
384 1708 599 1788 permaneant
621 1703 757 1767 illibate.
803 1703 893 1767 Nulli
917 1725 995 1789 ergo
1019 1743 1060 1752 —
1084 1713 1195 1771 nostre
1219 1708 1433 1794 protectionis
1457 1714 1490 1772 et
1514 1707 1755 1771 constitutionis
1780 1713 1843 1771 ete.

189 1804 225 1869 Si
248 1806 320 1890 quis
343 1810 453 1869 autern
477 1813 540 1871 etc.

295 1924 373 1988 Dat.
395 1925 558 2010 Anagnis,
581 1925 667 1990 XIII
688 1925 763 1991 Kal.
787 1925 994 2008 Novembris,
1017 1949 1101 1992 anno
1126 1930 1278 2014 septimo.

994 2151 1039 2216 ΙΙ.

696 2330 704 2349 .
735 2331 744 2347 .
774 2275 985 2367 episcopo
1019 2277 1320 2352 lldesemeusi.

295 2423 439 2510 Dignum
475 2431 526 2487 est
560 2431 622 2488 etc.
657 2430 692 2488 ut
731 2447 830 2510 supra
866 2425 899 2490 in
934 2427 1169 2491 treceutcsIma
1204 2428 1361 2512 vigesIma
1397 2435 1512 2513 quarta
1548 2451 1668 2514 usque:
1707 2429 1842 2494 illibata.

113 2547 136 2583 a
190 2525 352 2599 Quocirca
384 2527 591 2608 mandamus,
622 2529 775 2612 quatinus
805 2528 990 2616 predictum
1018 2530 1163 2594 nobilem
1192 2539 1304 2595 contre
1331 2539 1442 2596 nostre
1465 2533 1681 2619 protectionis
1705 2539 1739 2597 et
1766 2553 1844 2596 con-

190 2630 366 2694 stitutionis
389 2636 538 2696 tenorem
561 2632 602 2696 ab
626 2632 790 2718 aliquibus
813 2654 879 2696 non
901 2635 1073 2720 permittas
1096 2633 1243 2699 indebite
1267 2637 1445 2714 molestari,
1477 2638 1705 2702 molestatores
1729 2637 1844 2700 huius-

190 2732 279 2796 modi
302 2734 393 2797 etc.¹.

296 2853 373 2921 Dat.
397 2854 560 2940 Anagnia,
584 2857 616 2920 X
638 2857 713 2922 Kal.
738 2858 945 2939 Novembris,
969 2879 1054 2923 anno
1078 2859 1227 2945 septimo.

810 3139 1222 3146 m———n-——ss—

973 3415 1060 3488 558.

296 3525 487 3636 Graecas
501 3553 558 3619 rx
573 3575 662 3635 papa
683 3555 863 3640 [caesim
877 3556 958 3640 ιιι]
979 3555 1208 3636 arcaapaopo
1223 3555 1421 3639 Materno,
1443 3553 1610 3638 [marsa
1624 3555 1684 3640 rr]
1705 3555 1845 3636 epacopo

112 3683 139 3723 ιο
190 3655 440 3722 Hildcshcmcasi
462 3663 491 3722 ct
516 3647 669 3736 Conrado,
691 3660 814 3724 ordinis
836 3660 1096 3725 Praedicatomm
1117 3661 1309 3740 provinciali
1324 3659 1434 3740 priori
1454 3660 1491 3722 ia
1516 3658 1682 3736 Tcatonim
1704 3659 1846 3737 mandat,

188 3763 224 3822 uf
257 3763 367 3824 matra
396 3759 566 3825 decretam
596 3761 764 3826 rannac
797 3764 889 3826 iaxta
911 3762 1053 3847 foratam
1082 3764 1208 3828 concilii
1237 3762 1396 3845 pateretis
1425 3765 1456 3826 et
1483 3764 1603 3826 statuto
1630 3782 1732 3842 nuper
1761 3760 1846 3826 aaa

183 3861 366 3941 procedant
1501 3866 1594 3941 1233,
1619 3861 1682 3928 oa.
1705 3866 1758 3929 21.

200 3967 202 3972 ,
294 3979 376 4052 (ἔτερ.
395 3982 445 4035 IX
461 3981 530 4054 Ray.
554 3983 610 4040 Vol.
629 3988 650 4038 1
653 3985 681 4051 V,
700 3989 751 4052 893
768 3984 831 4041 Lib.
856 3986 919 4050 VII,
939 3989 996 4040 311.

294 4068 429 4137 Paeana,
449 4069 517 4138 Rea.
537 4073 615 4125 9314.

113 4310 138 4348 a
193 4337 201 4355 .
236 4337 245 4354 .
282 4283 621 4375 archiepiscopo
658 4284 936 4376 Maguntino,
972 4343 981 4359 .
1017 4343 1026 4360 .
1062 4286 1273 4378 episcopo
1309 4282 1600 4358 lldesemensi
1639 4288 1680 4356 et
1715 4281 1846 4355 fratri

234 4401 457 4492 Concede,
485 4405 654 4477 ordinis
681 4405 1023 4481 Predicatorum
1050 4406 1310 4500 provinciali
1339 4404 1477 4496 priori
1504 4403 1546 4477 in
1570 4403 1806 4484 ‚Teutonis

298 4550 458 4617 Dolemus
482 4559 516 4616 et
538 4554 725 4618 vehementi
757 4555 976 4620 commotione
1009 4555 1195 4635 turbemur,
1225 4553 1311 4640 quod
1337 4553 1514 4634 Teutonia,
1545 4572 1607 4636 que
1639 4551 1724 4616 sicut
1754 4557 1910 4620 artusiae
1926 4582 1967 4630 aa.

191 4656 383 4740 specialium
405 4657 612 4741 voluptatum
642 4658 803 4722 catholice
827 4658 993 4722 viriditate
1021 4657 1098 4722 fidei
1124 4665 1158 4723 et
1188 4678 1323 4743 operum
1350 4657 1474 4743 pietate
1504 4655 1653 4721 redolere
1677 4657 1847 4722 consuevit

193 4759 352 4824 hactenus
377 4766 410 4824 ot
432 4760 554 4844 vigere,
577 4781 663 4824 nunc
687 4769 824 4847 apparet
847 4762 947 4848 plena
970 4761 1118 4827 sentibus
1141 4761 1295 4825 heresum
1318 4767 1351 4824 et
1373 4758 1485 4824 fedata
1507 4758 1659 4824 sordibus
1681 4759 1846 4842 vitiorum,

115 4885 141 4922 ro
193 4869 227 4926 et
250 4863 313 4925 nisi
336 4862 498 4926 Dominus
521 4861 710 4948 reliquisset
733 4865 767 4928 in
790 4887 830 4930 ea
851 4865 1092 4931 benedictionis
1115 4884 1245 4942 semen,
1273 4864 1360 4927 viros
1384 4863 1545 4944 sinceros,
1574 4862 1650 4928 fidei
1673 4864 1844 4943 zelatores,
1858 4886 1896 4928 ns.
1913 4893 1953 4939 ra.

191 4965 360 5050 negotium
386 4965 599 5031 correctionis
627 4967 730 5052 ipsius
761 4975 851 5032 esset
878 4968 1067 5053 ambiguum
1096 4974 1130 5032 et
1160 4966 1299 5031 forsitan
1329 4965 1581 5052 desperandum.
1630 4965 1725 5030 Nunc
1756 4987 1844 5046 vcro,

192 5069 276 5133 sicut
300 5070 333 5132 in
348 5070 486 5134 veritate
504 5072 730 5156 comperimus,
754 5093 813 5137 vos
836 5079 871 5138 et
895 5073 950 5138 alii
968 5071 1183 5137 ecelesiarum
1206 5071 1325 5158 prelati
1347 5091 1385 5134 ac
1407 5089 1559 5156 persone,
1583 5067 1700 5132 fratres
1716 5088 1845 5153 quoque

192 5170 315 5236 ordinis
337 5171 602 5254 Prodicetorum,
626 5175 782 5240 tollentes
806 5176 948 5241 resinam
970 5173 1012 5238 ed
1035 5172 1181 5238 dolorem
1205 5175 1276 5239 eius
1300 5180 1333 5238 et
1356 5173 1537 5238 cauterium
1560 5169 1601 5234 ad
1623 5177 1785 5236 tumorem
1805 5192 1843 5236 ac
1857 5194 1999 5240 resana.

192 5297 264 5339 cum
289 5275 480 5360 evangelico
498 5274 703 5342 Samaritano
727 5280 837 5343 vinum
862 5285 895 5342 ct
918 5279 1026 5342 oleum
1050 5277 1240 5342 vulneribus
1263 5276 1484 5356 infundentes,
1506 5274 1681 5358 vigilanter
1703 5273 1911 5354 insatiata.
1926 5297 1993 5340 rori.

115 5407 140 5444 rs
194 5381 222 5444 si
244 5380 328 5444 forte
353 5381 396 5445 sit
424 5381 564 5464 sanitas,
594 5404 654 5447 uec
683 5404 748 5446 non
772 5381 833 5446 viri
863 5381 990 5446 nobiles
1014 5402 1092 5445 vere
1120 5381 1221 5444 fortes
1245 5381 1315 5444 veri
1336 5380 1493 5445 lectulum
1518 5377 1702 5442 Salomonis
1724 5375 1843 5462 gladiis
1857 5399 1920 5438 sunt.
1936 5401 1977 5450 ar.

889 5557 908 5562 ι..
915 5557 970 5562 -.--
989 5555 1329 5562 —.-—-—-.---—-——
1337 5555 1476 5560 -..-.---.-
1486 5555 1524 5558 ---
1532 5553 1738 5558 .-.-.-..-.--.-

297 5675 322 5744 1)
343 5673 386 5742 cs.
404 5689 429 5728 a.
451 5680 505 5730 573
522 5681 548 5729 a
568 5678 633 5728 573.

1590 5767 1642 5822 bl*
