4524 6412
725 395 925 465 EPISTOLAE
942 395 1131 456 SELEG'PAE.
1168 401 1243 456 1228.
1711 343 1715 356 Ι
1749 399 1808 468 291

158 577 311 644 celeriter
333 574 525 656 revertaris,
555 573 661 662 ipsam
690 596 763 639 oum
794 575 917 639 auxilio
947 575 1089 663 ecclesie
1111 573 1260 641 Romane
1289 582 1355 640 tam
1385 574 1532 641 studiose
1555 597 1652 662 quam
1675 577 1813 644 viriliter

159 680 363 747 defensurus.
407 679 564 765 Alioquin
587 699 652 743 non
673 684 785 743 nostre
808 676 929 742 duritie
953 685 1004 743 set
1026 684 1081 742 tue
1097 679 1246 744 facilitati
1262 679 1386 765 poteris
1403 679 1574 765 imputare,
1598 680 1690 746 side
1713 680 1811 747 leudo

158 785 230 869 ipso
253 782 376 868 aliquid
399 783 459 848 tibi
482 783 623 863 eveniat,
647 781 733 865 quod
756 801 821 845 nou
844 782 938 845 velis.

265 904 354 968 Data
375 903 515 984 Perusii,
538 901 640 965 VIIII
662 900 738 964 Kal.
762 900 880 970 Octob.
904 901 1114 987 pontificatus
1138 902 1240 967 nostri
1264 925 1349 967 anno
1373 902 1528 968 secundo.

779 1128 1189 1136 .—...—-.—..—...—-—-.-..

944 1335 1030 1409 374.

266 1450 456 1560 Grcpmtas
478 1475 535 1540 IX
550 1495 639 1556 papa
660 1474 774 1559 [Petro
795 1473 918 1558 Ztaao]
939 1474 1012 1540 daci
1035 1473 1219 1540 Venetorum
1240 1479 1379 1557 nuntiat,
1401 1497 1433 1542 se
1455 1480 1560 1558 stpam
1582 1477 1762 1543 Reccaatae
1783 1482 1813 1542 et

156 1582 361 1646 Hanmaatac
390 1580 425 1642 tn
455 1577 601 1642 manitas
629 1580 696 1642 sais
725 1577 907 1657 retinuisse,
938 1597 1006 1642 cum
1031 1583 1145 1658 parties
1175 1584 1276 1644 terroe
1304 1581 1447 1646 ccclesiae
1477 1579 1640 1645 Romanae
1666 1581 1813 1660 pomam

156 1688 279 1752 climace
300 1685 436 1750 astitere
456 1683 551 1761 actit;
572 1687 661 1765 rogat
682 1702 760 1758 eura,
782 1686 818 1745 at
838 1683 1035 1746 societatibus
1057 1702 1125 1746 mres
1147 1683 1343 1748 Anaimam's
1365 1683 1622 1749 ct‘Recaaatibas
1643 1683 1811 1750 renuntiet.

1470 1791 1563 1866 1228,
1589 1785 1652 1851 Oct.
1677 1789 1726 1850 12.

261 1875 342 1942 Grec.
361 1872 410 1925 IX
426 1871 491 1941 Rea.
512 1871 571 1926 Vol.
590 1874 613 1936 1,
634 1875 678 1934 82,
698 1873 750 1937 83,-
769 1869 832 1924 Lib.
852 1873 893 1934 II,
914 1873 957 1922 34.

261 1959 398 2022 Pendeat,
417 1957 487 2028 Rea.
506 1960 589 2012 8266.

597 2134 742 2208 Nobili
769 2137 862 2210 viro
892 2193 901 2212 .
931 2194 940 2210 .
968 2137 1069 2210 duci
1095 2135 1372 2211 Venetorum.

267 2271 370 2336 Solite
393 2269 578 2334 dilectionis
601 2269 722 2334 affectu
751 2270 893 2356 receptis
923 2271 1045 2334 nuntiis
1068 2271 1155 2351 tuis,
1185 2269 1339 2335 videlicet
1361 2269 1491 2335 dilectis
1514 2270 1590 2335 filiis
1613 2271 1652 2336 B.
1675 2273 1811 2337 Falletr.

157 2384 191 2442 et
211 2374 333 2440 Iacobo
354 2371 541 2466 Accottant.
566 2373 645 2437 viris
670 2374 875 2460 sapientibus
899 2381 932 2439 et
954 2373 1118 2456 discretis,
1148 2381 1215 2438 tam
1237 2375 1462 2439 Anconitanos
1485 2395 1582 2460 quam
1605 2375 1810 2440 Auximauos

78 2483 80 2488 ’
157 2503 195 2545 ac
218 2479 427 2545 Reoanat0s¹
450 2477 491 2542 ad
514 2483 659 2542 nostram
682 2478 880 2563 presentiam
903 2477 1055 2543 duximus
1080 2478 1282 2559 evocandos,
1306 2478 1483 2565 prebentes
1506 2478 1664 2564 predictis
1688 2479 1811 2543 nuntiis

94 2615 106 2652 s
158 2585 290 2671 plenam
323 2582 523 2647 audientiam
559 2587 593 2645 et
626 2580 818 2666 benignam,
855 2588 888 2646 et
919 2581 1142 2666 intelligentes
1178 2603 1240 2666 que
1277 2582 1325 2646 illi
1357 2599 1467 2647 coram
1497 2582 1592 2648 nobis
1626 2603 1811 2669 proponere

158 2693 364 2753 curaverunt.
409 2685 495 2760 Quia
523 2705 602 2748 vero
632 2684 824 2764 societates,
854 2705 917 2769 que
948 2684 1122 2750 hincinde
1153 2686 1239 2750 fecte
1268 2685 1401 2750 fuerunt
1428 2686 1462 2748 in
1484 2685 1645 2765 Marohie,
1673 2685 1706 2749 in
1734 2706 1809 2772 pre·

157 2790 313 2855 iudicium
344 2795 438 2854 erant
468 2786 555 2852 sedis
585 2788 764 2873 apostolice
795 2809 856 2852 nee
884 2809 948 2851 non
976 2789 1009 2852 in
1039 2787 1246 2874 dispendium
1275 2788 1360 2853 fame
1389 2809 1427 2854 ac
1457 2788 1571 2853 salutis
1599 2789 1728 2853 illorum
1756 2789 1812 2873 qui

157 2894 305 2959 iecerunt
323 2892 466 2972 easdem,
489 2913 560 2971 nos,
583 2912 657 2955 oum
673 2890 884 2956 dissolvenda
909 2892 973 2956 sint
990 2891 1216 2976 colligationes
1234 2892 1411 2978 impietatis
1435 2898 1468 2956 et
1491 2890 1639 2956 solvendi
1664 2892 1811 2957 fasciculi
1825 2906 1863 2948 Es·
1879 2911 1933 2956 teo·

157 2996 392 3084 deprimentes,
424 2994 551 3060 iustitia
574 2995 729 3080 exigente
754 2995 932 3060 societates
960 2995 1048 3082 ipsas
1072 2995 1300 3076 dissolvimus,
1332 3001 1365 3060 et
1394 3015 1523 3076 omnes,
1552 2995 1607 3081 qui
1630 3017 1728 3083 super
1749 2996 1812 3062 hoo

80 3131 85 3146 ·
159 3103 355 3181 iuraverant,
379 3099 579 3165 absolvimus
601 3099 766 3163 avinculo
791 3099 975 3180 iuramenti,
999 3100 1076 3184 quin
1100 3100 1210 3187 potius
1232 3098 1436 3164 decrevimus
1459 3119 1524 3164 nou
1548 3099 1664 3165 teneri.
1708 3100 1812 3166 Porro

156 3226 221 3271 non
243 3205 419 3270 molestum
442 3201 502 3267 tibi
525 3201 624 3268 debet
645 3202 707 3266 hoo
731 3203 875 3268 existere
900 3209 951 3268 set
973 3211 1154 3289 acceptum,
1179 3224 1252 3268 oum
1275 3203 1325 3266 vir
1347 3203 1392 3267 sis
1413 3202 1594 3269 catholicus
1618 3210 1654 3269 et
1674 3203 1812 3270 devotus

156 3307 229 3374 Deo
253 3315 287 3374 et
309 3307 462 3386 ecclesie,
486 3305 627 3390 diligens
651 3327 725 3370 cum
749 3305 876 3370 civibus
899 3307 963 3370 tuis
988 3307 1074 3371 inter
1097 3313 1225 3371 ceteros
1241 3306 1489 3392 circumpositos
1513 3306 1691 3392 equitatem
1714 3313 1811 3394 atque

157 3411 326 3492 iustitiam,
350 3418 383 3476 et
406 3409 522 3474 solitus
541 3409 738 3494 gravitatem
761 3431 799 3475 ao
821 3409 1017 3475 modestiam
1033 3409 1220 3476 observare.
1266 3409 1353 3475 Sane
1378 3430 1451 3476 cum
1469 3411 1621 3493 nolimus,
1645 3411 1729 3476 sicut
1751 3433 1812 3476 uec

156 3515 242 3580 velle
271 3513 449 3593 debemus,
486 3517 601 3598 portus
629 3517 716 3577 terre
746 3519 876 3594 nostre,
911 3512 966 3597 qui
996 3513 1136 3579 ecclesie
1167 3513 1316 3578 Romane
1349 3513 1429 3577 iuris
1457 3515 1621 3597 existunt,
1654 3515 1812 3602 potestati

158 3617 309 3683 subicere
343 3617 450 3682 aliene
483 3616 537 3681 vel
571 3616 644 3681 aliis
678 3618 848 3684 comittere
883 3617 1122 3705 disponendos,
1156 3619 1259 3704 ripam
1290 3617 1458 3681 Racanate
1494 3626 1527 3683 et
1556 3618 1743 3684 Humenate
1778 3619 1812 3683 in

157 3721 307 3786 manibus
331 3721 452 3785 nostris
475 3719 679 3802 retinuimus,
703 3721 894 3808 disposituri
918 3722 958 3788 de
982 3723 1055 3810 ipsa
1077 3723 1162 3787 sicut
1183 3722 1360 3787 viderimus
1383 3721 1552 3807 expedire.
1596 3719 1679 3787 Cum
1701 3729 1812 3789 autem

156 3845 333 3912 personam
356 3830 445 3888 tuam
475 3829 509 3888 et
532 3824 699 3889 civitatem
723 3824 938 3890 Venetismm
963 3825 1100 3912 speciali
1123 3825 1299 3910 diligamus
1322 3825 1458 3898 affectu,
1488 3825 1661 3911 cupientes
1684 3826 1810 3891 exalta-

158 3929 281 3994 tionem
304 3936 393 3992 tuam
417 3933 451 3991 et
474 3926 615 3991 civitatis
639 3927 742 4012 ipsius
766 3928 938 3994 comodum
962 3935 995 3994 et
1025 3937 1254 4015 augmentum,
1283 3927 1385 3995 debes
1406 3928 1555 4014 prolecto
1580 3927 1742 3993 confidere
1766 3929 1812 3993 ita

157 4052 217 4096 nos
240 4052 338 4119 super
359 4030 422 4095 hoc
454 4035 586 4096 auctore
609 4029 752 4096 Domino
783 4032 985 4118 provisuros,
1016 4031 1103 4118 quod
1132 4053 1174 4097 ex
1197 4031 1315 4097 devoto
1343 4031 1467 4118 poteris
1497 4053 1572 4097 esse
1599 4030 1747 4096 devotior
1778 4038 1813 4097 et

158 4136 304 4222 paratior
325 4133 366 4199 ad
388 4133 547 4199 honorem
571 4132 658 4198 sedis
680 4135 860 4220 apostolice
884 4136 998 4201 matris
1020 4143 1086 4202 tue.
1132 4133 1294 4209 Quocirca
1312 4134 1518 4199 nobilitatem
1534 4141 1622 4200 tuam
1642 4155 1811 4200 monemus

157 4245 293 4320 attente,
317 4243 471 4322 rogantes
488 4236 640 4323 quatinus
659 4239 827 4304 renunties
846 4241 977 4306 omnino
1002 4239 1308 4310 societatibuscum
1324 4237 1520 4303 Auximanis
1541 4245 1575 4302 et
1589 4237 1812 4303 Raoauatibus

157 4343 256 4424 initis,
280 4347 314 4406 et
328 4341 444 4405 illicito
459 4362 558 4427 super
573 4341 635 4406 hoc
651 4348 748 4428 pacta
762 4344 926 4419 remittam
949 4366 1014 4409 non
1031 4344 1118 4408 enim
1134 4343 1195 4408 tibi
1211 4341 1357 4428 expedit,
1379 4348 1416 4407 ut
1430 4341 1611 4408 Romanam
1627 4341 1810 4422 ecclesiam,

158 4467 221 4532 que
254 4447 356 4511 filium
385 4444 563 4532 specialem
593 4451 625 4510 te
657 4452 798 4533 reputat,
832 4447 865 4512 in
897 4448 1020 4514 honore
1052 4448 1106 4512 vel
1137 4447 1263 4510 iustitia
1293 4467 1353 4510 sua
1381 4445 1472 4511 ledae
1504 4447 1575 4526 vel,
1604 4443 1690 4530 quod
1717 4445 1811 4526 absit,

157 4549 366 4635 dispendium
389 4549 504 4614 salutis
528 4549 673 4613 incurras
697 4557 753 4614 aut
774 4550 948 4616 obnubilas
971 4550 1071 4616 etiam
1093 4570 1213 4615 nomen
1235 4556 1337 4614 tuum.

265 4670 352 4735 Data
374 4668 514 4749 Perusii,
538 4669 587 4734 IV
609 4669 688 4734 Idus
711 4669 875 4754 Octobris,
898 4670 1107 4758 pontificatus
1131 4671 1235 4737 nostri
1259 4692 1344 4736 anno
1369 4670 1524 4736 secundo.

780 4897 1190 4908 --..--—.—.....,.-.-.-

944 5106 1031 5182 375.

265 5220 456 5331 Graecatim
469 5243 527 5310 IX
533 5267 623 5327 papa
638 5241 845 5331 Mammida]
858 5250 934 5311 acto
948 5246 1106 5328 qnondam
1123 5245 1298 5331 Olmrodi]
1312 5246 1403 5311 dacis
1417 5243 1581 5328 emnam
1602 5243 1812 5326 maqmritar,

157 5353 240 5436 qsmct
275 5357 380 5420 castra
405 5349 449 5414 ad
483 5349 641 5415 ecetesiam
668 5347 846 5416 Rectamm
863 5385 866 5392 «
868 5350 1066 5433 pertinentia
1093 5351 1303 5430 maceraverit,
1329 5349 1527 5436 presbyteros
1560 5346 1753 5414 mutilaverit
1785 5347 1813 5408 ct

362 5513 524 5520 ..--.-.-...--.
533 5513 580 5518 ...-
591 5513 773 5518 .-.-..-..-.-....--..
800 5513 805 5516 -
816 5513 824 5518 η
837 5515 842 5518 .
853 5513 881 5518 ...
890 5513 909 5518 .,,
919 5511 1108 5518 ..μη-.-.-
1121 5512 1188 5517 ---
1377 5509 1573 5517 ———-—-—

264 5614 291 5681 1)
309 5629 324 5666 e
341 5611 453 5668 rnerr'ds'e
470 5609 592 5666 cior'totts
610 5609 810 5665 anconitanae.
829 5639 862 5650 —
881 5613 960 5678 1229,
984 5609 1071 5664 Mart.
1090 5608 1257 5679 Rayaatdao
1276 5607 1336 5662 dax
1354 5606 1460 5676 Spoleti
1477 5620 1524 5661 ees
1538 5620 1595 5674 pro
1611 5609 1702 5675 pratis
1721 5623 1813 5662 eorum

158 5702 280 5756 servitiis
299 5701 350 5756 aab
370 5701 486 5770 spectati
499 5703 668 5770 protectione
685 5697 795 5767 imperti
812 5697 918 5768 recipit.
955 5695 1252 5760 Hecura-armona,
1271 5695 1288 5748 1.
1307 5711 1329 5748 c.
1348 5701 1367 5749 t.
1386 5695 1444 5758 111,
1459 5709 1489 5762 p.
1509 5697 1566 5746 112.

1553 5787 1607 5844 37*
