4538 6426
907 367 1122 424 PRAEFATIO.
1764 376 1843 430 xvn

181 551 360 616 diocesano
385 551 571 636 suscipietis
596 554 763 641 episeopo,
787 557 947 644 siquidem
971 560 1151 625 catholicus
1176 561 1274 627 luerit
1298 570 1331 626 et
1354 565 1493 647 gratiam
1517 573 1550 630 et
1574 567 1836 633 communionem

182 663 392 721 sacrosancto
408 654 556 722 Romane
581 659 670 723 sedis
693 660 846 727 habuerit
869 669 902 728 et
925 685 965 730 ea
981 665 1074 729 vobis
1092 666 1233 730 voluerit
1256 667 1326 731 sine
1350 668 1513 753 pravitate
1538 669 1647 754 aliqua
1670 669 1839 738 exhibere.

184 759 342 845 Alioquin
365 759 465 824 liceat
487 760 583 826 vobis
616 784 843 851 quemcunque
874 768 1057 832 malueritis
1090 769 1286 834 catholicum
1310 769 1401 837 adire
1424 772 1622 850 antistitem,
1644 774 1784 858 gratiam
1807 782 1841 840 et

183 863 447 930 communionem
480 866 662 952 apostolice
697 866 786 934 sedis
819 870 1011 953 habentem,
1046 873 1100 957 qni
1134 879 1247 938 nostra
1279 873 1383 938 fretus
1410 874 1607 940 anctoritate
1630 875 1724 941 vobis
1752 876 1839 963 quod

184 968 373 1056 postulatur
393 967 572 1055 impendat.

295 1091 347 1155 30.
379 1088 418 1153 In
441 1091 698 1176 parrochialibus
714 1114 792 1158 vero
816 1095 976 1186 ecclesiis,
1001 1117 1082 1181 quas
1106 1096 1248 1178 hahetis,
1272 1097 1371 1162 liceat
1386 1098 1479 1162 vobis
1504 1096 1692 1164 sacerdotes
1716 1099 1841 1185 eligere

187 1201 220 1259 et
243 1193 418 1259 diocesano
442 1195 598 1281 episcopo
620 1203 824 1281 presentare,
846 1198 964 1283 quibus
988 1201 1016 1263 si
1038 1199 1147 1265 idonei
1170 1201 1301 1282 fuerint,
1325 1203 1500 1290 episcopus
1524 1201 1706 1268 animarum
1730 1225 1840 1269 curam

186 1298 377 1378 committat,
399 1303 436 1362 ut
459 1297 490 1362 ei
512 1296 553 1362 de
577 1298 813 1384 spiritualibus,
838 1302 930 1366 vobis
952 1310 1063 1369 autem
1086 1303 1127 1370 de
1151 1304 1388 1392 temporalibus
1411 1304 1554 1370 debeant
1576 1305 1788 1393 respondere.

294 1419 346 1482 31.
381 1415 496 1483 Liceat
511 1417 640 1506 qnoque
656 1420 750 1485 vobis
773 1421 911 1487 clericos
927 1424 980 1489 vel
996 1425 1099 1490 laicos
1120 1426 1243 1492 liberos
1266 1432 1300 1491 et
1322 1426 1493 1492 absolutos
1509 1448 1530 1491 a
1545 1427 1659 1494 seculo
1675 1428 1841 1514 fugientes

188 1521 231 1586 ad
253 1521 502 1586 conversionem
524 1521 672 1609 recipere
696 1531 730 1590 et
753 1546 811 1591 eos
835 1526 958 1613 absque
983 1529 1241 1596 contradictione
1265 1530 1374 1615 aliqua
1397 1530 1551 1596 retinere.

295 1643 346 1706 32.
381 1640 599 1707 Prohibomus
633 1643 784 1730 insuper,
817 1652 854 1710 ut
888 1647 969 1711 nulli
1002 1649 1139 1714 fratrum
1166 1656 1351 1715 vestrorum
1382 1655 1458 1738 post
1487 1648 1605 1714 factam
1636 1649 1669 1713 in
1700 1651 1841 1716 ecclesia

183 1751 294 1812 vestra
327 1743 566 1832 professionem
602 1746 652 1811 fas
686 1747 729 1812 sit
763 1747 888 1834 absque
924 1752 1083 1839 prepositi
1122 1754 1173 1818 sui
1210 1753 1344 1819 licentia
1378 1753 1442 1820 nisi
1476 1753 1625 1818 arctioris
1669 1754 1837 1840 religionis

183 1850 322 1915 obtentu
349 1847 390 1914 dc
418 1846 534 1915 eodem
569 1852 640 1916 loco
669 1851 855 1931 discedere3
888 1853 1111 1922 discedentem
1142 1878 1221 1923 vero
1250 1858 1374 1945 absque
1403 1858 1624 1924 communium
1654 1859 1839 1924 litteramm

182 1960 367 2019 vestrarum
392 1954 542 2020 cautione
568 1955 677 2021 nullus
703 1957 824 2023 audeat
850 1958 1006 2036 retinerc;
1039 1958 1120 2025 illud
1145 1958 1325 2027 districtius
1352 1961 1556 2043 inhibentes,
1586 1982 1628 2027 ne
1651 1968 1756 2028 terras
1780 1984 1840 2028 seu

183 2055 353 2144 quodlibet
380 2055 574 2125 beneficium
603 2060 745 2126 ecclesie
768 2055 876 2128 vestre
908 2065 1061 2129 collatum
1087 2065 1186 2130 liceat
1215 2066 1312 2130 alicui
1340 2066 1560 2154 personaliter
1582 2064 1652 2130 dari
1682 2065 1752 2131 sive
1775 2067 1839 2131 alio

183 2160 281 2227 modo
308 2161 445 2227 alienari
472 2162 596 2250 absque
625 2185 789 2231 consensu
818 2166 919 2232 totius
943 2167 1077 2253 capituli
1105 2169 1159 2234 vel
1181 2169 1312 2235 maioris
1336 2175 1393 2233 ant
1422 2167 1560 2234 sanioris
1593 2169 1695 2256 partis
1726 2169 1841 2256 ipsius.

183 2264 222 2330 si
252 2284 315 2350 que
346 2262 537 2332 donationes
565 2274 622 2333 aut
650 2269 868 2336 alienationes
893 2271 989 2337 aliter
1017 2292 1114 2357 quam
1139 2270 1260 2337 dictum
1287 2277 1339 2338 est
1365 2271 1450 2337 facte
1472 2271 1610 2352 fuerint,
1645 2292 1702 2337 eas
1731 2272 1840 2337 irritas

183 2389 370 2436 censemus.

294 2491 346 2556 33.
380 2488 590 2577 Sepulturam
614 2515 743 2580 quoque
766 2495 870 2582 ipsius
893 2496 956 2561 loci
978 2494 1116 2561 liberam
1139 2516 1215 2561 esse
1240 2495 1462 2576 decernimus,
1486 2502 1521 2560 nt
1545 2515 1658 2559 eorum
1673 2493 1840 2559 devotioni

183 2600 219 2660 et
242 2600 389 2660 extreme
412 2595 588 2678 voluntati,
613 2599 669 2684 qni
692 2621 728 2664 se
751 2599 818 2664 illic
842 2601 975 2688 sepeliri
998 2597 1268 2679 deliberaverint,
1291 2597 1464 2663 nisi·forte
1489 2595 1764 2663 exeommunicati
1786 2596 1840 2661 vel

182 2697 351 2764 interdicti
385 2698 466 2781 sint,
501 2702 610 2766 nullus
645 2702 798 2784 obsistat,
834 2703 926 2768 salva
956 2708 1066 2769 tamen
1100 2701 1228 2768 iustitia
1254 2700 1383 2765 illarum
1413 2700 1642 2781 ecclesiarum,
1674 2721 1695 2764 a
1722 2698 1841 2785 quibus

184 2806 388 2867 mortuorum
411 2822 550 2890 corpora
572 2812 792 2870 assumuntur.

293 2923 343 2986 34.
378 2921 532 2990 Obeunte
555 2945 633 2990 vero
657 2932 690 2991 te
713 2946 800 2991 nunc
822 2925 972 2991 eiusdem
1002 2926 1064 2990 loci
1087 2925 1255 3012 preposito
1282 2922 1427 3013 [abbate]
1453 2925 1506 2990 vel
1539 2931 1669 2990 tuorum
1693 2923 1841 3010 quolibet

182 3045 425 3106 successorum,
460 3027 568 3093 nullus
601 3028 647 3093 ibi
678 3028 827 3114 qualibet
854 3028 1077 3115 subreptionis
1105 3029 1227 3093 astutia
1258 3049 1317 3094 seu
1347 3027 1505 3092 violentia
1536 3032 1751 3116 preponatur,
1775 3030 1839 3094 nisi

183 3149 282 3215 quem
304 3129 422 3196 fratres
446 3131 610 3197 communi
633 3153 798 3198 consensu
821 3133 874 3197 vel
896 3131 1032 3198 fratrum
1055 3153 1131 3220 pars
1154 3132 1283 3197 consilii
1307 3132 1446 3197 sanioris
1470 3129 1652 3197 secundnm
1675 3130 1784 3198 Deum
1807 3139 1841 3200 et

183 3233 275 3300 beati
299 3281 332 3298 ..
355 3235 502 3318 regulam
525 3234 726 3322 providerint
748 3233 948 3321 eligendum.

294 3355 346 3418 35.
379 3353 458 3420 Paci
481 3375 610 3440 quoqne
634 3363 668 3421 ct
689 3355 918 3442 tranquillitati
941 3361 1050 3420 vestre
1074 3362 1212 3440 patema
1233 3356 1267 3419 in
1291 3360 1460 3440 posterum
1484 3352 1706 3420 sollicitudine
1732 3355 1840 3442 provi-

184 3457 265 3524 dere
296 3459 462 3538 volentes,
496 3461 691 3529 auctoritate
729 3460 912 3548 apostolica
945 3459 1172 3547 prohibemus,
1206 3464 1242 3523 nt
1280 3458 1364 3523 infra
1397 3459 1566 3524 clausuras
1600 3459 1745 3522 locorum
1781 3479 1840 3523 seu

158 3553 159 3556 '
185 3561 396 3647 grangiarum
419 3569 602 3629 vestrarum
625 3565 734 3630 nullus
758 3564 906 3651 rapinam
930 3585 989 3630 seu
1012 3563 1133 3629 lurtum
1156 3563 1278 3642 lacere,
1305 3564 1416 3648 ignem
1440 3583 1623 3650 apponere,
1647 3560 1841 3646 sangninem

187 3664 337 3746 fundere,
359 3665 526 3732 hominem
549 3675 674 3734 temere
698 3689 816 3756 cepere
840 3669 893 3733 vel
917 3667 1103 3734 interficere
1129 3688 1188 3732 seu
1211 3665 1400 3732 violentiam
1424 3664 1544 3731 audeat
1567 3685 1737 3731 exercere.

296 3789 347 3852 36.
380 3785 597 3854 Dccernimus
635 3810 730 3876 ergo,
766 3797 804 3857 nt
841 3791 923 3856 nulli
959 3791 1090 3856 omnino
1127 3790 1295 3855 hominnm
1335 3788 1434 3853 liceat
1470 3787 1630 3873 prolatam
1669 3787 1840 3852 ecclesiam

187 3889 449 3978 [monasterium]
474 3897 599 3958 temere
632 3893 824 3980 perturbare
855 3900 912 3960 aut
940 3894 1012 3960 eins
1041 3893 1270 3982 possessiones
1300 3890 1430 3957 auferre
1453 3891 1507 3954 vel
1535 3889 1662 3954 ablatas
1686 3889 1840 3970 retinere,
1918 3952 1923 3962 ,

186 3993 336 4060 minuere
372 4015 432 4060 seu
470 3994 673 4083 quibuslibet
710 3998 940 4064 vexationibus
982 3996 1137 4082 fatigare,
1183 4002 1234 4060 set
1275 3994 1385 4060 omnia
1424 3993 1552 4078 integra
1597 3997 1840 4073 conserventur,

185 4118 316 4178 eorum,
345 4118 404 4186 pro
428 4118 563 4184 quomm
588 4099 825 4185 gubernatione
850 4107 884 4166 et
911 4101 1149 4166 sustentatione
1183 4118 1342 4164 concessa
1372 4103 1468 4177 sunt,
1499 4095 1613 4161 usibus
1645 4093 1839 4160 omnimodis

185 4200 367 4290 profutura,
391 4202 483 4267 salva
504 4203 539 4267 in
561 4203 713 4269 omnibus
738 4203 825 4270 sedis
849 4203 1030 4290 apostolice
1046 4201 1243 4268 anctoritate
1267 4198 1314 4288 [et
1331 4199 1499 4265 diocesani
1521 4198 1672 4286 episcopi
1683 4198 1841 4264 canonica

184 4303 335 4393 institia].

296 4429 348 4494 37.
379 4426 414 4492 Si
439 4448 503 4513 qus
525 4428 626 4514 igitur
648 4428 681 4492 in
703 4428 848 4493 futurum
871 4427 1100 4493 ecclesiastica
1123 4425 1323 4491 secularisve
1347 4443 1498 4509 persona,
1521 4422 1605 4487 hano
1628 4425 1739 4486 nostre
1763 4440 1839 4486 con-

186 4530 368 4597 stitutionis
401 4531 555 4618 paginem
587 4533 711 4614 sciens,
743 4537 856 4598 contra
887 4552 960 4597 eam
990 4537 1116 4597 temere
1138 4530 1250 4594 venire
1281 4527 1506 4614 temptaverit,
1530 4524 1675 4591 secundo
1699 4524 1840 4590 tertiove

185 4635 400 4715 commonita,
430 4633 495 4698 nisi
526 4642 653 4700 reatum
676 4655 772 4700 suum
796 4655 940 4720 congrua
963 4632 1189 4699 satisfactione
1214 4629 1412 4708 correxerit,
1442 4627 1618 4715 potestatis
1641 4627 1840 4713 honorisque

185 4739 239 4804 sni
262 4745 373 4804 careat
394 4737 554 4822 dignitate
577 4759 731 4827 reamque
755 4761 791 4805 se
815 4737 926 4804 divino
951 4736 1070 4802 iudicio
1095 4735 1242 4802 existere
1259 4733 1300 4800 de
1324 4737 1514 4821 perpetrata
1529 4730 1701 4817 iniquitate
1718 4750 1840 4816 cogno·

185 4849 273 4918 scat,
309 4849 343 4908 et
368 4863 389 4906 a
418 4843 639 4908 sacratissimo
673 4863 810 4930 corpore
847 4850 880 4908 et
914 4842 1074 4927 sanguine
1098 4840 1151 4904 dei
1180 4845 1214 4903 et
1243 4838 1366 4903 domini
1395 4835 1612 4923 redemptoris
1635 4835 1738 4899 nostri
1762 4835 1841 4900 Iesu

186 4945 310 5012 Christi
333 4945 443 5011 aliena
465 4945 522 5011 fiat
543 4952 642 5032 atque
665 4947 698 5010 in
722 4953 871 5012 extremo
894 4945 1046 5011 examine
1069 4942 1218 5008 districte
1242 4940 1412 5028 subiaceat
1434 4937 1562 5004 ultioni.

296 5067 346 5132 38.
382 5064 516 5130 Cunctis
545 5073 656 5132 autern
688 5066 797 5133 eidem
827 5068 900 5132 loco
928 5088 988 5132 sna
1009 5066 1082 5130 iura
1105 5063 1313 5131 servantibus
1338 5063 1380 5128 sit
1402 5083 1468 5149 pax
1490 5059 1614 5125 domini
1637 5061 1740 5124 nostri
1763 5059 1842 5126 Iesu

191 5169 325 5250 Christi,
348 5169 501 5254 quatinus
524 5175 557 5234 et
584 5169 639 5234 hic
662 5169 803 5235 fructum
826 5169 912 5235 bone
936 5169 1075 5234 actionis
1100 5169 1301 5256 percipiant,
1326 5171 1360 5231 ct
1382 5163 1469 5251 apud
1492 5161 1676 5228 districtum
1699 5161 1840 5228 indicem

187 5273 315 5362 premia
337 5277 451 5338 eterne
474 5273 564 5359 pacis
587 5273 764 5341 inveniant.

341 5413 388 5488 n
412 5416 502 5507 aa·

263 5517 267 5530 ἱ
298 5547 349 5612 39.
384 5544 479 5619 Quod
510 5549 539 5612 si
571 5568 636 5612 non
666 5568 780 5613 omnes
809 5547 872 5612 hiis
897 5548 1102 5634 exequendis
1128 5548 1289 5612 interesse
1313 5545 1502 5632 potueritis,
1526 5544 1590 5610 dno
1613 5548 1758 5609 vaenum
1784 5539 1840 5627 [tu

187 5651 289 5715 frater
312 5649 479 5738 episcope,
503 5671 576 5716 cum
600 5671 714 5717 eornm
737 5651 841 5716 altero
865 5649 932 5738 cta]
959 5673 998 5718 ca
1020 5650 1249 5717 nichilominus
1274 5653 1488 5734 exequantur.

292 5763 354 5818 Bm.
372 5763 451 5816 Ponr.
470 5761 491 5816 1.
1607 5772 1637 5809 ru
