4604 6420
1000 411 1047 465 EX
1067 411 1242 469 GREGORH
1260 411 1298 465 IX
1318 411 1498 465 REGIS'PRO

1205 709 1293 783 466.

460 899 462 904 ,
524 817 721 912 Summano
747 849 843 913 trium
873 849 1162 928 instrumentorum,
1191 850 1304 930 quibus
1331 849 1369 913 de
1395 850 1612 913 controuersiis
1634 850 1717 914 inter
1739 849 1940 914 Fridericum
1962 848 2079 912 Βοιηαι

421 969 535 1014 norum
564 951 782 1030 inperatorem
809 955 838 1016 et
864 952 1017 1034 quasdem
1044 953 1183 1018 civitates
1209 952 1417 1018 Lonrberdiae
1448 953 1663 1017 temninandis
1688 954 1729 1017 ab
1756 956 1890 1035 utreque
1914 955 2009 1033 parte
2043 953 2079 1015 in

422 1057 577 1134 Iacobum,
601 1055 844 1144 Praenestinum
865 1057 1001 1135 electum,
1023 1062 1053 1122 et
1076 1057 1226 1134 Ottonem
1249 1057 1361 1124 Sancti
1375 1056 1503 1122 Nicohei
1524 1058 1560 1121 in
1585 1057 1716 1124 Carcere
1740 1056 1891 1122 Tulliano
1912 1055 2079 1120 diaconum

422 1158 625 1238 cardinalem,
647 1160 833 1240 apostolicae
854 1159 937 1224 sedis
958 1160 1081 1243 hpatos,
1104 1160 1372 1241 compromittitur.
1417 1161 1635 1225 Instrumenta
1653 1160 1711 1224 illa
1725 1181 1747 1222 a
1763 1159 1912 1225 Iacobino
1926 1162 2080 1223 rectorum

422 1263 577 1342 societatis
608 1261 817 1327 Lemberdiae
848 1262 987 1340 notario,
1020 1264 1238 1344 praesentibus
1271 1264 1399 1328 testibus
1430 1264 1565 1346 ropatis,
1607 1265 1643 1327 iu
1677 1263 1802 1328 ciuitate
1834 1261 1951 1328 Padua
1986 1263 2082 1338 1232,

422 1364 507 1430 Mai.
530 1369 572 1429 13
589 1364 752 1446 publicato
772 1370 858 1430 sunt.

528 1484 611 1556 (ἔτερ.
629 1485 679 1538 IX
695 1485 764 1554 Rip.
788 1485 844 1540 Vol.
862 1486 924 1550 111,
944 1490 1069 1554 83-855
1086 1485 1150 1541 Lib.
1173 1485 1224 1551 VI,
1243 1490 1308 1540 280.
1374 1555 1376 1558 Ι

527 1571 583 1626 Ed.
603 1571 695 1639 Perti,
714 1571 774 1626 Le.
792 1575 811 1625 t.
830 1572 873 1637 ΙΙ,
888 1589 918 1642 p.
937 1576 1091 1627 tet-298.

1221 1727 1285 1792 ΙΙΙ.

487 1915 489 1920 ,
533 1838 719 1904 Fridericus
740 1838 955 1904 Romanorum
975 1841 1145 1920 imperator
1167 1839 1310 1904 munibus
1330 1844 1439 1903 notum
1455 1839 1554 1924 facit,
1580 1861 1612 1905 se
1635 1840 1869 1914 Hcrrnannum,
1897 1838 2081 1922 mapistrum

429 1942 680 2020 Teretonieorum,
705 1945 941 2022 procuratorem
968 1961 1060 2006 mum
1089 1943 1126 2006 in
1154 1943 1295 2007 anseribus
1323 1943 1539 2008 controversi-is
1567 1945 1650 2007 inter
1677 1944 1781 2024 ipsum
1802 1948 1832 2008 et
1853 1942 2081 2019 Mediolanum,

427 2046 638 2122 Placentiam,
666 2046 836 2125 Brixiam,
863 2046 1049 2123 Mantuam,
1077 2046 1279 2124 Ferrariam,
1310 2046 1505 2124 Bononiam,
1537 2047 1726 2112 Fauentiam
1747 2051 1777 2112 et
1797 2046 1956 2128 complices
1975 2063 2084 2109 curum

430 2148 633 2226 constituisse,
655 2149 743 2229 eiqm
760 2153 944 2229 potestatem
965 2149 1086 2214 dedisse
1108 2149 1373 2229 compromittendi
1395 2151 1430 2213 in
1452 2151 1609 2228 Iacobum,
1636 2150 1878 2215 Praenestinum
1899 2149 2033 2224 electum,
2054 2151 2085 2210 et

430 2253 578 2330 Ottonem
602 2251 713 2317 Sancti
727 2251 855 2318 Nicolai
876 2253 913 2317 in
931 2252 1063 2318 (laesere
1081 2252 1230 2317 Tulliano
1244 2251 1411 2317 diaconum
1425 2253 1627 2332 cardinalem
1649 2253 1835 2334 apostolicae
1855 2252 1938 2317 sedis
1959 2251 2083 2334 lepatos.

1245 2441 1261 2504 Ι
1720 2357 1814 2434 1232,
1836 2354 1921 2420 Mei.
1944 2356 1996 2421 10.
2038 2388 2040 2390 v

536 2554 752 2631 Hermennus,
774 2553 921 2634 ntapister
940 2552 1185 2632 Tuetonicorum,
1204 2572 1265 2634 pro
1279 2553 1445 2619 Friderico
1459 2553 1674 2618 limianorum
1688 2554 1881 2634 imperatore,
1903 2556 1933 2615 et
1953 2554 2084 2616 rectores
2152 2591 2156 2604 -

427 2664 457 2724 ct
486 2657 705 2722 ombacotores
739 2655 893 2721 societatis
922 2653 1144 2734 lombardiae,
1179 2656 1346 2721 Marchiae
1379 2661 1408 2720 et
1434 2656 1656 2734 Rorooniolee,
1691 2657 1747 2737 qui
1779 2658 2017 2732 enumerentur,
2048 2653 2086 2716 in

429 2761 585 2838 laecum,
609 2757 853 2822 Praenestinum
874 2759 1009 2837 electum,
1032 2762 1060 2823 et
1085 2758 1233 2838 ottonem,
1256 2759 1368 2826 Sancti
1388 2760 1517 2824 Nicotai
1538 2761 1573 2824 in
1597 2759 1727 2827 Currere
1751 2757 1900 2822 Tulliano
1920 2757 2086 2822 diaconum

428 2862 632 2939 cardinalem,
654 2861 840 2941 apostelicae
862 2861 945 2925 sedis
965 2862 1089 2944 lepetos,
1112 2863 1362 2942 compromittunt
1383 2863 1421 2927 de
1442 2862 1500 2928 hac
1522 2883 1564 2941 re,
1587 2862 1669 2944 qued
1690 2862 1860 2942 imperator
1881 2880 1913 2925 se
1935 2859 2086 2938 offensum

429 2969 565 3042 asseret,
593 2984 653 3044 pro
674 2983 708 3027 eo
730 2963 812 3045 qaod
832 2963 1003 3028 Lemberdi
1033 2965 1154 3030 citriam
1175 2963 1392 3029 Rauennatem
1420 2967 1632 3046 inpedierint,
1663 2985 1727 3029 nou
1749 2963 1958 3046 permittendo
1981 2962 2086 3044 filium

430 3089 523 3134 suum
556 3070 586 3132 ct
607 3065 771 3148 principes
797 3067 1008 3132 Alamanniae
1040 3066 1084 3130 ed
1111 3086 1143 3131 se
1178 3067 1298 3144 uenire,
1334 3066 1506 3131 Lombardi
1533 3089 1550 3132 c
1577 3068 1734 3132 contrario
1761 3066 1869 3132 dicunt
1900 3085 1931 3131 se
1967 3065 2002 3129 iol
2023 3085 2086 3145 pro
2140 3113 2151 3128 .

431 3171 611 3258 defensione
641 3187 701 3232 sna
725 3167 855 3254 fecisse,
889 3169 1030 3234 timentes
1058 3189 1098 3232 no
1124 3187 1295 3251 precamen
1324 3187 1419 3249 super
1452 3188 1484 3232 se
1511 3169 1697 3247 inducetur;
1731 3173 1881 3234 tractetur
1907 3169 2005 3251 ipitur
2029 3187 2089 3248 per

434 3277 550 3358 lepotos
576 3271 613 3337 de
640 3271 752 3336 idonce
778 3271 995 3358 satisfactione
1023 3272 1205 3353 imperatori
1229 3271 1425 3352 praestanda
1452 3271 1544 3337 etde
1570 3273 1734 3337 securitate
1760 3272 1800 3337 ab
1827 3271 1929 3337 eedem
1949 3270 2088 3336 societati

428 3376 606 3461 firnmnda;
634 3376 664 3440 si
690 3375 751 3440 alii
777 3376 908 3440 articuli
934 3378 1129 3457 appareant,
1158 3395 1197 3439 coc
1231 3372 1345 3455 quibus
1372 3375 1530 3440 discordie
1551 3375 1655 3456 possit
1674 3376 1837 3457 penerari,
1866 3374 1968 3440 cedern
1997 3373 2086 3438 mode

431 3477 605 3562 sepiantur.
656 3477 795 3561 Utraque
820 3499 899 3561 pars
925 3481 1036 3563 lupatis
1057 3497 1191 3560 pocrram
1218 3477 1332 3560 uipinti
1358 3479 1481 3543 milium
1509 3497 1689 3543 ateramum
1715 3478 1839 3561 arpenti
1858 3477 2027 3558 monoittit,
2058 3476 2088 3541 si

432 3589 543 3650 centro
563 3581 638 3648 baec
654 3581 769 3668 faciat.
1235 3667 1270 3732 Π
1721 3582 1815 3659 1232,
1837 3579 1921 3644 Mai.
1943 3583 1994 3645 13.

542 3779 747 3846 Praecedenti
763 3781 888 3865 formae
910 3779 1121 3860 compromissi
1141 3778 1185 3843 ad
1204 3779 1443 3860 postulationem
1465 3780 1634 3861 leputorum
1653 3797 1759 3859 papae
1779 3776 1918 3856 additur,
1943 3777 2026 3860 quod
2045 3777 2087 3842 ab

435 3885 477 3949 iis
497 3883 534 3950 de
555 3885 631 3949 aliis
652 3884 807 3963 articulis,
829 3906 869 3948 erc
890 3883 1003 3966 quibus
1017 3882 1175 3948 discordia
1191 3883 1294 3964 possit
1305 3883 1452 3965 ponerer-i
1467 3884 1581 3965 quique
1602 3883 1704 3947 eodem
1718 3881 1805 3947 raode
1827 3882 1927 3962 sopiri
1947 3881 2086 3959 debeant,

434 3988 517 4053 nihil
533 3990 636 4069 possit
656 3988 786 4070 definiri
806 3989 855 4054 cel
876 3987 1056 4065 terminari,
1085 3987 1151 4050 nisi
1171 3986 1209 4051 de
1231 4005 1382 4052 censensu
1411 3987 1574 4068 utriusque
1596 3986 1719 4067 partis,
1747 3984 1864 4049 scilicet
1888 3985 2088 4067 imperatoris

435 4096 464 4156 et
485 4091 639 4156 societatis
659 4090 876 4169 Lombardiae,
899 4090 1066 4156 Meretrice
1087 4093 1116 4154 et
1137 4089 1352 4155 Ronmniolae.
1721 4090 1815 4166 1232,
1838 4087 1922 4154 Mai.
1947 4093 1999 4153 13.

1218 4559 1305 4633 467.

547 4669 736 4779 &reportes
758 4697 814 4760 IX
834 4719 925 4778 papa
952 4699 1161 4783 [deroldum]
1189 4700 1407 4778 patriarcham
1429 4700 1766 4785 Hierosolpmihmum,
1796 4699 1982 4780 spostolicae
2008 4699 2090 4762 sedis
2142 4751 2147 4764 .

438 4803 588 4884 leyatum,
624 4798 835 4880 reprehendit,
871 4800 954 4881 quod
989 4804 1096 4864 contra
1132 4802 1331 4865 monitionem
1366 4821 1459 4866 meam
1491 4803 1657 4868 rebellibus
1692 4805 1720 4866 et
1756 4801 1894 4866 hostibus
1931 4801 2092 4866 Friderici

438 4905 654 4971 Romanorum
674 4904 873 4983 imperatoris
894 4904 1033 4968 assistet.
1735 4907 1829 4983 1232,
1853 4905 1926 4970 Ian.
1951 4908 2002 4968 17.

543 5023 625 5094 (ἔτερ.
644 5023 695 5076 IX
711 5021 779 5091 Rep.
800 5020 859 5076 Vol.
869 5021 939 5102 ¹111,
958 5023 1079 5088 19-20,·
1097 5020 1160 5076 eie.
1182 5022 1232 5085 VI,
1253 5024 1296 5077 39.

608 5272 616 5290 .
645 5275 654 5293 .
681 5216 929 5312 patriarche
955 5219 1327 5309 lerosolimitsnO,
1354 5219 1598 5313 apostolice
1624 5219 1740 5327 sedis
1765 5219 1922 5311 legato.

266 5392 421 5442 sunniam.
546 5367 620 5432 Etsi
643 5367 720 5431 olim
742 5364 874 5430 inimico
902 5365 1034 5431 homine
1058 5369 1341 5454 superseminante
1371 5369 1496 5433 nizonis
1524 5369 1610 5434 inter
1632 5368 1806 5434 ecclesium
1829 5373 1863 5433 et
1886 5365 2089 5431 carissimum
2157 5407 2161 5418 ·

439 5475 473 5538 in
503 5471 634 5537 Christo
670 5471 772 5535 filium
806 5475 953 5534 nostrum
978 5469 1201 5552 -Friderioum,
1239 5470 1460 5538 Romanorum
1498 5473 1728 5559 imperatorem
1764 5472 1926 5536 illustrem
1961 5490 2092 5555 semper

441 5583 626 5662 augustum,
648 5572 829 5638 Ierusalem
851 5580 886 5639 et
909 5572 1021 5639 Sicilie
1044 5596 1167 5661 regem,
1195 5575 1294 5641 fuerit
1317 5582 1432 5642 exorto
1454 5575 1627 5657 discordie,
1650 5576 1727 5660 quis
1748 5581 1859 5640 tumen
1881 5574 1939 5640 illo
1962 5573 2091 5638 miseri-

273 5673 416 5780 Εξξθξόηξῧ
441 5680 584 5746 corditer
603 5683 775 5766 operante,
798 5677 854 5765 qui
877 5675 1040 5743 destruxit
1062 5679 1305 5745 inimicitiarum
1336 5679 1494 5745 maceries
1518 5686 1553 5744 et
1576 5683 1809 5744 concurrentes
1832 5677 1976 5766 parietes
1999 5678 2032 5741 in
2055 5697 2091 5742 se
