4596 6406
424 457 487 522 692
1001 449 1050 506 EX
1069 445 1299 506 nausearum
1318 444 1498 504 REGIS'PRO

425 679 465 695 ..
495 630 649 716 episcopo
672 626 842 708 Urbinati,
873 675 881 692 .
908 677 915 693 .
945 627 1100 714 episcopo
1123 625 1340 706 Ariminensi,
1372 672 1409 688 ..
1439 624 1595 710 episeopo
1617 622 1818 703 Feretrano,
1852 673 1892 691 ..
1922 623 2085 710 episeopo

425 733 609 814 Tiburtino,
634 780 641 796 .
663 780 671 795 .
696 732 852 819 episcopo
875 730 1061 815 Anagnino,
1086 778 1120 793 ..
1144 730 1299 816 episeopo
1317 729 1464 814 Signino,
1488 775 1521 792 ..
1545 727 1702 814 episcopo
1718 727 1934 810 Ferentinati,
1958 729 2085 814 ..epi-

425 858 524 923 scopo
547 835 710 917 Alatrino,
735 884 767 902 ..
788 835 943 920 episcopo
966 831 1143 915 Verulano,
1167 882 1200 898 ..
1225 834 1380 920 episeopo
1403 830 1643 897 Tarracinensi.

1044 1075 1456 1084 -..——.-——-—.—-—--

1207 1303 1294 1375 786.

531 1400 722 1511 Grcporinc
748 1426 805 1492 IX
825 1447 916 1508 papa
937 1426 1176 1490 Baaaaaaaos
1204 1424 1241 1488 dc
1268 1425 1502 1489 calamitatibus
1527 1425 1596 1488 sais
1627 1424 1804 1489 consolatur
1831 1429 1859 1488 ct
1890 1425 2081 1489 sententiam
2115 1407 2116 1410 ¹

423 1531 523 1595 banni
544 1531 579 1595 in
596 1531 773 1612 proditores
794 1530 838 1594 ad
859 1530 1079 1595 cctermininm
1101 1529 1237 1592 cimtcrtis
1258 1528 1452 1592 intendentes
1472 1528 1512 1591 ab
1535 1529 1614 1610 ipsis
1636 1529 1735 1593 latam
1756 1530 1928 1608 confirmat.
2147 1547 2158 1585 s

1195 1629 1198 1637 ⁴
1730 1633 1824 1709 1240,
1849 1629 1914 1697 Oct.
1939 1631 1991 1698 15.

528 1750 611 1822 (ἔτερ.
630 1754 680 1807 IX
697 1753 766 1824 ch.
791 1753 846 1806 Vol.
868 1751 937 1818 VII,
957 1755 1009 1818 305
1027 1751 1088 1805 Lib.
1109 1751 1194 1818 XIV,
1211 1754 1272 1806 167.
1314 1750 1435 1805 Edimns
1454 1752 1571 1803 tenorem
1589 1749 1672 1804 baius
1689 1750 1821 1820 epistolae
1838 1767 1873 1804 cn
1891 1750 1986 1820 Rapa.
2005 1751 2081 1805 Ann.

424 1837 485 1890 cccl.
504 1854 529 1890 a.
547 1842 626 1906 1240,
643 1843 660 1904 §
678 1842 787 1908 15-1o‚
804 1839 1012 1908 inscriptionem
1030 1855 1048 1891 a
1068 1837 1099 1892 V.
1121 1837 1161 1892 Ol.
1180 1840 1214 1891 Α.
1233 1837 1306 1891 Man
1322 1835 1401 1890 nobis
1419 1839 1644 1892 caramanicatcm
1661 1854 1696 1890 cc
1713 1836 1783 1908 Bep.
1803 1837 1942 1891 addmtee.

526 1924 665 1990 Pontiani,
684 1925 756 1996 Rep.
775 1929 874 1980 10948.
974 1993 975 1996 ¹

551 2117 747 2207 Rectori,
774 2117 1019 2206 iudicibuS‚
1046 2119 1317 2192 consulibus
1344 2124 1386 2191 et
1412 2117 1578 2211 populo
1606 2119 1942 2192 Beneventano
2131 2142 2156 2179 ιο

529 2250 664 2316 Utinam
686 2252 827 2315 affectus
849 2256 979 2314 nostros
1011 2255 1142 2335 optatus
1166 2256 1358 2335 sequeretur
1381 2250 1528 2330 effeetus,
1552 2256 1585 2314 et
1608 2271 1672 2314 non
1697 2272 1739 2314 ex
1767 2251 1921 2337 operibus
1951 2252 2079 2317 iustitie

421 2373 485 2438 que
510 2353 649 2418 fecimus
672 2376 743 2435 nos,
768 2359 818 2418 set
841 2353 1020 2417 seeundum
1044 2352 1285 2416 multitudinem
1308 2352 1554 2418 miserationem
1580 2375 1710 2419 suarum
1734 2361 1893 2420 annueret
1913 2355 2078 2419 Dominus

422 2457 506 2520 votis
530 2457 671 2538 nostris,
704 2457 779 2541 qnia
809 2477 871 2521 neo
900 2479 959 2520 vos
988 2456 1184 2521 afflictiones
1209 2464 1242 2520 et
1264 2478 1436 2542 pressuras
1459 2458 1528 2543 pati
1551 2457 1672 2523 diutius
1696 2480 1757 2523 neo
1779 2479 1837 2522 nos
1860 2459 1955 2523 vobis
1978 2482 2081 2548 super

420 2558 484 2622 biis
507 2562 649 2646 compati
678 2561 808 2646 longius
838 2581 1039 2645 cogeremur.
1093 2561 1329 2624 Verumtamen
1361 2560 1448 2645 quod
1478 2560 1621 2624 noudum
1654 2563 1687 2625 in
1719 2563 1781 2627 hoe
1813 2569 1864 2626 est
1892 2564 2014 2626 nostris
2043 2571 2078 2628 et

422 2664 541 2726 vestris
565 2663 737 2728 desideriis
762 2663 977 2747 satisfactum,
1001 2671 1113 2749 preter
1134 2685 1287 2728 arcanum
1311 2663 1516 2749 providentie
1539 2664 1646 2729 divine
1671 2667 1852 2747 consilium,
1876 2666 1963 2751 quod
1985 2689 2076 2732 oom—
2130 2692 2153 2730 a

419 2766 625 2852 prehendere
648 2766 834 2832 mortalium
859 2788 956 2832 nemo
980 2774 1101 2854 potest,
1126 2775 1249 2832 certum
1274 2775 1325 2832 est
1340 2769 1434 2831 vobis
1452 2767 1617 2849 indicium,
1641 2769 1727 2853 quod
1743 2768 1918 2834 adhuovos
1935 2771 2077 2856 probare

420 2868 587 2956 disponat,
621 2876 657 2933 ut
686 2870 762 2935 fidei
794 2877 903 2936 vestre
932 2873 1098 2957 probatio,
1127 2873 1229 2936 multo
1262 2872 1435 2958 pretiosior
1462 2893 1541 2936 auro
1571 2871 1658 2958 quod
1689 2894 1749 2957 per
1776 2873 1886 2958 iguem
1909 2874 2078 2958 probatur,

419 2971 603 3036 inveniatur
632 2974 665 3036 in
692 2971 824 3037 laudem
855 2980 888 3038 et
911 2974 1048 3059 gloriam
1072 2981 1105 3038 et
1127 2974 1296 3039 honorem.
1341 2974 1411 3038 Vos
1435 2996 1513 3059 ergo
1546 2975 1630 3039 siout
1656 2975 1716 3039 viri
1740 2975 1868 3038 virtutis
1896 2981 1929 3038 et
1958 2978 2076 3060 gratie,

419 3076 625 3141 considerato
656 3084 756 3162 prout
790 3079 945 3142 convenit
981 3077 1159 3165 diligenter
1189 3101 1286 3164 quam
1321 3078 1444 3164 grande
1473 3099 1633 3164 quamque
1666 3079 1813 3142 solemne
1844 3078 1930 3164 apud
1962 3101 2076 3146 omnes

418 3185 538 3264 gentes
562 3180 684 3245 facturn
709 3183 752 3246 sit
775 3181 960 3247 constantie
985 3190 1094 3247 vestre
1117 3203 1247 3262 nomen,
1271 3188 1467 3267 quantumve
1491 3181 1619 3246 virtutis
1643 3188 1676 3245 et
1699 3182 1803 3267 glorie
1827 3188 1935 3246 vestre
1962 3204 2076 3249 accre-
2126 3203 2152 3244 so

418 3282 506 3346 verit
530 3282 665 3364 civitati,
688 3284 895 3369 accingimini
919 3290 952 3349 et
975 3292 1081 3350 estote
1104 3285 1163 3348 tilii
1186 3291 1350 3372 potentes,
1374 3285 1538 3348 civitatem
1562 3285 1667 3370 ipsam
1692 3291 1725 3349 et
1746 3305 1805 3348 vos
1828 3286 1917 3371 ipsos
1940 3287 2080 3351 viriliter

418 3382 640 3468 defendendo,
672 3408 711 3451 aa
734 3389 807 3452 loca
829 3389 950 3452 tutiora
973 3393 1158 3467 servantes,
1188 3388 1260 3466 illa,
1291 3387 1324 3450 in
1348 3386 1467 3470 quibus
1490 3393 1602 3474 posset
1626 3408 1701 3452 esse
1723 3388 1923 3473 perieulum,
1947 3389 2077 3454 cautius

420 3488 567 3570 evitetis,
605 3492 711 3555 securi
742 3491 828 3577 quod
859 3493 891 3556 in
919 3492 1084 3579 proximo,
1116 3497 1226 3555 actore
1249 3490 1408 3572 Domino,
1443 3489 1651 3576 reportabitis
1679 3491 1856 3574 gloriosum
1880 3490 2075 3576 delagabri

418 3592 606 3658 calamitate
630 3615 827 3660 successum.
875 3594 1046 3675 Ceterum,
1079 3616 1152 3659 euru
1175 3593 1305 3680 quidam
1329 3594 1369 3660 de
1398 3595 1529 3659 civitate
1553 3595 1716 3680 predicta,
1748 3596 1831 3659 sicut
1857 3615 1921 3658 non
1949 3597 2075 3681 absque

416 3696 521 3759 multa
543 3697 729 3763 turbatione
755 3698 939 3780 didicimus,
962 3699 1167 3786 pestilentes,
1192 3699 1308 3784 spiritu
1331 3699 1491 3763 diabolico
1516 3699 1670 3762 concitati
1693 3698 1733 3762 ad
1758 3699 1899 3764 civitatis
1923 3698 2074 3764 eiusdem

417 3801 647 3866 exterminium
673 3803 892 3884 intendentes,
916 3803 1020 3890 ipsam
1044 3803 1077 3866 in
1100 3823 1216 3866 manus
1238 3801 1382 3867 hostium
1404 3802 1544 3888 prodere
1568 3803 1765 3867 niterentur:
1789 3804 1864 3889 quia
1886 3802 2074 3889 proditione

415 3901 558 3968 Domino
581 3905 722 3970 faciente
752 3905 883 3971 detecta
911 3907 988 3991 luge
1019 3905 1198 3992 presidium
1232 3904 1272 3970 de
1304 3906 1453 3970 manibus
1484 3907 1602 3970 vestris
1631 3906 1751 3992 eripuit
1778 3907 1977 3992 proditores,
2013 3929 2073 3973 vos

416 4008 656 4073 communicato
681 4011 818 4075 consilio
843 4010 1015 4091 statuistis,
1039 4018 1075 4074 ut
1097 4010 1300 4096 proditorum
1324 4011 1468 4097 ipsorum
1492 4011 1587 4075 bonis
1611 4010 1763 4074 omnibus
1786 4010 1982 4092 confiscatis,
2006 4017 2073 4075 tam

416 4110 480 4195 ipsi
508 4133 603 4196 quam
632 4133 744 4178 eorum
772 4112 913 4178 heredes
944 4134 1109 4199 nunquam
1139 4113 1181 4177 ad
1211 4135 1398 4198 regressum
1431 4115 1572 4178 civitatis
1602 4115 1666 4177 iam
1695 4113 1782 4177 dicte
1811 4113 1844 4176 in
1874 4119 2073 4199 perpetuum

415 4215 639 4280 admittantur.
694 4217 764 4283 Nos
799 4217 1016 4304 proditionem
1053 4223 1085 4282 et
1116 4217 1301 4305 proditores
1343 4219 1428 4282 siout
1462 4218 1616 4282 convenit
1653 4217 1871 4296 detestantes,
1912 4222 2073 4281 statutum
2124 4237 2149 4276 ao

416 4319 602 4383 huiusmodi
625 4321 761 4405 provide
785 4322 906 4385 tactum
930 4323 1124 4386 auctoritate
1148 4323 1329 4409 apostoliea
1353 4323 1581 4386 confirmamus
1599 4328 1632 4386 et
1648 4322 1810 4408 presentis
1827 4322 1939 4407 scripti
1958 4329 2073 4407 patro·

415 4423 500 4486 cinio
524 4425 772 4490 communimus.

522 4534 597 4600 Dat.
620 4533 731 4600 Later.
754 4536 837 4602 Idib.
862 4536 978 4600 Octob.
1003 4556 1089 4600 anuo
1114 4536 1206 4602 xlv.

1035 4761 1446 4769 m

1197 4988 1283 5061 787.

523 5083 683 5179 Litterae
715 5113 863 5198 Gregorii
890 5113 944 5176 IX
970 5131 1074 5193 papae
1106 5110 1143 5174 dc
1167 5111 1303 5190 pecnnia
1329 5112 1524 5178 mutuanda:
1557 5116 1593 5198 1)
1622 5111 1770 5198 [Iacobo]
1798 5111 1936 5194 episcopo
1966 5115 2071 5182 Prae-
2124 5121 2126 5124 ’

412 5216 535 5278 aestino
556 5217 676 5294 scribit,
707 5217 886 5282 coabbates
908 5215 1342 5296 ctcenccntaspaerandam
1368 5219 1627 5283 monasteriolam
1655 5219 1758 5282 sancti
1778 5216 1960 5296 Benedicti,
1992 5220 2068 5286 Ola—
2123 5243 2148 5282 a

411 5320 570 5382 aratensis
604 5325 633 5383 ct
663 5319 987 5385 Prasmonstratensis
1021 5318 1169 5382 ordinum
1204 5323 1233 5383 ct
1262 5325 1477 5401 praeceptores
1508 5325 1536 5384 et
1563 5321 1687 5405 fratres
1719 5319 1852 5383 militiae
1889 5319 2012 5402 Templi
2041 5328 2073 5388 et

412 5422 591 5502 Hospitalis
613 5423 648 5485 in
670 5423 815 5488 Francia
836 5442 980 5508 rogasse,
1009 5425 1044 5485 nt
1066 5421 1109 5486 ad
1129 5422 1279 5486 salvatae
1308 5423 1411 5487 debita
1441 5426 1584 5490 ccclesiae
1606 5425 1768 5489 Romanae
1785 5421 1891 5508 fratri
1912 5424 2071 5491 Riccardo

411 5525 449 5589 da
472 5527 560 5590 aona
582 5527 715 5590 militiae
730 5527 850 5609 Templi
865 5531 978 5592 certam
997 5527 1151 5608 pecuniae
1170 5547 1323 5591 cantatam
1338 5531 1445 5592 mntna
1459 5530 1628 5611 assipnent,
1651 5527 1876 5591 restituendam
1890 5528 1932 5591 iis
1946 5528 1984 5592 da
1998 5531 2072 5594 snb-

411 5630 492 5693 sidio
507 5629 650 5694 ccclesiae
662 5629 876 5711 Analicanam
891 5631 1031 5710 mandat,
1047 5635 1083 5694 at
1097 5650 1146 5694 eos
1161 5631 1204 5693 ad
1218 5631 1253 5694 id
1266 5631 1405 5697 inducat.
1438 5636 1475 5716 2)
1486 5633 1651 5717 [Martiae
1666 5632 1725 5716 ΙΙ]
1739 5631 1847 5696 abbati
1861 5635 1891 5695 ct
1904 5634 2072 5697 concentui

412 5733 524 5802 Sancti
557 5731 683 5798 Vedasti
711 5734 747 5796 in
773 5733 904 5799 eandem
930 5734 997 5815 fere
1029 5735 1153 5798 mmmm
1182 5736 1303 5816 scribit,
1333 5737 1491 5801 nandans
1519 5739 1555 5799 nt
1582 5737 1667 5800 mille
1700 5735 1800 5800 libras
1834 5735 2067 5803 Tarmsensinm
2120 5759 2146 5798 a
