<?xml version="1.0" encoding="UTF-8"?>
<!DOCTYPE html PUBLIC "-//W3C//DTD XHTML 1.0 Transitional//EN"
    "http://www.w3.org/TR/xhtml1/DTD/xhtml1-transitional.dtd">
<html xmlns="http://www.w3.org/1999/xhtml" xml:lang="en" lang="en">
 <head>
  <title>
</title>
<meta http-equiv="Content-Type" content="text/html;charset=utf-8" />
  <meta name='ocr-system' content='tesseract 3.04.00' />
  <meta name='ocr-capabilities' content='ocr_page ocr_carea ocr_par ocr_line ocrx_word'/>
</head>
<body>
  <div class='ocr_page' id='page_1' title='image "./monumentagerman00peipgoog/monumentagerman00peipgoog_0459.png"; bbox 0 0 4576 6390; ppageno 0'>
   <div class='ocr_carea' id='block_1_1' title="bbox 1006 422 1502 479">
    <p class='ocr_par' dir='ltr' id='par_1_1' title="bbox 1006 422 1502 479">
     <span class='ocr_line' id='line_1_1' title="bbox 1006 422 1502 479; baseline -0.004 -1"><span class='ocrx_word' id='word_1_1' title='bbox 1006 424 1054 478; x_wconf 86' lang='lat' dir='ltr'><strong><em>EX</em></strong></span> <span class='ocrx_word' id='word_1_2' title='bbox 1072 423 1247 479; x_wconf 69' lang='lat' dir='ltr'><strong><em>aasabim</em></strong></span> <span class='ocrx_word' id='word_1_3' title='bbox 1264 424 1304 478; x_wconf 87' lang='lat' dir='ltr'><strong><em>IX</em></strong></span> <span class='ocrx_word' id='word_1_4' title='bbox 1322 422 1502 477; x_wconf 79' lang='lat' dir='ltr'>REGISTRO</span> 
     </span>
    </p>
   </div>
   <div class='ocr_carea' id='block_1_2' title="bbox 524 721 2080 944">
    <p class='ocr_par' dir='ltr' id='par_1_2' title="bbox 524 721 2080 944">
     <span class='ocr_line' id='line_1_2' title="bbox 1207 721 1294 796; baseline 0.034 -3"><span class='ocrx_word' id='word_1_5' title='bbox 1207 721 1294 796; x_wconf 89' lang='lat'><strong>538.</strong></span> 
     </span>
     <span class='ocr_line' id='line_1_3' title="bbox 524 833 2080 944; baseline -0.001 -17"><span class='ocrx_word' id='word_1_6' title='bbox 524 833 728 927; x_wconf 73' lang='lat' dir='ltr'><strong><em>Fridericus</em></strong></span> <span class='ocrx_word' id='word_1_7' title='bbox 749 861 964 926; x_wconf 75' lang='lat' dir='ltr'><strong><em>Rornanorum</em></strong></span> <span class='ocrx_word' id='word_1_8' title='bbox 984 861 1155 941; x_wconf 76' lang='lat' dir='ltr'><strong><em>inmoratur</em></strong></span> <span class='ocrx_word' id='word_1_9' title='bbox 1179 861 1331 943; x_wconf 78' lang='lat' dir='ltr'><strong><em>Grrcporio</em></strong></span> <span class='ocrx_word' id='word_1_10' title='bbox 1354 859 1409 924; x_wconf 85' lang='lat' dir='ltr'><strong><em>IX</em></strong></span> <span class='ocrx_word' id='word_1_11' title='bbox 1425 880 1530 940; x_wconf 78' lang='lat' dir='ltr'><strong><em>papae</em></strong></span> <span class='ocrx_word' id='word_1_12' title='bbox 1557 860 1702 940; x_wconf 79' lang='lat' dir='ltr'><strong><em>nuntiat,</em></strong></span> <span class='ocrx_word' id='word_1_13' title='bbox 1733 879 1765 925; x_wconf 88' lang='lat' dir='ltr'><strong><em>se</em></strong></span> <span class='ocrx_word' id='word_1_14' title='bbox 1792 860 1961 926; x_wconf 81' lang='lat' dir='ltr'><strong><em>haereticos</em></strong></span> <span class='ocrx_word' id='word_1_15' title='bbox 1987 862 2080 944; x_wconf 79' lang='lat' dir='ltr'><strong><em>rapui</em></strong></span> 
     </span>
    </p>
   </div>
   <div class='ocr_carea' id='block_1_3' title="bbox 423 962 2080 1049">
    <p class='ocr_par' dir='ltr' id='par_1_3' title="bbox 423 962 2080 1049">
     <span class='ocr_line' id='line_1_4' title="bbox 423 962 2080 1049; baseline 0.001 -21"><span class='ocrx_word' id='word_1_16' title='bbox 423 964 475 1028; x_wconf 86' lang='lat' dir='ltr'><strong><em>sm&#39;</em></strong></span> <span class='ocrx_word' id='word_1_17' title='bbox 503 962 670 1049; x_wconf 78' lang='lat' dir='ltr'><strong><em>manifeste</em></strong></span> <span class='ocrx_word' id='word_1_18' title='bbox 699 966 850 1030; x_wconf 75' lang='lat' dir='ltr'><strong><em>convictos</em></strong></span> <span class='ocrx_word' id='word_1_19' title='bbox 875 964 1019 1030; x_wconf 78' lang='lat' dir='ltr'><strong><em>inccndio</em></strong></span> <span class='ocrx_word' id='word_1_20' title='bbox 1049 964 1218 1029; x_wconf 74' lang='lat' dir='ltr'><strong><em>tradidisse</em></strong></span> <span class='ocrx_word' id='word_1_21' title='bbox 1247 967 1277 1029; x_wconf 88' lang='lat' dir='ltr'><strong><em>et</em></strong></span> <span class='ocrx_word' id='word_1_22' title='bbox 1298 964 1423 1030; x_wconf 73' lang='lat' dir='ltr'><strong><em>cuilibet</em></strong></span> <span class='ocrx_word' id='word_1_23' title='bbox 1443 964 1617 1028; x_wconf 76' lang='lat' dir='ltr'><strong><em>institorio</em></strong></span> <span class='ocrx_word' id='word_1_24' title='bbox 1643 965 1826 1043; x_wconf 77' lang='lat' dir='ltr'><strong><em>mandasse,</em></strong></span> <span class='ocrx_word' id='word_1_25' title='bbox 1854 969 1890 1029; x_wconf 83' lang='lat' dir='ltr'><strong><em>at</em></strong></span> <span class='ocrx_word' id='word_1_26' title='bbox 1917 985 1985 1030; x_wconf 82' lang='lat' dir='ltr'><strong><em>corn</em></strong></span> <span class='ocrx_word' id='word_1_27' title='bbox 2015 986 2080 1030; x_wconf 84' lang='lat' dir='ltr'><strong><em>omo</em></strong></span> 
     </span>
    </p>
   </div>
   <div class='ocr_carea' id='block_1_4' title="bbox 306 1066 2081 1152">
    <p class='ocr_par' dir='ltr' id='par_1_4' title="bbox 306 1066 2081 1152">
     <span class='ocr_line' id='line_1_5' title="bbox 306 1066 2081 1152; baseline 0.001 -22"><span class='ocrx_word' id='word_1_28' title='bbox 306 1079 308 1082; x_wconf 82' lang='grc'><strong>’</strong></span> <span class='ocrx_word' id='word_1_29' title='bbox 416 1066 563 1146; x_wconf 78' lang='lat' dir='ltr'><strong><em>praelato</em></strong></span> <span class='ocrx_word' id='word_1_30' title='bbox 591 1067 628 1131; x_wconf 87' lang='lat' dir='ltr'><strong><em>de</em></strong></span> <span class='ocrx_word' id='word_1_31' title='bbox 656 1072 742 1132; x_wconf 86' lang='lat' dir='ltr'><strong><em>statu</em></strong></span> <span class='ocrx_word' id='word_1_32' title='bbox 768 1068 930 1152; x_wconf 73' lang='lat' dir='ltr'><strong><em>reqionum</em></strong></span> <span class='ocrx_word' id='word_1_33' title='bbox 957 1067 1118 1149; x_wconf 58' lang='lat' dir='ltr'><strong><em>inquiram</em></strong></span> <span class='ocrx_word' id='word_1_34' title='bbox 1148 1070 1240 1149; x_wconf 71' lang='lat' dir='ltr'><strong><em>rogat</em></strong></span> <span class='ocrx_word' id='word_1_35' title='bbox 1267 1087 1401 1148; x_wconf 80' lang='lat' dir='ltr'><strong><em>papam,</em></strong></span> <span class='ocrx_word' id='word_1_36' title='bbox 1437 1071 1473 1130; x_wconf 83' lang='lat' dir='ltr'><strong><em>ut</em></strong></span> <span class='ocrx_word' id='word_1_37' title='bbox 1498 1085 1589 1131; x_wconf 86' lang='lat' dir='ltr'><strong><em>soom</em></strong></span> <span class='ocrx_word' id='word_1_38' title='bbox 1623 1071 1733 1131; x_wconf 85' lang='lat' dir='ltr'><strong><em>contra</em></strong></span> <span class='ocrx_word' id='word_1_39' title='bbox 1765 1072 1879 1132; x_wconf 87' lang='lat' dir='ltr'><strong><em>ceteros</em></strong></span> <span class='ocrx_word' id='word_1_40' title='bbox 1910 1067 2081 1133; x_wconf 79' lang='lat' dir='ltr'><strong><em>temelicos</em></strong></span> 
     </span>
    </p>
   </div>
   <div class='ocr_carea' id='block_1_5' title="bbox 422 1168 1990 1252">
    <p class='ocr_par' dir='ltr' id='par_1_5' title="bbox 422 1168 1990 1252">
     <span class='ocr_line' id='line_1_6' title="bbox 422 1168 1990 1252; baseline 0.002 -19"><span class='ocrx_word' id='word_1_41' title='bbox 422 1169 539 1236; x_wconf 84' lang='lat' dir='ltr'><strong><em>Italiae</em></strong></span> <span class='ocrx_word' id='word_1_42' title='bbox 560 1175 589 1236; x_wconf 90' lang='lat' dir='ltr'><strong><em>et</em></strong></span> <span class='ocrx_word' id='word_1_43' title='bbox 609 1171 736 1252; x_wconf 77' lang='lat' dir='ltr'><strong><em>imperii</em></strong></span> <span class='ocrx_word' id='word_1_44' title='bbox 753 1171 947 1252; x_wconf 77' lang='lat' dir='ltr'><strong><em>propositam</em></strong></span> <span class='ocrx_word' id='word_1_45' title='bbox 967 1169 1134 1251; x_wconf 71' lang='lat' dir='ltr'><strong><em>efficaciter</em></strong></span> <span class='ocrx_word' id='word_1_46' title='bbox 1154 1168 1290 1234; x_wconf 81' lang='lat' dir='ltr'><strong><em>adimvd.</em></strong></span> <span class='ocrx_word' id='word_1_47' title='bbox 1722 1172 1817 1250; x_wconf 78' lang='lat'><strong><em>1233,</em></strong></span> <span class='ocrx_word' id='word_1_48' title='bbox 1839 1170 1914 1238; x_wconf 81' lang='lat' dir='ltr'><strong><em>Ima.</em></strong></span> <span class='ocrx_word' id='word_1_49' title='bbox 1938 1171 1990 1236; x_wconf 88' lang='lat'><strong><em>15.</em></strong></span> 
     </span>
    </p>
   </div>
   <div class='ocr_carea' id='block_1_6' title="bbox 523 1288 1234 1445">
    <p class='ocr_par' dir='ltr' id='par_1_6' title="bbox 523 1288 1234 1445">
     <span class='ocr_line' id='line_1_7' title="bbox 526 1288 1234 1359; baseline -0.001 -14"><span class='ocrx_word' id='word_1_50' title='bbox 526 1291 607 1359; x_wconf 65' lang='grc' dir='ltr'><strong><em>(ἶνις.</em></strong></span> <span class='ocrx_word' id='word_1_51' title='bbox 625 1289 676 1344; x_wconf 86' lang='lat' dir='ltr'><strong><em>IX</em></strong></span> <span class='ocrx_word' id='word_1_52' title='bbox 691 1288 758 1359; x_wconf 72' lang='lat' dir='ltr'><strong><em>Rea.</em></strong></span> <span class='ocrx_word' id='word_1_53' title='bbox 782 1289 839 1345; x_wconf 89' lang='lat' dir='ltr'><strong><em>Vol.</em></strong></span> <span class='ocrx_word' id='word_1_54' title='bbox 857 1290 911 1355; x_wconf 87' lang='lat' dir='ltr'><strong><em>IV,</em></strong></span> <span class='ocrx_word' id='word_1_55' title='bbox 930 1293 983 1357; x_wconf 82' lang='lat'><strong><em>70,·</em></strong></span> <span class='ocrx_word' id='word_1_56' title='bbox 999 1288 1062 1343; x_wconf 82' lang='lat' dir='ltr'><strong><em>Lib.</em></strong></span> <span class='ocrx_word' id='word_1_57' title='bbox 1086 1288 1153 1354; x_wconf 85' lang='lat' dir='ltr'><strong><em>VH,</em></strong></span> <span class='ocrx_word' id='word_1_58' title='bbox 1171 1293 1234 1344; x_wconf 72' lang='lat'><strong><em>243.</em></strong></span> 
     </span>
     <span class='ocr_line' id='line_1_8' title="bbox 523 1374 1164 1445; baseline -0.006 -13"><span class='ocrx_word' id='word_1_59' title='bbox 523 1375 767 1445; x_wconf 73' lang='lat' dir='ltr'><strong><em>neema-steca,</em></strong></span> <span class='ocrx_word' id='word_1_60' title='bbox 785 1375 855 1445; x_wconf 75' lang='lat' dir='ltr'><strong><em>Rea.</em></strong></span> <span class='ocrx_word' id='word_1_61' title='bbox 875 1374 957 1430; x_wconf 72' lang='lat' dir='ltr'><strong><em>msa.</em></strong></span> <span class='ocrx_word' id='word_1_62' title='bbox 975 1375 1020 1442; x_wconf 90' lang='lat'><strong><em>11,</em></strong></span> <span class='ocrx_word' id='word_1_63' title='bbox 1037 1390 1065 1429; x_wconf 84' lang='lat' dir='ltr'><strong><em>o.</em></strong></span> <span class='ocrx_word' id='word_1_64' title='bbox 1083 1378 1164 1429; x_wconf 83' lang='lat'><strong><em>2021.</em></strong></span> 
     </span>
    </p>
   </div>
   <div class='ocr_carea' id='block_1_7' title="bbox 1042 1603 1454 1612">
    <p class='ocr_par' dir='ltr' id='par_1_7' title="bbox 1042 1603 1454 1612">
     <span class='ocr_line' id='line_1_9' title="bbox 1042 1603 1454 1612; baseline 0.002 -2"><span class='ocrx_word' id='word_1_65' title='bbox 1042 1603 1454 1612; x_wconf 58' lang='grc' dir='ltr'><em>Ἣ</em></span> 
     </span>
    </p>
   </div>
   <div class='ocr_carea' id='block_1_8' title="bbox 1205 1829 1292 1904">
    <p class='ocr_par' dir='ltr' id='par_1_8' title="bbox 1205 1829 1292 1904">
     <span class='ocr_line' id='line_1_10' title="bbox 1205 1829 1292 1904; baseline 0.023 -2"><span class='ocrx_word' id='word_1_66' title='bbox 1205 1829 1292 1904; x_wconf 82' lang='grc'><strong>539.</strong></span> 
     </span>
    </p>
   </div>
   <div class='ocr_carea' id='block_1_9' title="bbox 418 1942 2078 2468">
    <p class='ocr_par' dir='ltr' id='par_1_9' title="bbox 418 1942 2078 2468">
     <span class='ocr_line' id='line_1_11' title="bbox 527 1942 2078 2056; baseline -0.001 -19"><span class='ocrx_word' id='word_1_67' title='bbox 527 1942 717 2055; x_wconf 64' lang='lat' dir='ltr'><strong><em>(drama</em></strong></span> <span class='ocrx_word' id='word_1_68' title='bbox 751 1971 808 2037; x_wconf 81' lang='lat' dir='ltr'><strong><em>rx</em></strong></span> <span class='ocrx_word' id='word_1_69' title='bbox 839 1991 928 2052; x_wconf 71' lang='lat' dir='ltr'><strong><em>papa</em></strong></span> <span class='ocrx_word' id='word_1_70' title='bbox 960 1969 1143 2056; x_wconf 65' lang='lat' dir='ltr'><strong><em>[meraco]</em></strong></span> <span class='ocrx_word' id='word_1_71' title='bbox 1173 1970 1353 2049; x_wconf 70' lang='lat' dir='ltr'><strong><em>nemas,</em></strong></span> <span class='ocrx_word' id='word_1_72' title='bbox 1389 1969 1566 2056; x_wconf 73' lang='lat' dir='ltr'><strong><em>[remees]</em></strong></span> <span class='ocrx_word' id='word_1_73' title='bbox 1597 1969 1766 2036; x_wconf 73' lang='lat' dir='ltr'><strong><em>mamea·</em></strong></span> <span class='ocrx_word' id='word_1_74' title='bbox 1798 1973 1827 2035; x_wconf 79' lang='lat' dir='ltr'><strong><em>a</em></strong></span> <span class='ocrx_word' id='word_1_75' title='bbox 1859 1970 2078 2055; x_wconf 74' lang='lat' dir='ltr'><strong><em>[comare]</em></strong></span> 
     </span>
     <span class='ocr_line' id='line_1_12' title="bbox 419 2057 2077 2160; baseline -0.004 -17"><span class='ocrx_word' id='word_1_76' title='bbox 419 2075 651 2160; x_wconf 70' lang='lat' dir='ltr'><strong><em>sumamma</em></strong></span> <span class='ocrx_word' id='word_1_77' title='bbox 672 2057 823 2156; x_wconf 62' lang='lat' dir='ltr'><strong><em>michaeis</em></strong></span> <span class='ocrx_word' id='word_1_78' title='bbox 843 2075 976 2138; x_wconf 80' lang='lat' dir='ltr'><strong><em>inuocat</em></strong></span> <span class='ocrx_word' id='word_1_79' title='bbox 995 2074 1181 2139; x_wconf 82' lang='lat' dir='ltr'><strong><em>mandatam</em></strong></span> <span class='ocrx_word' id='word_1_80' title='bbox 1202 2073 1304 2139; x_wconf 82' lang='lat' dir='ltr'><strong><em>crucis</em></strong></span> <span class='ocrx_word' id='word_1_81' title='bbox 1325 2073 1559 2154; x_wconf 77' lang='lat' dir='ltr'><strong><em>praedicandae</em></strong></span> <span class='ocrx_word' id='word_1_82' title='bbox 1580 2077 1690 2140; x_wconf 79' lang='lat' dir='ltr'><strong><em>contro</em></strong></span> <span class='ocrx_word' id='word_1_83' title='bbox 1711 2073 1879 2138; x_wconf 83' lang='lat' dir='ltr'><strong><em>haereticos</em></strong></span> <span class='ocrx_word' id='word_1_84' title='bbox 1901 2073 2077 2156; x_wconf 70' lang='lat' dir='ltr'><strong><em>Stadinpos</em></strong></span> 
     </span>
     <span class='ocr_line' id='line_1_13' title="bbox 419 2164 2077 2265; baseline -0.005 -18"><span class='ocrx_word' id='word_1_85' title='bbox 419 2182 475 2265; x_wconf 80' lang='lat' dir='ltr'><strong><em>qai</em></strong></span> <span class='ocrx_word' id='word_1_86' title='bbox 497 2181 653 2247; x_wconf 83' lang='lat' dir='ltr'><strong><em>civitatem</em></strong></span> <span class='ocrx_word' id='word_1_87' title='bbox 673 2176 876 2244; x_wconf 86' lang='lat' dir='ltr'><strong><em>Bremmscm</em></strong></span> <span class='ocrx_word' id='word_1_88' title='bbox 898 2164 1052 2242; x_wconf 82' lang='lat' dir='ltr'><strong><em>hostiliter</em></strong></span> <span class='ocrx_word' id='word_1_89' title='bbox 1073 2178 1213 2242; x_wconf 81' lang='lat' dir='ltr'><strong><em>odierint</em></strong></span> <span class='ocrx_word' id='word_1_90' title='bbox 1233 2179 1263 2241; x_wconf 86' lang='lat' dir='ltr'><strong><em>et</em></strong></span> <span class='ocrx_word' id='word_1_91' title='bbox 1283 2176 1439 2254; x_wconf 79' lang='lat' dir='ltr'><strong><em>emlesios,</em></strong></span> <span class='ocrx_word' id='word_1_92' title='bbox 1462 2176 1653 2242; x_wconf 82' lang='lat' dir='ltr'><strong><em>oronastem&#39;a</em></strong></span> <span class='ocrx_word' id='word_1_93' title='bbox 1674 2181 1704 2241; x_wconf 89' lang='lat' dir='ltr'><strong><em>et</em></strong></span> <span class='ocrx_word' id='word_1_94' title='bbox 1724 2175 1879 2259; x_wconf 82' lang='lat' dir='ltr'><strong><em>quoddam</em></strong></span> <span class='ocrx_word' id='word_1_95' title='bbox 1900 2175 2077 2240; x_wconf 75' lang='lat' dir='ltr'><strong><em>ammitrssi-</em></strong></span> 
     </span>
     <span class='ocr_line' id='line_1_14' title="bbox 418 2277 2077 2363; baseline -0.004 -13"><span class='ocrx_word' id='word_1_96' title='bbox 418 2305 502 2350; x_wconf 86' lang='lat' dir='ltr'><strong><em>mom</em></strong></span> <span class='ocrx_word' id='word_1_97' title='bbox 530 2287 668 2350; x_wconf 80' lang='lat' dir='ltr'><strong><em>castrum</em></strong></span> <span class='ocrx_word' id='word_1_98' title='bbox 695 2280 925 2360; x_wconf 64' lang='lat' dir='ltr'><strong><em>catamerica</em></strong></span> <span class='ocrx_word' id='word_1_99' title='bbox 952 2279 1174 2362; x_wconf 76' lang='lat' dir='ltr'><strong><em>mmcccipmatis</em></strong></span> <span class='ocrx_word' id='word_1_100' title='bbox 1202 2277 1331 2344; x_wconf 79' lang='lat' dir='ltr'><strong><em>eamdem</em></strong></span> <span class='ocrx_word' id='word_1_101' title='bbox 1357 2279 1587 2363; x_wconf 77' lang='lat' dir='ltr'><strong><em>indolpmtiom</em></strong></span> <span class='ocrx_word' id='word_1_102' title='bbox 1612 2280 1763 2355; x_wconf 84' lang='lat' dir='ltr'><strong><em>concedit,</em></strong></span> <span class='ocrx_word' id='word_1_103' title='bbox 1791 2300 1855 2362; x_wconf 77' lang='lat' dir='ltr'><strong><em>ouo</em></strong></span> <span class='ocrx_word' id='word_1_104' title='bbox 1883 2280 1920 2343; x_wconf 85' lang='lat' dir='ltr'><strong><em>im</em></strong></span> <span class='ocrx_word' id='word_1_105' title='bbox 1944 2279 2077 2344; x_wconf 79' lang='lat' dir='ltr'><strong><em>Terram</em></strong></span> 
     </span>
     <span class='ocr_line' id='line_1_15' title="bbox 418 2382 1988 2468; baseline -0.004 -12"><span class='ocrx_word' id='word_1_106' title='bbox 418 2387 570 2456; x_wconf 74' lang='lat' dir='ltr'><strong><em>Samiam</em></strong></span> <span class='ocrx_word' id='word_1_107' title='bbox 587 2386 817 2468; x_wconf 79' lang='lat' dir='ltr'><strong><em>proficiscentes</em></strong></span> <span class='ocrx_word' id='word_1_108' title='bbox 835 2384 1007 2468; x_wconf 72' lang='lat' dir='ltr'><strong><em>gaudeant.</em></strong></span> <span class='ocrx_word' id='word_1_109' title='bbox 1055 2382 1107 2468; x_wconf 61' lang='lat' dir='ltr'><strong><em>bf.</em></strong></span> <span class='ocrx_word' id='word_1_110' title='bbox 1129 2402 1162 2448; x_wconf 78' lang='lat' dir='ltr'><strong><em>a.</em></strong></span> <span class='ocrx_word' id='word_1_111' title='bbox 1185 2383 1260 2446; x_wconf 82' lang='grc'><strong>489.</strong></span> <span class='ocrx_word' id='word_1_112' title='bbox 1720 2386 1814 2464; x_wconf 82' lang='lat'><strong><em>1233,</em></strong></span> <span class='ocrx_word' id='word_1_113' title='bbox 1837 2383 1912 2448; x_wconf 83' lang='lat' dir='ltr'><strong><em>lua.</em></strong></span> <span class='ocrx_word' id='word_1_114' title='bbox 1935 2385 1988 2450; x_wconf 86' lang='lat'><strong><em>17.</em></strong></span> 
     </span>
    </p>
   </div>
   <div class='ocr_carea' id='block_1_10' title="bbox 521 2501 1313 2664">
    <p class='ocr_par' dir='ltr' id='par_1_10' title="bbox 521 2501 1313 2664">
     <span class='ocr_line' id='line_1_16' title="bbox 523 2501 1313 2577; baseline -0.008 -15"><span class='ocrx_word' id='word_1_115' title='bbox 523 2507 607 2577; x_wconf 63' lang='grc' dir='ltr'><strong><em>(ἔτερ.</em></strong></span> <span class='ocrx_word' id='word_1_116' title='bbox 625 2505 676 2560; x_wconf 80' lang='lat' dir='ltr'><strong><em>lx</em></strong></span> <span class='ocrx_word' id='word_1_117' title='bbox 692 2504 761 2574; x_wconf 71' lang='lat' dir='ltr'><strong><em>Rea.</em></strong></span> <span class='ocrx_word' id='word_1_118' title='bbox 783 2503 842 2560; x_wconf 88' lang='lat' dir='ltr'><strong><em>Vol.</em></strong></span> <span class='ocrx_word' id='word_1_119' title='bbox 860 2503 915 2570; x_wconf 88' lang='lat' dir='ltr'><strong><em>IV,</em></strong></span> <span class='ocrx_word' id='word_1_120' title='bbox 935 2507 1060 2571; x_wconf 82' lang='lat'><em>56-57;</em></span> <span class='ocrx_word' id='word_1_121' title='bbox 1078 2502 1142 2557; x_wconf 84' lang='lat' dir='ltr'><strong><em>Lib.</em></strong></span> <span class='ocrx_word' id='word_1_122' title='bbox 1166 2501 1232 2568; x_wconf 88' lang='lat' dir='ltr'><strong><em>VII,</em></strong></span> <span class='ocrx_word' id='word_1_123' title='bbox 1250 2505 1313 2556; x_wconf 85' lang='lat'><strong><em>186.</em></strong></span> 
     </span>
     <span class='ocr_line' id='line_1_17' title="bbox 521 2592 848 2664; baseline -0.009 -17"><span class='ocrx_word' id='word_1_124' title='bbox 521 2592 657 2658; x_wconf 75' lang='lat' dir='ltr'><strong><em>nomas,</em></strong></span> <span class='ocrx_word' id='word_1_125' title='bbox 675 2592 746 2664; x_wconf 62' lang='lat' dir='ltr'><strong><em>nep.</em></strong></span> <span class='ocrx_word' id='word_1_126' title='bbox 765 2593 848 2646; x_wconf 80' lang='lat' dir='ltr'><strong><em>sess.</em></strong></span> 
     </span>
    </p>
   </div>
   <div class='ocr_carea' id='block_1_11' title="bbox 513 2784 1975 2880">
    <p class='ocr_par' dir='ltr' id='par_1_11' title="bbox 513 2784 1975 2880">
     <span class='ocr_line' id='line_1_18' title="bbox 513 2784 1975 2880; baseline -0.002 -17"><span class='ocrx_word' id='word_1_127' title='bbox 513 2844 523 2863; x_wconf 96' lang='lat'><strong><em>.</em></strong></span> <span class='ocrx_word' id='word_1_128' title='bbox 553 2844 562 2863; x_wconf 96' lang='lat'><strong><em>.</em></strong></span> <span class='ocrx_word' id='word_1_129' title='bbox 589 2785 824 2875; x_wconf 87' lang='lat' dir='ltr'><strong><em>Mindensi‚</em></strong></span> <span class='ocrx_word' id='word_1_130' title='bbox 853 2841 862 2860; x_wconf 88' lang='lat'><strong><em>.</em></strong></span> <span class='ocrx_word' id='word_1_131' title='bbox 892 2841 901 2860; x_wconf 88' lang='lat'><strong><em>.</em></strong></span> <span class='ocrx_word' id='word_1_132' title='bbox 929 2785 1165 2859; x_wconf 90' lang='lat' dir='ltr'><strong><em>Lubicensi</em></strong></span> <span class='ocrx_word' id='word_1_133' title='bbox 1192 2790 1233 2860; x_wconf 87' lang='lat' dir='ltr'><strong><em>et</em></strong></span> <span class='ocrx_word' id='word_1_134' title='bbox 1261 2841 1270 2858; x_wconf 97' lang='lat'><strong><em>.</em></strong></span> <span class='ocrx_word' id='word_1_135' title='bbox 1300 2840 1308 2858; x_wconf 92' lang='lat'><strong><em>.</em></strong></span> <span class='ocrx_word' id='word_1_136' title='bbox 1335 2784 1715 2878; x_wconf 86' lang='lat' dir='ltr'><strong><em>Racemburgensi</em></strong></span> <span class='ocrx_word' id='word_1_137' title='bbox 1742 2785 1975 2880; x_wconf 85' lang='lat' dir='ltr'><strong><em>episcopie.</em></strong></span> 
     </span>
    </p>
   </div>
   <div class='ocr_carea' id='block_1_12' title="bbox 405 2933 2075 5504">
    <p class='ocr_par' dir='ltr' id='par_1_12' title="bbox 405 2933 2075 5504">
     <span class='ocr_line' id='line_1_19' title="bbox 525 2933 2073 3020; baseline -0.001 -18"><span class='ocrx_word' id='word_1_138' title='bbox 525 2937 652 3002; x_wconf 87' lang='lat' dir='ltr'><strong><em>Littera</em></strong></span> <span class='ocrx_word' id='word_1_139' title='bbox 676 2942 786 3002; x_wconf 79' lang='lat' dir='ltr'><strong><em>vestre</em></strong></span> <span class='ocrx_word' id='word_1_140' title='bbox 808 2934 903 3000; x_wconf 92' lang='lat' dir='ltr'><strong><em>nobis</em></strong></span> <span class='ocrx_word' id='word_1_141' title='bbox 927 2934 1073 2999; x_wconf 87' lang='lat' dir='ltr'><strong><em>exhibite</em></strong></span> <span class='ocrx_word' id='word_1_142' title='bbox 1098 2934 1320 3015; x_wconf 80' lang='lat' dir='ltr'><strong>continebant,</strong></span> <span class='ocrx_word' id='word_1_143' title='bbox 1344 2933 1431 3020; x_wconf 90' lang='lat' dir='ltr'><strong><em>quod</em></strong></span> <span class='ocrx_word' id='word_1_144' title='bbox 1454 2933 1576 2999; x_wconf 88' lang='lat' dir='ltr'><strong><em>dudum</em></strong></span> <span class='ocrx_word' id='word_1_145' title='bbox 1598 2955 1678 2999; x_wconf 90' lang='lat' dir='ltr'><strong><em>voce</em></strong></span> <span class='ocrx_word' id='word_1_146' title='bbox 1702 2935 1804 3000; x_wconf 91' lang='lat' dir='ltr'><strong><em>multe</em></strong></span> <span class='ocrx_word' id='word_1_147' title='bbox 1827 2935 2073 3001; x_wconf 76' lang='lat' dir='ltr'><strong><em>lamentationis</em></strong></span> 
     </span>
     <span class='ocr_line' id='line_1_20' title="bbox 416 3037 2074 3126; baseline -0.001 -21"><span class='ocrx_word' id='word_1_148' title='bbox 416 3040 543 3120; x_wconf 89' lang='lat' dir='ltr'><strong><em>audita,</em></strong></span> <span class='ocrx_word' id='word_1_149' title='bbox 572 3039 659 3126; x_wconf 92' lang='lat' dir='ltr'><strong><em>quod</em></strong></span> <span class='ocrx_word' id='word_1_150' title='bbox 683 3038 841 3126; x_wconf 88' lang='lat' dir='ltr'><strong><em>quosdam</em></strong></span> <span class='ocrx_word' id='word_1_151' title='bbox 863 3039 1026 3104; x_wconf 87' lang='lat' dir='ltr'><strong><em>violentos</em></strong></span> <span class='ocrx_word' id='word_1_152' title='bbox 1050 3045 1084 3104; x_wconf 93' lang='lat' dir='ltr'><strong><em>et</em></strong></span> <span class='ocrx_word' id='word_1_153' title='bbox 1106 3039 1239 3124; x_wconf 89' lang='lat' dir='ltr'><strong><em>impios,</em></strong></span> <span class='ocrx_word' id='word_1_154' title='bbox 1272 3038 1327 3123; x_wconf 89' lang='lat' dir='ltr'><strong><em>qui</em></strong></span> <span class='ocrx_word' id='word_1_155' title='bbox 1352 3037 1519 3103; x_wconf 86' lang='lat' dir='ltr'><strong><em>Scethinci</em></strong></span> <span class='ocrx_word' id='word_1_156' title='bbox 1543 3045 1715 3119; x_wconf 89' lang='lat' dir='ltr'><strong><em>vocantur,</em></strong></span> <span class='ocrx_word' id='word_1_157' title='bbox 1745 3039 1778 3102; x_wconf 93' lang='lat' dir='ltr'><strong><em>in</em></strong></span> <span class='ocrx_word' id='word_1_158' title='bbox 1800 3037 1973 3105; x_wconf 89' lang='lat' dir='ltr'><strong><em>Bremensi</em></strong></span> <span class='ocrx_word' id='word_1_159' title='bbox 1996 3059 2074 3126; x_wconf 93' lang='lat' dir='ltr'><strong><em>pro·</em></strong></span> 
     </span>
     <span class='ocr_line' id='line_1_21' title="bbox 414 3139 2075 3226; baseline -0.001 -18"><span class='ocrx_word' id='word_1_160' title='bbox 414 3144 524 3208; x_wconf 88' lang='lat' dir='ltr'><strong><em>vincia</em></strong></span> <span class='ocrx_word' id='word_1_161' title='bbox 545 3143 695 3208; x_wconf 89' lang='lat' dir='ltr'><strong><em>diabolus</em></strong></span> <span class='ocrx_word' id='word_1_162' title='bbox 719 3142 907 3222; x_wconf 80' lang='lat' dir='ltr'><strong><em>suscitavit,</em></strong></span> <span class='ocrx_word' id='word_1_163' title='bbox 936 3142 992 3226; x_wconf 90' lang='lat' dir='ltr'><strong><em>qui</em></strong></span> <span class='ocrx_word' id='word_1_164' title='bbox 1014 3141 1084 3206; x_wconf 88' lang='lat' dir='ltr'><strong><em>veri</em></strong></span> <span class='ocrx_word' id='word_1_165' title='bbox 1106 3139 1239 3205; x_wconf 92' lang='lat' dir='ltr'><strong><em>luminis</em></strong></span> <span class='ocrx_word' id='word_1_166' title='bbox 1261 3141 1389 3225; x_wconf 87' lang='lat' dir='ltr'><strong><em>fulgore</em></strong></span> <span class='ocrx_word' id='word_1_167' title='bbox 1413 3142 1528 3206; x_wconf 90' lang='lat' dir='ltr'><strong><em>relicto</em></strong></span> <span class='ocrx_word' id='word_1_168' title='bbox 1551 3140 1745 3207; x_wconf 89' lang='lat' dir='ltr'><strong><em>detestande</em></strong></span> <span class='ocrx_word' id='word_1_169' title='bbox 1769 3143 1916 3207; x_wconf 86' lang='lat' dir='ltr'><strong><em>cecitatis</em></strong></span> <span class='ocrx_word' id='word_1_170' title='bbox 1934 3141 2075 3207; x_wconf 71' lang='lat' dir='ltr'><strong><em>&#39;obducti</em></strong></span> 
     </span>
     <span class='ocr_line' id='line_1_22' title="bbox 415 3244 2074 3333; baseline -0.001 -22"><span class='ocrx_word' id='word_1_171' title='bbox 415 3247 567 3333; x_wconf 89' lang='lat' dir='ltr'><strong><em>caligine,</em></strong></span> <span class='ocrx_word' id='word_1_172' title='bbox 591 3268 652 3312; x_wconf 89' lang='lat' dir='ltr'><strong><em>nec</em></strong></span> <span class='ocrx_word' id='word_1_173' title='bbox 675 3247 828 3312; x_wconf 90' lang='lat' dir='ltr'><strong><em>timentes</em></strong></span> <span class='ocrx_word' id='word_1_174' title='bbox 843 3245 952 3311; x_wconf 90' lang='lat' dir='ltr'><strong><em>Deum</em></strong></span> <span class='ocrx_word' id='word_1_175' title='bbox 975 3266 1036 3310; x_wconf 86' lang='lat' dir='ltr'><strong><em>nec</em></strong></span> <span class='ocrx_word' id='word_1_176' title='bbox 1056 3244 1223 3311; x_wconf 91' lang='lat' dir='ltr'><strong><em>hominem</em></strong></span> <span class='ocrx_word' id='word_1_177' title='bbox 1246 3252 1448 3326; x_wconf 88' lang='lat' dir='ltr'><strong><em>reverentes,</em></strong></span> <span class='ocrx_word' id='word_1_178' title='bbox 1473 3245 1621 3310; x_wconf 90' lang='lat' dir='ltr'><strong><em>doctrina</em></strong></span> <span class='ocrx_word' id='word_1_179' title='bbox 1644 3244 1756 3309; x_wconf 89' lang='lat' dir='ltr'><strong><em>matris</em></strong></span> <span class='ocrx_word' id='word_1_180' title='bbox 1774 3245 1916 3310; x_wconf 89' lang='lat' dir='ltr'><strong><em>ecclesie</em></strong></span> <span class='ocrx_word' id='word_1_181' title='bbox 1939 3245 2074 3331; x_wconf 89' lang='lat' dir='ltr'><strong><em>penitus</em></strong></span> 
     </span>
     <span class='ocr_line' id='line_1_23' title="bbox 414 3348 2074 3437; baseline 0 -23"><span class='ocrx_word' id='word_1_182' title='bbox 414 3350 587 3436; x_wconf 89' lang='lat' dir='ltr'><strong><em>vilipensa,</em></strong></span> <span class='ocrx_word' id='word_1_183' title='bbox 610 3350 713 3437; x_wconf 91' lang='lat' dir='ltr'><strong><em>ipsius</em></strong></span> <span class='ocrx_word' id='word_1_184' title='bbox 737 3349 924 3415; x_wconf 88' lang='lat' dir='ltr'><strong><em>libertatem</em></strong></span> <span class='ocrx_word' id='word_1_185' title='bbox 948 3349 1150 3428; x_wconf 85' lang='lat' dir='ltr'><strong><em>conculcant,</em></strong></span> <span class='ocrx_word' id='word_1_186' title='bbox 1175 3355 1209 3414; x_wconf 91' lang='lat' dir='ltr'><strong><em>et</em></strong></span> <span class='ocrx_word' id='word_1_187' title='bbox 1231 3348 1336 3414; x_wconf 82' lang='lat' dir='ltr'><strong><em>ferino</em></strong></span> <span class='ocrx_word' id='word_1_188' title='bbox 1358 3371 1449 3414; x_wconf 88' lang='lat' dir='ltr'><strong><em>more</em></strong></span> <span class='ocrx_word' id='word_1_189' title='bbox 1472 3349 1551 3415; x_wconf 85' lang='lat' dir='ltr'><strong><em>faris</em></strong></span> <span class='ocrx_word' id='word_1_190' title='bbox 1574 3349 1689 3414; x_wconf 88' lang='lat' dir='ltr'><strong><em>bestiis</em></strong></span> <span class='ocrx_word' id='word_1_191' title='bbox 1706 3348 1871 3415; x_wconf 83' lang='lat' dir='ltr'><strong><em>crudelius</em></strong></span> <span class='ocrx_word' id='word_1_192' title='bbox 1895 3350 2074 3432; x_wconf 80' lang='lat' dir='ltr'><strong><em>sevientes,</em></strong></span> 
     </span>
     <span class='ocr_line' id='line_1_24' title="bbox 414 3452 2072 3541; baseline 0.001 -24"><span class='ocrx_word' id='word_1_193' title='bbox 414 3454 497 3518; x_wconf 89' lang='lat' dir='ltr'><strong><em>nulli</em></strong></span> <span class='ocrx_word' id='word_1_194' title='bbox 519 3461 658 3541; x_wconf 90' lang='lat' dir='ltr'><strong><em>parcunt</em></strong></span> <span class='ocrx_word' id='word_1_195' title='bbox 680 3453 775 3518; x_wconf 89' lang='lat' dir='ltr'><strong><em>sexui</em></strong></span> <span class='ocrx_word' id='word_1_196' title='bbox 797 3454 851 3518; x_wconf 86' lang='lat' dir='ltr'><strong><em>vel</em></strong></span> <span class='ocrx_word' id='word_1_197' title='bbox 874 3453 965 3534; x_wconf 90' lang='lat' dir='ltr'><strong><em>etati,</em></strong></span> <span class='ocrx_word' id='word_1_198' title='bbox 996 3452 1194 3518; x_wconf 87' lang='lat' dir='ltr'><strong><em>effundendo</em></strong></span> <span class='ocrx_word' id='word_1_199' title='bbox 1218 3453 1412 3538; x_wconf 89' lang='lat' dir='ltr'><strong><em>sanguinem</em></strong></span> <span class='ocrx_word' id='word_1_200' title='bbox 1435 3453 1519 3517; x_wconf 90' lang='lat' dir='ltr'><strong><em>sicut</em></strong></span> <span class='ocrx_word' id='word_1_201' title='bbox 1542 3472 1669 3536; x_wconf 90' lang='lat' dir='ltr'><strong><em>aquam,</em></strong></span> <span class='ocrx_word' id='word_1_202' title='bbox 1699 3452 1827 3519; x_wconf 87' lang='lat' dir='ltr'><strong><em>clericis</em></strong></span> <span class='ocrx_word' id='word_1_203' title='bbox 1851 3460 1884 3518; x_wconf 91' lang='lat' dir='ltr'><strong><em>et</em></strong></span> <span class='ocrx_word' id='word_1_204' title='bbox 1906 3452 2072 3538; x_wconf 80' lang='lat' dir='ltr'><strong><em>religiosis</em></strong></span> 
     </span>
     <span class='ocr_line' id='line_1_25' title="bbox 413 3553 2072 3643; baseline 0 -22"><span class='ocrx_word' id='word_1_205' title='bbox 413 3557 621 3623; x_wconf 86' lang='lat' dir='ltr'><strong><em>membratim</em></strong></span> <span class='ocrx_word' id='word_1_206' title='bbox 644 3557 744 3643; x_wconf 89' lang='lat' dir='ltr'><strong><em>impie</em></strong></span> <span class='ocrx_word' id='word_1_207' title='bbox 766 3556 921 3622; x_wconf 89' lang='lat' dir='ltr'><strong><em>laceratis</em></strong></span> <span class='ocrx_word' id='word_1_208' title='bbox 946 3561 979 3621; x_wconf 92' lang='lat' dir='ltr'><strong><em>et</em></strong></span> <span class='ocrx_word' id='word_1_209' title='bbox 995 3554 1190 3641; x_wconf 89' lang='lat' dir='ltr'><strong><em>quibusdam</em></strong></span> <span class='ocrx_word' id='word_1_210' title='bbox 1212 3556 1246 3619; x_wconf 90' lang='lat' dir='ltr'><strong><em>in</em></strong></span> <span class='ocrx_word' id='word_1_211' title='bbox 1268 3553 1401 3620; x_wconf 91' lang='lat' dir='ltr'><strong><em>modum</em></strong></span> <span class='ocrx_word' id='word_1_212' title='bbox 1417 3555 1523 3619; x_wconf 90' lang='lat' dir='ltr'><strong><em>crucis</em></strong></span> <span class='ocrx_word' id='word_1_213' title='bbox 1545 3555 1653 3620; x_wconf 86' lang='lat' dir='ltr'><strong><em>affixis</em></strong></span> <span class='ocrx_word' id='word_1_214' title='bbox 1670 3557 1788 3641; x_wconf 87' lang='lat' dir='ltr'><strong><em>parieti</em></strong></span> <span class='ocrx_word' id='word_1_215' title='bbox 1810 3557 1844 3620; x_wconf 92' lang='lat' dir='ltr'><strong><em>in</em></strong></span> <span class='ocrx_word' id='word_1_216' title='bbox 1860 3555 2072 3643; x_wconf 90' lang='lat' dir='ltr'><strong><em>opprobrium</em></strong></span> 
     </span>
     <span class='ocr_line' id='line_1_26' title="bbox 415 3657 2073 3746; baseline 0.001 -22"><span class='ocrx_word' id='word_1_217' title='bbox 415 3658 588 3742; x_wconf 79' lang='lat' dir='ltr'><strong><em>Crucifixi,</em></strong></span> <span class='ocrx_word' id='word_1_218' title='bbox 623 3667 661 3726; x_wconf 91' lang='lat' dir='ltr'><strong><em>et</em></strong></span> <span class='ocrx_word' id='word_1_219' title='bbox 690 3667 727 3724; x_wconf 89' lang='lat' dir='ltr'><strong><em>ut</em></strong></span> <span class='ocrx_word' id='word_1_220' title='bbox 761 3660 964 3744; x_wconf 88' lang='lat' dir='ltr'><strong><em>singulorum</em></strong></span> <span class='ocrx_word' id='word_1_221' title='bbox 994 3679 1153 3724; x_wconf 88' lang='lat' dir='ltr'><strong><em>excessus</em></strong></span> <span class='ocrx_word' id='word_1_222' title='bbox 1187 3659 1222 3721; x_wconf 95' lang='lat' dir='ltr'><strong><em>in</em></strong></span> <span class='ocrx_word' id='word_1_223' title='bbox 1252 3657 1447 3722; x_wconf 81' lang='lat' dir='ltr'><strong><em>excessibus</em></strong></span> <span class='ocrx_word' id='word_1_224' title='bbox 1481 3658 1548 3722; x_wconf 89' lang='lat' dir='ltr'><strong><em>suis</em></strong></span> <span class='ocrx_word' id='word_1_225' title='bbox 1582 3658 1745 3724; x_wconf 84' lang='lat' dir='ltr'><strong><em>excedant</em></strong></span> <span class='ocrx_word' id='word_1_226' title='bbox 1777 3666 1810 3724; x_wconf 94' lang='lat' dir='ltr'><strong><em>et</em></strong></span> <span class='ocrx_word' id='word_1_227' title='bbox 1839 3659 1981 3746; x_wconf 91' lang='lat' dir='ltr'><strong><em>perfidos</em></strong></span> <span class='ocrx_word' id='word_1_228' title='bbox 2012 3683 2073 3726; x_wconf 90' lang='lat' dir='ltr'><strong><em>sua</em></strong></span> 
     </span>
     <span class='ocr_line' id='line_1_27' title="bbox 412 3761 2072 3850; baseline 0.002 -24"><span class='ocrx_word' id='word_1_229' title='bbox 412 3762 545 3827; x_wconf 83' lang='lat' dir='ltr'><strong><em>vincant</em></strong></span> <span class='ocrx_word' id='word_1_230' title='bbox 567 3762 704 3850; x_wconf 91' lang='lat' dir='ltr'><strong><em>perfidia</em></strong></span> <span class='ocrx_word' id='word_1_231' title='bbox 725 3764 898 3828; x_wconf 88' lang='lat' dir='ltr'><strong><em>universos</em></strong></span> <span class='ocrx_word' id='word_1_232' title='bbox 920 3761 1030 3827; x_wconf 90' lang='lat' dir='ltr'><strong><em>divine</em></strong></span> <span class='ocrx_word' id='word_1_233' title='bbox 1053 3762 1213 3849; x_wconf 89' lang='lat' dir='ltr'><strong><em>patientie</em></strong></span> <span class='ocrx_word' id='word_1_234' title='bbox 1241 3761 1417 3844; x_wconf 85' lang='lat' dir='ltr'><strong><em>abusores,</em></strong></span> <span class='ocrx_word' id='word_1_235' title='bbox 1441 3762 1556 3826; x_wconf 90' lang='lat' dir='ltr'><strong><em>salutis</em></strong></span> <span class='ocrx_word' id='word_1_236' title='bbox 1579 3770 1691 3828; x_wconf 89' lang='lat' dir='ltr'><strong><em>nostre</em></strong></span> <span class='ocrx_word' id='word_1_237' title='bbox 1712 3762 1886 3846; x_wconf 83' lang='lat' dir='ltr'><strong><em>viaticum,</em></strong></span> <span class='ocrx_word' id='word_1_238' title='bbox 1916 3785 1979 3849; x_wconf 90' lang='lat' dir='ltr'><strong><em>quo</em></strong></span> <span class='ocrx_word' id='word_1_239' title='bbox 2002 3766 2072 3830; x_wconf 84' lang='lat' dir='ltr'><strong><em>vita</em></strong></span> 
     </span>
     <span class='ocr_line' id='line_1_28' title="bbox 413 3862 2070 3954; baseline 0.002 -24"><span class='ocrx_word' id='word_1_240' title='bbox 413 3864 508 3931; x_wconf 90' lang='lat' dir='ltr'><strong><em>datur</em></strong></span> <span class='ocrx_word' id='word_1_241' title='bbox 528 3866 728 3946; x_wconf 89' lang='lat' dir='ltr'><strong><em>viventibus,</em></strong></span> <span class='ocrx_word' id='word_1_242' title='bbox 750 3866 940 3931; x_wconf 89' lang='lat' dir='ltr'><strong><em>horribilius</em></strong></span> <span class='ocrx_word' id='word_1_243' title='bbox 964 3886 1062 3951; x_wconf 92' lang='lat' dir='ltr'><strong><em>quam</em></strong></span> <span class='ocrx_word' id='word_1_244' title='bbox 1085 3864 1226 3951; x_wconf 83' lang='lat' dir='ltr'><strong><em>exprimi</em></strong></span> <span class='ocrx_word' id='word_1_245' title='bbox 1249 3862 1366 3929; x_wconf 88' lang='lat' dir='ltr'><strong><em>deceat</em></strong></span> <span class='ocrx_word' id='word_1_246' title='bbox 1387 3871 1639 3950; x_wconf 80' lang='lat' dir='ltr'><strong><em>pertractantes,</em></strong></span> <span class='ocrx_word' id='word_1_247' title='bbox 1668 3873 1808 3952; x_wconf 87' lang='lat' dir='ltr'><strong><em>querunt</em></strong></span> <span class='ocrx_word' id='word_1_248' title='bbox 1829 3888 1989 3954; x_wconf 89' lang='lat' dir='ltr'><strong><em>responsa</em></strong></span> <span class='ocrx_word' id='word_1_249' title='bbox 2010 3867 2070 3933; x_wconf 89' lang='lat' dir='ltr'><strong><em>de-</em></strong></span> 
     </span>
     <span class='ocr_line' id='line_1_29' title="bbox 412 3967 2071 4057; baseline 0.001 -24"><span class='ocrx_word' id='word_1_250' title='bbox 412 3989 555 4051; x_wconf 85' lang='lat' dir='ltr'><strong><em>monum,</em></strong></span> <span class='ocrx_word' id='word_1_251' title='bbox 579 3990 676 4036; x_wconf 90' lang='lat' dir='ltr'><strong><em>cerea</em></strong></span> <span class='ocrx_word' id='word_1_252' title='bbox 692 3969 866 4034; x_wconf 89' lang='lat' dir='ltr'><strong><em>simulacra</em></strong></span> <span class='ocrx_word' id='word_1_253' title='bbox 880 3969 1006 4033; x_wconf 85' lang='lat' dir='ltr'><strong><em>faciunt</em></strong></span> <span class='ocrx_word' id='word_1_254' title='bbox 1028 3975 1062 4034; x_wconf 90' lang='lat' dir='ltr'><strong><em>et</em></strong></span> <span class='ocrx_word' id='word_1_255' title='bbox 1081 3969 1119 4032; x_wconf 92' lang='lat' dir='ltr'><strong><em>in</em></strong></span> <span class='ocrx_word' id='word_1_256' title='bbox 1142 3967 1210 4032; x_wconf 89' lang='lat' dir='ltr'><strong><em>suis</em></strong></span> <span class='ocrx_word' id='word_1_257' title='bbox 1227 3968 1393 4054; x_wconf 88' lang='lat' dir='ltr'><strong><em>spurcitiis</em></strong></span> <span class='ocrx_word' id='word_1_258' title='bbox 1413 3988 1568 4034; x_wconf 90' lang='lat' dir='ltr'><strong><em>erroneas</em></strong></span> <span class='ocrx_word' id='word_1_259' title='bbox 1584 3971 1758 4035; x_wconf 88' lang='lat' dir='ltr'><strong><em>consulunt</em></strong></span> <span class='ocrx_word' id='word_1_260' title='bbox 1772 3971 1981 4057; x_wconf 88' lang='lat' dir='ltr'><strong><em>phitonissas,</em></strong></span> <span class='ocrx_word' id='word_1_261' title='bbox 2003 3971 2071 4035; x_wconf 91' lang='lat' dir='ltr'><strong><em>alia</em></strong></span> 
     </span>
     <span class='ocr_line' id='line_1_30' title="bbox 412 4071 2071 4162; baseline 0.001 -26"><span class='ocrx_word' id='word_1_262' title='bbox 412 4072 515 4137; x_wconf 90' lang='lat' dir='ltr'><strong><em>multa</em></strong></span> <span class='ocrx_word' id='word_1_263' title='bbox 538 4073 781 4138; x_wconf 88' lang='lat' dir='ltr'><strong><em>committentes</em></strong></span> <span class='ocrx_word' id='word_1_264' title='bbox 805 4072 1015 4138; x_wconf 89' lang='lat' dir='ltr'><strong><em>tenebrarum</em></strong></span> <span class='ocrx_word' id='word_1_265' title='bbox 1045 4092 1162 4158; x_wconf 90' lang='lat' dir='ltr'><strong><em>opera,</em></strong></span> <span class='ocrx_word' id='word_1_266' title='bbox 1195 4093 1257 4157; x_wconf 89' lang='lat' dir='ltr'><strong><em>que</em></strong></span> <span class='ocrx_word' id='word_1_267' title='bbox 1281 4093 1346 4136; x_wconf 92' lang='lat' dir='ltr'><strong><em>non</em></strong></span> <span class='ocrx_word' id='word_1_268' title='bbox 1370 4071 1475 4136; x_wconf 90' lang='lat' dir='ltr'><strong><em>solum</em></strong></span> <span class='ocrx_word' id='word_1_269' title='bbox 1498 4073 1717 4139; x_wconf 85' lang='lat' dir='ltr'><strong><em>referentibus</em></strong></span> <span class='ocrx_word' id='word_1_270' title='bbox 1741 4080 1794 4140; x_wconf 92' lang='lat' dir='ltr'><strong><em>aet</em></strong></span> <span class='ocrx_word' id='word_1_271' title='bbox 1821 4075 1918 4140; x_wconf 89' lang='lat' dir='ltr'><strong><em>etiam</em></strong></span> <span class='ocrx_word' id='word_1_272' title='bbox 1942 4075 2071 4162; x_wconf 90' lang='lat' dir='ltr'><strong><em>stupori</em></strong></span> 
     </span>
     <span class='ocr_line' id='line_1_31' title="bbox 413 4174 2070 4263; baseline 0.002 -24"><span class='ocrx_word' id='word_1_273' title='bbox 413 4182 488 4240; x_wconf 91' lang='lat' dir='ltr'><strong><em>sunt</em></strong></span> <span class='ocrx_word' id='word_1_274' title='bbox 510 4175 719 4241; x_wconf 88' lang='lat' dir='ltr'><strong><em>audientibus</em></strong></span> <span class='ocrx_word' id='word_1_275' title='bbox 742 4183 776 4240; x_wconf 89' lang='lat' dir='ltr'><strong><em>et</em></strong></span> <span class='ocrx_word' id='word_1_276' title='bbox 799 4175 916 4256; x_wconf 91' lang='lat' dir='ltr'><strong><em>orrori,</em></strong></span> <span class='ocrx_word' id='word_1_277' title='bbox 950 4195 1027 4256; x_wconf 91' lang='lat' dir='ltr'><strong><em>nos,</em></strong></span> <span class='ocrx_word' id='word_1_278' title='bbox 1059 4174 1270 4240; x_wconf 89' lang='lat' dir='ltr'><strong><em>attendentes</em></strong></span> <span class='ocrx_word' id='word_1_279' title='bbox 1301 4174 1388 4260; x_wconf 92' lang='lat' dir='ltr'><strong><em>quod</em></strong></span> <span class='ocrx_word' id='word_1_280' title='bbox 1416 4181 1482 4240; x_wconf 90' lang='lat' dir='ltr'><strong><em>tam</em></strong></span> <span class='ocrx_word' id='word_1_281' title='bbox 1514 4176 1696 4263; x_wconf 87' lang='lat' dir='ltr'><strong><em>nephandis</em></strong></span> <span class='ocrx_word' id='word_1_282' title='bbox 1718 4178 1820 4242; x_wconf 88' lang='lat' dir='ltr'><strong><em>initiis</em></strong></span> <span class='ocrx_word' id='word_1_283' title='bbox 1843 4178 1970 4263; x_wconf 90' lang='lat' dir='ltr'><strong><em>potenti</em></strong></span> <span class='ocrx_word' id='word_1_284' title='bbox 1997 4185 2070 4243; x_wconf 91' lang='lat' dir='ltr'><strong><em>erat</em></strong></span> 
     </span>
     <span class='ocr_line' id='line_1_32' title="bbox 412 4276 2067 4360; baseline 0.002 -18"><span class='ocrx_word' id='word_1_285' title='bbox 412 4276 552 4343; x_wconf 88' lang='lat' dir='ltr'><strong><em>dextera</em></strong></span> <span class='ocrx_word' id='word_1_286' title='bbox 574 4278 727 4345; x_wconf 87' lang='lat' dir='ltr'><strong><em>celeriter</em></strong></span> <span class='ocrx_word' id='word_1_287' title='bbox 745 4276 959 4360; x_wconf 88' lang='lat' dir='ltr'><strong><em>obviandum,</em></strong></span> <span class='ocrx_word' id='word_1_288' title='bbox 987 4277 1081 4342; x_wconf 91' lang='lat' dir='ltr'><strong><em>vobis</em></strong></span> <span class='ocrx_word' id='word_1_289' title='bbox 1104 4276 1254 4344; x_wconf 81' lang='lat' dir='ltr'><strong><em>dedimus</em></strong></span> <span class='ocrx_word' id='word_1_290' title='bbox 1277 4278 1398 4342; x_wconf 91' lang='lat' dir='ltr'><strong><em>nostris</em></strong></span> <span class='ocrx_word' id='word_1_291' title='bbox 1422 4278 1540 4344; x_wconf 89' lang='lat' dir='ltr'><strong><em>litteris</em></strong></span> <span class='ocrx_word' id='word_1_292' title='bbox 1563 4280 1596 4343; x_wconf 95' lang='lat' dir='ltr'><strong><em>in</em></strong></span> <span class='ocrx_word' id='word_1_293' title='bbox 1619 4280 1780 4344; x_wconf 88' lang='lat' dir='ltr'><strong><em>mandatis</em></strong></span> <span class='ocrx_word' id='word_1_294' title='bbox 1802 4301 1841 4345; x_wconf 92' lang='lat' dir='ltr'><strong><em>ac</em></strong></span> <span class='ocrx_word' id='word_1_295' title='bbox 1864 4282 1898 4345; x_wconf 92' lang='lat' dir='ltr'><strong><em>in</em></strong></span> <span class='ocrx_word' id='word_1_296' title='bbox 1919 4283 2067 4346; x_wconf 88' lang='lat' dir='ltr'><strong><em>remissi-</em></strong></span> 
     </span>
     <span class='ocr_line' id='line_1_33' title="bbox 412 4381 2068 4468; baseline 0.003 -23"><span class='ocrx_word' id='word_1_297' title='bbox 412 4400 509 4446; x_wconf 88' lang='lat' dir='ltr'><strong><em>onem</em></strong></span> <span class='ocrx_word' id='word_1_298' title='bbox 532 4381 732 4446; x_wconf 86' lang='lat' dir='ltr'><strong><em>iniunximus</em></strong></span> <span class='ocrx_word' id='word_1_299' title='bbox 755 4386 976 4467; x_wconf 89' lang='lat' dir='ltr'><strong><em>peccatorum,</em></strong></span> <span class='ocrx_word' id='word_1_300' title='bbox 998 4387 1035 4445; x_wconf 93' lang='lat' dir='ltr'><strong><em>ut</em></strong></span> <span class='ocrx_word' id='word_1_301' title='bbox 1057 4387 1225 4467; x_wconf 89' lang='lat' dir='ltr'><strong><em>assumpto</em></strong></span> <span class='ocrx_word' id='word_1_302' title='bbox 1249 4387 1361 4447; x_wconf 87' lang='lat' dir='ltr'><strong><em>sancte</em></strong></span> <span class='ocrx_word' id='word_1_303' title='bbox 1377 4382 1611 4468; x_wconf 91' lang='lat' dir='ltr'><strong><em>predicationis</em></strong></span> <span class='ocrx_word' id='word_1_304' title='bbox 1628 4383 1735 4448; x_wconf 85' lang='lat' dir='ltr'><strong><em>officio</em></strong></span> <span class='ocrx_word' id='word_1_305' title='bbox 1751 4383 1874 4449; x_wconf 79' lang='lat' dir='ltr'><strong><em>Christi</em></strong></span> <span class='ocrx_word' id='word_1_306' title='bbox 1895 4385 2010 4452; x_wconf 89' lang='lat' dir='ltr'><strong><em>fideles</em></strong></span> <span class='ocrx_word' id='word_1_307' title='bbox 2033 4387 2068 4450; x_wconf 92' lang='lat' dir='ltr'><strong><em>in</em></strong></span> 
     </span>
     <span class='ocr_line' id='line_1_34' title="bbox 410 4481 2068 4572; baseline 0.004 -24"><span class='ocrx_word' id='word_1_308' title='bbox 410 4481 679 4567; x_wconf 89' lang='lat' dir='ltr'><strong><em>Padeburnensi,</em></strong></span> <span class='ocrx_word' id='word_1_309' title='bbox 714 4484 980 4566; x_wconf 89' lang='lat' dir='ltr'><strong><em>Hildesemensi,</em></strong></span> <span class='ocrx_word' id='word_1_310' title='bbox 1016 4483 1196 4565; x_wconf 88' lang='lat' dir='ltr'><strong><em>Verdensi,</em></strong></span> <span class='ocrx_word' id='word_1_311' title='bbox 1230 4483 1499 4566; x_wconf 85' lang='lat' dir='ltr'><strong><em>Monasteriensi,</em></strong></span> <span class='ocrx_word' id='word_1_312' title='bbox 1533 4484 1798 4572; x_wconf 89' lang='lat' dir='ltr'><strong><em>Osnaburgsnsi,</em></strong></span> <span class='ocrx_word' id='word_1_313' title='bbox 1832 4487 1998 4554; x_wconf 85' lang='lat' dir='ltr'><strong><em>Mindensi</em></strong></span> <span class='ocrx_word' id='word_1_314' title='bbox 2033 4495 2068 4556; x_wconf 90' lang='lat' dir='ltr'><strong><em>et</em></strong></span> 
     </span>
     <span class='ocr_line' id='line_1_35' title="bbox 410 4583 2068 4677; baseline 0.006 -29"><span class='ocrx_word' id='word_1_315' title='bbox 410 4583 585 4652; x_wconf 90' lang='lat' dir='ltr'><strong><em>Bremensi</em></strong></span> <span class='ocrx_word' id='word_1_316' title='bbox 607 4586 796 4654; x_wconf 86' lang='lat' dir='ltr'><strong><em>diocesibus</em></strong></span> <span class='ocrx_word' id='word_1_317' title='bbox 828 4590 1030 4654; x_wconf 67' lang='lat' dir='ltr'><strong><em>exsistentesa</em></strong></span> <span class='ocrx_word' id='word_1_318' title='bbox 1051 4586 1093 4652; x_wconf 91' lang='lat' dir='ltr'><strong><em>ad</em></strong></span> <span class='ocrx_word' id='word_1_319' title='bbox 1120 4588 1208 4652; x_wconf 90' lang='lat' dir='ltr'><strong><em>illius</em></strong></span> <span class='ocrx_word' id='word_1_320' title='bbox 1239 4588 1470 4654; x_wconf 83' lang='lat' dir='ltr'><strong><em>exterminium</em></strong></span> <span class='ocrx_word' id='word_1_321' title='bbox 1499 4589 1638 4676; x_wconf 90' lang='lat' dir='ltr'><strong><em>reprobe</em></strong></span> <span class='ocrx_word' id='word_1_322' title='bbox 1669 4591 1812 4657; x_wconf 90' lang='lat' dir='ltr'><strong><em>nationis</em></strong></span> <span class='ocrx_word' id='word_1_323' title='bbox 1834 4591 2010 4677; x_wconf 86' lang='lat' dir='ltr'><strong><em>diligenter</em></strong></span> <span class='ocrx_word' id='word_1_324' title='bbox 2032 4599 2068 4658; x_wconf 87' lang='lat' dir='ltr'><strong><em>et</em></strong></span> 
     </span>
     <span class='ocr_line' id='line_1_36' title="bbox 411 4687 2066 4782; baseline 0.003 -28"><span class='ocrx_word' id='word_1_325' title='bbox 411 4687 591 4756; x_wconf 85' lang='lat' dir='ltr'><strong><em>efficaciter</em></strong></span> <span class='ocrx_word' id='word_1_326' title='bbox 613 4691 769 4758; x_wconf 87' lang='lat' dir='ltr'><strong><em>inducere</em></strong></span> <span class='ocrx_word' id='word_1_327' title='bbox 793 4691 987 4774; x_wconf 88' lang='lat' dir='ltr'><strong><em>studeretis,</em></strong></span> <span class='ocrx_word' id='word_1_328' title='bbox 1020 4711 1180 4757; x_wconf 90' lang='lat' dir='ltr'><strong><em>concessa</em></strong></span> <span class='ocrx_word' id='word_1_329' title='bbox 1210 4691 1291 4777; x_wconf 92' lang='lat' dir='ltr'><strong><em>ipsis</em></strong></span> <span class='ocrx_word' id='word_1_330' title='bbox 1318 4691 1471 4758; x_wconf 91' lang='lat' dir='ltr'><strong><em>fidelibus</em></strong></span> <span class='ocrx_word' id='word_1_331' title='bbox 1503 4693 1724 4779; x_wconf 86' lang='lat' dir='ltr'><strong><em>indulgentia,</em></strong></span> <span class='ocrx_word' id='word_1_332' title='bbox 1755 4716 1852 4782; x_wconf 89' lang='lat' dir='ltr'><strong><em>quam</em></strong></span> <span class='ocrx_word' id='word_1_333' title='bbox 1884 4695 1917 4759; x_wconf 92' lang='lat' dir='ltr'><strong><em>in</em></strong></span> <span class='ocrx_word' id='word_1_334' title='bbox 1940 4694 2066 4762; x_wconf 89' lang='lat' dir='ltr'><strong><em>eisdem</em></strong></span> 
     </span>
     <span class='ocr_line' id='line_1_37' title="bbox 409 4790 2066 4885; baseline 0.005 -30"><span class='ocrx_word' id='word_1_335' title='bbox 409 4790 528 4858; x_wconf 90' lang='lat' dir='ltr'><strong><em>litteris</em></strong></span> <span class='ocrx_word' id='word_1_336' title='bbox 544 4795 664 4861; x_wconf 88' lang='lat' dir='ltr'><strong><em>nostris</em></strong></span> <span class='ocrx_word' id='word_1_337' title='bbox 683 4794 837 4861; x_wconf 87' lang='lat' dir='ltr'><strong><em>duximus</em></strong></span> <span class='ocrx_word' id='word_1_338' title='bbox 855 4794 1114 4883; x_wconf 88' lang='lat' dir='ltr'><strong><em>exprimendam.</em></strong></span> <span class='ocrx_word' id='word_1_339' title='bbox 1159 4794 1297 4860; x_wconf 89' lang='lat' dir='ltr'><strong><em>Litteris</em></strong></span> <span class='ocrx_word' id='word_1_340' title='bbox 1314 4802 1424 4861; x_wconf 89' lang='lat' dir='ltr'><strong><em>autem</em></strong></span> <span class='ocrx_word' id='word_1_341' title='bbox 1437 4797 1557 4862; x_wconf 91' lang='lat' dir='ltr'><strong><em>nostris</em></strong></span> <span class='ocrx_word' id='word_1_342' title='bbox 1574 4805 1763 4864; x_wconf 80' lang='lat' dir='ltr'><strong><em>reverenter</em></strong></span> <span class='ocrx_word' id='word_1_343' title='bbox 1778 4800 1920 4885; x_wconf 87' lang='lat' dir='ltr'><strong><em>receptis</em></strong></span> <span class='ocrx_word' id='word_1_344' title='bbox 1935 4799 2066 4864; x_wconf 87' lang='lat' dir='ltr'><strong><em>ascitis-</em></strong></span> 
     </span>
     <span class='ocr_line' id='line_1_38' title="bbox 409 4895 2065 4986; baseline 0.005 -25"><span class='ocrx_word' id='word_1_345' title='bbox 409 4916 473 4981; x_wconf 90' lang='lat' dir='ltr'><strong><em>que</em></strong></span> <span class='ocrx_word' id='word_1_346' title='bbox 503 4895 597 4964; x_wconf 88' lang='lat' dir='ltr'><strong><em>vobis</em></strong></span> <span class='ocrx_word' id='word_1_347' title='bbox 620 4899 699 4964; x_wconf 84' lang='lat' dir='ltr'><strong><em>viria</em></strong></span> <span class='ocrx_word' id='word_1_348' title='bbox 729 4900 894 4986; x_wconf 87' lang='lat' dir='ltr'><strong><em>religiosis</em></strong></span> <span class='ocrx_word' id='word_1_349' title='bbox 923 4898 964 4964; x_wconf 88' lang='lat' dir='ltr'><strong><em>de</em></strong></span> <span class='ocrx_word' id='word_1_350' title='bbox 986 4898 1235 4964; x_wconf 88' lang='lat' dir='ltr'><strong><em>Predicatorum</em></strong></span> <span class='ocrx_word' id='word_1_351' title='bbox 1269 4899 1382 4964; x_wconf 88' lang='lat' dir='ltr'><strong><em>ordine</em></strong></span> <span class='ocrx_word' id='word_1_352' title='bbox 1415 4921 1477 4965; x_wconf 90' lang='lat' dir='ltr'><strong><em>nec</em></strong></span> <span class='ocrx_word' id='word_1_353' title='bbox 1505 4921 1570 4966; x_wconf 92' lang='lat' dir='ltr'><strong><em>non</em></strong></span> <span class='ocrx_word' id='word_1_354' title='bbox 1601 4909 1635 4968; x_wconf 92' lang='lat' dir='ltr'><strong><em>et</em></strong></span> <span class='ocrx_word' id='word_1_355' title='bbox 1667 4902 1795 4969; x_wconf 90' lang='lat' dir='ltr'><strong><em>clericis</em></strong></span> <span class='ocrx_word' id='word_1_356' title='bbox 1818 4923 1856 4967; x_wconf 90' lang='lat' dir='ltr'><strong><em>ac</em></strong></span> <span class='ocrx_word' id='word_1_357' title='bbox 1884 4903 1977 4968; x_wconf 90' lang='lat' dir='ltr'><strong><em>laicis</em></strong></span> <span class='ocrx_word' id='word_1_358' title='bbox 1999 4903 2065 4970; x_wconf 88' lang='lat' dir='ltr'><strong><em>fide</em></strong></span> 
     </span>
     <span class='ocr_line' id='line_1_39' title="bbox 409 4999 2064 5092; baseline 0.005 -29"><span class='ocrx_word' id='word_1_359' title='bbox 409 4999 528 5088; x_wconf 90' lang='lat' dir='ltr'><strong><em>dignis,</em></strong></span> <span class='ocrx_word' id='word_1_360' title='bbox 552 5002 593 5068; x_wconf 91' lang='lat' dir='ltr'><strong><em>ad</em></strong></span> <span class='ocrx_word' id='word_1_361' title='bbox 616 5004 882 5090; x_wconf 87' lang='lat' dir='ltr'><strong><em>prosecutionem</em></strong></span> <span class='ocrx_word' id='word_1_362' title='bbox 898 5003 1065 5068; x_wconf 91' lang='lat' dir='ltr'><strong><em>commissi</em></strong></span> <span class='ocrx_word' id='word_1_363' title='bbox 1079 5002 1174 5068; x_wconf 83' lang='lat' dir='ltr'><strong><em>vobis</em></strong></span> <span class='ocrx_word' id='word_1_364' title='bbox 1198 5003 1324 5089; x_wconf 88' lang='lat' dir='ltr'><strong><em>negotii</em></strong></span> <span class='ocrx_word' id='word_1_365' title='bbox 1346 5002 1423 5067; x_wconf 91' lang='lat' dir='ltr'><strong><em>totis</em></strong></span> <span class='ocrx_word' id='word_1_366' title='bbox 1438 5003 1563 5069; x_wconf 85' lang='lat' dir='ltr'><strong><em>viribus</em></strong></span> <span class='ocrx_word' id='word_1_367' title='bbox 1582 5005 1770 5072; x_wconf 88' lang='lat' dir='ltr'><strong><em>laborantes</em></strong></span> <span class='ocrx_word' id='word_1_368' title='bbox 1788 5005 1904 5072; x_wconf 88' lang='lat' dir='ltr'><strong><em>fideles</em></strong></span> <span class='ocrx_word' id='word_1_369' title='bbox 1928 5006 2064 5092; x_wconf 89' lang='lat' dir='ltr'><strong><em>eosdem</em></strong></span> 
     </span>
     <span class='ocr_line' id='line_1_40' title="bbox 409 5105 2065 5193; baseline 0.003 -23"><span class='ocrx_word' id='word_1_370' title='bbox 409 5105 534 5171; x_wconf 86' lang='lat' dir='ltr'><strong><em>crebris</em></strong></span> <span class='ocrx_word' id='word_1_371' title='bbox 557 5106 792 5172; x_wconf 91' lang='lat' dir='ltr'><strong><em>monitionibus</em></strong></span> <span class='ocrx_word' id='word_1_372' title='bbox 815 5127 853 5170; x_wconf 90' lang='lat' dir='ltr'><strong><em>ac</em></strong></span> <span class='ocrx_word' id='word_1_373' title='bbox 877 5105 1030 5170; x_wconf 88' lang='lat' dir='ltr'><strong><em>illectivis</em></strong></span> <span class='ocrx_word' id='word_1_374' title='bbox 1053 5105 1199 5193; x_wconf 87' lang='lat' dir='ltr'><strong><em>premiis,</em></strong></span> <span class='ocrx_word' id='word_1_375' title='bbox 1221 5105 1435 5190; x_wconf 90' lang='lat' dir='ltr'><strong><em>indulgentiis</em></strong></span> <span class='ocrx_word' id='word_1_376' title='bbox 1459 5107 1589 5172; x_wconf 89' lang='lat' dir='ltr'><strong><em>scilicet</em></strong></span> <span class='ocrx_word' id='word_1_377' title='bbox 1611 5111 1925 5192; x_wconf 82' lang='lat' dir='ltr'><strong><em>commissionibus,</em></strong></span> <span class='ocrx_word' id='word_1_378' title='bbox 1950 5117 2065 5176; x_wconf 88' lang='lat' dir='ltr'><strong><em>contra</em></strong></span> 
     </span>
     <span class='ocr_line' id='line_1_41' title="bbox 406 5208 2062 5299; baseline 0.005 -27"><span class='ocrx_word' id='word_1_379' title='bbox 406 5208 497 5294; x_wconf 86' lang='lat' dir='ltr'><strong><em>ipsos</em></strong></span> <span class='ocrx_word' id='word_1_380' title='bbox 521 5209 679 5296; x_wconf 91' lang='lat' dir='ltr'><strong><em>reprobos</em></strong></span> <span class='ocrx_word' id='word_1_381' title='bbox 704 5208 845 5274; x_wconf 90' lang='lat' dir='ltr'><strong><em>sollicite</em></strong></span> <span class='ocrx_word' id='word_1_382' title='bbox 868 5208 1063 5286; x_wconf 90' lang='lat' dir='ltr'><strong><em>induxistis;</em></strong></span> <span class='ocrx_word' id='word_1_383' title='bbox 1086 5215 1120 5275; x_wconf 92' lang='lat' dir='ltr'><strong><em>et</em></strong></span> <span class='ocrx_word' id='word_1_384' title='bbox 1143 5230 1217 5274; x_wconf 93' lang='lat' dir='ltr'><strong><em>cum</em></strong></span> <span class='ocrx_word' id='word_1_385' title='bbox 1240 5209 1306 5274; x_wconf 90' lang='lat' dir='ltr'><strong><em>iam</em></strong></span> <span class='ocrx_word' id='word_1_386' title='bbox 1329 5230 1388 5296; x_wconf 91' lang='lat' dir='ltr'><strong><em>per</em></strong></span> <span class='ocrx_word' id='word_1_387' title='bbox 1401 5208 1467 5275; x_wconf 90' lang='lat' dir='ltr'><strong><em>Dei</em></strong></span> <span class='ocrx_word' id='word_1_388' title='bbox 1488 5211 1636 5296; x_wconf 88' lang='lat' dir='ltr'><strong><em>gratiam,</em></strong></span> <span class='ocrx_word' id='word_1_389' title='bbox 1660 5212 1904 5299; x_wconf 89' lang='lat' dir='ltr'><strong><em>predicatorum</em></strong></span> <span class='ocrx_word' id='word_1_390' title='bbox 1925 5214 2062 5280; x_wconf 83' lang='lat' dir='ltr'><strong><em>vocibus</em></strong></span> 
     </span>
     <span class='ocr_line' id='line_1_42' title="bbox 408 5310 2064 5401; baseline 0.004 -25"><span class='ocrx_word' id='word_1_391' title='bbox 408 5317 523 5376; x_wconf 91' lang='lat' dir='ltr'><strong><em>contra</em></strong></span> <span class='ocrx_word' id='word_1_392' title='bbox 544 5312 689 5399; x_wconf 91' lang='lat' dir='ltr'><strong><em>ipsorum</em></strong></span> <span class='ocrx_word' id='word_1_393' title='bbox 712 5310 883 5396; x_wconf 89' lang='lat' dir='ltr'><strong><em>perfidiam</em></strong></span> <span class='ocrx_word' id='word_1_394' title='bbox 905 5312 1144 5390; x_wconf 83' lang='lat' dir='ltr'><strong><em>intonantibus,</em></strong></span> <span class='ocrx_word' id='word_1_395' title='bbox 1174 5313 1323 5378; x_wconf 93' lang='lat' dir='ltr'><strong><em>nonnulli</em></strong></span> <span class='ocrx_word' id='word_1_396' title='bbox 1343 5313 1502 5392; x_wconf 84' lang='lat' dir='ltr'><strong><em>¹divinitus</em></strong></span> <span class='ocrx_word' id='word_1_397' title='bbox 1524 5314 1675 5401; x_wconf 91' lang='lat' dir='ltr'><strong><em>inspirati</em></strong></span> <span class='ocrx_word' id='word_1_398' title='bbox 1697 5316 1858 5383; x_wconf 89' lang='lat' dir='ltr'><strong><em>catholice</em></strong></span> <span class='ocrx_word' id='word_1_399' title='bbox 1888 5315 1965 5382; x_wconf 91' lang='lat' dir='ltr'><strong><em>fidei</em></strong></span> <span class='ocrx_word' id='word_1_400' title='bbox 1995 5323 2064 5382; x_wconf 91' lang='lat' dir='ltr'><strong><em>tam</em></strong></span> 
     </span>
     <span class='ocr_line' id='line_1_43' title="bbox 405 5413 2063 5504; baseline 0.003 -24"><span class='ocrx_word' id='word_1_401' title='bbox 405 5421 561 5502; x_wconf 91' lang='lat' dir='ltr'><strong><em>potenter</em></strong></span> <span class='ocrx_word' id='word_1_402' title='bbox 590 5420 624 5478; x_wconf 87' lang='lat' dir='ltr'><strong><em>et</em></strong></span> <span class='ocrx_word' id='word_1_403' title='bbox 644 5413 784 5479; x_wconf 88' lang='lat' dir='ltr'><strong><em>viriliter</em></strong></span> <span class='ocrx_word' id='word_1_404' title='bbox 811 5416 1039 5500; x_wconf 89' lang='lat' dir='ltr'><strong><em>subvenirent,</em></strong></span> <span class='ocrx_word' id='word_1_405' title='bbox 1069 5417 1155 5504; x_wconf 92' lang='lat' dir='ltr'><strong><em>quod</em></strong></span> <span class='ocrx_word' id='word_1_406' title='bbox 1185 5417 1301 5483; x_wconf 85' lang='lat' dir='ltr'><strong><em>fimare</em></strong></span> <span class='ocrx_word' id='word_1_407' title='bbox 1328 5438 1368 5482; x_wconf 89' lang='lat' dir='ltr'><strong><em>ac</em></strong></span> <span class='ocrx_word' id='word_1_408' title='bbox 1397 5425 1539 5483; x_wconf 88' lang='lat' dir='ltr'><strong><em>tremore</em></strong></span> <span class='ocrx_word' id='word_1_409' title='bbox 1562 5421 1714 5485; x_wconf 87' lang='lat' dir='ltr'><strong><em>concussi</em></strong></span> <span class='ocrx_word' id='word_1_410' title='bbox 1743 5420 1824 5486; x_wconf 91' lang='lat' dir='ltr'><strong><em>locis</em></strong></span> <span class='ocrx_word' id='word_1_411' title='bbox 1848 5421 1916 5486; x_wconf 91' lang='lat' dir='ltr'><strong><em>suis</em></strong></span> <span class='ocrx_word' id='word_1_412' title='bbox 1938 5422 2063 5487; x_wconf 85' lang='lat' dir='ltr'><strong><em>relictis</em></strong></span> 
     </span>
    </p>
   </div>
   <div class='ocr_carea' id='block_1_13' title="bbox 511 5707 772 5776">
    <p class='ocr_par' dir='ltr' id='par_1_13' title="bbox 511 5707 772 5776">
     <span class='ocr_line' id='line_1_44' title="bbox 511 5707 772 5776; baseline 0.004 -14"><span class='ocrx_word' id='word_1_413' title='bbox 511 5707 534 5776; x_wconf 82' lang='lat'><strong><em>⁸)</em></strong></span> <span class='ocrx_word' id='word_1_414' title='bbox 552 5707 772 5764; x_wconf 79' lang='lat' dir='ltr'><strong><em>existamibna‘ll.</em></strong></span> 
     </span>
    </p>
   </div>
   <div class='ocr_carea' id='block_1_14' title="bbox 2131 2313 2159 2352">
    <p class='ocr_par' dir='ltr' id='par_1_14' title="bbox 2131 2313 2159 2352">
     <span class='ocr_line' id='line_1_45' title="bbox 2131 2313 2159 2352; baseline 0 0"><span class='ocrx_word' id='word_1_415' title='bbox 2131 2313 2159 2352; x_wconf 81' lang='lat'><strong><em>10</em></strong></span> 
     </span>
    </p>
   </div>
   <div class='ocr_carea' id='block_1_15' title="bbox 2126 3485 2155 3526">
    <p class='ocr_par' dir='ltr' id='par_1_15' title="bbox 2126 3485 2155 3526">
     <span class='ocr_line' id='line_1_46' title="bbox 2126 3485 2155 3526; baseline 0 0"><span class='ocrx_word' id='word_1_416' title='bbox 2126 3485 2155 3526; x_wconf 69' lang='lat'><strong><em>2⁰</em></strong></span> 
     </span>
    </p>
   </div>
   <div class='ocr_carea' id='block_1_16' title="bbox 0 0 2292 6390">
    <p class='ocr_par' dir='ltr' id='par_1_16' title="bbox 0 0 2292 6390">
     <span class='ocr_line' id='line_1_47' title="bbox 0 0 2292 6390; baseline 0 5"><span class='ocrx_word' id='word_1_417' title='bbox 0 0 2292 6390; x_wconf 95' lang='lat' dir='ltr'><strong><em> </em></strong></span> 
     </span>
    </p>
   </div>
  </div>
 </body>
</html>
