4604 6420
424 376 487 437 402
1009 368 1057 422 EX
1076 366 1251 422 GREGORII
1269 367 1308 421 IX
1326 367 1507 422 REGISTRO

424 544 621 625 contionem,
645 565 821 630 campanas
845 542 887 608 ad
908 561 1064 626 orengam
1087 540 1223 621 habere,
1246 561 1403 606 exercere
1426 541 1640 626 temporalem
1663 535 2080 617 iurisdictionem,ibidem

423 647 653 735 possessiones
676 645 834 733 quasdam
858 647 890 711 in
914 652 1021 712 castro
1052 651 1085 710 et
1113 650 1206 710 extra
1227 643 1269 709 ad
1291 644 1526 709 monasterium
1555 643 1663 730 ipsum
1687 647 1874 730 spectantes
1897 640 2078 706 communi-

423 751 502 816 tatis
534 751 665 816 nomine
699 770 878 836 occupare,
910 755 944 814 et
976 749 1010 812 in
1043 747 1136 833 aquis
1172 753 1205 814 et
1234 747 1400 812 territorio
1434 747 1623 813 monasterii
1655 752 1847 812 construere
1879 743 2077 810 molendina.

423 852 520 920 Unde
549 874 610 919 nos
638 852 819 919 venerabili
847 851 941 916 fratri
970 857 1082 916 nostro
1114 851 1350 916 ..Parmensi
1381 850 1560 937 episcopc¹
1589 849 1739 916 dedimus
1769 849 1803 913 in
1832 848 2011 930 mandatis,
2042 854 2080 912 ut

423 957 550 1024 eisdem
572 957 758 1022 bominibus
781 955 979 1042 iniungeret,
1002 953 1089 1041 quod
1111 975 1210 1041 snper
1228 954 1399 1042 premissis
1422 974 1525 1041 usque
1548 953 1589 1019 ad
1613 959 1746 1019 octavas
1763 953 1869 1018 sancti
1883 953 2077 1018 Michaelis²
2142 969 2154 1006 ⁵

423 1061 573 1147 proximo
601 1059 792 1147 preteritas,
822 1078 903 1144 quas
930 1058 1061 1144 utrique
1091 1058 1177 1146 parti
1204 1077 1263 1145 pro
1292 1058 1515 1145 peremptorio
1545 1057 1685 1122 termino
1712 1056 1971 1141 assignavimus,
2005 1077 2079 1122 eum

423 1160 573 1228 omnibus
607 1161 789 1228 rationibus
827 1161 896 1226 suis
928 1167 1156 1249 comparerent
1187 1182 1247 1248 per
1279 1167 1508 1247 procuratores
1542 1159 1679 1226 idoneos
1711 1181 1820 1226 coram
1849 1159 1955 1225 nobis.
2006 1158 2079 1233 Quo

429 1264 619 1331 mandatum
646 1271 794 1331 nostrum
820 1263 962 1331 fideliter
991 1270 1192 1350 exequente,
1221 1269 1256 1330 et
1284 1263 1372 1330 dicto
1401 1264 1522 1331 abbate
1553 1285 1613 1352 per
1642 1285 1678 1329 se
1708 1285 1747 1329 ac
1775 1268 1939 1329 conventu
1960 1261 2080 1350 prefati

424 1368 614 1434 monasterii
636 1389 697 1455 per
726 1374 970 1454 procuratorem
1002 1368 1199 1454 legittimum
1226 1369 1492 1453 comparentibus
1525 1388 1634 1433 coram
1663 1367 1784 1432 dilecto
1813 1367 1880 1431 filio
1908 1373 2020 1432 nostro
2044 1366 2078 1432 S.

424 1472 512 1538 tituli
546 1470 659 1536 Sancti
691 1469 860 1535 Laurentii
893 1470 927 1534 in
960 1469 1088 1536 Lucina
1120 1470 1314 1556 presbytero
1349 1470 1524 1551 cardinali,
1564 1492 1661 1557 quem
1696 1491 1794 1556 super
1829 1470 1892 1535 hoc
1926 1467 2078 1535 dedimus
2133 1493 2158 1530 ιο

422 1574 570 1663 partibus
600 1573 798 1655 auditorem,
826 1571 986 1638 Belmos.⁸
1015 1573 1101 1638 filius
1130 1572 1293 1638 Dominici
1323 1572 1466 1639 Sertoris
1495 1580 1529 1640 et
1553 1574 1719 1640 Iohannes
1746 1573 1859 1639 Bonus
1887 1572 1927 1638 de
1950 1572 2077 1652 Fciata,

423 1684 651 1764 comparentes
673 1697 733 1762 pro
756 1681 848 1763 parte
871 1676 976 1740 altera
998 1681 1033 1740 et
1054 1674 1245 1740 mandatum
1268 1677 1435 1742 sufficiens
1457 1699 1524 1742 non
1545 1677 1717 1757 habentes,
1740 1700 1777 1744 se
1799 1675 1841 1742 ad
1864 1677 2078 1762 exceptiones

422 1780 644 1846 frustratorias
668 1784 916 1858 converterunt;
943 1799 1023 1865 quas
1047 1778 1230 1844 cumidem
1255 1779 1428 1844 cardinalis
1452 1781 1537 1846 sicut
1558 1802 1620 1845 nec
1643 1779 1756 1846 debuit
1778 1800 1844 1844 non
1865 1777 1999 1844 duxerit
2021 1778 2078 1844 ad-

423 1882 618 1964 mittendas,
646 1882 711 1967 ipsi
739 1888 864 1948 temere
894 1882 1136 1963 discesserunt,
1168 1903 1234 1946 non
1262 1883 1398 1948 obtenta
1428 1885 1499 1950 eins
1530 1884 1664 1950 licentia
1693 1885 1746 1949 vel
1776 1884 1889 1971 petita.
1939 1884 2080 1970 Propter

422 1986 509 2073 quod
530 1985 678 2074 prefatus
701 1984 875 2052 cardinalis
899 1987 932 2051 in
955 1985 1089 2051 cosdem
1112 1985 1279 2066 homines,
1303 1987 1473 2068 consules,
1497 1987 1702 2053 consiliarios
1726 1994 1760 2053 et
1783 1987 1940 2053 officiales
1964 2007 2087 2050 eorum
2133 2009 2155 2045 rs
2268 1971 2270 1976 ’

423 2090 772 2156 excommunicationis
796 2090 994 2156 sententiam
1015 2089 1247 2176 promulgavit.
1293 2089 1455 2164 Quocirca
1479 2090 1682 2170 mandamus,
1706 2091 1858 2177 quatinus
1881 2090 2078 2156 sententiam

421 2193 528 2280 ipsam
551 2194 592 2258 ab
615 2192 733 2259 eodem
749 2191 907 2258 cardinali
924 2193 1164 2258 rationabiliter
1178 2195 1417 2280 promulgatam
1434 2216 1536 2281 usque
1562 2193 1603 2260 ad
1626 2195 1884 2260 satisfactionem
1901 2214 2078 2279 congruam

421 2297 598 2383 publicetis
638 2296 776 2382 singulis
813 2294 930 2362 diebus
967 2297 1139 2362 dominicis
1178 2303 1212 2361 et
1244 2297 1390 2378 festivis,
1428 2304 1463 2363 et
1499 2298 1628 2364 faciatis
1666 2319 1738 2365 eam
1778 2319 1837 2384 per
1869 2297 2078 2362 Brixiensem

423 2398 590 2464 civitatem
613 2405 646 2465 et
669 2399 828 2466 diocesim
851 2402 1024 2489 publicari.

531 2517 609 2594 Dat.
629 2517 790 2606 Anagnia,
814 2522 915 2588 XVII
936 2522 1012 2590 Kal.
1035 2521 1166 2588 Ianuar.
1188 2543 1275 2588 anno
1298 2529 1404 2589 sexto.
2129 2538 2156 2577 ²⁰

1214 2941 1301 3016 500.

467 3115 474 3132 r
529 3045 720 3159 Grapcrias
741 3077 797 3144 IX
813 3099 902 3159 papo
928 3079 1107 3145 masatitias
1129 3085 1158 3145 et
1179 3083 1294 3164 populo
1318 3083 1538 3147 Tarracinensi
1559 3087 1666 3148 notum
1683 3083 1776 3168 facit,
1804 3104 1836 3149 sc
1858 3083 1970 3161 domos,
1997 3101 2077 3165 quas

421 3176 459 3238 ia
480 3181 581 3242 monte
596 3179 721 3259 Spineti
742 3182 878 3263 aliisque
892 3183 967 3249 loeis
988 3187 1080 3249 caira
1094 3205 1200 3250 micros
1215 3187 1351 3251 civitatis
1373 3207 1449 3251 suae
1465 3186 1590 3272 facturi
1611 3186 1685 3265 siat,
1712 3186 1748 3250 irc
1769 3187 1911 3251 ccclesiae
1933 3185 2077 3252 menenio

421 3279 603 3360 retinendas
623 3282 761 3350 duxisse.
1746 3292 1839 3368 1233,
1862 3289 1936 3354 Ion.
1958 3293 1990 3353 4.

526 3398 609 3470 Grec.
627 3401 678 3456 IX
693 3402 764 3476 Rep.
787 3405 845 3488 Vol.
862 3406 926 3473 ΙΙΙ,
943 3408 995 3475 63;
1013 3406 1074 3463 Lib.
1101 3407 1147 3473 VI,
1165 3412 1230 3464 220.

525 3487 662 3559 Pottbost,
681 3490 750 3558 Ray.
769 3493 853 3546 9065.
1210 3533 1211 3536 η

800 3668 1079 3747 Consulibus
1106 3679 1149 3748 et
1175 3677 1343 3768 populo
1371 3673 1703 3751 Tarracinensi.

531 3813 629 3882 Fidei
650 3823 760 3884 vestre
783 3821 1000 3885 constantiam
1023 3828 1057 3887 et
1079 3823 1242 3890 fervorem
1265 3825 1456 3911 frequenter
1479 3826 1625 3913 experti,
1654 3825 1696 3890 ad
1719 3823 1942 3891 exaudiendas
1965 3823 2076 3911 petiti-

421 3938 502 3984 ones
519 3925 658 4002 vestras,
681 3922 716 3986 in
738 3921 801 3987 hiis
823 3923 998 4008 presertim
1013 3947 1076 4011 que
1097 3925 1137 3991 ad
1159 3927 1316 3993 honorem
1338 3935 1372 3994 et
1392 3929 1567 3999 utilitatem
1589 3929 1730 3995 ecclesie
1746 3928 1895 3995 Romane
1910 3927 2075 4014 pertinere

421 4029 618 4103 noscuntur,
649 4027 896 4092 essevolumus
927 4035 961 4094 ct
991 4028 1150 4096 debemus
1181 4031 1378 4098 favorabiles
1408 4041 1443 4098 st
1472 4033 1618 4120 benigni.
1662 4032 1792 4099 Vestris
1815 4032 1926 4118 itaque
1949 4032 2075 4119 suppli-

421 4125 605 4191 cationibus
627 4126 774 4194 inclinati
804 4131 1039 4215 habitationes,
1067 4156 1148 4220 quas
1176 4135 1210 4198 in
1239 4143 1350 4201 monte
1379 4138 1433 4223 qni
1462 4144 1597 4203 vocatur
1621 4137 1794 4223 Spinetum
1823 4135 1961 4220 aliisque
1991 4135 2074 4201 loeis
2129 4155 2156 4193 κο

423 4234 650 4295 extramuros
673 4230 816 4297 civitatis
839 4240 948 4301 vestre
971 4237 1154 4324 proponitis
1177 4259 1235 4303 vos
1258 4239 1418 4320 facturos,
1449 4247 1482 4306 et
1511 4261 1671 4327 personas
1701 4239 1907 4304 habitaturas
1937 4239 1970 4304 in
1993 4239 2074 4326 ipsis

420 4332 454 4397 in
476 4333 618 4399 ecclesie
635 4335 781 4402 Romane
802 4335 1010 4404 demaniumb
1029 4341 1182 4406 duximus
1199 4343 1399 4425 retinendas,
1415 4345 1461 4409 ita
1477 4342 1608 4430 quidem
1624 4343 1711 4427 quod
1727 4364 1825 4432 super
1840 4341 2075 4430 temporalibus

420 4435 544 4502 nemini
567 4438 698 4523 penitus
721 4445 895 4508 teneantur
917 4443 981 4509 nisi
1003 4444 1152 4511 Romano
1176 4446 1322 4531 pontifici
1347 4445 1558 4534 respondere.

528 4555 602 4621 Dat.
625 4557 788 4645 Anagnia,
811 4561 846 4628 H
867 4563 952 4630 Non.
975 4565 1107 4631 Ianuar.
1130 4586 1215 4632 anno
1238 4574 1346 4634 sento.

1041 4784 1128 4792 ——.·
1131 4785 1451 4794 mm...—

1199 4982 1286 5056 501.

425 5099 429 5102 ’
525 5086 718 5198 Greporias
739 5116 796 5182 IX
809 5138 901 5200 papa
923 5119 1033 5186 iisdem
1054 5123 1198 5201 cecedit,
1220 5128 1255 5189 ai
1276 5144 1397 5191 roccam
1422 5124 1537 5190 Circeii
1558 5126 1751 5209 reedificant..
2128 5157 2154 5194 ss

523 5285 757 5354 erearxneq.
781 5287 1222 5361 vor.111,ca‚·ne.v1‚221‚
1747 5232 1839 5308 1233,
1861 5230 1934 5296 Ian.
1956 5236 1987 5298 4.

522 5369 658 5440 Portitor,
678 5372 748 5443 Ray.
767 5377 851 5430 9066.

523 5647 547 5716 ·)
565 5651 666 5702 aalma
685 5650 717 5702 a.
790 5649 815 5718 1ν)
832 5652 869 5702 ra
889 5653 921 5706 a.
1246 5654 1272 5725 1)
1293 5653 1421 5711 maiae.
1492 5656 1521 5728 a)
1540 5658 1598 5712 ccv.
1618 5661 1643 5712 c.
