4538 6426
766 366 966 424 EPISTOLAE
984 369 1174 426 SELMCTAE.
1211 373 1285 426 1217.
1817 382 1856 443 23

199 561 260 603 nos
284 547 394 604 tamen
418 563 459 606 ex
490 547 623 605 assueta
659 541 747 606 sedis
781 543 960 627 apostolice
995 545 1202 629 providentia
1235 547 1328 611 vobis
1365 547 1535 633 dirigimus
1578 550 1700 635 scripta
1733 558 1856 632 nostre,

198 643 448 708 universitatem
461 651 604 708 vestram
625 646 781 709 attentius
799 646 1021 726 exhortantes,
1045 648 1207 731 quatinus,
1233 671 1305 713 curn
1330 651 1484 714 membris
1509 654 1673 738 expediat,
1696 661 1732 718 ut
1754 655 1857 719 honor

200 746 317 831 capitia
341 767 406 809 non
429 748 588 828 vaccillet,
613 748 699 811 dieto
724 749 803 832 rogi,
828 750 912 813 sicut
935 751 1060 814 fecistis
1084 750 1254 830 haetenus,
1284 760 1437 839 potenter
1459 777 1498 818 ac
1521 757 1660 821 viriliter
1681 758 1853 837 assistatis,

199 871 273 913 cum
297 855 330 912 et
352 870 412 912 nos
437 850 499 936 ipsi
522 851 562 913 ad
587 852 821 916 exaltationem
846 853 1003 933 eiusdem,
1031 861 1184 938 quantum
1220 877 1293 919 cum
1316 856 1388 921 Deo
1412 880 1605 943 possumus,
1637 859 1856 924 intendamus.

310 952 386 1016 Det.
410 952 562 1018 Lateran.
586 955 617 1017 V
642 955 718 1018 Idus
742 955 875 1042 Aprilis,
899 957 1107 1043 pontificatus
1131 959 1234 1022 nostri
1257 980 1342 1023 anno
1366 962 1481 1047 primo.

821 1185 1232 1194 ’.ἐ-Ἥ

993 1479 1053 1552 ⁶28.

311 1588 498 1688 Honorias
521 1625 586 1688 ΙΙΙ
598 1646 687 1704 papa
709 1625 808 1689 nobili
829 1627 896 1689 circ
923 1627 1149 1708 Salinpncrrae
1179 1627 1216 1690 cle
1238 1627 1395 1691 Ferraria
1417 1630 1453 1692 in
1470 1629 1604 1713 fercdnrn
1625 1631 1760 1695 coaccedit
1782 1633 1857 1694 illas

198 1729 302 1788 terras
324 1725 360 1787 cle
379 1725 493 1804 porlcrc
509 1727 679 1791 comitissae
696 1727 877 1804 abaciacus,
900 1749 979 1808 picas
999 1730 1202 1793 Innocentius
1218 1730 1283 1793 III
1294 1752 1384 1810 papa
1406 1731 1435 1794 ci
1452 1738 1642 1796 concesserat
1663 1735 1696 1796 in
1716 1733 1856 1818 fcndnnr,

200 1850 260 1908 per
294 1829 442 1892 accillum
478 1829 559 1892 beati
582 1829 671 1893 Petri
692 1851 761 1893 enni
790 1831 994 1909 investiendo,
1027 1854 1063 1895 ea
1091 1831 1265 1896 conditione
1286 1837 1321 1895 nt
1348 1834 1410 1896 XL
1432 1854 1556 1899 marcas
1584 1839 1708 1918 arpenti
1733 1838 1857 1902 norrrine

199 1951 312 1995 ccnsns
333 1933 503 1995 annuatim
524 1933 661 1996 ersclcnt
682 1938 711 1994 et
737 1934 898 1999 Crnilitcs
919 1935 962 1997 ad
983 1936 1144 1998 servitiam
1166 1936 1307 1999 ecclcsr'ac
1323 1941 1487 2017 proneptes
1509 1937 1629 2002 lrabeat.

1469 2042 1563 2118 1217,
1585 2040 1694 2122 April.
1719 2047 1769 2106 17.

305 2119 377 2172 Hon.
396 2119 455 2172 III
470 2119 539 2188 Rea.
562 2120 618 2174 Vol.
637 2120 662 2184 I,
682 2123 734 2184 96;
753 2120 814 2172 Lib.
834 2121 859 2184 I,
879 2125 943 2174 387.

305 2205 442 2268 Pottlrast,
461 2205 531 2275 Rea.
552 2209 634 2260 5523.

251 2450 400 2522 Nobili
428 2451 527 2524 viro
554 2453 851 2544 Salinguerre
885 2452 938 2524 de
964 2451 1177 2524 Ferraria
1199 2453 1397 2526 salutem
1425 2461 1468 2527 et
1495 2455 1805 2547 apostolicam

838 2571 1220 2646 benedictionem.

288 2719 466 2784 Consuevit
488 2722 693 2806 providentia
716 2720 802 2785 sedis
831 2721 1010 2807 apostolice
1034 2740 1165 2783 manum
1190 2721 1418 2787 liberalitatisa
1441 2722 1619 2789 extendere
1643 2723 1685 2789 ad
1711 2723 1856 2802 devotos,

198 2831 236 2886 ut
260 2823 445 2888 devotiores
469 2826 590 2889 efficiat
613 2826 653 2889 dc
678 2825 804 2890 devotis
829 2824 925 2888 etad
950 2823 1071 2887 bonum
1087 2823 1270 2888 devotionis
1294 2827 1416 2890 alliciat
1438 2827 1619 2892 indevotos.
1663 2827 1856 2913 Eapropter,

198 2925 320 2991 dilecte
344 2928 376 2990 in
399 2926 539 2992 Domino
563 2929 607 2991 fili
633 2927 860 3012 Salinguerra,
891 2947 950 2990 nos
974 2926 1013 2991 de
1038 2927 1174 2990 fratrum
1197 2935 1382 2992 nostrorum
1407 2930 1543 2993 consilio
1567 2931 1672 2995 felicis
1696 2931 1853 2995 memorie

197 3028 383 3094 Innocentii
418 3031 661 3116 predecessoris
692 3033 795 3096 nostri
824 3032 973 3116 vestigiis
1000 3031 1205 3098 inherentes.
1240 3032 1272 3094 in
1301 3032 1433 3096 feudum
1457 3033 1516 3097 tibi
1547 3033 1755 3097 concedimns
1784 3033 1857 3096 illas

198 3139 305 3195 terras
338 3133 379 3197 do
413 3132 535 3220 podere
560 3135 725 3198 comitisse
749 3133 924 3213 Mattildis,
960 3154 1040 3218 quas
1064 3132 1150 3197 idem
1174 3133 1389 3219 predecessor
1412 3142 1524 3200 noster
1553 3135 1612 3198 tibi
1637 3137 1801 3201 concessit
1823 3137 1856 3200 in

122 3263 139 3298 e·
204 3235 349 3312 seudum,
369 3259 428 3322 per
442 3238 598 3302 vexillum
620 3239 707 3302 beati
724 3238 814 3301 Petri
830 3246 861 3301 te
878 3237 1083 3301 investiendo
1100 3236 1140 3300 de
1154 3237 1229 3302 illis.
1246 3237 1398 3302 videlicet
1415 3237 1623 3318 Medicinam,
1648 3237 1729 3302 duas
1745 3245 1856 3324 partes

199 3337 371 3423 Argellate
406 3362 477 3403 cum
508 3341 720 3426 proventibus
751 3341 834 3412 suis,
871 3339 1106 3426 Corpenetam,
1137 3340 1368 3418 Besinantum,
1397 3341 1597 3422 Mandriam,
1621 3341 1856 3420 Bibianellum,

198 3441 352 3506 Castrum
367 3442 534 3522 Arianum,
557 3443 778 3524 Fosdundum,
805 3443 944 3522 Muzole,
966 3443 1160 3507 Bundcnum
1176 3443 1327 3518 Arduini,
1344 3443 1582 3529 Pigugnagiam
1601 3466 1676 3509 cum
1693 3445 1856 3509 universis

198 3546 298 3609 curiis
322 3553 355 3610 et
378 3548 594 3632 pertinentiis,
618 3547 742 3611 iuribus
766 3554 799 3610 ct
822 3546 998 3610 honoribus
1022 3547 1166 3610 omnium
1190 3546 1417 3636 predictorum·
1433 3555 1615 3612 castrorum
1646 3554 1679 3613 et
1702 3549 1856 3628 locorum,

198 3649 289 3712 salvo
313 3649 381 3712 iure
405 3671 464 3736 pcr
486 3651 594 3713 omnia
617 3650 702 3734 quod
719 3650 819 3714 habet
835 3651 1067 3714 monasterium
1085 3652 1188 3714 sancti
1205 3649 1376 3714 Benedicti
1401 3651 1441 3714 do
1458 3651 1589 3716 Larona
1604 3653 1637 3715 in
1653 3651 1857 3736 Pigugnaga,

118 3779 128 3813 .·
200 3752 343 3838 Carpum
367 3760 399 3816 et
413 3753 645 3816 Mombaraaon
669 3774 742 3816 cum
763 3753 964 3838 plebanatub
989 3753 1109 3816 Sancte
1126 3754 1239 3824 Mario,
1263 3753 1484 3817 salvatamen
1507 3753 1721 3840 dispositione
1745 3760 1857 3817 nostra

201 3856 290 3918 cirea
313 3857 417 3942 ipsum
442 3854 584 3942 Carpum
607 3863 641 3920 et
664 3855 904 3919 Monrbaraaon.
963 3855 1100 3941 Insuper
1133 3865 1249 3919 cuncta
1277 3857 1348 3920 iura
1372 3863 1406 3920 et
1432 3855 1593 3924 redditus.
1624 3856 1856 3941 responsiones

200 3964 234 4022 ct
256 3959 510 4034 iurisdictiones,
534 3959 685 4032 honores,
717 3980 795 4021 usus
819 3966 851 4021 ct
874 3958 1092 4042 albergarias,
1116 3980 1178 4043 que
1203 3965 1278 4022 sunt
1305 3958 1383 4022 dicti
1410 3958 1557 4044 poderis,
1586 3959 1619 4022 in
1642 3957 1774 4023 feudum
1796 3959 1856 4022 tibi

200 4062 360 4134 concessi,
379 4069 412 4126 et
430 4063 462 4126 in
481 4063 543 4126 hiis
564 4064 644 4126 locis
660 4062 847 4148 specialiter
864 4061 932 4123 sive
950 4061 1166 4146 pertinentiis,
1190 4061 1343 4125 videlicet
1368 4063 1399 4126 in
1413 4061 1567 4142 Sablono,
1591 4061 1723 4142 Cazolo,
1746 4061 1855 4126 Felle·

201 4166 302 4248 garia.
318 4164 490 4242 Rioltorto,
507 4167 685 4238 Dinazano,
703 4165 812 4229 Casali
827 4185 955 4248 magno,
974 4163 1083 4228 Casali
1099 4165 1246 4249 Ziganio,
1267 4165 1441 4250 Tragasso,
1457 4165 1642 4250 Pregnano,
1662 4164 1855 4244 Careriano,

120 4295 145 4324 υ·
202 4269 383 4344 Runcaliis,
403 4270 537 4346 Planco,
554 4277 660 4333 castro
678 4270 820 4332 (lannsie
837 4269 972 4352 eiusque
990 4269 1088 4344 curia,
1105 4269 1263 4339 Fontana,
1287 4268 1553 4352 Carnpogaliano,
1578 4268 1698 4333 Sancto
1715 4269 1856 4332 Martino

200 4371 242 4434 de
265 4371 338 4450 Rio,
365 4371 544 4448 Sustiliolo,
574 4372 705 4446 Pradis,
734 4371 904 4456 Corrcgia,
936 4371 1048 4450 Fossa,
1072 4371 1216 4444 Canulis,
1241 4371 1417 4444 Miliarina,
1451 4370 1662 4456 Gurgatellis,
1685 4371 1857 4457 Fossullis,

200 4474 380 4556 Budriono,
405 4475 531 4540 Solaria
555 4477 636 4540 etin
660 4482 728 4538 toto
752 4496 801 4552 oc,
825 4473 910 4558 qnod
934 4480 984 4538 est
997 4474 1144 4537 eiusdem
1160 4474 1290 4559 poderis
1311 4473 1396 4557 quod
1412 4473 1620 4538 detinebatur
1634 4496 1654 4538 a
1669 4481 1711 4552 te,
1728 4476 1856 4560 quando

200 4577 281 4641 illud
305 4577 375 4641 sedi
398 4579 577 4665 apostolice
602 4577 790 4661 resignasti,
814 4578 847 4639 in
873 4576 1116 4662 episcopatibus
1137 4576 1348 4648 Bononiensi,
1371 4575 1559 4655 Mutinensi,
1582 4575 1711 4661 Regino
1734 4579 1857 4663 pariter

202 4688 236 4745 et
257 4681 439 4746 Parmensi.
484 4682 534 4745 Tu
554 4702 631 4745 vcro
654 4701 713 4766 pro
736 4680 834 4744 feudo
862 4681 933 4765 ipso
958 4678 1052 4743 nobis
1076 4688 1109 4742 et
1145 4680 1284 4744 ecclesie
1309 4679 1455 4744 Romane
1485 4679 1700 4765 quadraginta
1731 4702 1856 4745 marces

122 4825 147 4860 ,a
203 4785 331 4868 argenti
365 4786 397 4848 in
436 4787 521 4849 festo
553 4785 696 4848 omniurn
729 4784 922 4848 Sanctorum
958 4784 1090 4847 nomine
1123 4805 1240 4847 census
1280 4784 1446 4846 annuatim
1484 4783 1637 4858 exolves,
1677 4784 1856 4848 servitums

201 4889 433 4953 nichilominus
456 4891 520 4953 tuis
544 4889 727 4976 sumptibus
750 4890 782 4952 in
804 4886 1019 4951 Lombardia⁰
1049 4895 1082 4951 et
1099 4887 1261 4951 Romania
1286 4909 1358 4951 eum
1383 4893 1512 4951 centum
1530 4886 1699 4964 militibus,
1722 4887 1754 4949 in
1770 4887 1855 4951 valle

203 4992 381 5077 Spoletana
404 4993 456 5055 vel
479 4992 591 5056 Marea
614 5011 686 5055 cum
717 4991 966 5075 quinquaginta,
1000 4991 1040 5054 ab
1070 4991 1161 5055 Urbe
1196 4996 1305 5054 autem
1335 4996 1369 5054 ot
1397 4988 1482 5053 infra
1510 5009 1623 5052 versus
1647 4987 1855 5067 Maritimam,

198 5119 259 5183 per
281 5095 492 5182 Campaniam
516 5102 675 5159 et'totum
704 5115 841 5179 regnum
866 5094 982 5158 Sicilie
1007 5117 1080 5159 cum
1112 5095 1228 5179 viginti
1258 5116 1317 5180 per
1347 5113 1497 5158 mensem
1528 5093 1690 5174 integmm
1718 5091 1855 5174 singulis

201 5199 306 5276 annis,
322 5197 588 5284 quandocumque
603 5198 705 5262 fueris
723 5199 910 5282 requisitus,
927 5205 1074 5284 tempore
1091 5198 1244 5262 veniendi
1262 5204 1295 5261 et
1311 5193 1486 5261 recedendi
1506 5193 1639 5257 minime
1657 5198 1855 5278 computato,

126 5341 151 5376 a
204 5325 243 5366 ac
267 5299 384 5366 deinde
400 5307 555 5385 quantum
574 5302 715 5367 ecclesie
732 5301 880 5366 Romane
899 5302 1069 5387 placuerit,
1090 5301 1124 5364 in
1144 5302 1292 5366 eiusdem
1310 5307 1422 5364 tamen
1440 5296 1606 5383 expensis.
1638 5295 1855 5360 Decernimus

204 5425 285 5490 ergo
308 5411 371 5469 etc.
394 5409 505 5468 nostre
529 5406 761 5468 concessionis.
808 5405 843 5469 si
867 5406 938 5490 quis
962 5410 1071 5469 autern
1095 5411 1158 5468 etc.

316 5561 464 5568 m
811 5565 871 5570 -.-..-
1045 5557 1753 5568 --—-.——-=..-...——-.-—-—-.--.—-.—.-——-.—-.-

320 5663 343 5730 ¹)
362 5666 484 5716 libertatis
502 5659 533 5716 ii.
616 5665 638 5728 b)
658 5667 775 5734 plebatus
793 5667 825 5718 lt.
906 5664 928 5730 e)
948 5665 1118 5716 bambacinis
1136 5663 1167 5714 Ii.
