4604 6420
1016 399 1062 453 EX
1081 397 1257 453 GREGOltIl
1275 398 1313 452 IX
1333 397 1512 453 REGISTRO

1224 801 1312 875 507.

545 934 736 1044 &reportas
757 960 813 1025 IX
831 980 918 1041 papa
939 956 1066 1042 [Ottoai
1087 957 1168 1042 Ill]
1189 953 1431 1038 archiepiscopo,
1454 955 1674 1020 archidiacono
1696 958 1725 1018 ct
1746 955 1896 1038 capistro
1916 955 2094 1020 scholaram

437 1074 650 1139 locrensibus
681 1071 828 1150 modat,
860 1075 897 1134 ut
928 1069 1256 1134 ecomnmarricotioais
1289 1071 1317 1132 et
1348 1066 1509 1131 interdicti
1540 1065 1711 1132 sententias
1742 1089 1763 1130 a
1792 1065 1923 1150 [Petro]
1955 1067 2095 1147 aaran

439 1185 624 1250 Tortoaeaei
651 1185 688 1248 ia
715 1185 795 1250 cives
819 1183 1023 1248 Tortoaeases
1044 1201 1107 1262 pro
1127 1200 1162 1245 oo
1186 1180 1418 1263 prorialqatoa,
1450 1178 1532 1259 qaod
1557 1178 1670 1259 iniquo
1696 1182 1817 1244 statuta
1843 1177 2014 1255 odikriat,
2041 1177 2093 1240 ia-

435 1297 625 1363 oiolobititor
646 1296 804 1362 obseruari
822 1293 960 1380 fociant.

1742 1380 1836 1458 1233,
1858 1377 1931 1444 Iao.
1953 1380 2006 1444 28.

541 1469 622 1537 eree.
641 1468 691 1521 rx
706 1467 774 1537 noy.
796 1466 855 1523 vos.
874 1465 937 1531 111,
956 1467 1084 1530 aa—ee‚·
1103 1464 1166 1518 mo.
1190 1463 1238 1528 vr,
1255 1468 1317 1520 279.

721 1805 729 1824 .
759 1805 768 1823 .
796 1745 1151 1838 archiepiscope,
1179 1744 1498 1819 archidiacono
1527 1749 1569 1819 et
1594 1743 1809 1838 magistro

987 1876 1207 1950 scolarum
1233 1873 1544 1949 lerinensibus

544 2023 597 2090 Ad
626 2025 826 2092 audientiam
856 2031 1000 2091 nostram
1024 2024 1207 2090 venerabili
1236 1995 1337 2089 fratre
1366 2030 1478 2089 nostro
1502 2023 1708 2090 Terdonensi
1739 2025 1894 2112 episcopo
1924 2025 2092 2093 referente

436 2130 604 2217 pervenit,
633 2129 719 2215 quod
741 2129 784 2194 H.
809 2128 969 2195 Granon.⁸
990 2136 1024 2194 et
1046 2128 1179 2213 quidam
1203 2127 1266 2210 alii⁴
1290 2127 1453 2193 statutarii
1479 2133 1512 2192 et
1534 2147 1672 2193 comune
1694 2126 1908 2194 Terdonenso
1931 2150 2091 2195 enervare

437 2234 623 2299 libertatem
646 2233 906 2322 ecelesiasticam
930 2239 1133 2317 satagentes,
1162 2236 1285 2296 statuta
1308 2229 1468 2315 quadam,
1498 2231 1597 2296 immo
1619 2231 1729 2296 verius
1752 2228 1943 2297 destitutiva
1967 2234 2093 2311 salutis,

437 2337 470 2401 in
499 2342 643 2403 nostram
676 2344 711 2404 et
741 2337 923 2424 apostolice
960 2335 1048 2402 sedis
1077 2336 1230 2400 iniuriam
1261 2341 1295 2401 et
1326 2341 1548 2422 contemptum
1582 2335 1617 2400 in
1649 2335 1782 2400 civitate
1814 2356 1875 2400 sua
1907 2337 2093 2403 temeritate

435 2440 568 2527 propria
591 2439 780 2522 ediderunt,
810 2441 966 2506 videlicet
988 2440 1073 2525 quod
1105 2431 1225 2504 nullus
1247 2446 1342 2505 extra
1363 2440 1533 2504 districtus
1557 2460 1670 2505 eorum
1698 2447 1868 2525 presumat
1894 2441 2093 2527 apostolicas

437 2543 564 2610 litteras
587 2545 783 2630 impetrare,
814 2551 847 2610 et
869 2543 956 2630 quod
985 2565 1070 2630 pena
1096 2541 1212 2609 decem
1243 2545 1399 2609 librarum
1421 2543 1596 2630 Papiensis
1624 2549 1772 2624 monete,
1801 2545 2093 2631 quotienscumque

436 2647 508 2732 quis
532 2647 799 2726 contrafecerit,
829 2647 998 2732 puniatur,
1029 2646 1193 2712 alienandi
1224 2646 1321 2712 leuda
1350 2647 1497 2733 episcopi
1527 2652 1638 2733 preter
1664 2647 1769 2732 ipsius
1796 2667 1969 2713 assensum
1997 2668 2035 2713 ao
2058 2647 2093 2712 in

436 2751 588 2816 omnibus
612 2751 720 2816 causis
742 2750 930 2837 appellandi
952 2752 994 2816 ab
1017 2752 1120 2837 ipsius
1145 2752 1310 2816 sententia
1332 2750 1374 2815 ad
1397 2748 1648 2815 Terdonensem
1670 2751 1794 2816 curiam
1815 2748 1936 2816 tradita
1958 2749 2095 2816 cuilibet

436 2854 542 2920 libera
556 2860 732 2942 potestate.
780 2855 816 2919 Si
838 2875 916 2919 vero
941 2855 1043 2920 laicus
1067 2855 1100 2919 in
1124 2856 1278 2921 clericum
1300 2877 1415 2920 manus
1441 2855 1591 2920 iniecerit
1606 2856 1660 2920 vel
1680 2855 1761 2919 alias
1778 2854 1888 2940 ipsum
1909 2853 2093 2936 offenderit,

438 2978 503 3022 non
525 2958 630 3042 magis
653 2977 751 3043 quam
773 2958 913 3023 clericus
936 2956 977 3023 ab
1001 2959 1169 3046 episcopo,
1194 2960 1222 3024 si
1245 2960 1329 3025 forte
1352 2960 1471 3025 laicum
1493 2965 1691 3045 percuteret,
1712 2958 1877 3044 puniatur,
1900 2958 2094 3024 clericorum

438 3062 678 3144 contractibus,
708 3063 736 3127 si
763 3063 866 3127 maior
894 3084 970 3149 pars
998 3063 1145 3149 ipsorum
1169 3063 1392 3146 consenserit,
1420 3063 1455 3127 in
1484 3083 1543 3127 suo
1573 3060 1691 3127 robore
1713 3061 1953 3148 permansuris,
1983 3061 2093 3146 aliquo

437 3165 611 3252 privilegio
646 3165 871 3231 ecclesiastiea
912 3187 979 3230 non
1017 3166 1179 3233 obstante.
1237 3167 1330 3230 Alias
1365 3187 1494 3252 quoque
1534 3172 1655 3231 terram
1692 3165 1842 3231 eiusdem
1876 3164 2024 3251 episcopi
2058 3169 2093 3228 et

438 3269 578 3335 ecclesie
603 3290 661 3335 sue
684 3268 799 3334 bannis
823 3275 857 3334 et
880 3269 954 3334 aliis
976 3269 1108 3333 statutis
1131 3269 1283 3354 nequiter
1302 3276 1536 3353 supponentes,
1558 3267 1818 3334 iurisdictionem
1841 3275 1876 3332 et
1896 3268 1968 3332 iura
1989 3267 2094 3353 ipsius

437 3371 639 3438 contendunt
668 3372 919 3458 dampnabiliter
949 3373 1128 3438 annullare.
1175 3372 1323 3458 Cumque
1354 3373 1453 3439 iidem
1486 3373 1651 3438 statutarii
1682 3379 1716 3438 et
1745 3393 1882 3438 comune
1910 3371 2094 3438 abeodem

437 3477 593 3564 episcopo
620 3477 736 3542 moniti
762 3476 954 3562 diligenter,
984 3483 1020 3541 ut
1047 3483 1170 3541 statuta
1203 3476 1389 3542 huiusmodi
1412 3477 1452 3542 de
1483 3477 1551 3541 suis
1582 3475 1818 3563 capitularibus
1840 3475 2030 3555 abolerent,
2059 3473 2094 3539 id

437 3580 546 3645 lacere
571 3581 702 3666 penitus
726 3587 927 3659 recusarent,
952 3580 1044 3666 ipscl
1067 3581 1130 3646 hoo
1153 3581 1269 3646 nolens
1293 3581 1379 3645 sicut
1400 3601 1461 3646 neo
1479 3579 1622 3646 debebat
1641 3580 1858 3666 equanimiter
1878 3584 2094 3664 comportare,

437 3682 470 3746 in
494 3704 551 3748 eos
575 3689 610 3749 et
631 3684 777 3749 lautores
807 3705 920 3750 eorum
944 3685 1258 3750 excomunicationie
1282 3692 1315 3749 et
1343 3685 1377 3748 in
1408 3691 1529 3748 terram
1551 3683 1717 3748 interdicti
1740 3682 1921 3748 sententias
1944 3693 2010 3746 tam
2033 3701 2093 3745 sua

437 3806 533 3870 quam
561 3787 755 3854 auctoritate
788 3787 1029 3874 metropolitica
1058 3787 1291 3873 promulgavit,
1322 3787 1459 3873 privatis
1487 3787 1718 3852 nichilominus
1749 3785 1826 3851 filiis
1855 3792 1889 3850 et
1916 3784 2093 3871 nepotibus

436 3877 614 3956 eorundem
638 3890 727 3956 omni
756 3891 830 3956 loco
853 3897 888 3957 et
916 3891 1076 3958 beneficio
1100 3891 1353 3972 ecelesiasticis,
1383 3911 1446 3976 que
1475 3891 1509 3954 in
1539 3889 1672 3956 civitate
1703 3890 1758 3955 rel
1789 3888 1913 3956 diocesi
1944 3890 2094 3956 obtinent

435 3992 649 4060 Terdonensi.
689 3993 755 4060 Sed
776 3995 839 4082 ipsi
861 4002 1026 4081 tamqnam
1050 3996 1083 4060 in
1107 4015 1166 4060 sua
1184 3995 1310 4060 malitia
1326 3995 1493 4072 obstinati,
1518 3994 1691 4060 sententiis
1707 3992 1895 4059 huiusmodi
1910 3984 2093 4080 vilipensis,

435 4117 540 4183 nuper
574 4119 647 4163 oum
682 4097 721 4165 Ο.
754 4099 825 4165 cive
859 4099 1015 4186 Papiensi
1056 4099 1097 4164 ad
1132 4099 1279 4185 regimen
1320 4120 1432 4164 eorum
1468 4105 1637 4185 assumpto
1681 4119 1717 4164 se
1751 4096 1793 4161 ad
1812 4097 2092 4182 observationem

436 4207 632 4265 statutorum
666 4201 888 4287 predictorum
923 4203 1105 4268 iuramento
1140 4203 1334 4289 interposito
1369 4201 1621 4289 dampnabiliter
1652 4202 1857 4288 obligarunt3
1892 4223 1993 4288 super
2025 4222 2089 4287 quo

435 4302 522 4368 idem
553 4305 727 4392 episcopus
757 4306 937 4391 apostolice
976 4305 1063 4371 sedis
1098 4306 1294 4386 remedium,
1333 4326 1396 4391 qua
1427 4307 1489 4369 scit
1523 4311 1558 4369 et
1589 4311 1699 4391 potest
1734 4307 1938 4371 temeritates
1968 4302 2091 4370 elidere

434 4413 713 4494 presumptorum,
744 4409 912 4475 humiliter
942 4410 1139 4496 imploravit.
1183 4408 1234 4474 Ne
1264 4409 1363 4494 igitur
1391 4409 1511 4495 prefati
1541 4408 1705 4474 statutarii
1733 4415 1766 4475 et
1794 4430 1931 4475 comune
1960 4407 2002 4475 da
2031 4429 2092 4474 sua

433 4510 562 4595 possint
584 4511 709 4576 malitia
733 4513 877 4598 gloriari,
901 4511 1102 4593 mandamus,
1127 4512 1279 4599 quatinus
1304 4513 1485 4576 sententias
1508 4512 1597 4598 ipsas
1621 4512 1759 4598 singulis
1779 4511 1896 4578 diebus
1918 4513 2090 4578 dominicis

434 4617 469 4676 et
500 4612 626 4678 festivis
658 4615 798 4701 pulsatis
832 4616 999 4702 campanis
1035 4623 1068 4680 et
1102 4615 1247 4680 candelis
1283 4616 1432 4681 accensis
1461 4615 1688 4702 sollempniter
1716 4616 1928 4699 innovantes,
1961 4617 2090 4683 faciatis

434 4715 583 4799 easdem,
615 4718 700 4783 sicut
728 4720 968 4784 rationabiliter
999 4726 1075 4784 sunt
1101 4721 1243 4805 prolate,
1275 4720 1469 4784 auctoritate
1497 4724 1610 4785 nostra
1638 4741 1742 4804 usque
1765 4719 1807 4785 ad
1830 4720 2089 4786 satisfactionem

434 4819 628 4906 condignam
652 4822 712 4886 sub
736 4823 916 4908 apostolica
944 4821 1152 4888 obedientia⁰
1181 4822 1417 4888 inviolabiliter
1445 4822 1628 4905 observari,
1657 4822 1844 4888 civitatibus
1868 4824 1934 4888 illis
1961 4830 1995 4889 et
2016 4824 2090 4889 aliis
2214 4819 2217 4828 ’

432 4923 513 4989 locis
537 4923 763 4991 adiacentibus
786 4926 924 4992 firmiter
951 4927 1178 5012 iniungantes,
1207 4933 1243 4991 ut
1277 4927 1420 5012 aliquem
1443 4926 1484 4992 de
1508 4923 1641 4992 civitate
1665 4926 1814 5014 predicta
1836 4926 1870 4991 in
1893 4931 2090 5013 potestatem

433 5048 492 5092 seu
515 5033 675 5093 rectorem
698 5050 866 5095 assumere
889 5051 954 5094 non
981 5036 1185 5115 presumant,
1217 5027 1321 5095 donec
1355 5030 1395 5093 ab
1428 5031 1476 5096 eis
1509 5035 1632 5094 statuta
1658 5029 1844 5095 huiusmodi
1873 5036 1907 5096 et
1934 5030 2090 5117 quidquid

432 5152 476 5195 ex
499 5130 562 5195 hiis
586 5132 639 5197 vel
662 5133 703 5198 ob
727 5133 803 5218 ipsa
826 5139 974 5198 secutum
999 5155 1072 5199 esse
1096 5133 1277 5198 dinoscitur
1298 5140 1509 5216 revocentur,
1540 5140 1575 5199 et
1603 5134 1751 5221 predicte
1783 5135 1946 5201 sententie
1964 5135 2090 5202 tuerint

432 5234 591 5301 relaxate.
637 5235 732 5311 Quod
756 5235 784 5300 si
808 5257 873 5300 non
896 5257 1009 5302 omnes
1034 5273 1085 5318 -,
1110 5244 1156 5320 tu,
1179 5238 1281 5303 frater
1304 5244 1367 5304 ete.

541 5371 619 5438 Dat.
643 5372 807 5459 Anagnia,
829 5373 861 5437 V
883 5373 959 5440 Kal.
983 5374 1165 5459 Februarii,
1189 5397 1273 5442 anno
1298 5383 1402 5442 sexto.

956 5567 1075 5575 --—-..
1345 5569 1426 5576 ---

541 5697 564 5766 ·)
583 5703 732 5754 Granoirli.
814 5703 836 5768 b)
855 5704 904 5771 ipsi
923 5703 954 5754 lt.
1036 5707 1058 5772 c)
1077 5725 1111 5758 arr
1130 5708 1231 5760 sublato
1248 5707 1425 5774 appellationis
1443 5707 1576 5758 obstaculo
1598 5709 1749 5774 leyeadnrn?

2148 2671 2172 2708 15

2146 3195 2173 3235 20

2146 3711 2172 3750 25

2142 5283 2169 5323 40
