4524 6412
1009 368 1056 423 EX
1075 368 1249 424 Guuuouss
1267 368 1306 422 IX
1325 366 1505 422 euulsvuo

1216 717 1303 789 413.

539 833 730 942 Gregorius
752 861 808 924 IX
827 881 913 941 propa
934 856 1115 943 [Waltero]
1135 857 1274 936 episcopio
1299 855 1490 921 Terrareensi
1511 855 1658 932 rrraruiat,
1690 859 1725 917 at
1749 855 1965 938 foermratores
1993 857 2090 920 vibio

432 965 577 1048 Ipreasis
597 965 638 1029 ab
660 971 834 1028 astrorum
851 962 1013 1042 praeitate
1033 961 1178 1024 desistere
1196 958 1312 1044 saciat.
1733 961 1828 1035 1230,
1850 957 1925 1023 Iari.
1947 965 2001 1027 30.

535 1081 1014 1156 wammam

958 1331 967 1348 .
997 1331 1006 1350 .
1037 1275 1248 1367 episeopo
1276 1274 1560 1348 Tornaeensi.

276 1444 420 1495 nisiaea.
544 1429 627 1495 Cum
651 1450 694 1494 ex
716 1429 862 1492 iniuncto
886 1424 982 1489 nobis
1004 1426 1206 1510 apostolatus
1230 1423 1337 1488 officio
1361 1432 1532 1489 teneamur
1554 1447 1597 1489 ex
1619 1446 1698 1510 agro
1722 1425 1894 1491 Dominico
1919 1430 2032 1515 spinas
2056 1437 2091 1495 et
2157 1472 2162 1482 ·

433 1533 571 1600 tribulos
604 1532 803 1596 suffocantes
834 1529 989 1593 virtutum
1019 1534 1151 1612 segetes
1183 1528 1369 1614 extirpare,
1400 1528 1562 1614 pullulare
1593 1529 1764 1615 pravitatis
1792 1532 1942 1596 usurarie
1974 1533 2092 1598 vitium

432 1656 637 1722 nequaquem
673 1634 816 1699 tolerare
844 1633 993 1697 volumus
1029 1653 1090 1697 neo
1125 1631 1301 1708 debemus,
1337 1629 1424 1716 quod
1456 1638 1488 1695 et
1525 1652 1632 1695 rerum
1663 1631 1868 1717 dispendium
1900 1635 2021 1721 ingerit
2058 1644 2093 1703 et

433 1739 614 1828 perieulum
642 1738 839 1816 animarum,
875 1757 895 1801 a
925 1757 986 1821 quo
1015 1735 1071 1800 vix
1100 1735 1245 1799 abstinet
1276 1733 1331 1820 qui
1365 1733 1465 1798 luerit
1498 1733 1638 1799 inlectus
1672 1734 1860 1801 huiusmodi
1892 1741 2092 1826 corruptela.

436 1842 523 1908 Seue
552 1840 594 1906 ed
627 1839 827 1905 audientiam
858 1846 1003 1905 nostram
1032 1840 1197 1927 pervenit,
1236 1837 1322 1922 quod
1357 1838 1506 1902 nonnulli
1536 1837 1778 1903 Oaturcenses¹
1809 1847 1843 1905 et
1873 1841 2005 1926 quidam
2033 1844 2091 1909 alii

434 1946 619 2030 alienigene
650 1943 761 2008 villam
790 1943 961 2030 Iprensem
993 1943 1231 2013 inhabitantes,
1265 1942 1299 2005 in
1337 1939 1452 2006 eadem
1489 1949 1682 2028 presumunt
1715 1942 1845 2028 publice
1879 1944 2023 2011 fenerari
2057 1949 2092 2012 in

435 2047 545 2113 divine
563 2047 647 2132 legis
664 2051 887 2132 contemptum
906 2052 940 2110 et
956 2066 1087 2110 suerum
1103 2046 1286 2132 periculum
1302 2045 1486 2110 animarum
1502 2065 1562 2110 nee
1578 2066 1643 2108 non
1660 2044 1848 2111 scandalum
1864 2049 2091 2135 plurimorum,

435 2174 509 2218 oum
531 2151 565 2216 id
586 2151 696 2216 faeere
726 2151 811 2214 siout
833 2148 952 2214 dicitur
973 2147 1127 2234 indigene
1150 2149 1285 2212 minime
1308 2148 1549 2233 permittantur.
1593 2147 1624 2211 N
1626 2169 1644 2212 e
1674 2149 1774 2234 igitur
1796 2171 1909 2216 eorum
1938 2153 2091 2238 contagio

435 2255 523 2321 infici
546 2255 677 2319 valeant
699 2253 756 2317 alii
778 2273 895 2316 manus
919 2272 995 2317 suas
1023 2259 1192 2317 servantes
1215 2251 1367 2316 innoxias
1391 2251 1432 2314 ab
1455 2250 1642 2316 huiusmodi
1665 2253 1844 2338 pravitate,
1873 2255 2010 2320 firmiter
2031 2256 2093 2320 tibi

435 2381 495 2446 per
516 2357 698 2444 apostoliea
721 2356 843 2443 scripta
865 2355 1073 2432 mandemus,
1103 2355 1255 2439 quatinus
1278 2354 1483 2420 feneratores
1506 2353 1673 2441 predictos
1696 2355 1761 2421 loci
1781 2357 1918 2443 prefati,
1942 2363 2010 2423 tam
2033 2358 2090 2424 ad-

435 2483 536 2528 venas
558 2482 656 2547 quam
679 2459 866 2544 indigenas,
897 2465 934 2523 ut
962 2480 982 2523 a
1009 2479 1088 2544 sepe
1112 2457 1200 2522 dicta
1221 2478 1394 2524 usurarum
1425 2458 1586 2544 pravitate
1611 2457 1787 2540 desistant,
1817 2459 1913 2525 modo
1942 2461 2091 2548 predicto

435 2588 496 2653 per
517 2585 636 2652 penam
665 2565 699 2628 iu
720 2563 939 2628 Lateranensi
962 2562 1101 2627 coneilio
1125 2568 1238 2627 eontra
1260 2561 1428 2626 usurarios
1452 2560 1574 2626 editam
1603 2562 1824 2649 appellatione
1852 2573 1980 2630 remota
2003 2587 2093 2630 eom-

436 2689 564 2757 pescas,
588 2666 731 2733 scabinis
754 2671 788 2731 et
805 2666 935 2730 comuni
949 2665 1076 2752 prelato
1094 2666 1171 2730 ville
1192 2665 1354 2756 universis
1378 2671 1413 2730 et
1436 2665 1575 2751 singulis
1598 2666 1659 2731 sub
1676 2666 1790 2732 eadem
1807 2688 1892 2754 pena
1906 2667 2093 2754 iniungens,

437 2793 478 2837 ne
502 2791 576 2836 cum
599 2770 665 2834 illis
688 2767 821 2854 aliquod
844 2769 1073 2860 commercium
1097 2790 1157 2834 seu
1178 2769 1386 2855 participium
1408 2769 1552 2834 habeant
1575 2791 1637 2835 uec
1660 2769 1779 2850 etiam,
1802 2770 1866 2835 nisi
1890 2792 1910 2835 a
1931 2771 2093 2859 pravitate

438 2872 641 2939 cessaverint
663 2891 743 2957 sepe
765 2869 862 2951 dicta,
886 2877 1055 2956 receptare
1079 2877 1270 2958 presumant
1293 2870 1437 2936 eosdem.

545 2990 632 3055 Data
653 2989 793 3071 Perusii,
815 2987 869 3054 III
890 2989 965 3057 Kal.
988 2990 1146 3055 Februer.
1169 3011 1254 3056 anno
1279 2990 1387 3055 tertio.

1061 3293 1473 3308 .-—-.-...-.-...........-...,

1219 3583 1307 3658 414.

545 3698 725 3792 Corradus
746 3725 814 3790 dua
835 3724 1000 3790 Maeoniae
1024 3727 1053 3788 et
1078 3722 1230 3790 Octauiae
1252 3746 1321 3790 eam
1342 3745 1495 3792 emssatsa
1516 3729 1627 3794 uaeris
1651 3749 1728 3796 suae
1750 3732 1883 3814 Aqafiae
1904 3737 1934 3798 et
1952 3733 2094 3813 fitiorum

440 3829 601 3907 Boleebai,
624 3829 787 3894 Karimiri
807 3832 836 3892 et
859 3826 1020 3904 Senmeiti,
1044 3829 1074 3890 ct
1095 3827 1307 3908 episeolioram
1328 3831 1357 3892 et
1379 3835 1560 3913 stagnatum
1581 3835 1684 3896 terrae
1705 3853 1794 3912 suae,
1814 3833 1964 3916 hospitat
1984 3837 2094 3902 ᾱοηιιις

443 3933 681 3998 remearem
709 3931 903 3997 territorium
928 3929 1086 3996 mameae
1112 3929 1196 3994 taur
1217 3929 1450 4012 Drawanram,
1484 3935 1621 4000 Wirtam
1641 3941 1671 4000 et
1694 3937 1806 4002 Ossam
1824 3939 1960 4017 flamina
1980 3945 2010 4006 at
2031 3944 2093 4005 ter-

440 4035 541 4102 rainae
563 4034 715 4101 Proiectae
736 4037 833 4100 sitam
854 4054 927 4124 eam*
944 4033 1087 4097 omnibus
1102 4033 1315 4114 pmiaentta,
1344 4035 1468 4102 iaribirs
1489 4041 1519 4102 et
1539 4040 1705 4122 repetiisse,
1727 4046 1758 4107 et
1777 4044 1927 4125 quicquid
1944 4048 2053 4125 postea
2072 4066 2094 4109 a

434 4138 576 4222 paganis
609 4137 745 4219 adipisa
775 4137 949 4219 potueriat,
985 4138 1022 4200 iri
1056 4141 1238 4218 papatuum
1269 4139 1491 4218 eremitatem
1516 4143 1741 4222 possidendam
1773 4146 1903 4232 censat.
1958 4148 2093 4213 Fratres
2141 4167 2163 4206 a

439 4244 543 4305 autem
569 4239 692 4305 ordiais
717 4241 993 4323 repromittentes
1022 4240 1095 4304 (iaci
1122 4244 1152 4304 et
1178 4239 1361 4306 tiaeredibus
1387 4244 1453 4308 eius
1482 4249 1592 4310 matra
1615 4246 1771 4314 Preterios
1798 4255 1827 4315 et
1852 4251 1934 4316 aiios
1949 4271 2094 4334 pepones

441 4343 526 4407 anai
547 4345 679 4424 tempore
699 4343 856 4422 offatmos
875 4361 949 4408 esse.
1814 4355 1908 4432 1230,
1930 4355 2007 4421 Ian.

545 4459 627 4531 (trra.
648 4461 697 4515 IX
719 4461 787 4530 Ray.
815 4462 872 4516 Vol.
890 4461 944 4532 IV,
968 4466 1040 4528 223;
1062 4461 1124 4517 Lib.
1147 4461 1236 4527 VIII,
1259 4465 1325 4517 289.
1361 4463 1546 4534 Propontiaca
1569 4469 1640 4522 tare
1663 4470 1785 4525 stanam
1807 4488 1842 4525 ee
1865 4471 1988 4538 Italam
2016 4473 2093 4530 Moe.

442 4547 502 4604 Pol.
520 4553 539 4604 t.
557 4547 584 4612 I,
599 4565 629 4618 p.
648 4551 695 4612 19,
712 4563 739 4602 a.
757 4553 810 4616 405
825 4551 934 4619 partera
952 4549 1038 4604 edidit
1059 4549 1156 4620 Roga.
1175 4553 1246 4605 Arra.
1263 4551 1326 4606 cccl.
1345 4568 1371 4605 a.
1390 4555 1472 4617 1230,
1489 4557 1505 4620 5
1522 4558 1569 4609 25.

548 4737 588 4803 In
617 4737 750 4804 nomine
780 4747 892 4806 saneta
923 4745 957 4805 et
982 4736 1150 4804 individue
1179 4738 1350 4807 Trinitatis
1384 4764 1491 4810 amen.
1551 4744 1714 4819 Quoniam
1747 4749 1841 4813 iuxta
1869 4748 2006 4815 verbum
2032 4751 2093 4816 viri
2141 4781 2163 4820 a

301 4858 371 4902 nau.
389 4841 605 4928 assumentis
628 4842 798 4927 generatio
823 4844 960 4930 preterit
983 4849 1017 4908 et
1040 4843 1210 4928 generatio
1233 4843 1386 4926 advenit,
1416 4847 1582 4934 nichilque
1605 4851 1724 4916 stabile
1747 4852 1801 4916 vel
1822 4874 2020 4939 permanens
2044 4860 2095 4919 est

442 4946 503 5010 sub
527 4946 614 5026 sole,
645 4950 696 5012 set
718 4945 855 5011 vanitati
878 4952 977 5031 atque
1000 4947 1210 5012 mutabilitati
1234 4948 1407 5016 subiacent
1429 4952 1598 5033 universa,
1629 4975 1671 5018 ne
1695 4975 1768 5019 eum
1790 4954 1978 5022 labentibus
2001 4957 2094 5022 annis

443 5055 552 5116 rerum
574 5049 747 5135 magnifiee
776 5070 835 5114 seu
865 5049 991 5113 utiliter
1011 5056 1180 5135 gestarum
1203 5053 1333 5118 labatur
1364 5054 1488 5139 pariter
1510 5061 1544 5120 et
1566 5056 1739 5122 aboleatur
1762 5059 1934 5136 memoria,
1964 5060 2093 5125 muniti·

442 5153 568 5219 centias
591 5175 630 5218 ae
653 5152 878 5232 liberalitates,
905 5153 1078 5237 presertim
1101 5154 1135 5217 in
1157 5154 1228 5240 pies
1253 5176 1369 5221 causes
1392 5165 1426 5221 et
1448 5159 1521 5223 loca
1543 5160 1699 5245 religiosa
1722 5161 1909 5241 collocatas,
1933 5163 2095 5249 scriptura

442 5255 596 5322 convenit
611 5254 812 5341 perpetuari,
835 5274 898 5338 que
921 5274 986 5318 non
1010 5255 1115 5319 solum
1139 5277 1269 5322 omnem
1286 5268 1511 5345 emergentem
1533 5263 1567 5325 iu
1590 5269 1758 5348 posterum
1774 5263 1923 5350 procidat
1945 5273 1978 5330 et
2000 5267 2094 5330 tollet
2142 5296 2164 5335 a

442 5357 708 5444 ambiguitatem,
739 5357 975 5422 verumetiam
998 5357 1178 5442 universis,
1207 5359 1409 5446 adquorum
1439 5363 1590 5429 notitiam
1621 5367 1825 5451 pervenerit,
1856 5366 2031 5432 laudabilia
2060 5375 2094 5434 et

550 5652 576 5722 l)
594 5650 715 5706 tamaius
734 5650 767 5705 de
788 5650 902 5719 Cetrora,
920 5651 990 5725 Dip.
1008 5651 1047 5706 du
1065 5653 1126 5714 Lot.
