4604 6420
441 400 504 463 412
820 370 825 380 '
1019 395 1067 453 nx
1085 395 1261 455 onaooau
1279 395 1318 452 rx
1336 395 1517 453 auersrao

441 569 602 636 catholiea
624 577 729 636 mater
744 571 886 637 ecclesia
908 571 1073 637 miraculis
1097 573 1288 653 illustratur,
1311 571 1388 636 dum
1412 571 1481 636 ceci
1497 570 1618 652 vident,
1642 567 1750 636 claudi
1769 569 1946 652 ambulant,
1970 569 2094 657 leprosi

440 674 653 755 mundantur,
688 673 869 740 liberantur
898 677 1129 762 energumeni,
1164 676 1283 740 mortui
1313 675 1531 754 suscitantur,
1566 673 1651 762 quod
1681 674 1714 738 in
1745 675 1811 739 alia
1839 674 2000 760 religione
2030 694 2094 738 non

441 776 578 863 contigit
599 798 661 843 nec
684 777 863 863 continget.

548 877 634 952 Quia
660 880 760 964 igitur
790 878 957 946 debitores
989 902 1101 946 sumus
1133 881 1277 945 omniurn
1307 882 1446 946 salutem
1469 900 1622 965 querere,
1655 900 1767 945 servus
1799 900 1969 945 servorum
1992 881 2093 960 illius,
2211 897 2212 900 ’

441 983 496 1067 qui
509 983 674 1048 neminem
690 984 760 1048 vult
779 983 897 1069 perire,
920 1004 986 1047 non
1003 983 1166 1049 immerito
1191 983 1277 1048 circa
1299 989 1332 1048 te
1355 989 1390 1048 ct
1411 983 1559 1048 subditos
1582 990 1656 1048 tuos
1670 982 1894 1048 misericordie
1909 983 2093 1049 visceribus

291 1101 354 1144 nom.
368 1106 423 1174 au·
441 1087 630 1167 affluentes,
662 1088 816 1153 affectum
839 1087 934 1152 Pauli
964 1088 1111 1172 gentium
1133 1087 1277 1152 doctoris
1303 1086 1483 1168 induimus,
1515 1088 1570 1173 qui
1599 1088 1707 1152 sciens
1737 1092 1918 1152 creatorem
1948 1087 2095 1151 omnium

441 1191 668 1277 acceptionem
696 1211 761 1255 non
789 1189 899 1255 facere
926 1210 1156 1276 personarum,
1188 1189 1408 1255 conformatus
1440 1191 1576 1254 infirmis
1605 1196 1639 1255 et
1667 1190 1817 1254 omnibus
1849 1191 1958 1254 omnia
1987 1191 2094 1255 factus

442 1300 503 1375 est,
525 1300 562 1358 ut
584 1315 697 1359 omnes
714 1291 856 1359 Domino
879 1289 1070 1359 lucraretur.
1117 1293 1267 1359 Scientcs
1291 1294 1425 1380 insuper
1447 1294 1569 1359 instare
1592 1300 1721 1379 tempus
1745 1293 1957 1359 correctionis
1981 1313 2094 1358 erran-

442 1398 523 1463 tium
545 1396 726 1462 animarum
750 1402 783 1462 et
805 1401 922 1481 gentes
945 1401 1021 1461 ante
1045 1396 1292 1461 conversionem
1313 1394 1465 1476 Israelis,
1494 1396 1549 1481 qui
1572 1394 1729 1461 aduersus
1753 1402 1820 1477 est,
1849 1394 1890 1459 ad
1913 1396 2012 1462 fidem
2035 1417 2096 1483 per

441 1501 580 1586 gratiam
603 1501 793 1580 intraturas,
815 1499 926 1579 vobis,
955 1500 1010 1584 qui
1033 1499 1201 1584 hucusque
1224 1499 1394 1580 resistitis,
1423 1505 1456 1564 et
1479 1500 1643 1586 evangelii
1665 1499 1743 1565 Iesu
1765 1499 1905 1581 Christi,
1934 1501 1994 1564 filii
2017 1498 2094 1580 Dei,

441 1603 519 1667 boni
542 1602 697 1669 uidelicet
719 1603 840 1683 nuntii,
863 1602 948 1688 quod
972 1624 1031 1688 per
1054 1625 1089 1668 se
1113 1603 1220 1688 ipsum
1244 1603 1355 1666 attulit
1378 1609 1411 1668 et
1433 1603 1630 1684 transmisit,
1660 1604 1808 1668 notitiam
1831 1625 1897 1668 non
1920 1603 2094 1681 habentes,

443 1706 528 1770 sicut
550 1705 690 1790 abyssus
714 1705 876 1770 instabilis
900 1726 998 1770 seusu
1015 1705 1122 1770 carnis
1140 1712 1252 1770 contra
1268 1707 1428 1773 catholice
1443 1728 1560 1772 navem
1581 1707 1722 1772 ecclesie
1738 1707 1934 1787 fluctuatis²,
1957 1706 2095 1770 verbum

444 1807 567 1873 Christi
596 1815 629 1874 et
657 1809 797 1874 celatum
825 1830 844 1874 a
872 1809 992 1874 seculis
1016 1807 1202 1872 Christiane
1230 1807 1307 1874 fidei
1335 1817 1591 1891 sacramentum,
1622 1830 1688 1875 non
1718 1810 1817 1874 simul
1845 1809 1994 1874 omnibus
2025 1807 2095 1890 sed,

444 1911 529 1976 siout
551 1912 592 1976 ab
616 1918 729 1977 eterno
754 1912 917 1997 sapientia
938 1910 1049 1976 divina
1071 1910 1249 1997 disposuit,
1283 1913 1356 1977 aliis
1379 1920 1455 1999 post
1476 1915 1559 1979 alios
1583 1914 1780 1994 revelatum,
1803 1919 1917 1979 eterne
1940 1913 2097 1979 videlicet

444 2015 634 2100 mysterium
665 2015 780 2080 salutis
808 2021 842 2080 et
871 2016 977 2101 pacis,
1009 2016 1201 2080 annuntiare
1229 2015 1453 2092 decrevimus3
1483 2016 1594 2083 Iesum
1624 2015 1804 2096 Christum,
1833 2037 1946 2081 verum
1974 2017 2094 2098 Deum,

443 2118 513 2183 veri
535 2117 600 2184 Dei
623 2118 734 2199 filium,
758 2117 818 2182 tibi
841 2123 875 2182 ot
898 2117 961 2182 tuis
983 2140 1043 2204 per
1066 2119 1407 2203 epistolam'nostram
1431 2127 1465 2184 et
1487 2142 1547 2205 per
1562 2120 1650 2184 viros
1667 2119 1796 2184 virtutis
1821 2119 1902 2198 eius,
1926 2119 2095 2186 ministros

291 2233 353 2276 aaa.
368 2237 422 2286 au.
443 2221 565 2306 gratie,
594 2221 817 2308 predicamus,
847 2221 876 2284 si
898 2221 982 2286 forte
1005 2221 1098 2286 Deus
1122 2224 1343 2308 omnipotens,
1373 2224 1429 2307 qui
1451 2229 1548 2288 vocat
1569 2245 1623 2302 ea,
1656 2243 1718 2308 que
1741 2243 1806 2286 non
1829 2235 1917 2302 sunt,
1948 2223 2033 2288 siout
2056 2245 2096 2288 ea

443 2346 506 2410 que
537 2332 628 2404 sunt,
660 2324 739 2389 illud
769 2326 879 2389 lumen
911 2324 1061 2388 infundat
1087 2325 1239 2390 cordibus
1270 2327 1405 2405 vestris,
1436 2326 1522 2412 quod
1545 2327 1749 2390 vocationem
1776 2327 1920 2390 omnium
1948 2325 2096 2410 gentium

308 2439 355 2480 un.
371 2445 423 2490 nu.
443 2428 644 2514 prefiguraus
676 2429 773 2494 trium
802 2429 834 2492 in
858 2427 994 2492 Oriente
1019 2427 1181 2511 quondam
1214 2450 1382 2514 magorum
1413 2430 1565 2494 cordibus
1594 2430 1768 2515 aspiravit,
1798 2429 1883 2516 quod
1907 2430 1940 2493 in
1962 2429 2097 2515 propria

288 2549 306 2586 1·
322 2541 368 2582 1⁰¹¹·
384 2517 423 2594 te·
442 2532 578 2597 veniens
603 2539 793 2618 susceptum
816 2552 881 2595 non
904 2530 966 2595 fuit
988 2553 1007 2595 a
1030 2533 1109 2609 suis,
1134 2532 1220 2616 quod
1243 2555 1302 2619 per
1319 2535 1525 2618 evangelium
1541 2532 1637 2597 Pauli
1660 2533 1811 2619 populus,
1836 2533 1890 2617 qui
1906 2532 2097 2596 ambulabat
2148 2555 2174 2594 ao

442 2636 475 2699 in
498 2636 655 2716 tenebris,
679 2634 907 2720 apprehendit,
930 2635 1017 2720 quod
1040 2657 1126 2700 nunc
1150 2658 1278 2722 quoque
1300 2639 1390 2702 lucet
1413 2639 1445 2701 in
1469 2636 1614 2702 tenebris
1638 2654 1699 2701 nec
1721 2634 1851 2700 videtur
1873 2635 1913 2700 ab
1936 2635 1996 2715 eis,
2021 2635 2099 2719 quia

442 2738 554 2804 venire
577 2739 692 2823 nequit
713 2737 755 2803 ad
772 2737 919 2803 veritatis
942 2737 1141 2822 indaginem,
1165 2739 1220 2824 qui
1243 2759 1308 2804 non
1331 2739 1463 2825 reliquit
1486 2759 1639 2805 errorem.
1685 2738 1780 2803 Unde
1797 2741 1954 2803 celestem
1971 2731 2097 2802 curiam

444 2848 477 2906 et
499 2843 607 2907 celum
631 2849 664 2906 et
691 2849 813 2906 terram
840 2842 875 2904 in
897 2841 1120 2906 testimonium
1144 2841 1349 2916 invocamus3
1377 2842 1531 2922 sienim,
1563 2841 1650 2926 quod
1673 2841 1773 2921 absit,
1804 2841 1902 2907 fidem
1925 2847 1974 2905 tot
1997 2861 2096 2925 argu·

443 2946 579 3026 mentis,
609 2945 728 3009 talibus
752 2944 967 3024 testimoniis,
990 2945 1090 3008 tantis
1115 2945 1218 3029 signis
1242 2951 1276 3010 et
1298 2945 1463 3010 miraculis
1487 2945 1607 3030 iugiter
1629 2945 1842 3032 approbatam
1866 2945 2034 3030 suscipere
2057 2965 2096 3007 ac

443 3055 556 3112 tenere
580 3048 758 3133 negligitis,
782 3047 905 3112 nullam
927 3047 1058 3133 penitus
1082 3047 1123 3111 de
1146 3053 1282 3133 peceato
1300 3047 1506 3134 pretendere,
1529 3047 1651 3113 nullam
1673 3049 1708 3112 in
1730 3049 1802 3113 eius
1826 3055 2015 3134 conspectu,
2038 3046 2095 3132 qui

443 3151 590 3214 seculum
612 3150 756 3217 iudicare
779 3151 973 3238 perignem
996 3150 1029 3215 in
1051 3156 1216 3237 potestate
1240 3173 1277 3217 ac
1300 3152 1472 3216 maiestate
1490 3157 1646 3218 venturus
1670 3158 1730 3231 est,
1754 3151 1905 3237 poteritis
1929 3151 2096 3216 excusati-

444 3273 539 3318 oncm
562 3253 695 3319 habere.

551 3354 705 3421 uotorum
737 3378 809 3437 vos,
844 3377 909 3421 non
945 3362 1055 3421 vestra
1084 3357 1295 3441 requirimus,
1326 3358 1506 3423 animarum
1536 3365 1719 3423 vestrarum
1751 3379 1824 3423 cum
1853 3357 1932 3422 Iesu
1962 3356 2095 3424 Christo

324 3539 326 3544 ,
443 3459 533 3524 lucra
561 3460 706 3540 sitimus,
741 3459 841 3524 nichil
872 3459 912 3524 de
936 3459 1093 3524 facultate
1118 3458 1308 3524 subtrahere
1332 3461 1498 3546 querimus
1527 3461 1580 3526 vel
1617 3439 1761 3526 minuere
1791 3459 1832 3526 de
1860 3461 2000 3536 honore3
2035 3461 2096 3526 sed

442 3565 624 3649 provehere
647 3585 705 3629 vos
730 3570 763 3628 et
785 3564 942 3649 ampliare
965 3563 1075 3648 potius
1101 3564 1301 3627 affectamus.
1347 3562 1419 3628 Erit
1438 3563 1576 3651 proinde
1599 3563 1698 3629 dante
1719 3562 1851 3629 Christo
1872 3563 1950 3629 Iesu
1972 3565 2093 3628 nostris

443 3667 615 3733 affectibus
638 3667 886 3748 incrementum,
916 3674 952 3732 ut
974 3674 1020 3747 tu,
1044 3667 1099 3752 qui
1122 3673 1155 3730 et
1178 3673 1276 3753 caput
1299 3672 1332 3732 et
1353 3669 1505 3754 princeps
1527 3690 1562 3732 es
1585 3669 1697 3755 populi
1720 3668 1778 3746 tui,
1801 3669 2021 3754 pergratiam
2044 3670 2096 3732 in-

442 3772 616 3851 tellectus,
650 3793 713 3858 quo
736 3793 756 3837 a
777 3770 986 3836 multitudiue
1010 3770 1160 3834 subiecta
1182 3769 1397 3850 discerneris,
1429 3771 1457 3834 si
1487 3771 1654 3858 proposita
1682 3771 1743 3836 tibi
1765 3793 1826 3858 per
1847 3772 1939 3858 pacis
1962 3772 2095 3836 nuntios

442 3874 584 3941 audieris
613 3875 794 3962 patienter,
825 3896 884 3961 per
915 3873 1136 3958 cognitionem
1168 3870 1244 3938 fidei
1275 3873 1428 3939 efficiaris
1452 3873 1583 3940 Christo
1613 3875 1755 3961 primitie
1785 3875 1898 3961 populi
1928 3875 2095 3956 credituri,

442 3979 528 4043 sicut
547 3963 603 4044 'de
640 3979 840 4066 quarundam
871 3977 1075 4065 principibus
1109 3977 1277 4042 nationum
1307 3976 1428 4042 facturn
1458 3984 1527 4058 est,
1563 3978 1618 4064 qui
1653 3978 1717 4064 soli
1747 3976 1823 4043 data
1857 3978 1920 4043 sihi
1952 3979 2096 4065 desuper

442 4081 683 4166 significatione
706 4082 895 4163 credentes,
919 4082 1094 4146 multorum
1118 4087 1151 4144 et
1173 4081 1328 4166 precipue
1353 4080 1573 4146 subiectorum
1597 4102 1697 4146 causa
1719 4081 1834 4146 salutis
1858 4082 1985 4165 effecti,
2009 4089 2094 4148 tem-

372 4207 373 4212 *
441 4186 546 4276 parali
575 4185 681 4272 gloria
712 4207 777 4250 non
808 4185 930 4250 amissa
955 4185 1013 4250 sed
1042 4191 1152 4264 aucta,
1182 4185 1306 4249 celeste
1335 4204 1485 4270 regnum,
1517 4185 1603 4270 quod
1629 4206 1793 4271 nunquam
1821 4185 1948 4268 finitur,
1979 4208 2000 4250 a
2021 4185 2096 4251 Deo

441 4291 613 4376 percipere
643 4289 862 4356 merueruntl.
907 4287 1118 4376 Quapropter
1140 4294 1228 4352 tuam
1252 4287 1464 4352 exhortamur
1487 4287 1680 4353 industriam
1707 4295 1741 4354 et
1768 4289 1829 4354 tihi
1858 4311 1919 4376 per
1941 4311 2017 4354 cum
2039 4290 2100 4374 qui

443 4400 561 4459 cuncta
584 4394 706 4460 creavit
727 4393 944 4480 iniungimus,
975 4393 1128 4476 quatinus
1157 4391 1314 4457 dilectos⁰
1344 4391 1429 4456 filios
1460 4439 1499 4456 ..
1529 4397 1563 4457 ot
1593 4439 1633 4455 ..
1661 4391 1779 4458 fratres
1807 4392 1929 4456 ordinis
1958 4392 2095 4456 fratrum

442 4496 620 4578 Minorum,
657 4497 698 4562 ad
731 4504 764 4562 te
798 4519 857 4584 pro
893 4503 949 4561 tua
982 4503 1016 4560 et
1049 4503 1179 4560 tuorum
1212 4496 1317 4561 salute
1346 4492 1505 4575 directos,
1540 4495 1681 4560 libenter
1710 4495 1877 4582 suscipere
1907 4495 2030 4560 debeas
2063 4503 2097 4560 et

442 4600 619 4685 diligenter
641 4598 769 4680 audire,
792 4622 857 4666 non
880 4605 1037 4687 reputans
1061 4600 1217 4680 otiosum,
1241 4597 1326 4684 quod
1348 4621 1368 4663 a
1390 4598 1485 4663 nobis
1509 4599 1542 4663 iu
1565 4599 1627 4663 hao
1650 4604 1742 4684 parte
1766 4597 1883 4664 diebus
1906 4599 2095 4664 novissimis
2149 4627 2176 4668 ao

442 4703 655 4788 inspiratione
679 4701 790 4767 divina
819 4703 859 4768 de
889 4702 1026 4767 fratrum
1055 4709 1239 4767 nostrorum
1262 4702 1415 4782 oonsilio,
1448 4701 1627 4767 sitientium
1654 4701 1925 4767 illuminationem
1949 4703 2096 4768 omnium

442 4807 646 4893 populorum,
669 4827 735 4871 non
759 4807 830 4871 sine
853 4825 1019 4871 sacrarum
1043 4805 1274 4891 scripturarum
1298 4811 1349 4870 est
1371 4806 1563 4870 auctoritate
1586 4805 1761 4891 provisum.

549 4927 627 4992 Dat.
650 4926 780 5012 Anagn.
803 4925 867 4991 XV
889 4925 965 4990 Kal.
988 4925 1083 4991 Mart.
1108 4925 1314 5011 pontificatus
1338 4925 1440 4990 nostri
1463 4945 1548 4989 anno
1571 4923 1631 4988 VI.

1224 5222 1310 5296 513.

547 5321 738 5431 arcuarius
768 5344 825 5411 IX
854 5365 941 5426 papo
971 5345 1143 5430 [Frrlooni]
1176 5344 1404 5426 archiepiscopo
1440 5346 1620 5412 unornane·
1657 5350 1687 5410 ct
1724 5345 1924 5434 [Wiacslao]
1955 5350 2098 5433 messapo

444 5451 643 5520 Oracmieasi
664 5453 692 5514 ct
713 5449 820 5514 abbati
841 5448 879 5514 de
892 5447 1041 5513 Aadreoo
1062 5448 1201 5527 mundat,
1224 5449 1437 5531 ariminenses
1452 5449 1613 5528 Poloniae,
1635 5450 1691 5530 qui
1708 5453 1904 5531 pauperibus
1923 5455 2097 5520 aaronica
2150 5482 2177 5524 rs

546 5675 570 5746 ⁸)
589 5678 739 5730 fluctuantis
757 5676 841 5744 Bayn.
922 5673 945 5740 1’)
962 5691 1028 5741 qum
1045 5683 1185 5742 sequuntur
1202 5693 1280 5744 aspre
1297 5675 1334 5728 ud
1345 5678 1426 5744 fluam
1445 5694 1476 5726 ao
1499 5675 1535 5727 W.
1582 5675 1603 5742 ο)
1658 5678 1794 5745 diligenter
1818 5679 1858 5732 W.
