4576 6390
444 401 506 463 458
546 397 553 410 '
1029 397 1077 451 EX
1095 395 1271 452 GREGORII
1289 395 1329 449 IX
1347 387 1528 449 REGISTRO

444 571 590 635 contenti
624 569 730 634 eidem
769 571 922 656 episeopo
958 577 991 634 et
1025 570 1155 634 clericis
1185 569 1381 633 Auximanis
1410 568 1595 633 eommunia
1625 575 1659 632 et
1688 568 1878 632 necessaria
1905 567 2106 633 commercia

444 673 585 737 civitatis
617 673 812 738 interdicere
845 672 1106 759 presumpsistis,
1141 693 1240 757 quare
1272 673 1305 735 in
1340 671 1687 735 excommunicationis
1722 672 1919 736 sententiam
1951 672 2054 734 latam
2086 693 2106 735 e

444 775 551 838 felicis
581 776 816 840 recordationis
848 775 891 839 H.
922 797 1009 861 papa
1037 775 1273 861 predecessore
1304 783 1415 839 nostro
1446 782 1592 861 tempore
1627 776 1847 840 coronationis
1878 776 2041 840 carissimi
2070 777 2104 840 iu

446 877 576 942 Christo
600 879 658 942 filii
675 879 778 943 nostri
794 878 954 943 Friderici
971 886 1033 943 etc.
1050 879 1302 965 dampnabiliter
1318 878 1478 943 incidistis
1490 879 1511 942 ¹.
1557 877 1600 942 Et
1616 879 1709 962 quasi
1732 893 1797 942 non'
1819 879 1884 942 ista
1899 878 2104 956 sufficerent,

444 1001 604 1045 conversa
625 980 763 1046 dextera
785 981 818 1044 in
841 983 969 1046 viscera
984 981 1133 1046 Romane
1152 983 1302 1062 ecclesie,
1325 983 1438 1046 matris
1456 989 1575 1058 vestre,
1598 981 1809 1046 Frederienm
1826 982 1947 1046 dictum
1966 983 2104 1047 Testem

444 1084 618 1169 multiplici
641 1069 979 1148 excommunicatione
1003 1091 1165 1174 notatum,
1195 1086 1251 1170 qui
1275 1085 1427 1169 regimini
1450 1085 1593 1149 civitatis
1616 1092 1725 1148 vestre
1748 1085 1929 1170 prefuerat,
1960 1087 2106 1150 scienter

445 1195 559 1251 contra
581 1187 813 1251 inhibitionem
837 1195 870 1250 et
903 1188 1047 1251 bannum
1076 1187 1189 1252 dilecti
1217 1188 1276 1251 lilii
1305 1189 1408 1251 nostri
1431 1187 1459 1250 I.
1481 1188 1567 1250 tituli
1592 1186 1710 1251 Sancte
1734 1187 1892 1252 Praxedis
1914 1188 2106 1274 presbyteri

446 1290 637 1368 cardinalis,
668 1291 805 1355 rectoris
832 1291 994 1370 Marchie,
1029 1292 1062 1354 iu
1091 1297 1288 1377 potestatem
1317 1299 1459 1354 vestram
1492 1311 1696 1354 reassumere
1727 1291 1913 1368 curavistis,
1948 1291 2042 1355 cuius
2071 1299 2105 1355 et

444 1396 553 1459 fratris
588 1395 639 1458 sui
676 1395 801 1458 malitia
839 1395 998 1474 faciente,
1038 1417 1109 1459 cum
1143 1395 1357 1459 Anconitanis
1395 1402 1428 1458 et
1462 1393 1573 1457 lisinis
1607 1394 1847 1458 coniurationes
1881 1400 1944 1458 etc.
1981 1416 2104 1480 usque:

338 1585 340 1590 ‚
444 1499 617 1584 prestetis,
653 1506 686 1564 et
722 1498 837 1564 eodem
865 1497 1041 1562 Frederico
1072 1519 1091 1561 a
1122 1498 1281 1582 regimine
1317 1497 1420 1582 ipsius
1456 1497 1597 1560 civitatis
1629 1517 1763 1582 prorsus
1797 1503 1920 1576 amoto,
1955 1497 2103 1562 sindicus

445 1609 556 1666 vester
578 1625 651 1666 cum
675 1625 735 1667 sax
757 1601 798 1668 de
823 1602 1003 1666 maioribus
1027 1603 1182 1680 civitatis,
1206 1602 1339 1686 plenum
1363 1621 1382 1663 a
1405 1600 1568 1664 communi
1592 1599 1780 1664 mandatum
1803 1600 2016 1678 habentibus,
2039 1609 2105 1666 etc.

445 1725 562 1789 usque:
598 1713 799 1791 recepturus.
844 1705 1000 1789 Alioquin
1031 1705 1110 1769 sede
1145 1705 1338 1792 episcopali,
1376 1726 1440 1789 qna
1469 1704 1606 1768 redditis
1638 1726 1695 1768 vos
1724 1703 1890 1789 indignos,
1925 1705 2105 1770 formidare

445 1808 595 1893 poteritis
625 1829 690 1872 non
719 1809 883 1873 immerito
905 1830 963 1872 vos
996 1808 1190 1895 privandos,
1226 1809 1368 1873 seientes
1404 1829 1464 1871 nos
1493 1807 1624 1872 dedisse
1655 1809 1836 1872 venerabili
1868 1808 1961 1871 fratri
1989 1815 2105 1872 nostro

448 1959 455 1973 .
481 1961 489 1976 .
513 1910 615 1975 Esino
639 1911 818 1998 epis00p0²
842 1919 876 1975 et
898 1911 1019 1975 dilecto
1042 1912 1109 1975 filio
1133 1912 1289 1996 magistro
1315 1911 1465 1990 Cesario,
1489 1911 1610 1974 vicario
1635 1911 1770 1974 rectoris
1794 1909 1956 1988 eiusdem,
1980 1913 2106 1975 nostris

446 2015 565 2079 litteris
588 2015 620 2077 in
643 2014 821 2095 mandatis,
849 2021 886 2079 nt
908 2035 966 2078 vos
996 2023 1030 2078 et
1057 2015 1197 2079 eundem
1221 2014 1432 2078 Frederieum
1457 2020 1490 2077 et
1518 2013 1688 2076 consilium
1720 2015 2105 2100 excommunicatos-per
2159 2031 2182 2066 ¹³

446 2125 548 2183 totam
570 2118 736 2183 diocesem
759 2118 980 2182 Auximanam
1004 2127 1038 2182 et
1060 2127 1170 2204 partes
1195 2119 1319 2181 vicinas
1343 2138 1407 2180 non
1431 2116 1584 2180 differant
1606 2116 1773 2192 nuntiare,
1797 2123 1830 2181 et
1854 2123 2022 2202 tamquam
2046 2139 2107 2182 ex·

446 2223 701 2286 communicatos
724 2222 844 2286 faciant
867 2221 908 2285 ab
932 2221 1083 2285 omnibus
1107 2222 1209 2285 artius
1234 2222 1367 2300 evitari,
1391 2226 1424 2284 et
1446 2220 1626 2283 vicinarum
1649 2220 1800 2284 interdici
1822 2221 1916 2308 vobis
1941 2241 2106 2285 commer-

446 2325 497 2389 eia
519 2325 687 2389 civitatum
713 2331 777 2388 etc.

552 2444 629 2509 Dat.
653 2450 690 2508 ut
714 2466 821 2531 supra.

504 2569 512 2578 ’
557 2564 721 2650 Scriptum
745 2572 796 2628 est
819 2586 917 2650 super
939 2564 1000 2628 hoc
1023 2563 1160 2630 eisdem.

1226 3032 1312 3103 564.

554 3143 745 3251 Greporius
768 3167 824 3231 IX
842 3188 928 3248 popa
947 3170 1095 3247 potestati
1117 3174 1145 3232 et
1165 3170 1280 3248 populo
1303 3170 1422 3232 Aesiuo
1444 3169 1525 3232 idern
1546 3170 1629 3250 quod
1649 3171 1850 3233 Anconituao
1871 3169 2014 3232 mandat.

550 3341 631 3408 orep.
650 3338 700 3392 rx
715 3339 782 3409 neq.
804 3338 863 3393 uu.
881 3337 935 3402 ιν,
954 3343 1022 3404 102,-
1041 3337 1104 3392 nso.
1128 3339 1194 3402 Vn,
1214 3343 1278 3392 359.
1743 3275 1836 3350 1233,
1859 3272 1939 3336 Nos.
1962 3276 2017 3337 22.

583 3591 592 3610 .
623 3592 631 3609 .
660 3533 875 3626 potestati
892 3517 946 3606 'et
972 3533 1140 3624 populo
1169 3532 1298 3606 Esino
1327 3536 1532 3626 spiritum
1560 3536 1734 3610 consilii
1761 3534 1964 3610 sanioris

552 3683 626 3746 Non
650 3683 840 3762 diffitemur,
872 3682 950 3766 quin
975 3683 1119 3765 graviter
1141 3682 1326 3764 doleamus,
1351 3685 1437 3770 quod
1460 3708 1518 3750 vos
1542 3686 1683 3771 propriis
1706 3684 1830 3749 iuribus
1854 3705 1919 3747 non
1943 3685 2104 3764 contenti,
2158 3715 2183 3753 aa

446 3784 555 3850 divine
585 3807 623 3849 ao
653 3793 765 3850 nostre
795 3785 954 3870 patientie
987 3785 1159 3870 improvidi
1190 3786 1364 3865 abusores,
1398 3787 1440 3850 ad
1471 3789 1560 3851 curie
1589 3794 1701 3851 nostre
1732 3788 1803 3851 iura
1832 3808 1946 3850 manus
1975 3794 2108 3851 vestras

447 3887 693 3974 presumptione
711 3886 911 3972 dampnabili
936 3888 1019 3951 sicut
1035 3889 1222 3974 accepimus
1240 3889 1448 3968 extendistis,
1472 3897 1506 3954 et
1529 3891 1623 3974 quasi
1646 3911 1710 3953 non
1734 3890 1798 3953 ista
1814 3890 2013 3968 sufficerent,
2041 3897 2106 3955 etc.

446 3997 483 4053 ut
515 4012 613 4076 supra
643 4011 761 4075 usque:
794 3990 980 4057 manifesta.
1038 3990 1081 4055 Et
1111 3993 1187 4076 quia
1208 3992 1357 4056 Romana
1386 3993 1529 4056 ecclesia
1556 3992 1597 4056 de
1626 3992 1688 4056 hiis
1721 3993 1922 4057 sufficienter
1948 4014 2008 4056 vos
2039 4014 2107 4057 non

445 4093 611 4178 corripuit,
635 4101 731 4178 prout
747 4094 842 4178 culpe
859 4094 998 4177 qualitas
1021 4095 1188 4178 exigebat,
1211 4101 1247 4158 ut
1270 4116 1327 4159 vos
1351 4117 1410 4179 per
1427 4096 1619 4181 patientiam
1636 4096 1677 4159 ed
1692 4097 1905 4182 penitentiam
1922 4103 2106 4177 revocaret,

445 4202 580 4280 propter
608 4195 695 4281 quod
725 4197 911 4282 penitentes
936 4203 1142 4281 stansque:
1172 4199 1363 4276 molestum,
1394 4219 1466 4261 cum
1490 4200 1683 4262 Auximanis
1708 4199 2000 4263 excommunicatis
2024 4220 2105 4263 con·
2160 4229 2187 4268 so

446 4297 625 4362 inrationes
649 4305 712 4364 etc.
735 4319 855 4383 usque:
881 4307 1083 4385 recepturus.
1128 4299 1285 4385 Alioquin
1309 4307 1372 4363 etc.
1396 4322 1518 4385 usque:
1544 4303 1576 4365 in
1599 4301 1770 4380 mandatis,
1794 4309 1832 4365 ut
1855 4309 1886 4365 te
1902 4307 2105 4386 potestatem
2168 4317 2185 4330 ·

447 4405 480 4464 et
503 4401 679 4464 ¹consilium
711 4402 1011 4466 excommunicatos
1041 4425 1101 4489 per
1130 4408 1230 4466 totam
1260 4402 1426 4466 diocesem
1449 4403 1585 4468 Esinam
1617 4413 1649 4468 et
1678 4411 1788 4490 partes
1815 4405 1939 4468 vicinas
1969 4404 2104 4489 publice

447 4504 599 4567 nuntient
621 4510 654 4568 et
682 4510 837 4589 tanquam
861 4507 1162 4570 excommunicatos
1185 4506 1308 4571 faciant
1331 4506 1372 4569 ab
1398 4505 1548 4570 omnibus
1571 4508 1673 4571 artius
1697 4507 1830 4587 evitari,
1861 4529 1899 4571 ac
1922 4507 2104 4570 vicinarum

448 4605 599 4669 interdici
622 4606 717 4670 vobis
742 4614 804 4671 etc.
828 4629 931 4692 usque
955 4611 988 4674 in
1011 4610 1121 4674 finem.

555 4724 632 4791 Dat.
655 4732 692 4789 ut
714 4747 821 4812 supra.

1067 4852 1478 4861 —-—-——-—————..

1233 5076 1318 5149 565.

555 5186 758 5280 Fridericus
779 5213 995 5278 Romanorum
1018 5213 1188 5293 irnpcrator
1213 5216 1364 5298 Grepordo
1387 5217 1443 5281 IX
1458 5238 1564 5296 papae
1586 5218 1702 5295 scribit,
1724 5238 1756 5282 se
1774 5225 1925 5299 peretum
1947 5239 2011 5284 esse
2033 5241 2104 5284 cum

447 5316 515 5399 ipso
536 5321 645 5381 contro
668 5316 767 5380 hostes
788 5317 864 5397 fidei
879 5317 1005 5396 proelio
1020 5316 1153 5381 Domini
1169 5320 1326 5398 proeliari
1331 5341 1342 5398 ;
1365 5319 1447 5400 quod
1467 5320 1591 5400 aliquos
1612 5322 1649 5386 de
1666 5320 1829 5406 frutribus
1844 5323 2105 5388 Praesentem:

552 5575 578 5640 1)
598 5572 640 5639 Os.
661 5573 785 5626 Honorii
802 5575 856 5626 111
879 5572 1010 5641 epistolas
1036 5590 1062 5626 u.
1085 5580 1171 5644 1220,
1198 5575 1265 5634 Dec.
1284 5581 1319 5632 12
1342 5575 1424 5632 datos
1450 5593 1496 5652 op.
1518 5576 1717 5658 Gornpopnoni,
1744 5581 1825 5642 Mens.
1849 5581 1879 5634 di
1898 5581 2002 5650 Oeimo,
2029 5584 2048 5635 t.
2075 5585 2105 5652 V,

441 5677 473 5730 p.
495 5662 610 5724 46-47,
627 5674 652 5714 ιι.
671 5663 789 5716 23—25.
861 5659 887 5723 2)
906 5658 1044 5720 severino.
