4596 6406
141 5329 168 5370 40

739 381 940 439 EPISTOLAE
957 383 1147 441 SELECTAE.
1184 387 1260 441 1239.
1801 393 1864 454 657

206 553 349 640 aliquem
373 555 562 640 religiosum
591 556 794 621 sacerdotem
827 557 1082 624 concederemus
1112 559 1253 640 eisdem,
1282 561 1336 645 qui
1360 560 1585 626 confessiones
1616 584 1728 626 eorum
1756 562 1867 628 audiat

207 668 240 723 et
270 659 419 745 iniungat
455 660 503 724 eis
536 661 750 746 penitentiam
783 662 971 727 salutarem.
1020 662 1090 726 Nos
1120 663 1220 747 igitur
1252 662 1341 748 pium
1371 684 1484 727 eorum
1520 665 1722 749 propositum
1754 666 1865 731 favore

207 764 358 828 benivolo
382 773 617 849 prosequentes
648 764 857 843 mandamus,
890 767 1041 850 quatinus
1069 766 1110 830 ad
1138 765 1201 830 hoa
1228 768 1369 853 aliquem
1397 767 1437 831 de
1467 766 1622 832 fratribus
1646 769 1734 849 tuis,
1769 791 1866 856 quem
1938 845 1943 856 Ι

207 867 360 931 idoneum
384 888 458 931 esse
481 869 683 952 cognoveris,
708 867 840 932 studeas
864 867 1039 954 deputare,
1063 871 1117 955 qui
1140 877 1253 934 nostra
1276 870 1378 934 fretus
1403 871 1595 935 auctoritate
1619 893 1681 957 que
1706 875 1867 960 premissa

207 978 281 1036 sunt
296 970 483 1055 diligentius
507 979 739 1057 exequaturae
755 971 899 1037 nobilem
922 972 1106 1058 predictum
1122 973 1281 1053 absolvat,
1305 975 1333 1038 si
1357 995 1432 1039 eum
1454 975 1614 1041 invenerit
1641 1000 1699 1064 pro
1717 979 1863 1042 violenta

207 1074 380 1139 iniectione
413 1094 567 1137 manuum
601 1076 634 1138 in
669 1076 807 1140 elericos
842 1082 875 1140 et
903 1076 1075 1162 religiosas
1104 1098 1263 1163 personas
1287 1079 1338 1142 vel
1367 1077 1527 1142 incendiis
1557 1101 1616 1144 seu
1644 1080 1767 1166 rapinis
1799 1081 1865 1146 lato

210 1177 372 1254 sententio
396 1199 554 1243 canonem
570 1177 748 1242 incurrisse
765 1179 818 1242 vel
842 1179 1054 1265 imposterum
1078 1179 1243 1244 Incurrere
1261 1179 1429 1266 contingat
1445 1180 1602 1257 eundem3
1625 1182 1757 1268 proviso
1780 1183 1866 1268 quod

207 1283 314 1369 passis
337 1281 478 1367 dampna
501 1289 534 1346 et
560 1283 694 1346 iniurias
725 1283 907 1347 satisfaciat
934 1290 1176 1368 competenter,
1207 1292 1240 1349 et
1269 1285 1297 1347 si
1321 1283 1468 1349 eiusdem
1492 1282 1610 1348 nobilis
1633 1285 1733 1349 luerit
1756 1287 1865 1372 gravis

210 1391 243 1448 et
266 1386 409 1449 enormis
433 1407 602 1464 excessus,
625 1387 773 1450 mittatur
795 1384 836 1449 ad
859 1385 973 1450 sedem
996 1387 1211 1472 apostolicam
1235 1386 1466 1454 absolvendus.

318 1505 396 1571 Dat.
420 1508 582 1594 Anagnia,
605 1507 637 1571 V
659 1506 735 1574 Kal.
757 1508 912 1594 Augusti,
935 1529 1018 1571 anno
1041 1507 1138 1574 XIII.

832 1753 1244 1774 ss-——ma

1000 1996 1085 2070 755.

320 2104 510 2216 Gregorius
533 2135 588 2198 IX
616 2156 707 2216 papo
729 2137 878 2222 [Uffoni]
899 2139 1128 2219 arclricpiscopo
1149 2139 1315 2204 maana
1336 2143 1367 2202 et
1387 2137 1565 2222 [letania]
1586 2141 1724 2219 episcopo
1738 2139 1867 2219 Barpa-

210 2239 297 2302 liano
318 2241 347 2302 ct
368 2237 588 2303 archidiacono
608 2239 773 2304 Laadcnsi
794 2242 933 2320 madal,
955 2245 990 2306 at
1009 2243 1239 2328 [Wiccslaam]
1255 2244 1446 2324 principem,
1481 2242 1630 2306 arciorem
1660 2246 1689 2306 ct
1712 2242 1864 2323 populum

210 2341 431 2424 Rupiaaoram
452 2363 473 2405 a
493 2342 605 2422 pravis
626 2363 798 2407 antrorum
820 2345 926 2423 lucr-ts,
948 2365 1029 2426 qaae
1045 2345 1169 2425 podda
1184 2347 1356 2430 wlparitcr
1377 2346 1544 2427 appellent,
1566 2347 1711 2411 desistere
1725 2345 1860 2426 format.

1501 2452 1597 2527 1239,
1618 2449 1701 2532 Aac.
1723 2448 1775 2512 25.

316 2529 399 2603 (ἶνες.
417 2531 465 2584 ΙΧ
482 2531 549 2601 Req.
573 2530 630 2586 Vol.
656 2531 702 2597 VI,
721 2537 791 2600 120,-
807 2533 869 2588 Lib.
889 2533 978 2597 xm,
996 2537 1059 2588 107.

314 2618 453 2685 Paeana,
471 2617 539 2688 Rep.
559 2622 664 2674 10783.

351 2889 391 2908 ..
419 2833 757 2925 archiepiscopo
785 2833 1011 2909 Lundensi
1039 2840 1081 2909 et
1109 2891 1149 2908 ..
1177 2833 1388 2926 episeopo
1415 2832 1702 2926 Burguliano¹

682 2960 722 3028 et
750 3011 791 3028 ..
820 2956 1135 3034 archidiacono
1164 2955 1400 3029 Lundensi.

321 3103 388 3168 Sua
410 3102 506 3168 nobis
522 3104 720 3169 venerabilis
743 3104 844 3169 frater
867 3112 1031 3171 noster..
1055 3104 1281 3170 Roseildensis
1305 3103 1503 3190 episcopus²
1525 3104 1684 3190 petitione
1710 3103 1866 3185 innotuit,

213 3206 300 3292 quod
323 3206 445 3272 nobilis
468 3207 518 3271 vir
541 3255 575 3272 ..
597 3207 762 3294 princeps,
787 3255 819 3272 ..
843 3208 947 3272 maior
969 3215 1002 3272 et
1024 3208 1165 3295 populus
1188 3215 1275 3273 terre
1292 3205 1516 3291 Rugianorum
1539 3207 1573 3270 in
1591 3206 1720 3272 Selavia
1735 3207 1865 3272 Roseil-

214 3309 325 3375 densis
358 3309 500 3376 diocesis
529 3308 690 3396 quandam
719 3331 852 3397 pravam
886 3309 1158 3376 consuetudinem
1188 3311 1424 3392 observantes,
1459 3332 1523 3396 qus
1550 3312 1737 3397 corruptela
1759 3310 1867 3397 potins

213 3422 264 3479 est
286 3416 470 3494 censenda,
505 3414 693 3480 huiusmodi
721 3436 893 3480 usurarum
921 3416 1012 3480 lucra
1039 3435 1102 3500 que
1126 3414 1251 3503 poddas
1274 3414 1455 3500 vulgariter
1483 3413 1652 3500 appellant
1675 3421 1866 3499 sequuntur,

213 3518 300 3604 quod
322 3519 478 3585 videlieet
500 3519 643 3585 creditor
665 3540 684 3583 a
706 3519 855 3586 debitore
879 3525 1002 3585 certam
1025 3521 1242 3605 quantitatem
1265 3539 1411 3598 annone,
1442 3517 1500 3581 lini
1524 3525 1558 3582 et
1580 3519 1720 3582 aliarum
1744 3538 1865 3596 rerum,

213 3645 276 3708 que
300 3623 398 3709 longe
422 3625 495 3710 plus
519 3646 616 3710 quam
639 3624 671 3688 in
700 3624 798 3713 duplo
827 3625 1001 3711 pecuniam
1031 3631 1211 3689 mutuatam
1243 3621 1424 3701 excedunt,
1452 3621 1569 3707 recipit
1590 3621 1773 3701 annuatim,
1805 3642 1866 3685 nec

216 3728 278 3792 hoe
301 3733 473 3792 contentus
496 3750 517 3792 a
539 3727 689 3793 debitore
712 3749 770 3814 pro
793 3728 861 3792 filia
885 3749 960 3805 sua,
993 3749 1092 3812 quarn
1120 3728 1236 3814 nuptui
1263 3725 1393 3791 tradere
1420 3725 1505 3789 forte
1535 3725 1693 3803 voluerit,
1724 3725 1867 3810 quinque

214 3830 336 3894 solidos
360 3831 486 3918 recipit.
530 3833 686 3918 Alioquin
717 3831 748 3896 ei
776 3830 906 3898 tradere
936 3834 1041 3919 ipsam
1070 3833 1170 3898 filiam
1198 3831 1315 3917 nuptui
1341 3851 1406 3894 non
1426 3829 1549 3894 licebit.
1601 3829 1708 3894 Simili
1738 3849 1867 3915 quoquc

214 3934 310 3998 modo
332 3957 392 4022 pro
416 3935 563 4022 quolibet
590 3937 738 4016 animali,
768 3936 855 4022 quod
884 3935 1012 4002 debitor
1040 3937 1112 4023 ipse
1134 3935 1334 4016 vendiderit,
1366 3941 1489 4000 certam
1519 3932 1670 3998 creditori
1700 3931 1869 4018 persolvet

218 4039 357 4125 pecunie
393 4040 617 4126 quantitatem.
676 4040 711 4105 Si
739 4062 818 4105 vero
853 4039 984 4106 debitor
1016 4048 1092 4105 ante
1120 4045 1266 4104 mutuato
1296 4039 1393 4102 sortis
1424 4038 1621 4102 solutionem
1650 4036 1737 4099 viam
1767 4035 1867 4100 luerit

214 4144 367 4208 universe
398 4145 505 4208 earnis
534 4145 717 4230 ingressus,
746 4145 822 4209 talis
850 4142 1047 4210 detestanda
1073 4142 1216 4208 conditio
1240 4142 1358 4206 transit
1385 4141 1427 4206 ad
1457 4139 1604 4226 singulos
1630 4138 1789 4220 heredes,
1822 4139 1868 4204 ita

216 4255 252 4312 ut
267 4249 295 4312 si
312 4269 423 4313 eorum
445 4249 563 4335 aliquis
586 4248 742 4314 solvendo
765 4269 831 4313 non
854 4248 962 4326 fuerit,
986 4246 1201 4335 supponitur·
1223 4245 1255 4311 ei
1277 4247 1311 4310 in
1333 4245 1476 4312 iudiciali
1500 4246 1570 4310 foro
1591 4244 1768 4309 fasciculus
1784 4251 1867 4309 stra-

215 4351 329 4432 minis,
360 4374 381 4416 a
411 4374 475 4438 quo
503 4353 713 4439 presentibus
736 4353 977 4418 habitatoribus
1001 4360 1088 4418 terre
1112 4373 1170 4418 sue
1194 4349 1336 4417 deicitur
1358 4356 1392 4415 et
1414 4350 1447 4414 in
1469 4355 1662 4435 perpetuam
1691 4345 1865 4414 creditoris

214 4455 372 4540 redigitur
383 4457 586 4522 servitutem.
619 4457 744 4522 Verum
761 4479 834 4522 eum
849 4477 1020 4522 usurarum
1035 4457 1127 4522 luera
1142 4455 1311 4541 utriusque
1329 4452 1517 4519 testamenti
1532 4452 1655 4538 pagina
1670 4451 1866 4532 detestetur,

213 4559 348 4625 eosdem
371 4560 532 4646 rogandos
554 4560 707 4626 duximus
730 4562 888 4628 attentius
911 4567 944 4626 et
973 4560 1170 4640 monendos,
1199 4560 1320 4624 nostris
1349 4558 1397 4624 eis
1426 4554 1542 4622 dantes
1565 4556 1685 4621 litteris
1715 4556 1748 4620 in
1773 4576 1866 4619 man-

215 4662 316 4745 datis,
354 4671 391 4730 ut
427 4664 587 4751 prefatam
627 4665 794 4730 servitutis
828 4665 1020 4730 abusionem
1058 4664 1100 4730 de
1135 4670 1245 4729 cetero
1276 4684 1342 4728 non
1379 4667 1569 4739 servantes,
1605 4659 1646 4724 ab
1681 4656 1869 4724 huiusmodi

218 4768 350 4833 omnino
373 4768 473 4832 lucris
503 4790 675 4834 usurarum
703 4769 874 4834 desistant.
920 4768 1082 4843 Quocirca
1112 4764 1322 4846 mandamus,
1355 4765 1509 4850 quatinus
1540 4764 1567 4828 si
1596 4763 1675 4828 dieti
1704 4763 1868 4848 princeps,

216 4872 320 4937 maior
341 4877 375 4936 et
396 4872 537 4958 populus
561 4872 749 4937 mandatum
771 4878 920 4938 nostrum
942 4871 1152 4958 neglexerint
1176 4868 1371 4956 adimplere,
1400 4891 1460 4934 vos
1490 4891 1547 4934 eos
1570 4866 1612 4932 ad
1634 4865 1668 4932 id
1691 4865 1869 4930 monitione

216 4976 379 5063 premissa
400 4997 461 5062 per
483 4999 654 5043 censuram
678 4977 938 5043 ecelesiasticam
961 4976 1184 5063 appellatione
1214 4981 1341 5040 remota
1363 4973 1491 5038 ratione
1515 4972 1628 5058 previa
1651 4967 1868 5052 compellatis,

216 5081 348 5166 proviso
370 5102 412 5146 ne
436 5080 469 5144 in
497 5081 637 5165 aliquam
664 5081 914 5146 universitatem
943 5079 1031 5145 dicte
1059 5087 1147 5146 terre
1170 5078 1396 5164 Rugiancrum
1425 5070 1774 5141 excommunicationis
1806 5077 1869 5135 ete.

217 5184 313 5260 Quod
335 5185 363 5250 si
385 5206 452 5250 non
475 5207 587 5251 omnes
611 5225 662 5268 -,
686 5185 751 5252 duo
773 5193 919 5251 vestrum
942 5191 1004 5250 etc.

326 5305 403 5372 Dat.
426 5306 589 5392 Anagnia,
612 5305 697 5371 VIII
719 5304 796 5370 Kal.
820 5304 1035 5391 Septembris,
1059 5324 1145 5368 anno
1167 5303 1266 5369 XIII.

322 5567 449 5633 oasa.

323 5687 350 5754 1)
367 5684 401 5739 de
418 5685 563 5756 Boerpleu,
580 5687 599 5742 i.
616 5703 639 5742 e.
658 5687 854 5756 Aatbcrqerrri.
956 5683 985 5752 2)
1005 5680 1150 5736 Nicotaus.

321 5785 384 5836 am.
401 5785 484 5837 Ponr.
502 5787 523 5838 1.
