4596 6406
419 454 483 516 696
1000 448 1048 502 EX
1065 447 1243 504 GREGORH
1261 447 1300 502 IX
1319 445 1500 503 cuclsmto

420 645 508 703 mus,
540 624 691 708 quatinus
726 622 833 688 eidem
864 623 1019 709 episcopo
1047 628 1226 709 proventus
1254 621 1419 708 predictos
1450 621 1609 686 exhibere
1640 619 1769 683 curetis.
1823 616 1984 702 Alioquin
2008 637 2089 681 sen-

420 728 572 805 tentiam,
602 748 699 813 quam
728 728 814 792 idem
847 732 980 812 propter
1008 727 1070 790 hoc
1092 726 1154 790 rite
1177 726 1288 790 tulerit
1311 726 1344 790 in
1368 724 1526 804 rebelles,
1556 730 1661 788 ratam
1685 721 1880 787 babebimus
1914 727 1948 786 et
1979 741 2088 805 usque

420 830 461 895 ad
486 831 745 896 satisfactionem
769 830 964 917 condignam
987 830 1145 895 faciemus
1169 836 1279 894 actore
1303 829 1445 894 Domino
1469 827 1703 892 inviolabiliter
1725 824 1906 890 observari.

528 952 604 1018 Dat.
628 951 781 1019 Lateran.
804 951 870 1016 VH
892 951 971 1016 Idus
994 949 1170 1017 Novembr.
1194 971 1278 1015 anuo
1302 949 1417 1016 XIIII.

1046 1208 1457 1217 ..φῇ-Ψ*

1208 1470 1292 1541 789.

531 1583 722 1694 θηρονόμε
749 1612 804 1675 IX
826 1632 914 1692 papa
944 1608 1092 1694 [Iacobo]
1123 1611 1262 1690 episcopo
1288 1608 1469 1673 Hnnranoti
1497 1609 1622 1686 scribit,
1653 1627 1685 1671 se
1712 1612 1850 1672 aratrum
1871 1606 2034 1672 manate
2064 1627 2087 1669 a
2148 1617 2159 1654 ⁵

422 1715 637 1779 iurisdictione
674 1714 815 1778 ecclesiae
848 1713 1045 1776 Hnmanatr's
1080 1713 1228 1777 cecinisse
1262 1717 1290 1778 et
1323 1713 1424 1777 sedem
1462 1713 1683 1776 Anaimanam
1717 1711 1792 1775 ilinc
1824 1709 2089 1793 transferendam

422 1817 568 1896 desisse·
589 1818 717 1882 interim
737 1821 841 1881 antem
862 1817 892 1880 ci
914 1816 1063 1899 inculpet,
1085 1819 1122 1878 nt
1143 1836 1248 1880 omnes
1263 1819 1437 1896 proventus
1459 1815 1647 1896 episcopales
1669 1813 1783 1878 ibidem
1799 1814 1969 1895 paramini.

1724 1921 1817 1996 1240,
1839 1916 1919 1983 Noe.
1947 1919 1997 1980 15.

528 2007 610 2074 (ἔτερ.
628 2005 678 2059 IX
700 2005 769 2076 Περ.
790 2005 850 2060 Vol.
874 2005 941 2070 VII,
960 2007 994 2057 31
1000 2026 1008 2068 ,-
1027 2003 1088 2058 Lib.
1108 2004 1192 2072 XIV,
1211 2009 1272 2059 170.

529 2090 697 2161 Coppelietti‚
715 2091 755 2145 Le
775 2091 869 2146 Obiesc
886 2089 1011 2157 d'Italia,
1029 2096 1047 2145 t.
1069 2089 1137 2155 VII,
1154 2108 1182 2161 p.
1202 2094 1247 2146 97.

964 2356 973 2375 .
1003 2356 1012 2374 .
1041 2299 1258 2392 episcopo
1286 2255 1552 2374 Humanati.
1602 2395 1603 2398 Ἴ

532 2450 752 2517 Attendeutes
784 2449 999 2514 constantiam
1031 2454 1064 2512 et
1099 2449 1322 2514 sinceritatem
1356 2449 1541 2515 devotionis
1570 2456 1603 2514 et
1633 2449 1727 2526 fidei,
1756 2471 1851 2535 quam
1881 2449 1997 2514 dilecti
2028 2448 2089 2511 filii

425 2557 598 2620 eonsilium
630 2562 663 2620 et
696 2556 836 2642 populus
868 2552 1107 2618 Racanatensis
1139 2554 1172 2617 in
1207 2552 1365 2618 fidelitate
1402 2554 1582 2641 apostolice
1612 2551 1701 2617 sedis
1737 2560 1848 2618 contra
1881 2545 2089 2617 Fridericum

425 2659 548 2723 dictum
570 2659 801 2745 imperatorem
824 2659 1019 2722 observasse
1043 2664 1232 2739 noscuntur,
1256 2666 1289 2723 et
1304 2660 1506 2724 detestantes
1528 2656 1747 2744 proditionem
1765 2658 1877 2743 populi
1894 2657 2090 2736 Auximani,

425 2763 480 2849 qui
503 2762 590 2826 dicto
614 2761 779 2826 Friderico
808 2761 907 2825 fidem
934 2767 968 2826 et
999 2761 1188 2826 libertatem
1217 2763 1477 2827 ecclesiasticam
1509 2763 1723 2849 persequenti
1750 2759 2087 2847 dampnabiliterad-
2140 2779 2162 2816 1⁵

425 2866 593 2946 beassent,
617 2872 758 2930 castrum
774 2866 941 2930 Racanme
964 2887 984 2929 a
1005 2864 1232 2930 iurisdictione
1255 2865 1515 2930 Humanatcnsis
1539 2865 1681 2928 ecclesie
1707 2865 1889 2929 exemimus
1915 2857 1954 2930 et'
1973 2863 2090 2928 sedem

425 2969 646 3035 Auximanam
681 2992 754 3034 cum
787 2970 938 3034 omnibus
972 2969 1096 3034 iuribus
1130 2975 1164 3034 et
1197 2969 1402 3056 pertinentiis
1436 2971 1504 3034 suis
1539 2967 1581 3033 ad
1615 2974 1758 3032 castrum
1793 2968 1901 3054 ipsum
1931 2967 2090 3032 (luximus

425 3073 685 3138 transferendam
697 3074 718 3154 ¹,
746 3073 792 3137 ita
818 3080 929 3138 tamen
958 3079 994 3136 ut
1021 3073 1055 3136 iu
1085 3074 1391 3158 recompensatione
1422 3073 1559 3153 iurium,
1591 3093 1654 3157 quc
1677 3069 1849 3135 Humanas
1879 3071 2025 3137 ecclesia
2057 3071 2090 3135 iu

425 3176 513 3242 dicto
538 3183 645 3242 castro
669 3177 820 3258 obtinuit,
845 3177 909 3242 sibi
931 3179 1073 3262 aliquam
1096 3184 1224 3264 partem
1239 3177 1426 3241 Auximane
1450 3176 1604 3254 diocesis,
1629 3196 1702 3240 cum
1720 3172 1878 3261 expedire
1896 3174 2091 3256 viderimus,

425 3281 594 3366 assignare
617 3281 791 3367 possimus.
845 3280 981 3347 Interim
1009 3288 1120 3347 autem
1144 3282 1203 3345 tibi
1229 3289 1262 3346 et
1285 3282 1427 3346 ecclesie
1451 3287 1507 3346 tue
1531 3285 1690 3365 quantum
1714 3300 1788 3343 cum
1810 3278 1883 3344 Deo
1907 3300 2087 3364 possumus
2140 3293 2164 3332 ²⁰

427 3383 599 3470 providere
623 3385 783 3465 nolentes,
805 3385 1000 3450 fraternitati
1024 3390 1095 3463 tue,
1126 3385 1213 3470 quod
1236 3406 1349 3450 omues
1374 3392 1552 3470 proventus
1577 3383 1784 3469 episcopales
1808 3382 1842 3446 in
1866 3381 1954 3447 (licto
1981 3391 2093 3449 castro

427 3509 530 3574 usqne
553 3487 595 3551 ad
617 3487 858 3574 beneplacitum
881 3495 1028 3553 nostrum
1052 3489 1222 3574 percipere
1247 3489 1374 3567 valeas,
1399 3489 1594 3554 auctoritate
1620 3487 1823 3575 presentium
1846 3486 2060 3574 indulgemus
2070 3489 2094 3553 ².

534 3608 610 3676 Dat.
634 3609 789 3676 Lateran.
813 3609 913 3675 XVII
935 3608 1010 3674 Kal.
1034 3608 1194 3674 Decemb.
1219 3630 1306 3673 anno
1330 3609 1443 3676 XIIII.

1220 4117 1305 4189 790.

535 4224 724 4336 Greporins
746 4255 802 4319 IX
817 4275 907 4334 papa
928 4254 1063 4318 dominis
1085 4257 1182 4320 castri
1203 4257 1398 4321 Frusinonis
1420 4257 1601 4334 dominium,
1624 4258 1821 4323 eonsniatnm
1842 4260 1872 4320 et
1892 4258 2091 4323 numerarem

425 4359 631 4434 proventuum
653 4357 750 4420 castri
771 4357 921 4435 eiusdem,
946 4357 1059 4439 qnibns
1081 4356 1298 4444 Rliclrardns]
1322 4359 1474 4425 diaeonus
1496 4360 1672 4425 cardinatis
1696 4360 1869 4424 Iohannem
1894 4361 2092 4441 Captiaeiam
2141 4381 2166 4420 a

428 4479 534 4522 eornm
556 4459 719 4543 syndicum
741 4461 815 4525 otim
836 4461 1037 4539 investiverit,
1060 4463 1234 4542 confirmat.
1320 4477 1321 4482 ’
1759 4465 1852 4542 1240,
1873 4461 1948 4528 Dee.
1972 4468 2005 4531 4.

535 4577 616 4646 erec.
634 4581 681 4632 rr
696 4579 766 4650 neq.
787 4580 845 4635 vor.
870 4581 1084 4647 vr1,32,·mc.
1104 4584 1181 4647 ΧΙν,
1202 4583 1262 4635 tre.

486 4767 719 4847 Nobilibus
745 4773 856 4848 viris
883 4774 1079 4847 dominis
1108 4775 1241 4848 castri
1269 4775 1537 4850 Frusinonis
1563 4777 1791 4850 Verulcne
1819 4774 2034 4852 diocesis.

538 4919 640 4985 Iustis
663 4923 846 5007 petentium
869 4930 929 4989 ete.
954 4947 1072 5011 usque:
1095 4927 1271 5012 complere.
1317 4926 1370 4992 Ex
1392 4935 1502 4992 vestra
1526 4926 1688 5013 siquidem
1711 4927 1871 4991 relatione
1888 4929 2090 5013 accepimus,

432 5022 616 5109 quodcum
640 5025 794 5109 dominio,
819 5030 990 5094 consulatu
1014 5036 1047 5094 et
1069 5029 1247 5096 medietate
1271 5039 1489 5117 proventuum
1506 5031 1603 5096 castri
1621 5029 1815 5094 lr'rnsiuonis
1838 5029 1988 5096 fuissetis
2012 5033 2091 5097 olim
2143 5045 2168 5084 ³⁰

432 5149 491 5213 per
514 5129 673 5214 quosdam
695 5131 821 5197 balivos
845 5132 993 5198 Romane
1017 5135 1106 5198 curie
1130 5140 1243 5198 contra
1271 5135 1430 5200 iustitiam
1459 5134 1607 5221 spoliati,
1640 5133 1780 5198 dilectus
1805 5133 1891 5198 filius
1914 5142 2029 5200 noster
2050 5137 2091 5202 R.

431 5232 545 5297 Sancti
567 5234 689 5318 Angeli
721 5233 877 5301 diaconus
909 5237 1099 5318 cardinalis,
1131 5236 1310 5325 Campanis
1340 5239 1571 5324 Maritimequc
1601 5243 1726 5320 rector,
1757 5236 1905 5323 predicta
1932 5237 2026 5303 robis
2048 5239 2091 5306 de

536 5491 563 5561 1)
584 5491 626 5560 Os.
645 5507 673 5546 n.
694 5496 749 5547 779
766 5499 793 5548 et
812 5497 874 5551 797.
944 5495 972 5562 2)
992 5494 1172 5554 Innocentius
1190 5499 1211 5553 1
1215 5498 1239 5552 V
1249 5513 1330 5568 papa
1348 5515 1373 5552 a.
1392 5501 1471 5562 1247,
1492 5495 1548 5550 Oct.
1562 5499 1597 5549 13
1615 5496 1913 5566 epiacachnmanati
1928 5497 2094 5566 spiritualia

431 5584 458 5633 et
475 5580 638 5648 temporalia
655 5580 721 5635 inra
738 5581 820 5636 uitae
838 5582 1014 5637 Auximanae
1031 5583 1061 5638 in
1077 5585 1354 5656 recompensationem
1376 5584 1462 5639 cusiri
1479 5583 1678 5638 Recanatenais
1698 5582 1837 5648 submisit,
1859 5583 2002 5649 Pottbast,
2021 5585 2092 5655 Rep.

431 5667 538 5730 12726;
564 5667 614 5735 qni
639 5673 729 5722 tamen
746 5669 819 5722 banc
837 5669 982 5738 epistolam
1000 5685 1095 5725 errore
1118 5670 1224 5740 Upbelli
1247 5670 1375 5725 seriumne
1399 5671 1480 5724 ctiam
1500 5668 1637 5742 Greqaric
1660 5669 1709 5722 IX
1736 5669 1873 5740 arnapam
1900 5686 2012 5740 eamque
2039 5670 2092 5730 snb
2144 5677 2168 5722 ⁸⁵

438 5771 465 5810 a.
484 5756 565 5820 1240,
582 5751 653 5810 Mai.
672 5758 718 5824 22,
735 5756 802 5811 Inn.
820 5759 854 5810 21
872 5756 995 5827 [10000]
1013 5761 1039 5812 ct
1056 5756 1124 5814 Dec.
1143 5763 1180 5814 22
1198 5758 1317 5829 [10976]
1339 5757 1447 5827 posnit;
1464 5758 1502 5827 es.
1523 5757 1692 5830 eappemm',
1710 5757 1728 5813 i.
1746 5771 1769 5812 c.
1788 5760 1806 5813 t.
1832 5759 1895 5824 VII,
1911 5774 1939 5830 p.
1958 5760 2002 5815 99.
