4524 6412
797 399 996 455 EPISTOLAE
1013 401 1202 460 SELEC'PAE.
1238 407 1313 462 1227.

1014 701 1100 774 350.

347 804 537 913 Graccus
551 833 604 897 IX
620 855 711 915 papa
721 833 823 918 fratri
841 835 966 902 Galatae
980 839 1119 919 mandat,
1143 846 1178 904 at
1202 846 1332 908 rectores
1345 848 1500 912 societatis
1513 847 1721 917 Lombardiac
1735 854 1886 934 sollicitet,

229 940 264 998 at
287 937 410 1002 litteras
431 937 613 1017 imperatori
641 938 824 1020 dircpcadas
852 940 967 1005 iterum
994 943 1089 1006 scribi
1113 943 1240 1028 faciant
1267 951 1296 1010 ct
1326 950 1463 1014 munirem
1490 952 1666 1033 siptlloram
1693 958 1883 1037 appensione

228 1038 364 1116 uranici,
392 1042 422 1103 ct
449 1044 484 1103 at
509 1040 553 1104 ad
579 1039 763 1124 faeicruimu
798 1043 881 1106 iuter
906 1063 938 1107 sc
964 1044 1147 1109 divisionem
1174 1048 1309 1112 militam
1338 1051 1373 1113 ia
1403 1052 1519 1118 Terrae
1547 1054 1682 1122 Sanctae
1708 1059 1883 1124 subsidium

228 1142 447 1205 ocittcadorum
469 1143 608 1207 celeriter
622 1145 804 1224 procedant.
853 1145 900 1226 Cf.
923 1167 956 1212 a.
979 1151 1052 1226 349,
1075 1154 1138 1213 aot.
1163 1153 1192 1219 1.
1457 1156 1570 1240 [1227,
1592 1161 1699 1240 April.
1725 1163 1796 1246 16].

165 1270 176 1306 ⁵
334 1260 416 1329 Grec.
436 1261 486 1315 IX
503 1263 573 1333 Rrp.
591 1263 653 1316 Lib.
671 1263 697 1326 I,
716 1267 761 1316 29.

330 1346 464 1419 recreat,
485 1349 554 1420 acy.
575 1354 652 1404 roso
672 1353 697 1403 e
719 1354 797 1405 ezer,

622 1547 767 1620 Fratri
794 1547 900 1621 Gale
929 1548 1099 1621 ordinis
1126 1549 1476 1626 Predicatorum.

334 1692 532 1779 Recepimus
555 1696 696 1777 litteras,
725 1717 805 1783 quas
828 1696 869 1760 ad
892 1696 1005 1761 sedem
1032 1699 1247 1783 apostolicam
1269 1700 1438 1783 direxisti,
1469 1709 1503 1768 et
1530 1712 1643 1770 notata
1665 1727 1777 1774 earum
1801 1732 1879 1776 con-

226 1796 365 1860 tinentia
404 1798 578 1883 diligenter
618 1801 805 1886 scripsimus
849 1801 1030 1865 rectoribus
1073 1802 1239 1868 societatis
1275 1803 1534 1872 Lombardorum
1573 1812 1751 1876 secuudum
1794 1813 1879 1899 quod

152 1920 176 1956 ιο
227 1898 385 1985 expedire
410 1904 622 1986 cognovimus
646 1911 680 1969 et
702 1905 887 1968 litterarum
911 1912 1098 1970 nostrarum
1129 1907 1291 1992 inspectio
1314 1915 1347 1973 te
1370 1912 1491 1996 poterit
1512 1914 1662 1980 edocere.
1706 1917 1879 1984 Monemus

225 2003 325 2086 igitur
347 2004 517 2089 probatem
533 2007 790 2072 sollicitudinem
814 2015 904 2072 tuam
929 2016 962 2074 et
985 2031 1044 2095 per
1066 2012 1248 2095 apostolica
1270 2013 1331 2077 tibi
1355 2015 1476 2100 scripta
1492 2017 1695 2097 mandamus,
1718 2026 1878 2105 quatenus

225 2114 371 2171 rectores
407 2107 496 2193 ipsos
528 2111 685 2174 sollicites
715 2113 936 2193 incessanter,
970 2120 1006 2177 ut
1035 2114 1161 2178 litteras
1192 2115 1354 2201 imperiali
1384 2119 1572 2184 celsitudini
1600 2121 1788 2208 dirigendas
1818 2146 1878 2210 per

224 2230 355 2272 manum
378 2211 543 2295 publicam
572 2213 669 2277 scribi
692 2213 815 2278 faciant
842 2216 975 2294 iterato,
1005 2225 1039 2281 et
1071 2219 1155 2282 sicut
1184 2241 1270 2283 uunc
1299 2220 1490 2286 mandamus
1521 2229 1554 2288 et
1581 2244 1600 2287 a
1629 2225 1787 2312 principio
1817 2227 1879 2290 luit

221 2311 410 2376 mandatum
448 2314 588 2398 eisdem,
626 2317 676 2381 sui
718 2324 752 2382 et
784 2319 904 2384 nobilis
939 2320 1000 2383 viri
1034 2320 1232 2385 marchionis
1273 2322 1394 2388 Montis
1435 2324 1564 2390 Ferrati
1601 2348 1640 2391 ao
1676 2329 1877 2414 singularum

161 2441 172 2478 c
225 2415 394 2480 civitatum
416 2416 456 2482 de
487 2417 558 2503 ipse
586 2421 742 2486 societate
771 2422 952 2506 sigillorum
982 2424 1184 2508 appensione
1208 2426 1342 2500 muniri,
1372 2448 1410 2491 ac
1439 2428 1481 2491 ad
1510 2429 1696 2495 laciendum
1726 2432 1812 2497 inter
1840 2454 1876 2498 se

223 2517 417 2584 divisionem
446 2520 585 2584 militum
615 2522 648 2585 in
680 2522 782 2588 Terre
807 2523 928 2589 Sancte
958 2525 1140 2589 subsidium
1168 2527 1402 2592 mittendorum
1432 2540 1583 2598 cessante
1613 2533 1769 2598 dilatione
1800 2556 1876 2621 pro-

222 2620 349 2685 cedant.
395 2621 467 2696 Qua
490 2644 564 2686 cum
587 2625 819 2710 perfecerint²,
848 2627 889 2692 ad
912 2635 1057 2692 nostram
1083 2630 1283 2715 presentiam
1312 2633 1503 2714 revertaris,
1536 2641 1569 2699 et
1591 2641 1678 2700 totus
1701 2658 1876 2723 processus

222 2725 346 2810 negotii
369 2747 429 2810 per
450 2733 483 2790 te
506 2726 599 2792 nobis
620 2730 748 2813 plenius
772 2732 965 2796 innotescat.
1010 2731 1063 2795 Ad
1077 2732 1239 2796 cautelam
1255 2740 1364 2797 autem
1381 2734 1517 2800 formam
1533 2738 1714 2803 litterarum
1730 2740 1875 2825 ipsarum

222 2829 346 2896 eisdem
368 2829 488 2892 iterum
511 2830 570 2894 sub
593 2830 683 2896 bulla
704 2841 817 2898 nostra
839 2835 1043 2900 destinamus
1067 2835 1236 2903 inclusam.
1266 2839 1269 2846 ’

331 2945 418 3011 Data
439 2948 604 3034 Laterani,
628 2951 710 3016 XVI
732 2953 806 3018 Kal.
830 2955 965 3040 Aprilis,
990 2952 1089 3041 [anno
1112 2955 1261 3042 primolb.

1005 3461 1091 3534 351.

331 3568 519 3682 Greporias
548 3597 604 3664 IX
627 3621 719 3680 popa
747 3598 914 3665 Friderico
941 3599 1156 3664 Roneaaoram
1181 3601 1365 3680 imperatori
1390 3603 1534 3681 nuntiat,
1563 3608 1695 3669 rectores
1720 3607 1875 3672 societatis

222 3699 429 3768 Lorabardiae
439 3703 578 3787 formam
592 3703 771 3768 corcordiae
786 3709 978 3784 acceptassc;
999 3704 1136 3768 obsecrat
1151 3726 1228 3783 eaor,
1250 3709 1286 3768 at
1306 3704 1351 3768 ad
1368 3704 1498 3770 Terram
1513 3707 1663 3772 Sanctam
1678 3709 1875 3775 liberandam

224 3809 259 3870 ia
281 3807 416 3870 instanti
431 3808 582 3890 passayio
599 3810 741 3887 pmtcaar
763 3827 794 3872 se
816 3809 966 3890 acciapot.
1015 3807 1067 3891 ΟΥ.
1090 3828 1121 3874 a.
1145 3810 1217 3886 349,
1239 3813 1302 3875 aot.
1326 3813 1355 3872 1.
1452 3809 1565 3892 [1227,
1586 3809 1694 3890 April.
1718 3811 1786 3895 Io'J.

326 3924 408 3994 ἆνερ.
426 3925 475 3978 IX
492 3925 560 3994 ch.
578 3925 640 3979 Lib.
660 3926 685 3994 1,
705 3929 750 3980 30.

325 4011 458 4076 Poetae,
477 4011 543 4082 Ray.
563 4015 646 4066 raca.

328 4209 572 4302 Gregorius
599 4213 676 4281 etc.
704 4207 954 4298 Frederico,
981 4209 1151 4283 illustri
1178 4209 1476 4284 Romanorum
1503 4210 1761 4300 imperatori

667 4350 838 4420 semper
864 4335 1050 4422 augusto
1080 4336 1121 4403 et
1148 4331 1236 4423 regi
1263 4330 1423 4404 Sicilie.

328 4477 465 4542 Noverit
488 4483 544 4542 tua
566 4479 726 4543 serenitas
749 4486 895 4544 rectores
919 4480 1087 4545 societatis
1110 4479 1306 4545 Lombardie
1330 4480 1499 4544 humiliter
1521 4488 1711 4568 acceptasse
1735 4482 1872 4546 formam

222 4581 409 4664 concordie,
436 4604 499 4668 que
523 4583 608 4648 inter
631 4591 663 4648 te
687 4605 725 4648 ac
748 4583 888 4648 eandem
910 4585 1102 4648 societatem
1125 4605 1185 4670 per
1206 4583 1421 4670 apostolicam
1445 4583 1556 4648 sedem
1580 4585 1690 4648 extitit
1713 4583 1872 4666 ordinata,

222 4694 255 4750 et
278 4707 376 4772 super
398 4685 460 4751 hoc
482 4686 577 4750 nobis
602 4695 635 4751 et
651 4688 848 4752 excellentie
873 4694 927 4752 tue
951 4689 1044 4752 iuxta
1059 4688 1196 4752 formam
1219 4688 1266 4752 eis
1289 4687 1331 4751 ab
1348 4686 1530 4773 apostolica
1552 4686 1631 4752 sede
1647 4689 1872 4753 transmissam

221 4795 348 4858 litteras
372 4792 550 4870 direxisse,
581 4791 718 4875 scriptas
748 4811 807 4876 per
830 4791 995 4876 publicam
1022 4813 1153 4854 manum
1177 4797 1210 4855 et
1236 4790 1440 4854 diversorum
1463 4791 1645 4875 sigillorum
1669 4791 1871 4876 appensione

219 4897 372 4978 munitas,
396 4917 531 4981 quarum
546 4902 693 4959 tenorem
711 4896 902 4960 sublimitati
928 4903 984 4959 tue
1008 4895 1068 4960 sub
1091 4896 1181 4960 bulla
1203 4901 1315 4959 nostra
1330 4893 1532 4959 destinamus
1548 4895 1721 4974 inclusum,
1744 4895 1871 4959 litteras

220 5000 319 5085 ipsas,
343 5021 405 5085 que
429 4997 469 5063 ab
494 4999 542 5062 eis
565 5006 619 5062 tue
637 4998 825 5064 celsitudini
841 4998 1035 5084 diriguntur,
1059 4998 1118 5062 tibi
1135 5019 1194 5083 per
1209 5004 1450 5083 competentem
1471 4997 1621 5062 nuntium
1638 4997 1871 5077 transmissuri,

220 5124 293 5166 cum
316 5125 372 5168 eus
395 5103 491 5167 latori
515 5103 715 5188 presentium
744 5123 809 5166 non
837 5102 1028 5167 duxerimus
1051 5101 1310 5167 committendas.
1355 5101 1521 5187 Rogamus
1545 5101 1646 5185 igitur
1667 5099 1871 5184 imperialem

156 5231 167 5266 s
220 5207 511 5292 magnificentiam,
535 5226 704 5270 monemus
728 5211 762 5270 et
785 5204 995 5270 obsecramus
1019 5206 1052 5269 in
1074 5205 1236 5285 Domino,
1257 5205 1409 5288 quatinus
1432 5203 1473 5268 ad
1495 5211 1634 5283 terram,
1658 5202 1691 5266 in
1714 5222 1777 5287 qua
1800 5203 1871 5289 ipse

219 5309 370 5374 dominus
393 5307 488 5373 Iesus
512 5307 662 5372 Christus
686 5308 825 5372 salutem
851 5307 985 5372 humani
1007 5308 1138 5392 generis
1161 5307 1265 5371 voluit
1288 5307 1433 5391 operari,
1461 5306 1501 5370 de
1524 5306 1696 5394 impiorum
1720 5305 1871 5370 manibus

219 5414 290 5477 eius
306 5418 464 5498 preeunte
481 5411 604 5476 auxilio
621 5409 823 5476 liberandam
840 5418 882 5490 te,
906 5411 991 5476 sicut
1012 5413 1137 5477 teneris
1160 5416 1194 5475 et
1216 5410 1446 5475 excellentiam
1462 5415 1551 5474 tuam
1569 5407 1674 5490 decet,
1698 5409 1870 5494 magnilica

908 5569 1098 5576 ffl—
1105 5570 1129 5576 ,-
1140 5569 1309 5576 --—---—---
1316 5567 1445 5576 .-.--.--
1454 5567 1721 5572 .-.-.-..-........—...

328 5677 350 5736 ⁸)
369 5675 520 5742 prolbccriut
540 5675 569 5724 e.
653 5673 675 5737 l)
693 5691 762 5726 atrito
781 5672 862 5740 primo
880 5671 947 5722 decu
964 5673 990 5722 iu
1010 5671 1042 5722 ll.

1613 5759 1665 5812 a*
