4576 6390
110 4596 138 4635 40

109 5108 136 5148 ⁴⁵

759 385 959 441 namneum
976 387 1166 445 snnncnsn.
1202 391 1278 445 raas.
1784 389 1848 459 lae

193 568 359 627 vetustate
382 564 612 644 consumptum
643 559 791 623 innovari
815 558 856 624 de
885 560 1089 646 benignitate
1120 562 1208 627 sedis
1230 565 1411 650 apostolice
1434 563 1629 629 laceremus.
1674 563 1743 630 Nos
1761 587 1845 632 ¹vero

192 669 302 753 ipsum
323 665 532 752 privilegium
547 662 725 748 diligenter
746 671 844 749 prout
859 665 1012 730 convenit
1029 666 1148 750 inspici
1168 666 1338 749 faoientes,
1362 667 1444 732 illud
1465 667 1507 734 de
1523 668 1624 734 verbo
1647 668 1689 733 ad
1710 645 1848 734 verbum

194 768 347 833 duximus
371 765 601 832 innovandum.
646 765 755 831 Tenor
778 767 864 832 enim
889 767 1038 832 eiusdem
1060 769 1226 855 privilegii
1249 770 1324 834 talis
1348 777 1408 836 est.
1728 835 1730 839 ,

301 870 362 934 In¹
384 871 516 935 nomine
543 868 666 933 domini
688 869 752 934 Dei
785 870 891 934 eterni
921 879 955 934 et
985 871 1157 935 salvatoris
1191 873 1295 936 nostri
1318 872 1396 938 Iesu
1420 872 1552 938 Ohristi.
1596 874 1624 938 Ι.
1647 874 1849 938 humillimus

195 974 339 1039 omnium
363 994 532 1038 servorum
554 973 619 1038 Dei
643 979 677 1038 et
699 973 730 1035 in
762 981 876 1037 sancta
900 973 978 1039 sede
1001 973 1167 1056 Romana,
1195 976 1297 1041 totius
1321 977 1410 1041 orbis
1433 978 1603 1062 magistra,
1633 999 1698 1043 non
1722 979 1848 1042 meritis

191 1078 332 1164 propriis
365 1077 561 1141 constitutus
599 1075 658 1141 sed
690 1077 930 1142 intercessione
966 1077 1149 1142 beatissimi
1179 1080 1320 1165 apostoli
1350 1079 1441 1146 Petri
1474 1081 1630 1166 principis
1661 1081 1702 1146 ab
1734 1080 1848 1146 Omni-

191 1187 326 1267 potente
353 1180 387 1243 in
415 1180 618 1265 apostolatus
646 1199 722 1244 arce
753 1179 878 1244 electi⁸.
923 1179 1010 1252 Quia
1031 1180 1193 1246 Dominus
1224 1189 1338 1247 noster
1366 1203 1444 1248 oves
1475 1186 1642 1270 propriae,
1675 1204 1756 1268 quas
1788 1203 1848 1248 suo

191 1284 336 1370 pretioso
359 1282 518 1366 sanguine
542 1279 697 1361 redemit,
729 1281 825 1345 beato
849 1281 949 1345 Petro
972 1282 1153 1368 pascendas
1177 1286 1355 1362 commisit,
1387 1293 1515 1351 constat
1537 1287 1690 1350 nimirum
1713 1292 1847 1350 cunctos

190 1385 255 1451 Dei
279 1386 421 1450 cultores
444 1385 547 1469 ipsius
571 1384 677 1470 subici
697 1384 844 1465 tuitioni,
875 1386 967 1449 cuius
989 1406 1050 1450 nos
1073 1387 1194 1472 ubique
1216 1409 1282 1452 non
1302 1387 1482 1453 diffidimus
1505 1391 1633 1475 protegi
1655 1389 1848 1475 patrocinio.

193 1490 401 1576 Quapropter
429 1488 508 1552 satis
539 1487 774 1552 convenienter
803 1509 917 1552 omnes
947 1487 1152 1554 Christianos
1186 1491 1228 1554 ad
1260 1498 1406 1556 sanctam
1442 1499 1577 1558 matrem
1609 1493 1784 1557 ecclesiam
1813 1497 1848 1555 et

192 1592 406 1679 apostolicam
429 1590 543 1656 sedem
566 1596 697 1676 oportet
719 1590 859 1675 prebere
883 1611 1090 1666 concursum,
1114 1595 1225 1658 taliter
1247 1602 1283 1658 ut
1304 1596 1419 1680 populi
1435 1595 1567 1660 devotio
1591 1594 1770 1660 conditoris
1795 1594 1846 1658 sui

192 1695 427 1760 convenienter
453 1694 608 1758 sortiatur
640 1693 793 1757 effectum
826 1700 859 1756 et
888 1693 943 1779 pie
966 1696 1218 1760 constructionis
1242 1698 1382 1761 oraculis
1405 1699 1439 1761 in
1462 1698 1644 1783 privilegiis
1667 1696 1847 1782 largiendis

191 1800 324 1863 minime
347 1798 531 1882 denegetur
552 1796 719 1860 auxilium.
766 1796 887 1880 Igitur,
919 1797 995 1880 quia
1018 1798 1196 1882 postulavit
1219 1821 1238 1862 a
1260 1800 1355 1864 nohis
1377 1800 1445 1864 tilia
1468 1809 1580 1866 nostra
1601 1799 1763 1866 Adaleida
1785 1801 1848 1863 im-

190 1902 337 1988 peratrix
359 1909 513 1986 augusta,
544 1906 581 1962 ut
604 1899 839 1963 monasterium
862 1899 895 1962 in
917 1900 1051 1964 Alsacia
1073 1922 1172 1986 supra
1195 1903 1302 1966 locum
1324 1903 1405 1966 iuris
1430 1904 1497 1983 sui,
1528 1905 1583 1989 qui
1606 1903 1726 1968 dicitur
1749 1903 1845 1982 Salei,

193 2006 285 2069 iuxta
307 2005 438 2084 flumen,
461 2003 548 2089 quod
564 2009 700 2066 vocatur
714 2001 853 2082 Matra²,
877 2003 918 2067 ob
938 2003 1197 2090 redemptionem
1217 2007 1392 2070 illustrium
1408 2006 1548 2070 Romani
1572 2006 1702 2092 imperii
1725 2006 1844 2090 guber-

191 2115 355 2187 natorum,
388 2105 543 2171 videlieet
565 2106 674 2189 magni
697 2104 821 2168 domini
847 2127 885 2168 ac
916 2106 982 2169 cari
1012 2107 1062 2170 sui
1086 2105 1217 2172 Ottonis
1245 2108 1369 2192 filiique
1393 2130 1505 2174 eorum
1530 2110 1679 2174 similiter
1702 2101 1844 2190 Ottonis,

191 2213 247 2296 qui
275 2218 351 2275 ante
381 2210 555 2274 ecclesiam
582 2207 672 2271 beati
694 2207 785 2272 Petri
813 2209 971 2294 principis
1002 2211 1105 2273 nostri
1136 2212 1283 2297 sepultus
1315 2219 1382 2292 est,
1414 2233 1610 2297 suorumque
1639 2212 1681 2275 ob
1714 2213 1844 2276 veniam

190 2321 401 2402 peccatorum
416 2333 478 2376 neo
495 2333 560 2376 non
577 2311 721 2375 omnium
745 2331 875 2374 suorum
892 2311 1037 2376 fidelium
1054 2321 1237 2399 parentum,
1260 2314 1302 2377 ad
1319 2320 1466 2379 eternam
1482 2315 1604 2380 Christi
1620 2315 1698 2380 Iesu
1715 2313 1845 2379 laudem

191 2419 225 2481 in
241 2418 365 2481 honore
381 2415 472 2480 Petri
487 2435 525 2477 ac
537 2414 632 2477 Pauli
649 2413 874 2499 apostolorum
891 2413 1103 2480 devotissime
1120 2422 1350 2496 constructum,
1367 2417 1541 2502 privilegio
1558 2418 1646 2482 sedis
1663 2418 1843 2504 apostolice

192 2523 374 2600 decoretur,
398 2527 432 2584 et
447 2540 487 2583 ea
503 2519 654 2582 libertate
678 2517 711 2579 in
728 2524 878 2581 eternum
893 2516 1064 2598 donemus,
1088 2526 1123 2582 ut
1138 2520 1228 2583 nullo
1247 2527 1394 2606 tempore
1411 2521 1487 2584 ullis
1504 2521 1685 2585 rationibus
1708 2520 1843 2584 libertas

191 2625 263 2689 eius
286 2629 527 2708 corrumpatur,
555 2639 661 2703 neque
690 2641 789 2706 super
816 2621 906 2706 ipsos
930 2622 1108 2686 monachos
1131 2622 1197 2686 illic
1219 2621 1361 2686 Domino
1384 2623 1580 2688 famulantes
1604 2624 1674 2688 sine
1697 2623 1843 2708 ipsorum

191 2727 353 2791 electione
382 2725 484 2789 abbas
515 2723 744 2802 constituatur,
775 2722 1003 2807 dignissimum
1032 2732 1098 2804 est,
1130 2731 1167 2787 ut
1195 2724 1264 2789 eius
1289 2723 1579 2790 Christianissimis
1611 2725 1762 2812 precibus
1786 2723 1844 2788 ad-

190 2831 397 2915 quiescamus
428 2835 462 2894 et
489 2849 584 2892 omne
615 2825 702 2912 quod
730 2827 815 2889 iuste
844 2827 1033 2912 expostulat
1060 2827 1269 2911 integerrime
1299 2827 1547 2914 adimpleamus.
1593 2828 1750 2892 Preterea
1779 2827 1844 2913 piis

191 2935 262 2997 eius
292 2932 464 2998 desideriis
499 2952 694 2996 consensum
728 2936 765 2993 ut
798 2928 932 3013 dignum
967 2938 1017 2994 est
1053 2931 1245 3015 prebentes,
1284 2931 1431 3016 predicto
1466 2933 1664 2997 monasterio
1698 2932 1842 3018 ipsisque

190 3037 347 3116 fratribus
381 3034 427 3099 ibi
456 3033 634 3098 secundum
666 3033 756 3097 beati
784 3032 959 3097 Benedicti
986 3034 1134 3117 regulam
1166 3033 1380 3098 militantibus
1412 3057 1472 3121 per
1500 3035 1597 3099 huius
1626 3041 1737 3098 nostre
1768 3054 1844 3119 pre-

191 3138 373 3226 captionisb
401 3138 629 3202 auctoritatem
658 3135 691 3198 id
721 3135 807 3220 qnod
831 3135 981 3222 exposcit
1009 3136 1165 3219 largimur
1187 3142 1221 3199 et
1251 3137 1432 3222 apostoliea
1454 3137 1586 3202 datione
1610 3135 1844 3200 consentimus.

189 3244 312 3309 Nostra
346 3242 444 3306 etiam
473 3240 667 3305 auctoritate
698 3259 736 3302 aa
767 3245 949 3323 spontanea
977 3238 1129 3321 largitate
1162 3236 1203 3302 ob
1234 3237 1391 3302 honorem
1422 3238 1645 3324 apostolorum
1675 3239 1843 3325 ipsiusque

189 3345 406 3431 imperatricis
429 3364 573 3407 amorem
599 3342 827 3428 permittentes
851 3340 999 3405 eiusdem
1030 3341 1219 3406 monasterii
1242 3340 1396 3406 abbatem
1427 3363 1500 3406 cum
1531 3341 1686 3406 sandaliis
1710 3348 1744 3406 et
1772 3340 1842 3404 dal-

189 3449 310 3512 matica
332 3449 507 3512 missarum
530 3444 637 3509 officia
659 3444 847 3522 celebrare,
877 3443 1135 3508 consecrandum
1158 3444 1256 3508 etiam
1279 3443 1320 3509 ab
1342 3465 1383 3508 eo
1406 3446 1577 3532 episeopo,
1606 3465 1703 3529 quem
1727 3450 1845 3507 cuneta

190 3554 325 3618 fratrum
353 3552 470 3616 cohors
496 3549 733 3615 convocaverit.
782 3547 898 3632 Itaque
925 3548 1047 3611 nullius
1077 3548 1217 3612 ecclesie
1245 3547 1449 3613 sacerdotem
1477 3549 1510 3611 in
1538 3547 1701 3632 prelatum
1730 3565 1842 3608 mona-

189 3659 326 3720 sterium
355 3654 487 3740 aliquod
516 3654 566 3717 sui
597 3655 761 3738 prioratus
789 3651 992 3738 pontificium
1022 3652 1242 3736 permittimus
1272 3651 1469 3717 habiturum.
1518 3649 1615 3714 Illum
1644 3650 1760 3726 etiam,
1789 3648 1844 3732 qui

190 3760 315 3824 civitati
332 3758 514 3843 Argentine
529 3776 616 3820 nunc
632 3775 765 3840 preesse
783 3754 974 3833 dinoscitur,
996 3754 1153 3838 illumque
1170 3754 1302 3838 pariter,
1327 3753 1381 3838 qui
1403 3761 1519 3840 postea
1535 3759 1587 3817 est
1607 3750 1841 3836 adquisiturus,

188 3863 311 3927 nullam
335 3860 610 3940 contrarietatem,
633 3860 756 3923 nullam
779 3858 1042 3923 dominacionem
1064 3859 1099 3921 in
1121 3854 1303 3943 predictum
1319 3858 1553 3922 monasterium
1576 3853 1758 3920 extendere
1781 3852 1843 3917 hac

189 3967 383 4032 auctoritate
407 3963 495 4029 sedis
512 3963 691 4051 apostolice
707 3962 932 4048 prohibemus,
955 3963 1001 4025 ita
1023 3968 1060 4025 ut
1081 3961 1172 4024 nulla
1188 3959 1407 4024 conciliabula
1428 3960 1551 4025 ibidem
1567 3957 1686 4042 aliquis
1709 3955 1843 4040 incipiat

190 4068 405 4155 pretendere,
434 4089 495 4133 nee
523 4068 688 4152 quaslibet
714 4073 825 4152 partes
857 4067 1126 4142 elemosinarum,
1155 4085 1218 4149 que
1245 4064 1287 4128 ad
1318 4085 1413 4128 usum
1436 4062 1626 4127 monasterii
1648 4081 1668 4124 a
1690 4058 1843 4124 fidelibus

189 4173 308 4237 collata
330 4171 468 4249 luerint,
499 4171 532 4235 in
556 4191 647 4234 suam
671 4177 799 4257 partem
822 4170 973 4254 exigere,
996 4189 1103 4253 neque
1126 4166 1270 4232 decimas
1294 4187 1400 4252 neque
1423 4173 1528 4232 terras
1551 4184 1657 4248 neque
1681 4161 1842 4226 ecclesias

187 4296 295 4360 neque
318 4274 490 4338 thesauros
513 4293 620 4357 neque
642 4273 746 4338 libros
769 4293 875 4359 neque
897 4271 1021 4357 aliquid
1044 4272 1085 4337 ab
1108 4272 1181 4357 ipsa
1202 4271 1394 4335 beatissima
1418 4269 1625 4356 imperatrice
1650 4285 1842 4331 concessum

188 4379 242 4442 vel
264 4378 306 4442 ab
330 4378 403 4442 aliis
426 4383 543 4464 postea
566 4378 712 4443 oblatum
735 4381 910 4462 attemptet
938 4375 1082 4454 auterre,
1112 4394 1152 4438 eo
1181 4372 1267 4458 quod
1298 4373 1479 4458 apostolice
1504 4371 1574 4436 sedi
1596 4372 1703 4457 ipsum
1726 4389 1840 4432 mona-

190 4483 325 4546 sterium
349 4502 423 4545 curn
439 4480 588 4545 omnibus
610 4479 653 4544 ad
675 4501 710 4544 se
725 4478 966 4566 pertinentibus
987 4498 1054 4542 non
1076 4482 1240 4561 potestate
1256 4474 1441 4540 donationis
1465 4480 1516 4539 set
1530 4472 1693 4539 libertatis
1716 4477 1842 4535 tantum

190 4605 289 4650 causa
318 4584 361 4648 sit
389 4582 572 4648 subiectum
601 4588 634 4647 et
655 4581 803 4647 Romane
835 4580 924 4646 sedis
957 4581 1133 4646 securitate
1162 4579 1209 4643 ita
1230 4577 1304 4642 Deo
1331 4583 1464 4642 auctore
1486 4577 1649 4641 munitum
1672 4580 1705 4639 et
1728 4579 1844 4638 contra

187 4709 301 4752 omnes
324 4689 479 4752 mortales
501 4693 613 4751 nostra
635 4685 827 4750 defensione
850 4692 1021 4765 armatum,
1044 4691 1081 4748 ut
1104 4689 1220 4748 eterna
1241 4683 1284 4746 sit
1305 4701 1393 4767 pena
1406 4679 1621 4760 damnandus,
1645 4679 1841 4765 quicumque

185 4793 329 4876 aliquam
351 4791 617 4856 contrarietatem
645 4790 709 4875 ipsi
740 4789 940 4854 monasterio
964 4789 1017 4854 vel
1047 4788 1094 4853 ibi
1116 4787 1258 4852 Domino
1288 4785 1508 4850 servientibus
1537 4782 1670 4874 fecerit,
1700 4788 1758 4845 aut
1787 4781 1843 4866 qui

186 4895 366 4982 cupiditate
395 4894 516 4958 misera
538 4893 727 4957 vulneratus
756 4892 899 4976 aliquam
928 4891 1122 4977 particulam
1150 4897 1237 4955 terre
1261 4887 1408 4954 eiusdem
1430 4884 1622 4951 monasterii
1643 4903 1785 4967 unquam
1809 4883 1843 4946 in

189 5021 249 5065 sua
270 4996 449 5082 redegerit,
479 5003 535 5060 aut
563 4997 618 5082 qui
644 5017 703 5082 per
725 4993 856 5081 aliquod
885 4995 1052 5080 ingenium
1082 4993 1116 5059 id
1144 4995 1251 5079 ipsum
1273 4989 1508 5056 monasterium
1536 4987 1634 5052 rebus
1663 4986 1731 5050 suis
1754 4986 1842 5048 intus

187 5103 241 5166 vel
269 5100 350 5166 foris
377 5100 562 5165 arctaverit.
613 5099 719 5184 Igitur
747 5105 784 5162 ut
813 5098 875 5163 heo
906 5119 927 5162 a
953 5097 1048 5162 nobis
1075 5095 1149 5161 Deo
1178 5095 1404 5162 consentiente
1437 5088 1615 5156 secundum
1643 5086 1842 5152 desiderium

187 5206 277 5270 illius
301 5204 507 5269 sanctissime
536 5201 753 5289 imperatricis
782 5199 931 5265 ordinata
962 5200 1088 5265 cunctis
1119 5205 1272 5263 maneant
1299 5197 1496 5261 inconeussa
1518 5199 1552 5256 et
1578 5190 1736 5255 inviolata
1758 5196 1842 5253 tem-

294 5513 316 5573 ·)
334 5515 431 5566 electus
451 5512 577 5580 Saboepst.
659 5510 683 5578 1’)
701 5513 871 5580 perceptionis
888 5512 921 5562 R.

291 5649 317 5716 1)
335 5649 408 5716 Iaffr'
425 5648 549 5702 stanna
565 5651 720 5715 suspectam
737 5644 814 5699 dicit
883 5643 911 5712 2)
930 5641 1023 5696 Hodie
1041 5641 1151 5698 Motter.
