4538 6426
1003 349 1051 401 Ex
1070 348 1225 402 HONORII
1245 347 1284 401 ΙΙΙ
1303 345 1483 400 austerae

970 561 1186 652 Episcopo
1215 559 1512 631 Olomuccnsi.

525 714 732 779 Presentium
760 713 821 776 tibi
843 711 1036 775 auctoritate
1067 711 1184 774 iterate
1207 708 1416 795 precipiendo
1440 707 1645 788 mandamus,
1676 709 1827 793 quatinus
1851 709 2067 792 interdictum,

418 817 503 881 sicut
531 823 583 882 est
613 817 755 902 positum
784 816 817 878 iu
845 815 1006 898 Pragensi
1038 813 1161 877 diocesi
1190 801 1249 898 per
1277 813 1499 876 venerabilem
1528 812 1661 876 fratrem
1694 820 1840 875 nostrum
1866 813 2067 899 Pragensem

418 921 632 1007 episeopum¹
667 925 701 983 et
738 919 869 982 demum
904 918 1097 980 auctoritate
1137 916 1316 1001 apostolica
1352 915 1593 992 confirmatum,
1629 915 1831 980 relaxatione
1869 919 2067 984 venerabilis

418 1023 527 1086 fratris
564 1023 667 1086 nostri
696 1022 880 1106 bloguntini
914 1021 1179 1107 archiepiscopi²
1217 1041 1281 1083 non
1313 1020 1482 1096 obstante,
1523 1019 1556 1080 in
1590 1019 1739 1082 ecclesiis
1770 1018 1998 1086 Cisterciensis
2034 1031 2067 1088 ct
2121 1053 2132 1087 a

418 1125 734 1190 Premonstratensis
757 1124 906 1188 ordinum
930 1132 963 1188 et
985 1124 1285 1209 Hospitalarierum
1308 1129 1341 1186 et
1365 1121 1519 1200 omnium,
1543 1129 1609 1184 tarn
1633 1129 1859 1208 exemptarum
1884 1145 1979 1207 qnam
2003 1148 2068 1189 non

419 1234 646 1314 exempterum
670 1227 819 1292 eiusdem
848 1226 1005 1307 diocesis,
1035 1227 1136 1290 facias
1160 1247 1219 1310 per
1243 1245 1413 1288 censuram
1438 1225 1712 1304 ecclesiasticam,
1743 1233 1868 1289 remote
1892 1229 2069 1294 cuiuslibet

419 1330 686 1396 contradictionis
709 1336 743 1394 et
765 1330 996 1416 appellationis
1014 1330 1194 1408 obstaculo,
1218 1328 1354 1390 firmiter
1375 1326 1553 1406 observari,
1577 1327 1862 1393 nonobstantibus
1886 1332 2068 1416 privilegiis

419 1433 543 1498 eisdem
566 1434 773 1498 monasteriis
796 1433 837 1496 ab
861 1433 1042 1518 apostolica
1066 1431 1143 1496 sede
1168 1430 1345 1494 concessis.

526 1535 602 1601 Dat.
625 1537 777 1601 Lateran.
802 1534 851 1598 IV
874 1556 976 1600 nenas
999 1535 1120 1615 Martii,
1143 1554 1227 1597 anno
1253 1531 1404 1596 seeundo.
2122 1563 2145 1596 a

526 1638 565 1701 In
589 1638 729 1702 eundem
759 1638 890 1702 modum
915 1639 1071 1723 scriptum
1103 1644 1154 1701 est
1178 1687 1183 1699 .
1211 1685 1217 1700 .
1249 1636 1428 1721 episcopo³
1460 1643 1492 1700 et
1523 1685 1562 1699 ..
1588 1635 1699 1699 Sancti
1723 1637 1954 1702 Emmerammi
1977 1640 2069 1704 Rati-

421 1741 593 1826 sponensis
623 1747 687 1805 et.
715 1789 722 1802 .
747 1740 787 1807 de
810 1741 1023 1805 Wallerbach
1048 1739 1277 1804 Cisterciensis
1301 1738 1422 1802 ordinis
1446 1739 1695 1824 Ratisponensis
1719 1740 1861 1804 diocesis
1885 1744 2069 1807 abbatibus.

419 1844 627 1908 Prosentium
654 1845 746 1908 vobis
770 1845 962 1908 auctoritate
991 1842 1201 1930 precipiendo
1229 1841 1420 1905 mandamus
1452 1849 1513 1926 ete.
1548 1849 1584 1905 ut
1619 1865 1717 1928 supra
1741 1866 1858 1929 usque:
1893 1849 2069 1910 concessis.

422 1945 518 2020 Quod
540 1948 568 2011 si
590 1968 655 2012 nen
679 1969 791 2012 omnes
816 1985 866 2028 —,
890 1953 926 2010 tu
948 1968 998 2028 ea,
1020 1946 1120 2009 frater
1143 1945 1306 2030 episcope,
1330 1966 1401 2008 cum
1424 1965 1536 2008 eornm
1559 1946 1661 2009 altero
1684 1954 1745 2010 etc.

527 2051 603 2115 Dat.
626 2052 778 2116 Lateran.
802 2049 866 2113 XV
889 2048 963 2113 Kal.
988 2049 1107 2131 Martii,
1131 2069 1215 2112 anne
1240 2047 1393 2112 secundo.

1041 2291 1307 2298 ....-..-—----.
1318 2291 1324 2295 ,
1373 2289 1452 2294 -.-,.-,

1219 2551 1278 2623 51.

534 2661 722 2753 Hatra
753 2688 818 2752 ΠΙ
837 2711 929 2770 papa
961 2689 1140 2773 sparta]
1168 2691 1306 2770 episcopo
1334 2686 1490 2768 quarata
1519 2685 1780 2750 rraraaaaaaa·
1812 2693 1841 2750 a
1868 2689 2074 2774 [naam-aa]

421 2792 528 2856 abbati
561 2791 597 2855 de
634 2789 720 2856 Gella
758 2797 788 2855 et
821 2793 970 2874 irrepistre
1007 2792 1151 2857 Conrado
1188 2793 1225 2855 dc
1261 2791 1416 2854 Marburc
1453 2791 1691 2852 controversiam
1733 2791 1815 2853 irater
1850 2793 2074 2856 aaoaostcrium

421 2893 656 2975 Mcabrarpcuse
678 2897 916 2974 capartorem
938 2899 967 2957 ct
988 2894 1188 2977 [Alberlam]
1210 2895 1317 2958 (lavacra
1333 2893 1493 2958 Saaoaiac
1514 2913 1551 2954 ac
1566 2891 1740 2954 Ilcaricam
1762 2893 1898 2956 cera-item
1920 2895 2075 2958 Asteriae

415 2996 552 3080 fratrom
574 2997 641 3062 eius
663 3018 702 3060 ca
724 2998 829 3062 altera
851 3001 950 3060 ortam
972 2998 1133 3062 comanitla'l
1154 2997 1395 3062 tervanensium.
1714 2999 1807 3074 1218,
1830 2996 1931 3060 Μανί.
1957 2999 1985 3060 9.

524 3116 598 3170 Hora
619 3116 679 3169 ΙΙΙ
692 3117 760 3188 Ray.
785 3117 841 3171 Vol.
860 3117 885 3186 Ι,
904 3120 974 3183 229;
992 3116 1057 3170 Lib.
1076 3115 1120 3184 II,
1140 3119 1203 3168 940.

523 3202 663 3271 Pottbaat
681 3201 750 3271 aa.
770 3207 848 3258 5716.

520 3431 560 3504 C.
589 3431 803 3522 episcopo
831 3435 1054 3525 quondam
1080 3433 1437 3518 Alberstadensi‚
1471 3489 1479 3505 .
1510 3488 1519 3505 .
1548 3429 1696 3504 abbati
1724 3432 1773 3503 dc
1802 3431 1922 3504 Cella
1949 3436 1990 3503 et

530 3551 744 3643 magistro
773 3552 979 3629 Conrado
1007 3557 1057 3628 de
1084 3556 1307 3643 Marburc,
1335 3554 1609 3646 predicatori
1636 3551 1888 3644 Magantinc
1916 3558 1957 3624 et

990 3675 1236 3749 Misnensis
1264 3676 1507 3748 diocesem.

528 3819 581 3884 Ex
603 3830 696 3907 parte
721 3873 728 3888 .
753 3871 761 3886 .
785 3823 914 3887 abbatis
950 3831 983 3888 et
1019 3832 1198 3888 conventus
1236 3823 1426 3887 monasterii
1453 3821 1748 3906 Nihemburgensis
1783 3822 1844 3885 fuit
1871 3824 2075 3908 propesitum
2129 3852 2152 3886 aa

422 3943 530 3986 coram
559 3924 667 4006 nobis,
703 3925 789 4010 qued
821 3947 892 3990 cum
927 3927 1032 3991 felicis
1065 3928 1221 3992 memorio
1249 3922 1486 4012 llnnoccntius]
1519 3946 1604 4010 papa
1632 3925 1847 4009 prodecessor
1874 3935 1986 3989 noster
2017 3947 2076 4010 pro

371 4075 372 4078 ,
422 4046 531 4106 causa,
555 4028 726 4111 quainter
750 4030 856 4114 ipsum
878 4033 1113 4095 monasterium
1137 4053 1179 4094 ex
1201 4039 1294 4116 parte
1317 4051 1382 4093 una
1406 4037 1439 4093 et
1461 4029 1588 4092 nobiles
1612 4031 1698 4092 viros
1723 4081 1729 4095 .
1755 4079 1761 4092 .
1786 4029 1901 4093 ducem
1933 4031 2076 4094 Saxonie

422 4148 459 4191 ac
481 4127 664 4193 Henricum
693 4132 846 4195 comitem
868 4132 1003 4197 Ascarie
1032 4133 1167 4196 fratrem
1195 4133 1265 4196 eius
1296 4132 1435 4196 diocesis
1467 4131 1757 4196 Haiberstadensis
1782 4154 1823 4195 ox
1853 4134 1955 4197 altera
1978 4155 2078 4218 super

422 4231 560 4312 mansis,
585 4232 692 4314 silvis,
719 4236 865 4318 pascuis,
890 4237 983 4320 equis
1007 4245 1040 4300 et
1062 4237 1136 4300 aliis
1159 4236 1368 4313 animalibus,
1392 4255 1430 4298 ae
1453 4233 1601 4319 dampnis
1625 4242 1658 4298 et
1680 4236 1806 4299 iniuriis
1831 4236 1871 4299 ab
1894 4235 2018 4300 eisdem
2044 4245 2077 4300 ot

422 4338 514 4417 patre
539 4334 683 4419 ipserum
706 4335 792 4400 dicto
817 4339 1013 4403 monasterio
1038 4339 1188 4422 irrogatis
1212 4339 1358 4402 noscitur
1380 4339 1507 4421 agitari,
1530 4337 1614 4402 bone
1636 4339 1790 4402 memorie
1807 4339 2074 4424 Merseburgensi
2127 4365 2152 4400 a

423 4435 601 4521 episcopo*
628 4444 661 4501 et
689 4439 912 4504 coniudicibus
945 4443 1012 4504 suis
1042 4440 1217 4505 direxisset
1250 4443 1372 4526 pluries
1410 4442 1529 4526 scripta
1560 4462 1633 4521 sua,
1668 4448 1701 4504 et
1733 4441 1847 4506 eadem
1874 4443 2078 4526 nequivisset

422 4538 589 4602 terminari
612 4561 671 4624 per
693 4541 793 4627 ipsos,
816 4564 875 4606 nec
901 4551 1087 4628 speraretur
1109 4545 1141 4606 in
1165 4551 1334 4628 posterum
1358 4543 1576 4623 terminanda,
1602 4544 1686 4607 sieut
1706 4544 1793 4608 idem
1814 4545 1988 4630 episcopus
2010 4547 2076 4609 suis

425 4641 456 4704 ei
491 4641 609 4706 litteris
641 4645 819 4726 intimavit,
855 4647 940 4731 ipse,
979 4648 1094 4712 nolens
1124 4646 1308 4711 huiusmodi
1337 4647 1427 4710 litem
1459 4647 1601 4710 existere
1631 4648 1864 4726 immortalem,
1896 4649 2078 4712 venerabili

422 4743 513 4836 fratri
536 4753 648 4809 nostro
667 4745 940 4813 Halberstadensi
964 4751 1146 4835 episcop0⁵
1174 4757 1207 4814 et
1230 4750 1366 4834 collegis
1390 4750 1492 4835 ipsius
1513 4751 1579 4812 suis
1597 4750 1686 4814 dedit
1708 4751 1826 4814 litteris
1849 4751 1882 4814 in
1905 4752 2077 4832 mandatis,

422 4853 458 4910 ut
481 4847 609 4932 utrique
633 4851 719 4934 parti
742 4851 878 4915 firmiter
901 4852 970 4915 eius
994 4853 1187 4916 auctoritate
1212 4853 1430 4935 iniungerent‚
1452 4860 1488 4915 ut
1510 4852 1543 4915 in
1567 4853 1690 4916 octavis
1710 4853 1903 4939 Epyphanic
1927 4856 2075 4938 proximo
2129 4883 2148 4916 a.

424 4957 503 5012 tunc
526 4949 658 5030 futuris,
689 4974 768 5037 quas
793 4955 841 5018 eis
864 4956 1120 5041 peremptorium
1143 4955 1340 5038 assignavit,
1372 4961 1506 5039 propter
1533 4954 1595 5018 hoc
1626 4963 1853 5040 procuratores
1877 4957 2012 5021 idoncos
2036 4957 2077 5020 ad

424 5052 495 5117 eius
519 5055 717 5138 presentiam
741 5055 952 5136 destinarent,
978 5059 1010 5120 in
1032 5058 1164 5141 negotio
1188 5058 1259 5142 ipso
1284 5057 1463 5120 seeundum
1487 5057 1573 5140 quod
1593 5058 1673 5121 iuris
1698 5057 1775 5122 erdo
1800 5059 1982 5142 requireret
2000 5081 2076 5144 pro-

423 5177 584 5220 cessuros.
630 5157 784 5243 Alioquin
801 5170 935 5225 extunc
953 5162 1023 5245 ipse
1041 5160 1279 5240 nichilominus,
1304 5168 1399 5245 prout
1415 5161 1564 5244 exigeret
1583 5163 1675 5240 ratio,
1692 5161 1885 5247 procederet
1902 5163 1933 5224 in
1951 5163 2077 5228 eodem.

422 5259 516 5323 Licet
540 5267 649 5324 autem
671 5262 819 5347 prefatus
843 5264 1015 5349 episcopus
1033 5271 1065 5327 et
1081 5265 1151 5327 eius
1167 5264 1294 5347 college
1311 5263 1396 5327 dieto
1420 5265 1530 5327 comiti
1546 5265 1719 5329 terminum
1735 5265 1927 5329 auctoritate
1943 5273 2076 5351 apesto-

423 5363 487 5425 liea
509 5363 700 5447 prefixerint
722 5368 987 5452 suprascriptum,
1011 5368 1082 5452 ipse
1100 5373 1209 5430 tamen
1232 5375 1487 5453 procuratorem,
1512 5368 1567 5452 qui
1585 5367 1765 5453 procedere
1782 5377 1895 5452 posset
1918 5369 1950 5431 in
1967 5391 2076 5442 causa.¹
2128 5395 2152 5430 a

433 5649 434 5652 ¹
529 5622 554 5688 1)
574 5620 721 5673 Andrcara.
791 5623 818 5690 2)
838 5623 944 5690 eiraldi
962 5624 1004 5677 II.
1077 5625 1103 5692 3)
1126 5623 1253 5677 Conrado
1272 5624 1324 5677 IV.
1394 5625 1421 5690 4)
1446 5625 1620 5680 Theoderico,
1691 5627 1718 5694 5)
1738 5626 1891 5678 Fridcrr'ca
