4576 6390
746 397 947 454 EPISTOLAE
965 400 1155 457 SELECTAE.
1191 403 1268 490 1233.
1777 411 1840 474 439

180 568 321 646 quantur
344 570 407 631 tres
429 567 550 634 litterae
564 568 725 634 Friderici
738 569 953 636 &manorum
974 573 1173 654 imperatoris
1194 575 1231 639 de
1247 596 1328 657 pace
1349 597 1419 640 cum
1437 576 1605 642 Gaietanis
1625 577 1839 663 referrnanda,

181 673 318 749 quaeat
340 670 463 735 videtur
478 693 568 754 papa
591 675 701 738 iisdem
723 675 780 739 sub
803 675 890 740 brello
912 695 971 740 saa
994 678 1187 744 transmisit:
1220 680 1255 756 1)
1271 679 1491 762 privilepiam,
1523 701 1584 762 quo
1605 683 1671 764 cepi
1697 683 1840 749 (lauram

179 771 249 851 filio
281 792 337 838 sao
370 774 525 840 civitatem
556 777 748 843 Gaieternom
780 779 893 859 tradit,
925 781 963 864 2)
990 781 1206 864 privilepiam,
1242 804 1302 864 quc
1333 784 1502 849 Gaietanis
1534 805 1655 850 munem
1689 786 1840 864 offensam

183 876 342 941 remittens
360 876 489 958 plenam
512 881 707 945 securitatem
727 902 784 962 per
805 883 980 964 imperium,
1002 904 1132 967 reputem
1155 885 1286 952 Siciliae
1307 890 1337 950 ct
1358 891 1455 952 latrem
1474 907 1562 968 posse
1583 907 1675 952 mam
1696 888 1840 966 concedit,

40 985 43 990 '
119 1002 131 1039 s
183 978 220 1061 3)
243 979 382 1059 epistola,
404 1001 468 1062 quc
486 981 633 1064 fidelibus
654 985 722 1048 suis
743 985 833 1067 reperi
854 985 985 1050 Siciliae
1006 987 1148 1068 mundat,
1171 993 1206 1052 ut
1227 990 1309 1054 lonc
1330 991 1526 1056 securitatem
1548 990 1716 1059 observent.

1488 1097 1582 1173 1233,
1605 1095 1679 1160 Iun.
1701 1097 1754 1159 21.

280 1200 369 1270 Grec.
388 1204 437 1257 IX
453 1205 520 1273 Rea.
542 1205 599 1262 Vol.
618 1207 639 1261 I
642 1207 672 1275 V,
692 1211 813 1275 62—63;
830 1209 892 1262 Lib.
916 1209 982 1278 VII,
1000 1215 1145 1265 err—214.
1180 1212 1306 1268 Litteras
1325 1215 1516 1283 temperaturis,
1540 1233 1600 1270 cum
1616 1216 1687 1271 alibi
1703 1215 1778 1288 typis
1795 1214 1841 1269 de·

183 1287 504 1448 mpwlvscldaglmlegg
521 1298 632 1434 egjgso
649 1295 694 1348 tic
709 1295 900 1364 proponimus.
941 1297 991 1351 Ec
1007 1297 1053 1352 tis
1070 1298 1195 1370 corripere
1213 1301 1450 1366 nonme-sterce,
1469 1301 1540 1373 Ray.
1553 1303 1634 1358 Frid.
1652 1306 1694 1370 ΙΙ,
1711 1319 1739 1356 a.
1756 1305 1840 1356 2023.

993 1539 1021 1604 I.

619 1662 890 1738 Consulibus
917 1670 960 1739 et
986 1657 1153 1759 populo
1180 1666 1409 1745 Gaieteno.

294 1805 447 1880 Quietem
471 1815 504 1873 et
526 1810 709 1897 profectum
733 1812 875 1878 civitatis
891 1820 1002 1878 vestre
1026 1815 1140 1880 intimo
1156 1818 1302 1884 zelantes
1319 1820 1452 1897 effectu,
1475 1841 1538 1905 que
1555 1818 1650 1883 vobis
1673 1818 1844 1904 profutura

188 1913 434 1998 cognoscimus,
467 1933 531 1999 qua
560 1936 735 2001 possumus
763 1915 984 1981 sollicitudine
1008 1939 1237 2003 promovemus
1249 1921 1270 1987 ¹.
1316 1921 1403 1986 Hinc
1428 1928 1480 1986 est
1503 1920 1590 2007 quod
1612 1920 1705 1985 vobis
1728 1940 1843 2007 pacem

187 2038 362 2101 procurare
385 2018 551 2097 volentes,
573 2018 679 2103 ipsius
702 2018 840 2082 formam
862 2019 957 2085 vobis
981 2021 1042 2085 sub
1065 2021 1157 2086 bulla
1179 2031 1294 2088 nostra
1315 2024 1474 2088 mittimus
1497 2023 1724 2104 interclusam,
1747 2044 1843 2109 quam

188 2120 216 2184 si
247 2118 407 2186 duxeritis
439 2119 688 2207 acceptandam,
722 2121 817 2186 nobis
851 2144 911 2209 per
940 2123 1194 2190 instrumentum
1225 2127 1393 2213 publicum
1426 2127 1630 2208 intimantes,
1666 2125 1844 2192 intendatis

188 2224 269 2305 hiis,
292 2245 356 2311 que
380 2224 474 2289 vobis
497 2223 637 2289 dilectus
660 2225 746 2290 tilius
769 2225 927 2311 magister
948 2227 1166 2315 P.²,scriptor
1188 2236 1314 2310 noster,
1337 2231 1422 2295 letor
1443 2230 1662 2317 presentium,
1685 2250 1728 2294 ex
1750 2234 1843 2316 parte

188 2334 301 2394 nostre
323 2327 454 2393 duxerit
483 2327 711 2414 proponenda,
743 2335 777 2394 et
805 2329 968 2394 indultum
990 2331 1084 2396 vobis
1114 2332 1155 2397 ab
1178 2333 1360 2420 apostolica
1389 2331 1468 2398 sede
1497 2333 1726 2420 privilegium⁸
1748 2332 1844 2397 nobis

188 2453 248 2520 per
272 2432 464 2518 scriptorem
487 2430 662 2497 remittatis
685 2431 857 2499 eundem⁴.

300 2552 377 2617 Dat.
400 2552 554 2617 Lateran.
577 2553 628 2618 XI
651 2552 726 2618 Kal.
749 2553 837 2636 Iulii,
861 2575 946 2619 anno
971 2557 1121 2644 septimo.

992 2761 1038 2826 ΙΙ.

190 2887 433 2962 Concessio
453 2887 670 2962 Frideriei
696 2888 982 2982 imperatoris
1009 2889 1062 2963 de
1092 2888 1274 2963 civitate
1294 2887 1515 2964 Geietana
1538 2887 1579 2963 C.
1606 2887 1707 2963 filio
1735 2887 1847 2961 suo⁵.

297 3037 501 3118 Fridericus,
533 3037 598 3102 Dei
629 3040 737 3124 gratia
767 3038 990 3104 Romanorum
1019 3039 1197 3126 imperator
1228 3060 1360 3126 semper
1389 3046 1568 3123 augustus,
1603 3038 1784 3104 Ierusalem
1815 3044 1849 3103 et

192 3138 304 3206 Sicilie
327 3163 396 3206 rex.
443 3140 525 3207 Cum
548 3142 634 3207 inter
657 3151 768 3208 cetera
796 3143 974 3222 beneficia,
1004 3164 1066 3229 que
1100 3143 1282 3209 coniunctis
1305 3142 1374 3208 eive
1400 3143 1612 3209 benemeritis
1636 3142 1848 3222 collocantur,

191 3243 272 3308 illud
295 3244 455 3311 redundet
477 3246 613 3311 uberius
643 3247 676 3310 in
699 3247 838 3332 gretiam
862 3247 1079 3328 conferentis,
1109 3246 1194 3333 quod
1216 3252 1310 3334 pater
1332 3247 1490 3332 elargitur
1511 3248 1596 3324 filio,
1627 3268 1693 3312 non
1715 3245 1848 3332 indigne

191 3346 266 3412 illos
297 3349 498 3433 providimus
528 3349 764 3415 beneficiorum
787 3350 941 3437 primitiis
971 3350 1149 3432 bonorare,
1181 3371 1262 3435 quos
1294 3351 1394 3415 etiam
1425 3355 1537 3436 preter
1559 3350 1709 3436 obsequii
1731 3350 1850 3414 merita

191 3451 353 3536 imperiali
382 3454 487 3538 gratie
511 3459 622 3540 gratos
647 3453 749 3519 elficit
770 3454 864 3519 lavor
885 3460 1012 3518 nature.
1058 3452 1139 3518 Inde
1164 3461 1216 3519 est
1244 3455 1360 3540 igitur,
1390 3451 1477 3539 quod
1504 3475 1564 3518 nos
1594 3454 1744 3540 inspecto
1767 3472 1848 3539 pure

193 3553 378 3621 dilectionis
397 3557 544 3638 obtentu,
569 3579 633 3643 qua
654 3565 750 3645 pater
764 3558 878 3638 filium,
903 3558 988 3622 sicut
1009 3558 1119 3622 innata
1134 3557 1296 3622 beneficio
1319 3557 1423 3643 gratie
1446 3577 1512 3620 una
1526 3577 1669 3642 persona
1684 3561 1850 3637 censetur,

193 3657 301 3743 dignis
331 3666 461 3724 tenetur
492 3662 625 3748 premiis
657 3662 832 3748 ampliare,
865 3659 905 3726 de
935 3667 1072 3747 paterne
1095 3661 1320 3726 benivolentia
1344 3667 1378 3726 et
1407 3660 1604 3745 provisionis
1627 3660 1749 3724 affectu
1771 3678 1849 3722 con·

194 3760 359 3843 cedimus,
393 3762 508 3828 damus
532 3771 566 3830 et
596 3763 753 3830 tradimus
784 3763 845 3828 tibi
867 3764 938 3849 regi
962 3762 1131 3844 Conrado,
1165 3764 1338 3828 karissimo
1362 3763 1428 3828 filio
1451 3768 1581 3842 nostro,
1615 3769 1649 3828 et
1671 3760 1849 3827 heredibus

193 3866 259 3932 tuis
288 3867 322 3931 in
352 3875 545 3954 perpetuum
576 3869 743 3934 civitatem
775 3875 920 3932 nostram
951 3867 1069 3932 Gaiete
1102 3888 1175 3932 cum
1212 3867 1364 3932 omnibus
1392 3866 1617 3954 pertinentiis,
1653 3864 1787 3929 iustitiis
1817 3869 1851 3928 et

195 3971 378 4036 rationibus
409 3972 494 4052 suis,
527 3974 640 4038 selvo⁸
667 3973 801 4038 servitio
825 3971 912 4058 quod
942 3971 1062 4036 exinde
1086 3971 1175 4036 curie
1198 3977 1310 4036 nostre
1334 3969 1484 4035 debetur.
1528 3968 1582 4033 Ad
1612 3968 1708 4033 huius
1739 3973 1850 4032 eutem

196 4075 419 4140 concessionis
456 4083 489 4142 et
514 4060 708 4142 ¹donationis
742 4082 854 4141 nostre
887 4076 1079 4141 memoriam
1113 4081 1147 4139 et
1180 4074 1279 4138 robur
1310 4081 1471 4161 perpetuo
1505 4073 1680 4137 valiturum
1712 4091 1850 4158 presens

195 4178 404 4264 privilegium
427 4200 623 4266 parmenus
646 4182 694 4246 ..⁷
717 4181 836 4245 notarii
859 4187 892 4244 et
913 4179 1021 4244 fidelis
1044 4177 1149 4244 nostri
1173 4178 1270 4242 scribi
1294 4183 1328 4243 et
1350 4175 1442 4242 bulla
1465 4197 1565 4242 aurea
1587 4175 1714 4261 tiparyo
1737 4180 1850 4239 nostre

196 4284 378 4350 maiestatis
401 4284 562 4370 impressa
583 4284 738 4350 iussimus
761 4284 964 4360 communiri,
986 4302 1071 4348 enno
1093 4281 1182 4347 eto.⁸.

301 4543 328 4611 1)
349 4543 393 4612 Cf.
410 4559 437 4598 n.
459 4546 512 4597 516
527 4548 552 4597 ct
573 4547 632 4598 517.
736 4542 765 4610 2)
783 4543 882 4596 Petrus
900 4541 934 4595 de
953 4539 1090 4596 Guartino
1108 4539 1138 4592 ia
1156 4537 1253 4593 charta
1270 4543 1327 4594 aot.
1345 4542 1362 4592 4
1379 4541 1594 4594 commemorata.
1698 4535 1726 4605 3)
1743 4552 1769 4591 a.
1790 4537 1852 4590 394.

197 4630 226 4698 4)
244 4630 309 4686 Iam.
324 4634 363 4684 30
377 4629 509 4685 (leimam
522 4647 618 4700 pacem
636 4635 793 4700 acceptant·
812 4629 848 4700 cs.
861 4630 984 4683 atumem
1000 4626 1034 4681 de
1050 4627 1102 4680 tuac
1119 4641 1150 4678 re
1168 4624 1300 4695 scriptam
1318 4641 1364 4694 ap.
1378 4622 1674 4687 flatilem-Bellonae,
1692 4623 1709 4678 l.
1727 4639 1749 4677 c.
1768 4625 1786 4676 l.
1799 4619 1853 4690 IV,

195 4732 225 4786 p.
244 4718 306 4769 440.
329 4746 363 4756 -
388 4717 448 4786 Qua
464 4716 543 4786 sacto
559 4717 708 4786 imperator
722 4733 775 4787 pec
793 4715 938 4770 Hectorem
954 4713 988 4768 de
1005 4714 1101 4767 Mona
1119 4711 1241 4766 Macelo
1257 4711 1440 4766 insalutarium
1461 4711 1562 4765 Terrae
1579 4709 1700 4766 Laboris
1717 4709 1854 4764 ciuitatem

198 4802 343 4857 cmrsulatu
366 4803 490 4872 privarit
515 4808 540 4857 et
567 4803 686 4857 doaaom
711 4803 741 4856 in
767 4818 799 4857 ea
825 4801 958 4856 instituit.
992 4799 1077 4870 syce.
1103 4798 1137 4852 de
1163 4798 1191 4853 S.
1217 4796 1306 4852 aaa.
1334 4813 1360 4851 o.
1387 4800 1471 4860 1233.
1501 4797 1554 4851 SS.
1578 4801 1596 4850 t.
1620 4795 1711 4860 XIX,
1734 4811 1765 4863 p.
1788 4798 1853 4848 370.

198 4889 226 4958 5)
245 4889 366 4942 lanceat
383 4888 534 4958 imperator
547 4889 723 4958 priuilepium
740 4905 767 4942 n.
785 4891 872 4952 1233,
895 4887 981 4941 Mart.
1001 4885 1108 4950 datam,
1132 4884 1206 4954 quod
1224 4883 1325 4955 lepitur
1343 4899 1389 4952 ap.
1408 4883 1539 4946 Bolrmer,
1565 4885 1638 4935 Acta
1655 4880 1724 4950 Imp.
1740 4896 1771 4948 p.
1789 4883 1853 4942 265,

198 4993 226 5029 a.
245 4979 308 5030 301.
344 4975 381 5029 Ia
398 4975 499 5045 quibem
515 4976 554 5042 id,
573 4975 647 5046 qaeu
664 4992 715 5030 uos
732 4976 778 5029 tic
792 4975 983 5044 preponimus,
1002 4973 1037 5027 ab
1055 4973 1103 5026 illa
1123 4971 1187 5041 [R]
1206 4971 1308 5039 differt,
1326 4969 1405 5037 iasra
1423 4973 1596 5022 mactamus.
1653 4967 1681 5034 6)
1700 4965 1760 5020 Pro
1776 4964 1853 5018 salvo

199 5061 313 5116 servitio
325 5094 358 5101 —
370 5061 489 5117 debetur
500 5080 545 5132 ap.
558 5062 598 5116 B:
615 5061 797 5117 Concedimus
815 5061 899 5115 etiam
920 5062 949 5115 et
966 5059 1064 5114 domus
1081 5057 1135 5112 tibi
1148 5057 1267 5112 vasallos
1284 5074 1347 5111 eum
1365 5053 1494 5110 omnibus
1511 5052 1600 5116 terris,
1618 5051 1692 5105 villis
1710 5053 1739 5106 et
1756 5049 1854 5105 castris

121 5165 147 5205 eo
200 5166 302 5215 eorum,
320 5149 472 5222 Rogerium
484 5149 518 5204 de
530 5148 663 5212 Gallutio,
682 5148 845 5216 Raynonm
858 5147 892 5201 de
904 5147 998 5210 Prata,
1017 5145 1144 5200 dominos
1156 5143 1275 5213 Popleti,
1294 5140 1469 5197 Theodinum
1480 5139 1515 5193 de
1528 5139 1680 5202 Amiterno,
1698 5135 1855 5192 conradum

199 5237 234 5292 de
252 5235 408 5292 Lucinmdo
427 5239 456 5290 et
478 5252 573 5291 omnes
590 5235 660 5290 alios
678 5234 808 5298 barones,
830 5233 880 5302 qui
897 5236 1023 5304 tempore
1041 5230 1211 5286 turbationis
1230 5230 1370 5283 internos
1388 5231 1417 5283 et
1434 5225 1579 5282 ecclesiam
1597 5227 1672 5279 mote
1690 5225 1788 5277 contra
1804 5237 1855 5276 nos

199 5324 254 5395 ipsi
278 5325 392 5380 ecclesie
415 5324 576 5380 adheserint
599 5326 628 5376 et
652 5338 740 5391 usqne
763 5320 846 5375 hodie
870 5319 921 5374 sub
944 5320 1033 5374 forma
1054 5317 1132 5388 pacis
1154 5316 1292 5378 existunt,
1317 5314 1394 5369 salvo
1420 5312 1534 5368 servitio
1559 5310 1635 5381 qnod
1657 5308 1757 5364 exinde
1780 5307 1856 5362 curie

199 5413 294 5466 nostre
311 5410 416 5465 debent
434 5413 463 5464 et
482 5410 559 5465 salvo
576 5407 710 5464 mandato
728 5411 758 5462 et
774 5405 951 5462 ordinatione
969 5407 1073 5459 nostra.
1159 5403 1184 5470 'l)
1203 5417 1249 5471 ap.
1267 5399 1420 5454 B51acobi
1439 5399 1474 5454 de
1492 5397 1597 5452 Lintiu.
1680 5397 1708 5464 8)
1721 5393 1791 5464 fiais
1810 5409 1855 5463 up.

201 5499 241 5552 B:
267 5514 354 5561 anno,
381 5514 476 5552 mense
503 5499 532 5551 et
560 5496 714 5552 indictione
740 5493 912 5565 subscriptis.
958 5493 1061 5547 Datum
1088 5489 1163 5560 apud
1190 5488 1359 5552 Palicorum,
1385 5503 1459 5542 anno
1487 5483 1631 5540 Dominice
1656 5477 1857 5536 incarnationis

125 5609 150 5656 cs
202 5585 407 5649 MCCXXXIII,
429 5600 524 5638 mense
541 5582 645 5637 Martii.
664 5614 698 5621 -
716 5582 843 5660 Apparet
859 5581 951 5658 April.
969 5607 1002 5620 -
1021 5579 1086 5634 Ian.
1107 5573 1283 5652 pcirrilepium
1300 5574 1459 5630 innovatum
1476 5574 1502 5626 ct
1520 5570 1610 5628 eodem
1627 5574 1746 5641 tempere
1763 5567 1819 5620 ΙΙΙ
1832 5567 1858 5621 et

201 5674 222 5736 Ι
225 5673 250 5726 V
262 5671 369 5751 scripta
386 5683 452 5732 esse.
