4560 6420
763 392 963 449 EPISTOLAE
981 395 1171 453 suaserim.
1208 399 1284 453 1241.

672 823 681 840 .
711 822 719 840 .
748 768 1086 860 archiepiscopo
1114 768 1370 843 Brenrensi¹.

303 913 512 979 Venerabilis
535 914 635 979 irater
658 923 769 982 noster
791 919 965 1005 episcopus
988 919 1123 984 Prnseie
1147 919 1241 984 uobis
1271 918 1438 984 humiliter
1468 919 1680 1006 supplicavit,
1715 925 1751 983 ut
1773 941 1847 984 cunr

195 1039 215 1080 a
239 1015 426 1082 detentione
449 1041 487 1083 ac
518 1041 650 1085 carcero
674 1042 876 1107 paganorum
886 1023 909 1102 ²,
943 1023 998 1107 qui
1022 1024 1186 1109 captivum
1206 1023 1364 1088 tenebant
1388 1022 1544 1103 eundem,
1568 1023 1654 1088 datis
1678 1023 1847 1088 obsidibus

195 1121 293 1184 fuerit
321 1121 496 1202 liberatus,
526 1130 559 1187 et
589 1122 664 1189 ideo
693 1127 828 1210 paganis
859 1127 939 1212 ipsis
971 1127 1003 1190 iu
1031 1127 1286 1211 ottingentarum
1315 1147 1498 1192 marcarum
1530 1133 1681 1192 teneatur
1710 1129 1847 1213 pecunie

133 1248 145 1286 s
198 1227 392 1311 quantitate,
415 1247 476 1291 nec
500 1227 631 1309 haheat,
655 1228 741 1293 unde
764 1229 806 1294 ab
828 1229 1014 1294 huiusmodi
1037 1229 1147 1295 debito
1163 1230 1273 1294 valeat
1294 1230 1436 1309 liberari,
1460 1230 1534 1311 sibi,
1557 1229 1643 1317 quod
1665 1231 1847 1318 pecuniam,

196 1350 293 1413 quam
316 1330 380 1412 illi,
413 1331 469 1418 qui
491 1334 630 1410 ferrum,
662 1333 711 1396 sel
738 1339 772 1398 et
795 1333 859 1397 alia
882 1335 1069 1398 necessaria
1092 1335 1125 1398 iu
1149 1332 1331 1399 subsidium
1354 1355 1556 1420 paganorum
1578 1333 1713 1400 Pruscie
1737 1342 1849 1400 eontra

196 1433 426 1500 inhibitionem
448 1443 594 1501 nostram
617 1444 741 1502 temere
765 1437 965 1519 detulerunt,
987 1436 1222 1524 propterquod
1245 1437 1330 1502 idem
1355 1438 1528 1524 episcopus
1552 1438 1585 1502 iu
1609 1449 1686 1502 cos·
1707 1439 1848 1503 auctori-

196 1543 263 1602 tate
287 1540 468 1624 apostolica
491 1541 840 1605 excommunicationis
871 1543 1067 1606 sententiam
1095 1542 1329 1628 promulgavit,
1359 1541 1564 1606 exhibituros
1593 1564 1628 1607 se
1651 1564 1709 1630 pro
1732 1543 1847 1608 huius-

197 1641 285 1710 modi
309 1663 468 1708 excessus
491 1644 718 1709 satisfactione
742 1647 944 1732 promittunt,
966 1668 1070 1732 usque
1093 1647 1134 1711 ad
1150 1648 1365 1732 quantitatem
1392 1645 1529 1711 eandem
1545 1645 1585 1710 de
1609 1652 1722 1712 nostra
1744 1645 1849 1732 possit

121 1773 147 1812 ro
199 1747 414 1833 permissione
437 1748 625 1835 percipere,
654 1750 686 1813 in
718 1749 769 1813 sui
793 1756 827 1814 et
848 1747 909 1812 ΙΙ.8
932 1751 1080 1835 germani
1104 1772 1141 1814 ac
1165 1750 1345 1814 Christiani
1371 1750 1523 1838 nepotis*
1546 1750 1612 1830 sui,
1640 1749 1696 1835 qui
1718 1749 1751 1812 iu
1773 1771 1849 1834 pre·

197 1849 357 1914 dictorum
380 1873 581 1937 paganorum
606 1875 737 1918 carcere
760 1853 954 1933 detinentur,
978 1855 1181 1918 liberationis
1198 1854 1379 1919 subsidium
1395 1853 1658 1934 convertendam,
1681 1851 1848 1916 licentiam

197 1953 377 2019 concedere
402 1976 602 2023 curaremus.
646 1955 807 2034 Quocirca
829 1956 1031 2039 mandamus,
1054 1959 1217 2043 quatinus,
1241 1960 1270 2022 si
1293 1966 1343 2023 est·
1365 1959 1422 2040 ita,
1445 1959 1531 2023 dieto
1556 1959 1711 2044 episcopo
1735 1961 1848 2041 postu-

196 2059 263 2123 lata
286 2057 458 2138 concedas,
483 2060 567 2124 sicut
589 2059 709 2125 videris
734 2061 905 2147 expedire;
929 2061 1083 2150 proviso⁵
1106 2084 1147 2127 ne
1171 2063 1204 2126 in
1227 2061 1376 2127 fraudem
1398 2062 1522 2148 aliquid
1545 2067 1766 2149 attemptetur.

305 2177 381 2246 Dat.
404 2180 559 2246 Lateran.
583 2180 745 2246 Kalendis
767 2180 862 2263 Iunii,
886 2202 972 2246 anno
995 2181 1069 2247 XV.

815 2440 1227 2448 ,φήῃ-η...

980 2738 1068 2812 819.

119 2893 143 2930 ¹⁵
305 2851 498 2962 Gregorius
520 2879 576 2944 IX
594 2899 680 2959 propa
703 2879 810 2943 abbati
837 2882 866 2944 ct
888 2880 1051 2943 couccutur'
1065 2879 1320 2961 Fleripur'accusi
1341 2877 1660 2965 [Flaripuiuecusitl
1675 2875 1851 2942 Aedueusis

194 2981 323 3048 diocesis
345 2983 489 3060 concedit,
512 2987 548 3046 ut
568 2981 746 3046 homiuibus
767 2983 835 3046 suis
856 2981 893 3047 dc
911 2981 1129 3065 Ftaeipuiaco,
1150 2984 1276 3062 paratis
1296 3005 1355 3063 pro
1376 2984 1528 3048 solutione
1550 2981 1722 3047 debitorum
1743 2999 1851 3044 urena-

195 3087 284 3150 stcrii
306 3086 508 3164 contribuere,
531 3083 693 3168 quandam
714 3087 900 3165 seruitutem,
923 3105 1002 3168 quae
1024 3105 1138 3150 maus
1159 3088 1283 3150 mortrui
1305 3090 1512 3167 nuncupetur,
1534 3087 1706 3150 remittant.

1517 3193 1611 3270 1241,
1633 3190 1709 3255 Iun.
1731 3193 1762 3254 8.

301 3275 382 3346 (ἔτερ.
401 3275 450 3328 lx
466 3275 535 3344 Περ.
560 3273 617 3328 Vol.
641 3272 707 3338 VII,
727 3279 775 3339 813
795 3275 855 3328 Lib.
875 3275 941 3340 XV,
961 3277 1005 3329 76.

121 3525 147 3566 2⁰
201 3562 249 3580 ..
286 3505 434 3581 abbati
467 3511 509 3581 et
545 3505 784 3580 conventui
816 3505 1197 3600 Florigniacensi⁶
1229 3507 1403 3582 ordinis
1439 3506 1583 3581 sancti
1619 3505 1851 3580 Benedicti

800 3628 1021 3703 Eduensis
1048 3629 1246 3704 diocesia.

306 3775 507 3843 Monasterio
531 3786 656 3861 vestro,
687 3777 774 3865 quod
802 3785 973 3864 gravatum
1001 3781 1067 3844 eris
1095 3800 1194 3844 onere
1221 3777 1320 3843 alieni
1348 3778 1417 3842 iera
1445 3783 1550 3841 toturn
1578 3778 1746 3842 absortum
1774 3799 1849 3843 esse

198 3881 318 3946 dieitur
339 3903 400 3969 per
418 3885 609 3968 voraginem
625 3905 807 3965 usurarum,
831 3884 878 3948 ita
892 3883 979 3971 quod
1002 3885 1033 3948 ei
1054 3883 1236 3948 substantia
1251 3884 1309 3948 vix
1325 3884 1457 3964 existat,
1481 3887 1618 3969 paterna
1635 3881 1851 3967 compatimur

201 3985 352 4067 caritate,
381 3987 484 4073 ipsius
509 3989 616 4075 inopie
640 3988 681 4052 ad
704 4009 800 4074 quam
825 4011 867 4053 ex
890 3988 953 4053 hoe
976 3987 1149 4053 devenisse
1172 3987 1352 4053 dinoscitur
1368 3986 1591 4052 condolentes.
1638 3985 1720 4049 Cum
1742 3986 1851 4071 igitur,

121 4107 146 4146 2⁵
201 4089 284 4153 siant
306 4091 421 4176 petitio
444 4099 554 4157 vestra
577 4093 671 4158 nobis
700 4093 849 4158 exhibita
877 4092 1081 4173 continebat,
1112 4113 1188 4172 vos,
1221 4091 1390 4177 cupientes
1417 4111 1594 4177 precavere
1623 4089 1852 4175 indempnitati

200 4195 392 4258 monasterii
408 4197 509 4260 vestri
531 4218 569 4261 ac
592 4197 747 4282 periculis
770 4203 953 4261 vestrorum
975 4195 1143 4260 hominum
1166 4195 1310 4275 obviare,
1334 4191 1389 4278 qui
1411 4213 1654 4279 nonnumquam
1678 4193 1850 4258 occasione

199 4295 384 4363 debitorum
400 4298 586 4364 huiusmodi
603 4299 803 4380 occiduntur,
827 4307 860 4365 et
876 4307 964 4364 terra
979 4299 1057 4364 dicti
1073 4298 1262 4363 monasterii
1278 4297 1410 4385 predisb
1433 4303 1466 4362 et
1482 4295 1635 4362 incendio
1650 4295 1850 4377 devastatur,

199 4406 236 4463 ut
258 4403 393 4486 possitis
417 4424 436 4466 s
464 4402 660 4468 creditorum
686 4403 842 4467 instantia
870 4403 1018 4484 liberari,
1046 4401 1231 4467 hominibus
1259 4401 1377 4467 vestris
1407 4401 1449 4466 de
1470 4400 1699 4486 Flavigniaeo,
1727 4401 1850 4486 paratis

199 4505 232 4568 in
265 4507 428 4571 solutione
457 4506 641 4572 debitorum
671 4508 816 4594 ipsorum
851 4508 1058 4573 contribuere
1091 4507 1184 4570 iuxta
1211 4507 1359 4592 proprias
1388 4505 1580 4586 facultates,
1613 4505 1850 4592 proposueritis

202 4608 368 4674 diocesani
392 4617 425 4676 et
448 4612 581 4698 capituli
604 4611 706 4698 ipsius
732 4612 972 4677 interveniente
996 4631 1158 4677 consensu
1180 4611 1342 4696 quandam
1370 4611 1538 4676 remittere
1562 4611 1764 4692 servitutem,
1787 4630 1850 4694 que

200 4734 314 4778 manus
343 4716 512 4780 mortua⁰⁷
544 4716 725 4800 vulgariter
753 4722 972 4802 nuncupatur:
1007 4714 1100 4779 nobis
1132 4713 1299 4777 humiliter
1328 4715 1556 4802 supplicastis,
1585 4720 1621 4777 ut
1650 4713 1683 4778 id
1710 4713 1851 4779 faciendi

304 4975 328 5041 ι)
353 4975 394 5040 V.;
412 4977 439 5027 in
457 4994 500 5028 eos
518 4978 586 5028 deest
602 4977 629 5028 iu
646 4995 736 5043 apopr.
753 4985 849 5028 rrestro.
937 4975 962 5040 b)
979 4977 1074 5044 prediis
1092 4975 1125 5028 R.
1213 4973 1237 5040 ο)
1256 4967 1315 5025 malr
1330 4972 1418 5026 mitur
1435 4974 1467 5024 R.

305 5095 329 5158 1)
349 5092 483 5147 Eiusdem
505 5094 610 5148 tenoris
631 5094 775 5164 epistotam
788 5111 869 5164 papa
890 5095 946 5147 ium
967 5111 993 5148 a.
1013 5098 1086 5148 1:240
1104 5093 1191 5148 Mart.
1209 5098 1247 5148 23
1265 5090 1439 5160 [Witlrebae]
1461 5089 1592 5160 episcopo
1610 5089 1746 5158 quondan
1764 5090 1852 5145 Muti·

200 5179 280 5232 aeust
297 5178 447 5246 direxerat,
470 5179 557 5247 Voipt,
576 5179 640 5235 Cod.
657 5181 724 5252 dipl.
745 5181 843 5235 Prusa.
862 5187 881 5236 t
900 5181 925 5247 I,
940 5197 969 5250 p.
989 5183 1032 5244 49,
1050 5195 1079 5234 u.
1098 5186 1149 5248 52,
1168 5179 1305 5242 Potikara
1323 5177 1391 5248 Rep.
1409 5181 1512 5243 10859,
1528 5176 1610 5230 euius
1627 5177 1755 5231 tecuam
1772 5177 1851 5246 diffe-

124 5275 149 5314 ³⁵
202 5273 293 5320 rrutes
312 5267 375 5335 [tt]
394 5265 474 5334 iufra
492 5272 666 5320 annotamus.
743 5267 772 5336 2)
790 5267 825 5321 de
843 5265 1026 5336 Samplandia
1043 5265 1122 5320 addit
1139 5269 1167 5322 V.
1240 5267 1268 5333 3)
1288 5263 1428 5319 lleuriaru
1445 5262 1540 5332 frater
1560 5263 1713 5317 Christiani
1731 5263 1853 5334 episcopi

201 5359 475 5421 courmuuoruturap.
487 5351 702 5420 Potthaet,ch.
714 5357 793 5410 6247.
845 5355 874 5420 4)
892 5371 925 5408 ac
937 5353 1088 5408 Christiani
1105 5353 1217 5424 nepotis
1229 5353 1302 5408 deest
1310 5369 1358 5422 ap.
1370 5349 1402 5406 V.
1460 5351 1486 5416 b)
1505 5349 1854 5420 proviso-attemptetur

199 5440 274 5495 deest
291 5455 338 5509 ap.
361 5438 393 5492 V.
489 5439 517 5502 a)
534 5439 584 5493 Ita
603 5437 727 5494 mendose
744 5455 798 5508 pro
815 5439 1039 5508 Flavigniacensi
1061 5439 1215 5509 [uuum
1239 5457 1253 5493 e
1275 5439 1386 5493 iamir
1405 5436 1567 5507 neuneu]
1585 5439 1616 5491 in
1634 5437 1703 5506 Rea
1720 5437 1854 5508 scriptura
1937 5505 1942 5512 .

202 5543 263 5581 esse
286 5531 431 5596 putaueras,
455 5543 516 5580 cum
542 5543 618 5595 papa
645 5525 726 5594 iufra
758 5525 792 5580 de
817 5525 976 5581 hominibus
1007 5525 1041 5579 de
1068 5524 1249 5594 Flavigniaco
1270 5525 1400 5594 loquatur
1420 5530 1445 5578 et
1469 5523 1665 5578 monaster-iusi
1692 5523 1853 5591 Fieripsia·

201 5629 277 5666 carre
295 5613 326 5666 iu
344 5611 447 5666 diocesi
464 5611 605 5672 Aedueusi
622 5613 743 5688 reperire
759 5629 816 5667 uou
829 5611 1011 5686 potuerimus.
1136 5610 1162 5681 7)
1191 5610 1236 5666 De
1253 5627 1286 5665 ea
1303 5611 1341 5680 cs.
1365 5609 1469 5679 lVaitr,
1495 5611 1635 5666 Deuterte
1656 5607 1854 5678 Vnt-(leret.

124 5723 151 5772 ,0
203 5705 222 5754 r.
243 5699 276 5769 v,
291 5717 321 5782 p.
339 5703 402 5762 aaa.
