4576 6390
762 415 962 473 EPISTOLAE
979 417 1169 474 SELECTAE.
1205 417 1280 473 1233.
1749 421 1753 430 '
1787 418 1849 481 457

194 609 278 656 novo
303 596 336 654 et
360 591 617 677 conspirationes
641 590 722 654 alias
746 592 854 656 facere
877 591 1135 677 presumpsistis,
1160 597 1274 655 contra
1290 590 1541 655 constitutiones
1567 595 1600 654 et
1624 611 1728 676 penas
1753 610 1852 674 super

195 694 257 758 hoc
282 694 387 758 editas
410 702 443 760 ct
466 696 814 759 excommunicationis
838 696 1034 758 sententiam
1057 693 1169 758 dilecti
1192 693 1250 757 filii
1273 694 1375 757 nostri
1398 693 1424 756 1.
1446 694 1531 757 tituli
1550 692 1673 757 Sancte
1692 691 1852 756 Praxcdis

196 796 382 881 presbyteri
399 797 584 876 cardinalis,
608 799 747 861 rectoris
761 797 920 878 biarchis,
943 805 1067 861 temere
1086 796 1259 876 venienda,
1282 797 1316 859 in
1339 803 1485 860 nostram
1509 803 1542 861 et
1557 796 1738 882 apostolice
1763 795 1851 860 sedis

196 900 345 964 iniuriam
377 908 410 964 et
441 907 674 986 contemptum.
721 901 806 975 Quia
831 922 909 965 vero
940 900 1041 964 nichil
1069 905 1121 963 est
1154 899 1317 962 infelicius
1348 899 1505 963 felicitate
1535 900 1756 986 peccantium,
1788 920 1853 982 qua

196 1005 323 1088 penalis
347 1005 523 1090 impunitas
542 1006 729 1085 sustinetur,
753 1013 788 1069 et
808 1005 998 1089 frequenter
1013 1002 1239 1067 misericordia
1263 1009 1314 1067 est
1337 1002 1468 1081 iniusta,
1493 1004 1569 1087 quia
1591 1003 1732 1067 facilitas
1756 1001 1851 1066 venie

195 1107 395 1170 incentivum
418 1108 532 1172 tribuit
555 1108 776 1193 delinquendi,
800 1129 873 1172 cum
896 1127 962 1170 non
985 1106 1162 1171 attendatis
1185 1105 1318 1170 obducti
1343 1127 1421 1169 ceca
1443 1106 1583 1190 caligine
1605 1105 1848 1191 prerogativam

195 1209 328 1274 honoris
360 1215 394 1274 ct
420 1211 541 1294 gratie,
571 1231 668 1295 quam
691 1233 748 1274 vos
778 1211 889 1296 sepius
912 1231 931 1274 a
954 1210 1032 1274 sede
1057 1210 1238 1295 apostolica
1260 1209 1473 1294 percepistis,
1503 1216 1536 1272 et
1566 1207 1700 1293 dignum
1730 1209 1786 1287 sit,
1815 1214 1853 1271 ut

196 1313 251 1397 qui
274 1335 316 1376 ex
339 1313 504 1399 prosperis
527 1314 708 1390 insaniunt,
733 1334 789 1377 eos
813 1312 950 1376 adversa
973 1319 1197 1398 prosternant,
1227 1313 1433 1376 universitati
1456 1317 1564 1375 vestre
1588 1333 1648 1398 per
1669 1311 1852 1397 apostolica

196 1416 317 1501 scripta
342 1415 403 1478 sub
434 1414 545 1480 debito
579 1415 747 1480 fidelitatis
776 1424 810 1481 et
843 1437 928 1501 pena
959 1417 1049 1479 mille
1084 1436 1267 1479 marcarum
1297 1415 1426 1498 argenti
1461 1413 1608 1478 districte
1640 1413 1850 1499 precipiendo

196 1518 402 1596 mandamus,
434 1519 602 1603 quatinus,
635 1527 746 1605 preter
772 1520 975 1598 iuratoriam,
1011 1518 1163 1583 idoneam
1194 1525 1228 1582 et
1259 1517 1571 1583 sufficientissimam
1600 1517 1782 1581 cautionem
1810 1516 1851 1581 dc

196 1620 312 1684 stando
335 1622 465 1706 precise
498 1621 660 1684 mandatis
688 1622 810 1685 nostris
833 1621 964 1685 vicariis
995 1622 1131 1686 rectoris
1161 1620 1309 1686 ciusdem
1336 1620 1422 1684 infra
1443 1620 1540 1683 unius
1563 1618 1686 1682 mensis
1710 1620 1849 1705 spatium

194 1725 438 1810 apresentium
467 1726 656 1810 receptione
686 1726 857 1811 praetatis,
894 1733 927 1790 et
955 1732 991 1790 tu
1019 1732 1167 1812 potestas
1198 1745 1272 1788 cum
1301 1724 1426 1788 sindico
1454 1731 1487 1787 et
1517 1744 1578 1787 sex
1610 1721 1650 1785 de
1673 1719 1851 1784 maioribus

195 1827 338 1891 civitatis
365 1834 489 1906 vestre,
524 1829 656 1914 plenum
683 1849 702 1890 a
732 1828 895 1891 communi
928 1828 1116 1892 mandatum
1146 1828 1361 1906 habentibus,
1396 1826 1437 1890 ad
1469 1825 1672 1912 presentiam
1706 1831 1849 1888 nostram

195 1929 352 2008 accedas,
386 1931 573 1995 mandatum
607 1931 824 2016 apostolicum
857 1938 1061 2017 recepturus.
1120 1931 1296 2016 Alioquin,
1335 1951 1408 1994 cum
1443 1929 1651 2016 privilegium
1686 1933 1851 1990 mereatur

197 2036 401 2114 ammittere,
439 2035 494 2118 qui
526 2034 689 2119 permissa
723 2033 785 2097 sibi
818 2033 965 2097 abutitur
1001 2040 1183 2118 potestate,
1223 2033 1374 2097 omnibus
1407 2032 1575 2118 premissis
1615 2030 1784 2095 beneficiis
1818 2036 1851 2093 et

194 2138 376 2224 privilegiis
411 2157 469 2201 seu
501 2135 770 2201 concessionibus
806 2157 906 2222 super
936 2136 998 2199 hoc
1030 2136 1174 2201 obtentis
1215 2156 1235 2199 a
1264 2135 1343 2200 sede
1375 2136 1555 2220 apostolica
1583 2155 1641 2198 vos
1674 2137 1851 2219 privamus,

195 2241 311 2305 dantes
334 2241 515 2306 venerabili
546 2241 638 2312 fratri
669 2248 780 2304 nostro
805 2287 812 2302 .
838 2288 845 2304 .
868 2239 1056 2303 Auximano
1086 2239 1265 2326 episcopol
1296 2247 1329 2303 et
1356 2238 1478 2303 dilecto
1508 2237 1575 2301 filio
1605 2238 1762 2322 magistro
1786 2234 1849 2299 Ce-

196 2346 293 2422 sario,
316 2345 437 2409 vicario
461 2344 597 2408 rectoris
622 2343 779 2423 ciusdem,
803 2344 924 2406 nostris
947 2344 1066 2407 litteris
1091 2344 1124 2406 in
1148 2342 1321 2422 mandatis,
1344 2349 1381 2406 ut
1403 2363 1472 2417 vos,
1497 2342 1641 2427 privatos
1664 2337 1849 2404 huiusmodi

194 2447 364 2511 beneficiis
388 2454 421 2510 et
444 2446 626 2532 privilegiis
651 2468 709 2510 seu
733 2446 1001 2510 concessionibus
1025 2447 1120 2510 luxta
1142 2445 1330 2509 mandatum
1346 2450 1510 2525 nostrum,
1532 2465 1572 2507 ac
1595 2451 1627 2508 te
1651 2449 1850 2529 potestatem

119 2559 140 2590 ·’
197 2556 230 2613 οῖ
265 2551 437 2614 consilium
471 2549 770 2613 excommunicatos
805 2570 865 2633 per
904 2555 1006 2612 totam
1040 2548 1206 2612 diocesem
1238 2548 1478 2612 Anconitanam
1516 2555 1550 2612 et
1581 2555 1692 2633 partes
1726 2545 1850 2608 vicinas

195 2653 325 2739 publice
356 2657 506 2717 nuntient
535 2658 568 2715 et
595 2652 716 2716 faciant
744 2651 785 2715 ab
818 2652 968 2716 omnibus
995 2659 1161 2738 tamquam
1188 2653 1488 2717 excommunicatos
1519 2651 1621 2714 artius
1657 2649 1789 2730 evitari,
1811 2668 1850 2711 ac

196 2756 375 2820 vicinarum
391 2755 542 2820 interdici
558 2756 652 2819 vobis
675 2756 837 2819 comercia
853 2755 1032 2836 civitatum,
1056 2766 1089 2820 et
1105 2757 1270 2820 civitatem
1295 2757 1400 2841 ipsam
1423 2760 1610 2841 supponant
1626 2752 1849 2817 ecclesiastico

195 2858 384 2934 interdicto;
408 2859 665 2923 contradictores
689 2863 751 2922 etc.

303 2979 379 3045 Dat.
402 2979 555 3044 Lateran.
579 2978 612 3044 X
633 2977 709 3046 Kal.
731 2978 890 3043 Decemb.
915 3000 999 3044 anno
1025 2981 1175 3066 septimo.

819 3241 1229 3250 Ἣ

978 3484 1064 3556 563.

303 3596 494 3708 Graecam
515 3625 571 3689 rx
588 3645 675 3705 papa
690 3623 810 3706 popae
830 3623 1016 3687 naamam
1037 3622 1119 3686 ram
1137 3621 1210 3706 fere
1233 3622 1372 3699 malaca,
1394 3622 1496 3686 veroa
1516 3623 1655 3689 ‚naara

1491 3727 1585 3804 1233,
1607 3724 1685 3789 Noa.
1707 3727 1760 3790 22.

298 3816 380 3883 (ἔτερ.
399 3813 449 3866 IX
465 3813 533 3883 Rep.
551 3811 615 3865 Lib.
640 3810 707 3872 VII,
727 3814 792 3864 358.

298 3900 435 3966 Ροῖῖῖαεῖ,
453 3898 521 3970 aeq.
540 3897 612 3952 aad.
630 3897 657 3964 1,
675 3899 908 3950 saaca-acam.

460 4109 631 4202 Populo
658 4109 907 4182 Auximano
936 4109 1138 4200 spiritum
1166 4108 1346 4182 consilii
1373 4109 1579 4183 sanioris

294 4260 424 4325 Vestris
448 4267 510 4325 etc.
533 4280 651 4344 usquc:
675 4279 900 4344 provocamur.
939 4257 1009 4323 Vos
1032 4265 1142 4322 autem
1165 4257 1274 4324 divine
1298 4281 1336 4323 ac
1359 4266 1471 4324 nostre
1494 4257 1652 4345 patientie
1675 4255 1848 4344 improvidi

195 4364 368 4442 abusores,
395 4371 432 4427 ut
454 4363 494 4426 de
525 4362 598 4426 aliis
628 4361 821 4426 excessibus
851 4368 1014 4441 taceatur,
1047 4361 1188 4446 qualiter
1214 4363 1374 4447 religione
1403 4361 1482 4427 fidei
1504 4363 1626 4426 violata
1653 4361 1754 4425 nobili
1777 4361 1847 4425 viro

194 4464 390 4554 Rlayualdo]
421 4474 498 4530 nato
526 4467 612 4530 clare
636 4464 791 4528 memorie
816 4459 984 4550 Olouradi]
1002 4462 1102 4528 ducis
1127 4462 1270 4551 Spoleti,
1297 4471 1374 4529 tunc
1399 4465 1698 4545 excommunicato,
1726 4463 1791 4528 Dei
1814 4471 1848 4528 et

195 4571 336 4634 ecclesie
359 4570 490 4634 inimico
520 4568 698 4633 abalienati
720 4564 930 4646 retrorsum²,
962 4567 1073 4630 matris
1103 4573 1212 4631 vestre
1242 4566 1415 4632 dulcedine
1444 4568 1637 4650 abutentes,
1671 4566 1847 4632 adhesistis

194 4673 329 4736 nimium
353 4672 570 4757 impudenter,
593 4670 769 4734 nonnullos
792 4669 1014 4755 perversionis
1030 4676 1140 4734 vestre
1165 4671 1341 4756 complices
1364 4671 1405 4736 ad
1421 4671 1638 4757 ampliandam
1655 4671 1846 4736 rebellionis

196 4783 305 4840 vestre
322 4777 500 4862 nequitiam
517 4772 721 4851 attrahendo,
745 4779 779 4836 et
801 4779 837 4835 ut
861 4793 996 4857 squama
1012 4794 1147 4858 squama
1164 4773 1332 4855 adhereat,
1355 4782 1492 4860 peccata
1507 4775 1653 4861 peccatis
1676 4774 1847 4854 addentes,

194 4885 360 4963 tamquam
387 4877 631 4963 ingratitudinis
665 4875 739 4953 filii,
775 4875 872 4938 immo
896 4875 987 4939 velut
1018 4876 1131 4940 hostes
1160 4877 1278 4962 iniqui,
1310 4898 1374 4940 non
1406 4879 1583 4942 erubuistis
1614 4878 1785 4962 insurgere
1813 4877 1847 4940 in

194 4991 366 5068 parentes,
400 4983 434 5044 in
467 4987 605 5044 matrem
633 4959 787 5042 vestram·
807 4978 981 5042 ecclesiam
1013 4979 1234 5044 Auximanam
1265 4980 1445 5058 excidium,
1479 4988 1513 5044 et
1544 4987 1671 5066 patrem
1701 4987 1846 5043 vestrum

195 5085 418 5150 venerabilem
440 5084 574 5148 fratrem
597 5088 745 5146 nostrum
769 5129 799 5145 ..
821 5081 1043 5146 Auximanum
1066 5085 1256 5170 episcopum
1280 5084 1452 5169 multiplex
1475 5081 1685 5168 opprobrium
1709 5081 1846 5166 operati,

196 5188 416 5253 comburendo
455 5187 568 5251 domos
604 5189 707 5273 ipsius
742 5187 882 5251 ecclesie
919 5193 953 5250 et
986 5209 1149 5252 cameram
1184 5187 1333 5253 eiusdem
1369 5187 1516 5274 episcopi
1550 5183 1737 5272 spoliando,
1774 5185 1846 5270 ipso

118 5327 144 5366 ω
198 5292 353 5377 episcopo
376 5290 509 5356 detento
533 5312 594 5377 per
615 5290 805 5354 violentiam
828 5295 862 5354 et
885 5288 969 5354 datis
993 5289 1243 5356 fideiussoribus
1266 5298 1300 5355 et
1323 5289 1516 5378 pignoribus
1539 5289 1690 5369 liberato,
1714 5292 1848 5373 propter

197 5393 283 5481 quod
306 5395 377 5482 ipso
399 5395 485 5459 facto
509 5415 574 5457 non
598 5401 649 5458 cst
671 5393 804 5457 dubium
820 5394 1167 5458 excommunicationis
1184 5414 1242 5456 vos
1259 5395 1458 5458 sententiam
1481 5392 1676 5466 incurrisse;
1700 5411 1761 5454 nec
1783 5390 1847 5454 hiis

298 5691 325 5754 l)
346 5687 499 5742 Sintbatdo.
568 5691 597 5759 2)
618 5689 661 5756 Cf.
675 5705 705 5758 p.
723 5690 785 5755 291,
801 5689 856 5742 not.
874 5693 898 5742 1.

299 5787 361 5838 Bao.
379 5787 460 5836 l‘ovr.
479 5787 499 5838 Ι.
