4596 6406
461 387 522 449 614
1037 381 1084 436 EX
1104 380 1278 437 GREGORII
1297 379 1334 434 IX
1353 377 1534 434 Ruelsvao

462 579 537 623 suas
560 578 618 642 pro
646 565 806 643 apparatu
833 578 892 621 suo
923 564 999 621 sunt
1027 557 1186 641 compulsi
1215 555 1410 630 distrahere,
1443 555 1591 618 nonnulli
1614 576 1691 620 vero
1713 555 1844 642 inopem
1868 556 1992 620 victum
2020 556 2113 641 longi

460 661 617 746 temporis
639 661 672 724 in
693 661 965 726 sustentationem
988 659 1194 726 transmarini
1216 659 1341 723 itineris
1366 657 1538 722 effundere*
1557 665 1632 722 sunt
1654 659 1780 742 coacti,
1797 660 1984 736 huiusmodi
2008 681 2114 746 appa·

462 749 573 830 ratum
589 763 621 829 iu
644 764 837 830 necessariis
861 771 1019 850 cogentur
1041 765 1107 829 vite
1131 784 1342 844 consumere,
1375 763 1486 847 sicque
1516 785 1558 828 ex
1586 763 1648 830 hoc
1677 763 1717 827 ad
1739 765 1903 851 prelatum
1927 763 2114 828 subsidium

461 867 637 933 reddentur
659 867 821 933 inhabiles
845 874 879 933 et
901 867 1083 933 efficientur
1106 889 1148 931 ox
1169 889 1277 949 mora,
1301 887 1363 952 quo
1387 888 1517 952 semper
1544 867 1667 951 paratis
1698 851 1839 946 nocuit¹,
1871 866 1913 930 ad
1937 868 2113 932 transitum

461 972 676 1057 impotentes,
708 953 797 1035 etesi
819 991 904 1035 nunc
928 970 1073 1036 oblatum
1097 971 1261 1035 renuimus
1290 969 1493 1034 ordinatione
1524 968 1634 1034 divina
1662 969 1858 1048 subsidium,
1888 991 1962 1034 oum
1992 971 2114 1036 iterato

461 1074 664 1141 invocabitur
696 1073 876 1156 Dominus,
907 1075 1018 1140 forsan
1051 1075 1204 1163 precibus
1235 1075 1354 1138 nostris
1394 1073 1503 1138 divina
1537 1074 1708 1139 subtrahet
1739 1075 1893 1140 maiestas
1928 1097 2117 1142 assensum.

462 1177 614 1263 Nunquid
650 1197 715 1242 non
750 1179 866 1242 merito
896 1179 991 1244 nobis
1022 1178 1174 1243 irascitur
1202 1177 1380 1256 Dominus,
1417 1178 1445 1241 si
1479 1177 1550 1241 cius
1579 1177 1722 1262 gladium
1753 1183 1937 1264 astrorum
1968 1179 2117 1244 hostium

462 1283 620 1368 sanguine
649 1277 881 1368 prohibemus?
922 1280 1091 1367 Nunquid,
1129 1281 1156 1345 ai
1187 1302 1230 1345 ex
1257 1281 1353 1366 culpa
1380 1287 1492 1344 nostra
1520 1280 1711 1346 Dominious
1740 1281 1868 1366 gladius
1897 1282 1930 1345 in
1959 1283 2117 1368 vaginam

461 1388 653 1467 revertitur,
684 1387 802 1451 iterum
832 1385 1009 1451 secundum
1044 1385 1184 1449 humane
1218 1384 1439 1470 dispositionis
1470 1384 1713 1469 beneplacitum
1745 1393 1920 1450 exeratur?
1954 1385 2117 1471 Legimus

329 1511 391 1553 uiua.
406 1515 447 1563 aa.
463 1492 565 1572 enim,
589 1489 675 1576 quod
698 1509 836 1576 sponsa,
865 1509 928 1574 que
951 1488 1093 1574 pulsanti
1117 1510 1238 1573 sponso
1261 1490 1430 1576 pessulum
1453 1479 1533 1552 ostii
1549 1510 1615 1552 non
1638 1489 1913 1574 statimaparuit,
1945 1512 1984 1555 eo
2009 1490 2116 1555 decli·

462 1601 560 1659 nante
584 1583 725 1678 quesivit
750 1593 843 1666 illum
866 1593 1088 1677 postmodum,
1118 1614 1178 1657 noc
1205 1593 1338 1658 invenit.
1388 1591 1547 1666 Quocirca
1575 1592 1785 1678 serenitatem
1813 1599 1903 1655 tuam
1931 1591 2118 1677 rogandam

463 1691 615 1762 duximus
639 1697 795 1761 attentius
819 1703 853 1761 et
867 1697 1073 1777 monendam,
1096 1704 1256 1781 quatenus
1273 1696 1305 1761 id
1322 1697 1362 1761 ad
1379 1717 1519 1762 examen
1535 1695 1714 1781 imperialis
1730 1694 1934 1780 providentio
1950 1697 2119 1780 referens,

376 1877 378 1880 ¹
463 1809 496 1866 et
518 1822 747 1888 processurum
774 1822 817 1866 ex
846 1799 1002 1866 dilatione
1026 1800 1233 1886 dispendium
1263 1807 1296 1865 et
1326 1823 1368 1866 ex
1399 1822 1555 1885 processu
1584 1798 1788 1864 commodum
1815 1807 2049 1885 proventurum
2081 1803 2118 1864 in

462 1906 546 1970 libra
568 1905 703 1970 rationis
726 1903 927 1990 appendens,
951 1903 984 1967 in
999 1889 1060 1968 llac
1076 1911 1170 1990 parto
1188 1904 1423 1990 crucesignatis
1440 1903 1566 1968 eisdem
1589 1903 1750 1968 assentias
1774 1911 1807 1968 et
1830 1903 1934 1967 eisin
1958 1905 2118 1988 navigiis,

463 2008 638 2096 portubus,
669 2007 866 2073 victualibus
890 2014 923 2072 et
945 2007 1018 2072 aliis
1041 2007 1083 2072 ad
1104 2008 1293 2095 passagium
1318 2008 1509 2095 opportunis
1533 2008 1722 2085 consilium,
1746 1993 1902 2072 auxilium
1927 2007 2054 2071 tribuas
2081 2015 2118 2072 ct
2187 2034 2199 2070 a

463 2114 618 2194 favorem,
641 2118 677 2176 ut
700 2113 785 2178 sicut
808 2111 955 2177 eiusdem
979 2118 1065 2177 terre
1088 2112 1240 2178 liberatio
1264 2125 1356 2176 tuum
1380 2119 1412 2178 ot
1434 2113 1545 2178 dilecti
1560 2113 1618 2176 filii
1638 2111 1742 2176 nostri
1757 2111 1876 2176 nobilis
1892 2112 1953 2176 viri
1968 2111 2120 2177 Conradi

463 2218 530 2282 nati
554 2217 601 2281 tui
623 2218 757 2304 respicit
785 2217 943 2281 honorem
974 2223 1007 2280 et
1035 2217 1259 2297 commodum,
1286 2218 1333 2283 sic
1362 2217 1614 2304 tcprecipuum
1644 2217 1677 2280 in
1710 2236 1846 2280 numero
1875 2217 1995 2280 sentiat
2019 2216 2120 2281 adiu-

462 2328 596 2403 toruml,
626 2328 660 2386 ct
682 2342 702 2384 a
722 2320 812 2402 Deo,
840 2320 932 2385 cuius
960 2320 993 2382 in
1024 2319 1085 2384 hoc
1112 2321 1343 2387 nichilominus
1373 2320 1524 2386 oausamb
1553 2321 1778 2406 prosequeris,
1810 2318 1851 2383 ad
1886 2319 2120 2386 retributionis

463 2427 622 2490 iustorum
651 2425 856 2512 participium
889 2423 1081 2489 admittaris.
1135 2425 1189 2490 Ad
1219 2425 1280 2491 hoc
1314 2433 1423 2491 autem
1452 2427 1621 2511 negotium
1653 2423 1843 2509 diligentius
1877 2431 1912 2489 et
1943 2425 2120 2491 efficacius

462 2529 548 2615 apud
571 2529 776 2616 imperialem
799 2528 1039 2596 excellentiam,
1053 2529 1314 2615 prosequendum
1336 2531 1469 2595 fratrem
1493 2531 1573 2595 The
1596 2529 1790 2594 monachum
1814 2527 1925 2594 Sancti
1940 2527 2119 2594 Anastasii
2175 2553 2202 2592 ao

463 2632 503 2696 de
533 2631 624 2698 Urbe
653 2632 882 2698 Cistcrciensis
916 2631 1055 2712 ordinis,
1091 2633 1194 2697 virum
1225 2633 1394 2719 providum
1424 2641 1458 2698 ct
1490 2633 1687 2714 discretum,
1722 2631 1763 2695 ad
1791 2639 1879 2696 tuam
1909 2635 2122 2718 presentiam

463 2735 677 2802 destinamus.

570 2859 646 2924 Dat.
669 2847 836 2940 Laterani,
860 2857 908 2924 IV
930 2857 1015 2922 Non.
1038 2858 1197 2924 Novemb.
1221 2880 1306 2922 anuo
1330 2859 1511 2925 undecimo.

1243 3263 1329 3336 714.

499 3351 500 3354 Ἴ
571 3355 760 3468 &reportas
781 3384 839 3450 IX
854 3407 944 3468 popa
966 3386 1166 3452 Friderieum
1181 3385 1396 3450 Romanorum
1419 3385 1634 3465 trapa-acorem
1654 3389 1752 3470 rogat,
1773 3391 1809 3449 at
1827 3385 1937 3450 llicod.
1961 3387 2121 3452 monacho

464 3483 575 3552 Sauracti
585 3487 753 3554 Anastasii
767 3489 804 3554 de
826 3489 906 3557 Urbe
921 3489 1034 3568 aedat,
1057 3511 1136 3571 quac
1158 3490 1221 3571 apsi
1242 3489 1279 3554 de
1300 3489 1419 3572 necatio
1440 3489 1554 3553 Terrae
1570 3489 1705 3556 Sanctae
1720 3493 1887 3571 puopoact.
1928 3489 1975 3571 Cf.
1989 3510 2025 3556 a.
2040 3495 2118 3556 713.
2175 3527 2201 3566 ιιι,

1775 3596 1868 3672 1237,
1890 3593 1969 3659 Nou.
1992 3597 2025 3660 4.

522 3757 523 3760 Ἴ
567 3676 650 3747 Grep.
668 3677 717 3730 IX
733 3677 799 3747 aaa.
823 3679 879 3733 Vol.
902 3678 933 3745 V,
954 3682 1025 3738 335,·
1043 3677 1106 3732 Lib.
1126 3678 1181 3743 XI,
1199 3682 1264 3734 285.

566 3761 703 3834 Potttuat,
721 3763 789 3836 Ray.
808 3768 908 3820 10478.

805 3944 1053 4035 FridericO,
1084 3943 1377 4018 Romanorum
1405 3945 1658 4036 imperatori
1685 3949 1763 4019 etc.

571 4093 653 4158 (lum
680 4114 741 4180 pro
768 4094 901 4178 negotio
925 4092 1027 4159 Terre
1051 4093 1171 4160 Sancte
1205 4095 1337 4160 fratrem
1361 4094 1485 4158 Tlreod.
1514 4095 1709 4160 monachum
1737 4094 1846 4159 Sancti
1871 4096 2041 4161 Anastasii
2069 4098 2114 4164 de

463 4196 553 4263 Urba
577 4196 809 4262 Cisteroiensis
834 4197 974 4278 ordinis,
1005 4199 1109 4262 virum
1138 4198 1309 4285 providum
1333 4207 1367 4263 et
1390 4199 1582 4272 discretum,
1610 4199 1651 4264 ad
1674 4207 1762 4263 tuam
1784 4202 1983 4285 presentiam
2006 4201 2116 4268 desti-

463 4322 589 4382 nemus,
612 4301 817 4387 imperialem
840 4303 1072 4367 excellentiam
1095 4302 1247 4368 duximus
1270 4303 1427 4368 attentius
1451 4303 1661 4384 exorandam,
1684 4303 1836 4388 quatinus
1860 4305 1890 4368 ci
1914 4327 2013 4392 super
2037 4307 2115 4388 hiis,

464 4426 526 4490 que
551 4425 661 4470 coram
683 4405 860 4470 serenitate
891 4412 948 4470 tua
979 4428 1021 4472 ex
1050 4414 1143 4492 parte
1167 4412 1278 4471 nostra
1305 4429 1403 4493 super
1433 4407 1548 4472 eodem
1577 4409 1710 4492 negotio
1733 4408 1944 4494 proponenda
1967 4409 2114 4495 duxerit,

463 4508 560 4573 fidem
583 4507 799 4572 indubitatam
823 4508 980 4574 adhibere
1003 4532 1169 4597 procures.

571 4629 647 4694 Dat.
670 4627 822 4694 Lateran.
844 4629 879 4694 ΙΙ
901 4629 985 4696 Non.
1008 4630 1167 4698 Novemb.
1191 4651 1276 4697 anno
1299 4634 1481 4699 undecimo.

1081 4844 1489 4852 ..Quum—..aa-

698 5077 701 5088 ·
1245 5035 1330 5110 715.

570 5128 761 5244 &reportas
782 5159 838 5224 IX
851 5179 942 5241 papa
964 5157 1147 5244 [Laadonr]
1168 5159 1396 5242 archiepiscopo
1417 5159 1618 5227 Messanensi
1644 5161 1790 5238 mordet,
1822 5167 1858 5226 ut
1886 5163 1916 5228 ai
1940 5163 2113 5246 imperator

462 5261 570 5327 *indari
590 5263 772 5344 nequiverit,
795 5267 831 5326 at
851 5263 1072 5345 crucesipaotis
1093 5261 1254 5329 Francioc
1274 5267 1417 5346 proxim
1437 5265 1515 5346 festo
1537 5267 1618 5330 boati
1638 5263 1794 5331 Iohannis
1815 5266 1985 5348 Baptistae
2007 5273 2114 5336 trans-

564 5490 585 5554 “)
602 5491 639 5542 ita
657 5489 704 5551 12.,·
726 5491 868 5542 delictorem
887 5489 984 5558 Baya.;
1006 5491 1134 5558 trucemque
1159 5509 1189 5543 aar
1208 5471 1295 5559 Rapo.¹
1315 5501 1316 5504 ’
1383 5493 1405 5556 ¹¹)
1424 5496 1491 5544 circa
1511 5511 1614 5546 cernuum
1633 5494 1663 5544 ΙΙ.
1753 5495 1773 5558 ⁰)
1791 5495 1828 5544 ito
1845 5495 1873 5543 iu
1892 5513 1980 5560 apogr.
2002 5495 2113 5562 Pertzr'a'5

462 5577 747 5641 liuttere-[tretonae
765 5578 782 5628 l.
801 5595 821 5627 c.
839 5585 855 5626 l.
873 5576 901 5640 V,
917 5595 943 5642 p.
963 5580 1015 5627 128
1033 5579 1168 5640 'l‘lvomam3
1187 5581 1271 5629 ortlucas
1289 5589 1362 5644 recte,
1379 5598 1441 5630 uum
1459 5581 1485 5630 ia
1502 5599 1528 5631 a.
1550 5586 1595 5632 714
1613 5578 1681 5631 talcar
1699 5581 1796 5632 illaad.
1814 5590 1927 5634 uocatur.

568 5705 592 5770 1)
613 5699 656 5770 Cf.
675 5699 785 5754 Lucrmi
804 5698 902 5754 Pbors.
922 5698 947 5762 Ι,
966 5704 1027 5756 281.
