4448 6420
724 335 923 391 EPISTOLAE
941 336 1130 392 SELECTAE.
1167 337 1243 394 1224.
1751 347 1810 408 177

156 509 291 583 attente,
315 525 353 568 ae
375 527 436 590 per
452 509 634 592 apostolica
649 509 742 573 vobis
760 510 880 594 scripta
896 511 1032 575 firmiter
1048 513 1259 598 precipiendo
1276 513 1479 596 mandamus,
1503 517 1656 602 quatinus
1672 516 1810 582 eundem

155 607 315 691 legatum,
339 609 392 671 vel
415 610 523 693 potius
547 632 606 674 nos
630 613 773 698 inipso,
803 613 1000 698 recipientes
1024 615 1160 700 ylariter
1188 625 1221 680 et
1251 615 1368 681 devote
1402 639 1440 680 ac
1465 617 1577 684 debita
1599 620 1809 685 veneratione

158 715 345 790 tractantes,
369 711 476 776 eidem
499 712 532 776 in
549 714 700 779 omnibus
725 721 758 779 et
780 737 839 801 per
855 717 964 780 omnia
984 716 1143 782 studeatis
1161 718 1340 784 efficaciter
1364 718 1508 800 obedire,
1532 722 1578 786 ita
1600 722 1686 806 quod
1701 722 1810 788 Deum

157 815 332 899 propitium
356 823 389 879 et
413 837 473 880 nos
497 817 592 881 vobis
616 818 735 882 exinde
759 818 904 884 reddatis
928 820 1126 885 favorabiles
1151 829 1184 886 et
1206 822 1375 906 benignos.
1421 823 1578 909 Alioquin
1602 825 1809 904 sententiam,

158 937 252 1002 quam
276 918 363 983 idem
394 919 455 983 rite
480 920 592 984 tulerit
613 921 648 984 in
670 923 822 1002 rebelles,
852 930 956 987 ratam
979 924 1173 990 habebimus
1198 932 1231 990 et
1254 926 1411 992 faciemus
1437 935 1571 992 auctore
1594 925 1735 992 Domino
1759 928 1809 992 in·

158 1021 357 1088 violabiliter
380 1023 556 1090 observari.

773 1185 1185 1196 mm..

938 1447 1025 1520 ele.

264 1555 543 1649 Honorias'III
563 1606 653 1666 papa
681 1584 847 1649 &mercica
885 1584 979 1649 VIII
1005 1587 1070 1668 regi
1102 1586 1263 1650 Fraociae
1294 1607 1351 1667 per
1387 1587 1602 1673 C[oaradam]
1635 1587 1808 1669 episcopam

155 1689 356 1754 Portaeascm
379 1689 502 1752 litteras
524 1688 702 1768 imperiales
723 1688 760 1751 dc
781 1707 930 1752 scaccursa
955 1688 1070 1752 Terrae
1087 1691 1222 1754 Sciratae
1239 1690 1441 1770 procurando
1464 1691 1658 1771 transmittit,
1681 1710 1809 1771 cumque

154 1797 262 1870 omwt,
285 1796 319 1855 ut
340 1791 584 1876 R[apmaadam
604 1791 690 1875 VII]
709 1792 813 1872 filiam
836 1792 993 1871 procidam
1015 1792 1219 1877 May-immiti
1240 1794 1305 1879 VI]
1328 1796 1446 1859 emeritis
1471 1795 1618 1858 Tolosrmi
1639 1794 1682 1858 ad
1697 1815 1808 1876 pacem

155 1918 220 1960 cara
244 1896 370 1960 eccclesia
392 1897 543 1960 veraciter
563 1895 740 1977 sac-icrulam
763 1895 902 1959 'iadircat
1445 1901 1538 1975 1224,
1561 1898 1667 1978 April.
1691 1903 1722 1964 4.

257 2016 331 2068 Han.
350 2016 406 2069 III
422 2016 487 2085 Rea.
513 2016 568 2070 Vol.
588 2015 641 2083 IV,
661 2018 728 2078 178;
748 2014 810 2068 Lib.
837 2015 919 2080 VIII,
939 2019 1005 2068 380.

256 2103 391 2166 Petitost,
410 2102 478 2172 Rea.
499 2107 577 2157 7212.

609 2266 804 2339 Lodoico
835 2263 928 2355 regi
956 2263 1146 2337 Francia
1172 2264 1352 2338 illustri.

263 2414 491 2494 Potitianibus,
515 2437 596 2500 quas
619 2437 678 2500 per
693 2413 899 2478 venerabiles
916 2413 1033 2476 fratres
1051 2422 1181 2476 nostros
1200 2461 1207 2475 .
1226 2463 1232 2476 .
1250 2414 1532 2501 archiepiscopum
1548 2415 1806 2480 Bituricenseml

156 2525 187 2582 et
219 2569 226 2581 .
256 2567 263 2580 .
293 2519 561 2602 Lingonensem²
591 2525 625 2582 et
656 2567 662 2580 .
693 2567 700 2580 .
733 2515 996 2580 Cornotensem³
1030 2517 1205 2602 episcopos
1238 2517 1331 2581 nobis
1367 2525 1422 2582 tue
1455 2519 1641 2583 serenitatis
1675 2517 1806 2582 devotio

155 2621 345 2701 destinavit,
380 2643 399 2684 a
433 2621 527 2686 nobis
560 2629 593 2684 et
627 2620 781 2685 tratribus
816 2620 935 2684 nostris
970 2621 1072 2683 multa
1106 2618 1291 2705 diligentia,
1331 2622 1414 2686 sicut
1448 2621 1649 2706 exposcebat
1683 2619 1806 2704 negotii

154 2724 359 2810 magnitudo,
389 2723 559 2802 discussis,
591 2725 636 2787 ita
664 2723 750 2808 quod
778 2723 869 2786 finali
897 2729 1038 2786 tractatu
1069 2722 1181 2786 habito
1205 2745 1304 2808 super
1332 2724 1398 2788 illis
1422 2725 1539 2810 prefati
1572 2723 1720 2809 episcopi
1743 2723 1806 2784 iam

155 2829 214 2892 iter
243 2829 448 2914 arripuerant
475 2826 516 2890 ad
546 2834 579 2890 te
610 2847 682 2890 eum
711 2827 832 2890 nostris
862 2826 981 2889 litteris
1012 2825 1216 2907 revertendi,
1248 2828 1319 2912 ipso
1355 2827 1620 2913 archiepiscope,
1659 2826 1714 2911 qui
1747 2846 1806 2910 pro

155 2929 346 3015 quibusdam
362 2931 505 3014 negotiis
530 2932 597 2994 suis
621 2930 707 3016 apud
723 2931 937 3016 apostolicam
962 2929 1073 2994 sedem
1091 2938 1304 3011 remanserat,
1328 2930 1434 2996 adhue
1458 2933 1491 2995 in
1514 2937 1626 2995 nostra
1641 2931 1807 3016 presentia

40 3045 48 3058 “’
156 3035 339 3113 constituto,
364 3040 622 3119 supervenerunt
646 3036 845 3120 sollempnes
869 3035 973 3098 nuntii
997 3035 1163 3098 karissimi
1185 3036 1218 3098 in
1242 3034 1372 3100 Christo
1396 3035 1455 3098 tilii
1477 3035 1579 3098 nostri
1598 3035 1648 3114 F,
1670 3033 1806 3097 illustris

155 3136 371 3200 Romanorum
400 3137 605 3222 imperatoris
637 3158 767 3223 semper
789 3138 920 3222 augusti
949 3145 983 3200 et
1012 3139 1099 3221 regis
1124 3137 1251 3214 Sicilie,
1283 3138 1377 3202 nobis
1406 3158 1466 3223 per
1493 3138 1582 3223 ipsos
1613 3138 1742 3201 nuntios
1774 3144 1807 3200 et

155 3241 339 3326 imperiales
367 3241 493 3304 litteras
518 3241 713 3325 exponentis
737 3242 866 3310 fervens
890 3240 1109 3328 desiderium,
1144 3240 1230 3325 quod
1255 3242 1284 3304 ei
1314 3239 1354 3304 de
1378 3240 1479 3304 Terre
1505 3239 1624 3304 Sancte
1649 3261 1806 3304 succursu

155 3341 313 3406 Dominus
329 3343 509 3429 inspiravit,
533 3365 571 3407 ac
592 3344 787 3428 postulantis
809 3345 979 3423 instanter,
1002 3352 1039 3408 ut
1062 3366 1135 3408 cum
1160 3345 1231 3430 ipse
1250 3365 1346 3428 reges
1371 3351 1404 3408 et
1420 3346 1586 3430 principes
1602 3343 1805 3408 Christianos

157 3445 194 3510 ad
216 3445 248 3509 id
271 3447 416 3511 animare
440 3445 569 3511 studeat
591 3447 817 3531 imperialibus
847 3447 1074 3532 largitionibus
1104 3455 1138 3511 et
1161 3447 1346 3532 promissis,
1377 3447 1461 3511 sieut
1492 3448 1620 3532 plenius
1649 3446 1804 3531 colligere

34 3553 53 3588 ²
157 3550 277 3634 poteris
308 3571 349 3614 ex
381 3556 494 3614 tenore
523 3550 705 3614 litterarum
730 3551 887 3636 ipsarum,
916 3572 1011 3635 quem
1035 3551 1096 3615 tibi
1118 3573 1178 3637 per
1200 3549 1422 3614 venerabilem
1444 3550 1576 3614 fratrem
1599 3555 1745 3613 nostrum
1769 3549 1804 3613 C.

155 3651 368 3716 Portuensem
397 3655 602 3739 episcopum,
636 3656 814 3740 apostolice
845 3655 934 3719 sedis
965 3657 1129 3740 legatum,
1163 3654 1346 3718 curavimus
1377 3653 1556 3731 destinare,
1587 3675 1647 3717 nos
1677 3674 1804 3738 quoque

155 3757 324 3820 universos
349 3755 469 3820 Christi
499 3755 614 3820 fideles
648 3757 929 3822 exhortationibus
960 3765 992 3822 et
1021 3758 1233 3842 indulgentiis
1256 3757 1445 3842 apostolicis
1477 3754 1517 3819 ad
1545 3754 1633 3820 idem
1660 3756 1804 3820 excitare

155 3861 320 3946 negotium
343 3859 559 3924 studeremus,
605 3861 794 3925 Predictum
818 3884 896 3946 ergo
920 3865 1066 3948 legatum
1091 3862 1133 3927 ad
1157 3870 1188 3926 te
1214 3884 1288 3926 cum
1311 3859 1501 3925 festinantia
1523 3857 1719 3943 dirigentes,
1749 3864 1804 3923 tue

155 3963 340 4028 serenitatis
355 3962 563 4028 devotionem
587 3971 620 4028 et
642 3967 919 4050 magnificentiam
941 3988 1105 4050 rogamus,
1129 3986 1301 4029 monemus
1326 3970 1358 4028 et
1378 3962 1587 4028 obsecramus
1610 3983 1670 4048 per
1692 3983 1805 4047 asper-

157 4067 278 4132 sionem
303 4067 471 4151 sanguinis
494 4067 572 4131 Iesu
595 4067 732 4145 Christi,
762 4071 817 4153 qui
839 4091 898 4156 pro
922 4077 953 4134 te
978 4071 1074 4133 morti
1098 4070 1203 4133 erucis
1228 4067 1364 4132 tradidit
1393 4067 1622 4152 semetipsum,
1653 4066 1804 4150 quatinus

156 4191 224 4232 cum
248 4178 338 4234 certo
364 4169 530 4250 credatur,
562 4173 648 4257 quod
671 4172 790 4236 nobilis
814 4174 863 4237 vir
886 4173 924 4236 R.
948 4174 1034 4237 filius
1059 4171 1221 4256 quondam
1245 4171 1284 4234 R.
1309 4171 1436 4235 comitis
1462 4167 1619 4233 Tolosani
1641 4169 1804 4253 magnitu-

155 4271 235 4337 dinis
259 4279 315 4336 tue
333 4274 512 4359 potentiam
536 4273 618 4338 adeo
636 4274 835 4354 reformidat,
860 4275 955 4362 qnod,
980 4277 1008 4339 si
1024 4275 1216 4360 cognoverit
1239 4281 1271 4338 te
1288 4279 1401 4337 contra
1424 4292 1498 4336 eum
1523 4294 1566 4336 ex
1588 4272 1695 4336 animo
1719 4272 1804 4336 velle

155 4377 228 4440 totis
251 4375 376 4440 viribus
404 4377 469 4440 tuis
493 4377 558 4457 uti,
590 4399 646 4442 eas
677 4387 854 4463 expectare
878 4380 1085 4464 aliquatenus
1109 4400 1174 4442 non
1203 4377 1353 4456 audebit,
1383 4383 1434 4440 set
1464 4374 1625 4440 mandatis
1654 4375 1805 4454 ecclesie,

156 4481 272 4565 quibus
296 4487 330 4544 et
352 4482 476 4544 utinam
498 4503 576 4546 vera
599 4481 771 4548 devotione
799 4506 834 4548 se
858 4485 966 4558 offert,
997 4483 1127 4569 parebit
1150 4483 1241 4546 iuxta
1272 4487 1328 4545 tue
1351 4480 1593 4565 beneplacitum
1616 4478 1805 4556 voluntatis,

155 4584 258 4670 ipsum
283 4585 382 4669 regiis
400 4585 706 4650 commonitionibus
730 4592 762 4651 et
780 4586 1086 4650 comminationibus
1103 4585 1282 4650 efficaciter
1296 4582 1451 4647 inducere
1471 4580 1603 4646 studeas
1627 4580 1668 4645 ad
1690 4602 1805 4667 pacem

156 4711 226 4752 cum
246 4687 320 4752 Deo
345 4695 378 4752 et
400 4689 471 4752 eius
495 4690 635 4754 ecelesia
650 4691 813 4754 veraciter
836 4689 1029 4768 taciendam,
1054 4691 1100 4753 ita
1123 4687 1209 4774 quod
1234 4695 1267 4752 et
1290 4693 1378 4751 terra
1401 4691 1559 4771 purgetur
1581 4685 1749 4764 hereticis,
1773 4691 1806 4749 et

155 4792 302 4856 ecelesiis
333 4813 371 4856 ac
394 4792 473 4856 viris
504 4793 739 4857 ecclesiasticis
763 4815 905 4879 congrue
931 4793 1070 4858 satisfiat
1093 4792 1133 4857 de
1162 4790 1312 4876 dampnis
1336 4797 1369 4853 et
1391 4788 1518 4852 iniuriis
1543 4787 1702 4852 hactenus
1725 4789 1806 4851 irro-

155 4895 250 4978 gatis,
281 4903 314 4958 et
345 4895 553 4981 provideatur
581 4897 725 4961 libertati
756 4898 981 4962 ecclesiastice
1013 4897 1230 4970 infuturum,
1262 4899 1296 4958 et
1325 4891 1440 4956 honori
1463 4891 1575 4954 dilecti
1603 4890 1662 4954 tilii
1685 4891 1804 4955 nobilis

157 4999 211 5062 viri
234 4995 417 5084 Almalrici]
443 4999 569 5063 comitis
585 4998 751 5080 Tolosani,
775 5001 830 5084 qni
853 5001 937 5064 sieut
960 5005 993 5064 et
1016 4999 1103 5063 clare
1126 4997 1283 5061 memorie
1301 5043 1308 5058 .
1327 5045 1335 5061 .
1352 4999 1447 5080 pater
1471 4992 1564 5057 eius*
1587 5014 1645 5078 pro
1670 4993 1804 5057 servitio

157 5098 217 5165 Dei
241 5109 274 5164 et
297 5101 478 5187 apostolice
502 5100 589 5166 sedis
613 5104 766 5188 exposuit
796 5105 1024 5190 semetipsum,
1055 5098 1299 5188 propterquod
1325 5098 1388 5162 sibi
1412 5118 1477 5161 non
1499 5117 1673 5184 possumus
1697 5097 1806 5181 aliqua

156 5205 277 5268 ratione
311 5203 445 5284 deesse,
488 5205 521 5267 in
555 5205 627 5292 ipsa
658 5226 755 5292 pace,
792 5213 948 5292 quantum
981 5205 1052 5268 fieri
1085 5204 1224 5289 poterit,
1266 5202 1446 5274 deferatur;
1491 5200 1578 5285 quod
1612 5221 1711 5285 super
1743 5199 1804 5262 hoc

156 5305 316 5372 inveneris
346 5307 439 5372 nobis
468 5308 621 5374 celeriter
648 5309 876 5396 rescripturus.
922 5307 958 5372 si
987 5307 1075 5373 enim
1107 5307 1168 5372 hoc
1191 5306 1325 5384 leceris,
1358 5311 1394 5369 ut
1422 5303 1463 5369 de
1492 5324 1601 5368 rerum
1631 5301 1804 5390 dispendio

329 5487 346 5491 --
357 5487 410 5492 --.
420 5487 433 5493 ,.
446 5487 456 5492 -
475 5487 721 5493 ...-.....--........-..--
733 5489 739 5492 .
756 5487 780 5492 .-.
793 5483 1505 5494 --.--.-.--1--..-.--.-..--..-1----.——-.-..—.-an—.-

257 5603 283 5666 1)
302 5599 444 5653 Simonem.
514 5603 541 5668 2)
561 5601 713 5672 Hisponem.
783 5602 810 5667 3)
831 5600 1000 5656 Gaalterum.
1071 5600 1098 5666 4)
1115 5599 1209 5655 Simon
1226 5599 1259 5653 de
1277 5597 1450 5668 Montesorti.

255 5707 318 5757 Rae.
336 5707 417 5758 l’onr.
436 5708 456 5759 1.
1566 5701 1600 5754 ⁶23
