4604 6420
417 405 479 471 364
997 393 1045 452 EX
1063 390 1238 451 caucana
1256 389 1294 450 IX
1313 387 1493 451 aversino
1574 473 1579 484 .

416 577 537 643 dicioni
560 575 720 642 subesset.
765 572 818 639 Ad
840 533 903 638 hec
925 572 1068 659 petimus
1091 576 1125 636 et
1148 569 1350 657 postulamus
1373 568 1550 648 instanter,
1577 572 1614 632 ut
1644 589 1724 654 erga
1746 565 1860 631 domos
1884 561 2068 653 Hospitalis

417 689 451 748 et
486 680 614 766 Templi
647 677 902 743 Ierosolimitani
936 675 1078 762 propitia
1110 673 1286 739 clementia
1324 679 1511 753 serenatus,
1553 672 1601 736 eis
1636 678 1670 738 et
1703 671 1814 736 ablata
1846 670 2001 734 restituas
2035 675 2069 733 et

417 784 498 848 alias
522 783 611 868 ipsas
643 781 853 868 prosequaris
883 780 1036 845 continua
1059 778 1199 864 pietate,
1231 777 1277 841 ita
1305 775 1392 862 quod
1414 775 1487 841 Deo
1516 781 1642 861 gratum
1673 781 1707 839 et
1733 774 1829 839 nobis
1859 794 1933 838 esse
1962 773 2068 858 possit

416 892 597 971 acceptum.

525 1005 612 1070 Data
634 1005 750 1085 Reate,
773 1002 808 1068 II
830 1003 909 1069 Idus
931 1003 1070 1088 August.
1087 995 1304 1089 'pontificatus
1327 1000 1432 1065 nostri
1454 1021 1539 1065 anno
1562 971 1685 1084 quinto.

1035 1248 1216 1255 ——-
1220 1246 1446 1254 -.ς-*-

1198 1469 1286 1543 451.

527 1585 717 1696 Gregorius
737 1612 794 1677 IX
807 1631 899 1693 papa
920 1610 1052 1675 Eacliao
1071 1610 1207 1692 firmiter
1220 1608 1392 1691 praecepit,
1422 1611 1458 1674 at
1478 1629 1500 1674 a
1522 1612 1607 1674 terra
1630 1629 1689 1674 sua
1710 1609 1875 1676 haereticis
1893 1610 2071 1695 profligatis

418 1717 462 1782 ad
481 1717 633 1800 premium
654 1716 797 1781 scalonae
817 1715 937 1793 redcat,
965 1719 994 1779 et
1015 1715 1106 1796 infra
1127 1715 1206 1780 daos
1227 1731 1346 1778 menses
1367 1712 1411 1778 ad
1431 1712 1633 1794 apustoiicam
1654 1713 1755 1778 sedem
1776 1715 1915 1793 acaedat,
1936 1720 2071 1796 paratas

418 1819 486 1883 cias
507 1818 668 1884 madetis
687 1819 826 1899 praecise
841 1839 968 1900 parcre.
1730 1819 1824 1897 1231,
1847 1817 1931 1900 Sept.
1956 1822 1984 1882 1.

524 1939 606 2010 Grcy.
624 1939 675 1993 IX
692 1939 759 2009 Ray.
777 1939 841 1995 Irib.
864 1940 895 2006 V,
917 1944 978 1994 120.
1018 1939 1138 1994 Ederae
1158 1937 1230 1993 tanc
1255 1936 1452 2006 epistolariter
1474 1935 1566 2006 Ruga
1589 1939 1662 1990 Ana.
1687 1938 1748 1991 ecci.
1772 1955 1800 1991 a.
1822 1942 1900 2007 1231,
1921 1941 2071 2003 §to-21,

421 2023 578 2091 caordtum,
604 2025 678 2094 quod
700 2027 802 2091 omisit,
827 2025 957 2081 addentes
978 2042 1011 2080 ec
1035 2025 1100 2080 Cart.
1122 2024 1254 2080 Vallicell.
1277 2025 1301 2079 I.
1321 2027 1356 2078 54
1378 2040 1424 2093 ap.
1448 2022 1650 2088 Winlcetmarm,
1676 2026 1748 2078 Acta
1770 2024 1840 2094 Irap.
1862 2024 1931 2079 daed.
1953 2043 1984 2094 p.
2008 2027 2071 2088 499,

419 2129 446 2166 a.
470 2114 534 2166 623.

523 2197 659 2267 Pattbast,
678 2199 748 2271 ch.
767 2203 850 2254 8792.

667 2393 812 2469 Nobili
838 2395 931 2468 viro
958 2393 1155 2469 Ezelino¹
1182 2393 1386 2486 spiritum
1415 2391 1594 2467 consilii
1620 2391 1824 2467 sanioris

529 2545 664 2610 Utinam
686 2545 866 2631 inspiceres
889 2566 951 2610 nec
968 2544 1167 2631 despiceres,
1191 2563 1288 2629 quam
1311 2541 1456 2629 graviter
1478 2547 1534 2606 tuo
1551 2541 1725 2628 displiceas
1748 2544 1898 2625 creatori,
1921 2545 1975 2630 qui
1999 2567 2073 2610 cum

421 2650 482 2714 tibi
510 2648 639 2714 dederit
669 2648 755 2714 inter
782 2649 931 2715 homiues
961 2655 1180 2736 potentatum,
1208 2654 1245 2713 ut
1275 2648 1310 2712 in
1336 2647 1462 2712 iustitia
1488 2667 1607 2732 regens
1636 2667 1693 2712 eos
1724 2647 1785 2711 tibi
1816 2654 1849 2713 et
1876 2648 1941 2713 illis
1964 2649 2071 2713 studio
2139 2670 2150 2706 a

422 2752 598 2838 proficeres
622 2758 711 2818 recte
733 2751 815 2834 vie⁸,
847 2753 994 2838 aliasque
1024 2743 1063 2818 te
1086 2752 1182 2817 bonis
1212 2750 1448 2837 temporalibus
1476 2750 1656 2836 ampliant,
1684 2756 1721 2815 ut
1750 2735 1870 2818 exinde
1899 2753 1959 2817 tibi
1987 2774 2074 2818 com-

422 2875 555 2941 parares
579 2861 702 2936 eterna,
726 2875 804 2921 ecce
820 2855 944 2920 iamdiu
967 2862 1001 2920 te
1026 2877 1119 2921 suum
1137 2856 1243 2921 sensit
1266 2861 1300 2920 et
1323 2855 1478 2919 sustinuit
1492 2854 1660 2920 inimicum
1674 2855 1835 2940 perfidum
1857 2861 1891 2920 et
1906 2855 2074 2920 rebellem.

423 2957 474 3022 Tu
497 2959 583 3023 enim
606 2980 747 3025 excusso
771 2981 791 3025 a
812 2967 845 3025 te
869 2959 985 3023 timore
1009 2958 1134 3041 divino,
1158 2959 1191 3023 in
1214 2980 1277 3044 quo
1301 2963 1415 3023 tenere
1437 2957 1600 3024 debueras
1623 2965 1656 3022 te
1679 2958 1855 3040 instanter,
1878 2965 1912 3024 et
1934 2959 2074 3023 humano

423 3060 547 3147 pudore
571 3062 712 3144 reiecto,
741 3084 838 3148 quem
861 3062 1073 3150 tedeo'uerat
1097 3062 1236 3127 sollicite
1260 3059 1440 3141 custodire,
1469 3061 1597 3125 irritare
1621 3061 1767 3145 gestiens
1791 3061 1976 3127 Christiane
1999 3063 2076 3127 fidei

423 3164 606 3246 veritatem,
630 3164 795 3232 Christum
818 3174 932 3232 contra
954 3174 987 3233 te
1009 3173 1162 3254 patenter
1183 3165 1303 3247 irritas,
1326 3165 1531 3230 inimicorum
1554 3186 1685 3229 suorum
1705 3165 1925 3230 hereticorum
1949 3167 2075 3232 seilicet

424 3266 560 3333 effeetus
584 3269 735 3354 publicus
759 3277 954 3357 receptator,
979 3292 1037 3336 eos
1060 3271 1093 3335 iu
1116 3270 1226 3335 heresi
1249 3269 1414 3334 hereticos
1430 3255 1661 3348 confirmando,
1685 3268 1763 3332 dum
1785 3269 1859 3334 illos
1882 3290 1948 3334 non
1971 3270 2076 3334 solum

423 3371 516 3438 foves
538 3373 764 3441 favorabiliter
786 3381 819 3442 et
842 3375 1011 3456 delendis,
1039 3395 1153 3440 verum
1182 3374 1282 3439 etiam
1309 3373 1343 3437 in
1377 3373 1424 3438 eis
1452 3373 1578 3438 ratione
1602 3372 1824 3438 similitudinis
1846 3371 2077 3439 damnabiliter

424 3475 598 3542 delectaris
622 3478 656 3543 in
678 3500 811 3546 enorme
835 3480 1026 3546 scandalum
1051 3479 1193 3545 ecclesie
1217 3478 1398 3563 generalis,
1431 3499 1494 3562 que
1518 3484 1638 3563 quanto
1661 3483 1694 3542 te
1717 3477 1875 3543 hactenus
1897 3479 2076 3565 patientius

424 3581 628 3665 supportavit
650 3579 823 3670 in'spiritu
845 3584 1000 3664 lenitatis,
1024 3589 1113 3648 tanto
1136 3603 1222 3649 nune
1244 3582 1434 3667 nequiorem
1454 3580 1677 3646 adversarium
1699 3581 1875 3669 experitur.
1921 3581 2077 3647 Ceterum

423 3683 502 3748 lieet
524 3683 607 3750 adeo
629 3692 663 3750 te
686 3685 858 3753 credamus
881 3687 914 3751 in
938 3693 996 3752 tua
1015 3685 1154 3773 pertidia
1177 3685 1364 3766 duravisse,
1386 3684 1509 3750 utiam
1531 3690 1620 3749 totus
1645 3683 1795 3770 stupidus
1818 3685 1863 3749 nil
1887 3687 2010 3750 sentias
2032 3686 2073 3751 de
2140 3709 2152 3746 s

424 3787 545 3868 salute,
576 3790 652 3874 quia
675 3796 783 3856 tamen
806 3812 872 3856 non
895 3798 947 3857 est
967 3789 1181 3855 diffidendum
1204 3787 1245 3854 de
1275 3787 1502 3854 misericordia
1523 3785 1771 3873 Redemptoris,
1803 3789 1858 3874 qui
1884 3797 2002 3876 potens
2026 3796 2077 3855 est

281 3917 358 3960 usas.
374 3889 561 3969 s‚s.Abrahe
584 3893 668 3958 filios
691 3893 733 3959 de
754 3894 917 3980 lapidibus
942 3893 1112 3974 suscitare,
1137 3891 1244 3959 adhuc
1266 3893 1300 3956 in
1322 3889 1375 3957 teb
1398 3897 1559 3976 temptare
1582 3891 1733 3956 volumus
1757 3893 1863 3957 varias
1886 3892 2076 3974 medicinas,

423 3996 451 4059 si
473 3996 557 4062 torte
581 3997 708 4062 medico
731 3999 944 4083 acquiescens
968 3998 1066 4062 saluti
1088 3997 1219 4062 restitui
1241 3997 1408 4078 merearis,
1432 3996 1540 4061 salvos
1563 4000 1597 4059 te
1620 4016 1658 4060 ac
1681 3995 1763 4060 alios
1787 4015 1869 4080 quos
1890 3994 2076 4082 perdidisse

423 4100 572 4164 nosceris
595 4100 757 4167 iaciendo.
802 4100 866 4166 Dic
890 4122 985 4186 ergo,
1009 4122 1071 4186 que
1094 4108 1146 4166 est
1169 4101 1233 4165 ista
1255 4101 1390 4166 vesania
1412 4120 1476 4185 qua
1499 4099 1645 4180 vexaris,
1668 4104 1705 4163 ut
1728 4105 1858 4164 secutus
1881 4099 2076 4185 deceptricis

424 4203 553 4268 fallacie
576 4202 781 4286 documenta,
805 4225 951 4269 errorum
975 4205 1143 4291 spiritibus
1166 4205 1378 4290 acquiescens
1403 4203 1506 4288 eligas
1529 4223 1594 4266 non
1618 4203 1802 4269 consentire
1825 4202 1901 4268 fidei
1923 4202 2074 4268 veritati?

425 4306 581 4392 Nunquid
615 4308 794 4394 sapientior
828 4328 863 4372 es
897 4305 1086 4372 doctoribus
1122 4308 1261 4374 ecclesie
1290 4306 1468 4388 universis,
1503 4305 1623 4390 quibus
1656 4327 1714 4370 sue
1744 4307 1860 4371 merito
1894 4305 2076 4371 sanctitatis

426 4409 573 4474 revelata
597 4417 648 4475 est
670 4408 852 4476 orthodoxe
874 4409 952 4476 fidei
984 4411 1145 4477 certitudo
1169 4419 1203 4476 et
1226 4411 1402 4476 multorum
1424 4410 1656 4474 miraculorum
1680 4411 1782 4496 siguis
1804 4405 1986 4476 roborata?
2024 4410 2077 4474 An

283 4537 328 4580 ros.
343 4541 411 4588 aaa.
425 4513 552 4592 forsan,
584 4513 647 4579 etsi
669 4534 735 4577 non
757 4534 854 4595 voce,
884 4513 969 4599 quod
998 4522 1050 4580 est
1072 4516 1227 4600 nequius,
1251 4515 1284 4578 in
1306 4514 1393 4579 facto
1417 4514 1512 4578 dicis:
1543 4512 1641 4588 ‘Quis
1665 4521 1717 4579 est
1740 4515 1963 4601 omnipotens,
1985 4521 2022 4579 ut
2045 4513 2077 4578 ei

281 4639 351 4682 meri.
366 4643 408 4691 sa.
428 4615 580 4696 serviam,
604 4623 638 4681 at
660 4615 738 4701 quid
760 4617 839 4682 mihi
861 4618 1005 4704 prodest,
1029 4618 1057 4682 si
1081 4639 1156 4682 eum
1179 4618 1271 4682 fuero
1295 4616 1510 4704 deprecatus?
1535 4617 1680 4702 peceavi,
1703 4624 1737 4682 et
1759 4616 1837 4702 quid
1858 4618 1977 4683 accidit
1998 4617 2079 4681 mihi

283 4741 321 4783 ns.
336 4745 403 4794 aaa.
425 4719 556 4784 tristet‘
595 4718 692 4784 Certe
709 4741 866 4806 perversa
888 4727 939 4786 est
959 4721 1020 4786 hec
1038 4722 1202 4807 cogitatio,
1225 4722 1319 4807 quasi
1340 4722 1444 4786 lutum
1464 4727 1577 4786 contra
1598 4722 1734 4806 figulum
1757 4722 1889 4807 cogitet,
1913 4729 1946 4788 et
1965 4728 2078 4787 eontra
2143 4746 2153 4782 a

281 4843 319 4884 ss.
335 4848 401 4894 ors.
424 4822 589 4888 levantem
606 4843 678 4888 eam
694 4823 822 4909 virgula
843 4825 1002 4889 elevetur.
1047 4824 1094 4888 Ut
1108 4825 1186 4909 quid
1202 4824 1333 4890 divitias
1353 4823 1509 4890 bonitatis
1527 4824 1649 4890 Christi
1666 4825 1870 4890 contemnis?
1914 4825 2079 4891 Patientia

424 4925 495 4991 eius
518 4926 559 4991 ad
582 4927 795 5014 penitentiam
818 4933 851 4992 te
875 4926 1023 5007 adducit,
1058 4935 1093 4992 tu
1121 4936 1231 4994 autem
1260 4950 1317 4994 eur
1345 4928 1523 4994 secundum
1551 4929 1704 4993 duritiam
1732 4929 1782 4993 tui
1810 4928 1917 4995 cordis
1940 4931 2021 4995 iram
2044 4931 2077 4994 in

422 5029 475 5095 die
504 5031 551 5096 ire
582 5031 643 5096 tibi
671 5029 903 5096 damnabiliter
923 5031 1149 5096 thesaurizas?
1193 5032 1311 5098 Nonne
1342 5053 1415 5097 cum
1438 5032 1543 5097 adhuc
1575 5033 1607 5096 in
1637 5033 1754 5098 minori
1777 5033 1885 5098 officio
1909 5033 2078 5099 constituti

421 5134 455 5198 in
483 5133 631 5221 partibus
661 5133 857 5199 Lambardie
888 5135 1063 5220 legationis
1100 5135 1209 5201 officio
1241 5136 1467 5222 fungeremur,
1499 5137 1722 5201 conversionis
1754 5137 1848 5222 signa
1878 5138 2077 5223 pretendens

422 5257 495 5306 curn
519 5235 680 5302 effusione
703 5237 845 5323 plurima
867 5238 1076 5303 lacrimarum
1100 5239 1292 5326 suppliciter
1314 5239 1502 5325 flagitabas,
1534 5239 1713 5304 nostriset
1740 5241 1880 5305 ecclesie
1905 5247 1938 5304 et
1966 5241 2073 5328 speci·
2127 5267 2154 5305 ro

526 5535 549 5598 *J
567 5535 673 5586 rectorio
693 5535 753 5585 (bd.
838 5533 859 5598 h)
878 5535 1006 5600 littoreaque
1023 5554 1054 5587 ec
1073 5536 1134 5587 (bd.

527 5689 553 5756 1)
573 5687 618 5740 De
637 5701 668 5740 co
686 5686 723 5755 σί.
748 5686 944 5752 Wiakebaaan,
964 5687 1059 5742 Fried.
1079 5691 1120 5754 II,
1134 5706 1163 5758 p.
1185 5691 1242 5742 387
1260 5693 1284 5742 et
1302 5704 1376 5758 sequ.
