4596 6406
790 361 991 420 EPIS'POLAE
1009 361 1199 420 SELECTAE.
1230 363 1306 420 1239.
1813 366 1876 430 653

224 538 393 627 corporale
416 539 657 628 prestiterimus
680 539 909 622 iuramentum,
933 561 992 605 seu
1015 539 1102 625 quod
1119 539 1220 604 totius
1237 538 1326 603 orbis
1343 537 1498 620 decimas,
1522 537 1623 604 Terre
1642 537 1763 605 Sancte
1785 540 1875 604 utili-

223 645 345 709 tatibus
369 651 569 722 reservatas,
603 649 795 708 convertere
825 642 1072 729 promiserimus
1100 643 1133 707 in
1164 643 1235 708 eius
1268 641 1514 728 compendium,
1550 641 1578 706 si
1604 643 1740 708 arbitrio
1763 649 1875 708 nostro

224 749 391 832 negotium
415 755 599 835 exponeret
620 747 892 811 Lombardorunr.
937 746 1095 812 Fatemur
1118 748 1239 812 etenim
1261 768 1321 811 nos
1337 746 1470 812 defectu
1486 749 1675 812 meritorum
1692 754 1876 812 nostrorum

223 851 358 935 indigne
382 850 505 915 Christi
533 871 607 914 esse
638 851 813 925 vicarium;
845 851 987 916 latemur
1008 872 1068 915 nos
1092 851 1182 916 oneri
1206 858 1296 915 tanto
1326 850 1564 915 insufficientes
1596 851 1756 932 existere,
1790 849 1875 936 quod

226 955 369 1018 humana
392 953 533 1019 conditio
557 974 621 1018 non
651 960 762 1039 potest
788 952 913 1039 absque
945 953 1056 1019 divino
1086 955 1240 1039 suffragio
1271 960 1481 1042 supportare;
1511 954 1742 1019 nichilominus
1765 960 1876 1019 tamen

221 1060 311 1124 vices
334 1059 430 1123 uobis
454 1059 655 1136 commissas,
678 1065 774 1144 prout
798 1060 915 1122 melius
938 1065 1051 1124 nostra
1074 1061 1234 1146 permittit
1257 1059 1431 1145 fragilitas,
1456 1064 1670 1144 exequentes,
1694 1057 1874 1123 seeundum

223 1161 308 1246 quod
338 1162 502 1241 locomm,
533 1168 733 1247 temporum,
765 1183 978 1249 personarum
1008 1170 1042 1229 et
1064 1165 1273 1250 negotiomm
1304 1163 1445 1250 qualitas
1480 1168 1513 1226 ot
1544 1169 1661 1227 natura
1694 1161 1874 1246 requirunt,

222 1263 426 1350 disponenda
447 1263 650 1350 disponimus
674 1269 707 1328 et
731 1285 804 1328 eum
829 1267 1069 1332 excellentibus
1093 1268 1245 1354 personis
1269 1288 1350 1353 pure
1380 1273 1414 1330 et
1441 1263 1621 1329 secundum
1643 1263 1768 1343 Deum,
1801 1285 1875 1328 cum

222 1368 405 1431 necessitas
428 1365 461 1430 id
485 1369 645 1454 exposcit,
669 1367 710 1432 de
733 1376 844 1434 nostre
868 1372 1041 1457 potcstatis
1058 1372 1263 1458 plenitudiue
1279 1370 1518 1458 dispensamus.
1556 1368 1793 1433 Verumtamen
1809 1389 1874 1431 non

224 1476 275 1533 est
297 1468 401 1548 dolor,
425 1471 479 1555 qui
503 1471 549 1534 sic
572 1470 733 1557 profundo
756 1472 865 1556 gladio
889 1474 960 1539 eius
983 1474 1080 1540 feriat
1105 1475 1258 1554 animum,
1282 1474 1366 1538 siout
1386 1473 1472 1559 quod
1488 1472 1565 1537 dum
1587 1473 1744 1538 terminos
1759 1492 1874 1556 regum

223 1572 472 1657 transgreditur,
495 1594 560 1636 non
584 1581 694 1659 potest
716 1575 853 1660 aggredi
877 1577 984 1641 officia
1007 1578 1222 1643 sacerdotum.
1267 1577 1407 1662 Propter
1429 1575 1516 1662 quod
1534 1575 1632 1656 idem,
1656 1575 1712 1660 qui
1727 1595 1786 1661 pro
1803 1574 1875 1638 auri

223 1677 308 1742 famo
333 1677 454 1741 dictum
478 1697 615 1762 regnum
640 1678 753 1744 Sicilie
776 1681 841 1744 iam
864 1679 993 1766 redegit
1016 1683 1050 1746 in
1073 1682 1228 1760 cinerem,
1253 1679 1391 1746 credens
1408 1701 1512 1760 exse,
1536 1679 1592 1765 qui
1614 1679 1703 1744 omni
1725 1685 1874 1764 tempore

222 1782 289 1845 vite
313 1802 372 1845 sue
395 1780 508 1866 paucis
532 1802 622 1866 pure,
646 1782 794 1868 pluribus
810 1805 889 1848 vero
912 1785 1071 1849 iustitiam
1093 1787 1191 1872 pretii
1207 1786 1386 1851 venalitate
1410 1790 1580 1870 corruptus
1603 1782 1764 1862 exhibuit,
1787 1779 1874 1866 quod

222 1885 255 1948 in
278 1905 420 1968 persona
443 1903 502 1948 sua
524 1885 725 1949 resuscitans
749 1907 880 1972 magum
898 1887 1066 1953 Simonem
1089 1890 1159 1952 luto
1175 1890 1404 1976 temporalium
1418 1890 1581 1953 maculare
1599 1891 1712 1972 posset
1728 1884 1870 1949 ecclesie

223 1988 415 2073 puritatem,
445 1995 482 2051 ut
510 1988 557 2052 sie
580 1988 613 2051 in
637 1989 864 2075 spiritualibus
887 1992 1026 2054 crassari
1049 1997 1083 2056 et
1105 1992 1139 2056 in
1161 1994 1228 2056 suis
1248 1994 1495 2078 permitteretur
1516 1989 1668 2055 sordibus
1691 2008 1873 2064 remanere,

221 2111 349 2155 murum
372 2091 570 2175 integritatis
595 2091 735 2156 ecclesie
759 2093 870 2156 multis
893 2093 998 2157 modis
1016 2101 1048 2158 et
1064 2095 1253 2180 specialiter
1269 2093 1434 2158 oblatione
1451 2100 1631 2158 castrorum
1646 2114 1685 2157 ac
1703 2091 1874 2178 parentela
1991 2169 1997 2180 ι

221 2193 307 2258 inter
331 2213 408 2258 suos
431 2201 464 2258 et
486 2201 616 2258 nostros
631 2195 862 2276 contrahenda,
885 2219 944 2283 pro
971 2219 1034 2283 qua
1050 2219 1109 2262 nos
1125 2219 1185 2284 per
1201 2196 1361 2283 quosdam
1377 2217 1513 2281 magnos
1529 2197 1674 2283 prelatos
1691 2203 1724 2261 et
1741 2195 1874 2260 nuntios

221 2318 299 2360 suos
322 2297 445 2382 pluries
468 2298 650 2383 requisivit,
673 2301 847 2385 temptavit
861 2300 1050 2385 infringere.
1088 2300 1183 2365 Nune
1202 2322 1279 2364 vero
1295 2301 1372 2386 quia
1394 2299 1427 2363 id
1444 2301 1535 2364 nulla
1549 2299 1704 2364 instantia
1719 2299 1874 2382 nulloque

221 2400 363 2484 ingenio,
388 2401 472 2464 sicut
495 2408 546 2466 est
569 2402 715 2467 incuria
737 2409 851 2466 nostra
873 2405 966 2488 quasi
991 2406 1169 2483 notorium,
1200 2426 1221 2468 a
1242 2404 1337 2470 nobis
1360 2405 1467 2490 potuit
1490 2403 1653 2479 obtinere,
1676 2401 1874 2488 quimpotius

222 2525 258 2567 se
283 2525 356 2568 cunr
381 2504 449 2568 suis
472 2503 650 2590 perditioni
672 2506 824 2571 relictum
847 2507 966 2571 artium
991 2528 1122 2572 suarum
1146 2508 1286 2572 fallaciis
1300 2508 1333 2572 in
1349 2507 1444 2594 peius
1459 2506 1617 2592 proficere
1634 2506 1698 2569 ianr
1714 2504 1873 2588 agnoscit,

221 2607 315 2691 quasi
338 2609 465 2673 nesciat
488 2611 574 2673 ultra
598 2609 676 2696 quid
699 2610 808 2690 faciat,
832 2633 868 2675 se
892 2611 999 2699 ipsum
1024 2612 1194 2678 mendacio
1211 2633 1270 2676 suo
1287 2611 1318 2676 in
1335 2611 1473 2675 aliorum
1490 2607 1693 2673 detractione
1710 2607 1873 2692 deturpat,

221 2730 312 2774 more
335 2713 517 2777 meretricis
541 2711 693 2801 Egyptio,
718 2736 781 2800 que
806 2715 929 2802 Ioseph
952 2717 1102 2781 invitavit
1123 2715 1163 2780 ad
1189 2723 1336 2802 stuprum
1360 2721 1394 2778 et
1416 2712 1457 2777 ab
1480 2713 1552 2798 ipso
1577 2717 1767 2797 contempta
1788 2709 1873 2797 apud

221 2814 324 2877 virum
348 2831 443 2880 suum
465 2817 580 2881 volens
604 2817 771 2882 accusavit
794 2819 941 2882 invitum.

328 2917 438 2983 Unum
468 2919 598 3005 quidem
630 2927 697 2999 est,
732 2921 772 2986 de
796 2943 882 3007 quo,
916 2923 979 2987 etsi
1009 2944 1068 3009 pro
1098 2923 1230 2987 homine
1260 2921 1388 3008 perdito
1411 2922 1454 2985 sit
1477 2919 1667 3000 dolendum,
1690 2918 1786 2983 letari
1808 2938 1874 2982 non

221 3019 384 3086 modicum
408 3028 442 3086 et
464 3023 536 3088 Deo
564 3025 735 3109 regratiari
763 3024 905 3107 debetis,
936 3026 1022 3112 quod
1050 3027 1180 3091 volente
1204 3025 1362 3104 Domino,
1393 3025 1448 3110 qui
1475 3023 1597 3088 diutius
1631 3022 1786 3087 occultari
1810 3042 1876 3085 non

219 3125 342 3209 patitur
368 3125 517 3190 umbram
546 3127 679 3206 mortis,
709 3128 788 3208 iste,
821 3129 875 3213 qui
905 3128 1026 3213 gaudet
1057 3150 1092 3193 se
1123 3129 1284 3193 nominari
1316 3127 1544 3215 preambulum
1567 3125 1776 3201 Antichristi,
1810 3145 1874 3188 non

220 3234 398 3313 expectans
426 3231 642 3317 propinquum
672 3251 731 3295 sue
764 3231 946 3294 confusioni
975 3231 1145 3314 iudicium,
1178 3231 1328 3295 manibus
1350 3233 1491 3318 propriis
1515 3231 1636 3296 cllosso
1661 3247 1792 3293 suarum
1815 3226 1873 3290 ab·

219 3331 477 3398 hominationum
500 3335 641 3420 pariete,
673 3355 734 3420 per
763 3333 869 3399 dictas
896 3336 1024 3400 litteras
1048 3335 1119 3399 eius
1143 3355 1274 3399 suarum
1298 3334 1503 3420 producitis
1526 3336 1634 3398 lucem
1659 3352 1759 3419 opera
1782 3337 1875 3394 tcne-

219 3435 368 3514 bramm,
393 3438 426 3500 in
449 3437 497 3501 eis
520 3444 711 3502 constanter
733 3459 921 3525 proponens
945 3438 1030 3525 quod
1053 3460 1113 3526 per
1135 3460 1206 3518 nos,
1229 3446 1385 3524 tanquam
1408 3437 1529 3502 Christi
1552 3437 1721 3516 vicarium,
1744 3434 1873 3499 viuculo

221 3541 729 3627 excommunicationisastringi
753 3546 958 3633 nonpotuit.
1009 3545 1127 3631 Sicque
1155 3545 1321 3609 affirmans
1350 3564 1414 3607 non
1445 3564 1519 3607 esse
1549 3540 1635 3627 apud
1658 3538 1832 3604 ecelesiam
1856 3558 1876 3599 a

220 3642 362 3709 Domino
385 3645 484 3710 beato
504 3644 603 3710 Petro
627 3653 661 3710 et
685 3648 755 3711 cius
781 3648 1028 3713 successoribus
1052 3647 1175 3733 ligandi
1198 3653 1296 3731 atque
1320 3645 1469 3710 solvendi
1492 3644 1644 3709 traditam
1666 3647 1875 3729 potestatem,

220 3745 297 3810 dum
320 3748 463 3812 heresim
487 3749 620 3828 asserit,
648 3751 780 3836 proprio
805 3751 868 3814 sibi
891 3758 1085 3835 argumento
1109 3750 1290 3830 concludit,
1313 3755 1553 3834 consequenter
1581 3746 1759 3811 ostendens
1787 3741 1875 3829 quod

220 3851 306 3914 male
331 3852 453 3915 sentiat
475 3851 516 3915 de
542 3853 661 3916 ceteris
684 3853 760 3918 fidei
785 3853 968 3918 orthodoxe
994 3854 1150 3935 articulis,
1173 3853 1249 3918 dum
1274 3853 1430 3934 ecclesio,
1455 3869 1674 3938 superquam
1696 3846 1777 3912 fides
1800 3847 1874 3910 lun-

220 3953 298 4018 data
325 3955 490 4036 consistit,
524 3954 654 4021 auferre
681 3957 796 4021 nititur
823 3978 1015 4022 concessum
1039 3957 1139 4022 verbo
1163 3955 1228 4022 Dei
1250 3955 1458 4043 privilegium
1482 3953 1666 4040 potestatis.
1718 3949 1777 4014 Set
1799 3950 1876 4035 quia

221 4060 328 4123 miuus
352 4058 437 4124 bene
460 4060 502 4124 ab
525 4059 689 4145 aliquibus
713 4061 803 4126 credi
826 4069 954 4148 posset,
979 4061 1065 4149 quod
1089 4083 1124 4126 sc
1150 4061 1258 4126 verbis
1281 4081 1346 4124 nou
1369 4056 1599 4143 illaqueaverit
1621 4055 1687 4119 oris
1711 4054 1775 4136 sui,
1798 4073 1874 4140 pro-

219 4163 371 4228 bationes
394 4165 428 4228 in
450 4163 528 4229 fidei
545 4164 713 4229 victoriam
729 4171 805 4230 suut
828 4173 953 4251 parate,
977 4165 1063 4252 quod
1086 4166 1149 4230 iste
1172 4162 1437 4251 rexpestilcutie
1453 4160 1593 4225 utribus
1609 4157 1874 4234 barattatoribus,

218 4274 256 4332 ut
278 4268 350 4332 eius
374 4267 483 4331 verbis
505 4273 652 4346 utamur,
686 4268 813 4333 scilicet
836 4267 968 4334 Christo
990 4267 1084 4350 Iesu,
1116 4267 1231 4353 Moyse
1264 4273 1298 4332 ct
1323 4264 1552 4344 Machameto,
1586 4269 1689 4329 totum
1719 4259 1874 4327 mundum

219 4371 322 4436 luisse
347 4371 532 4457 deceptum,
555 4377 589 4435 et
612 4369 738 4436 duobus
762 4393 875 4438 eorum
898 4373 932 4436 in
954 4373 1059 4457 gloria
1081 4371 1229 4452 mortuis,
1252 4371 1359 4457 ipsum
1381 4369 1492 4434 Iesum
1515 4369 1548 4434 in
1562 4368 1659 4453 ligno
1676 4385 1873 4453 suspensum

218 4475 394 4540 manifeste
418 4475 639 4561 proponens¹,
673 4475 808 4561 insuper
834 4475 978 4540 dilucida
1000 4496 1080 4541 voce
1103 4474 1266 4540 affirmare
1290 4475 1342 4540 vel
1364 4473 1474 4561 potius
1507 4471 1637 4536 mentiri
1665 4468 1874 4557 presumpsit,

220 4578 307 4663 quod
330 4599 443 4644 omnes
466 4579 515 4642 illi
538 4586 613 4644 sunt
636 4578 727 4658 fatui,
752 4579 807 4663 qui
830 4578 968 4644 credunt
996 4579 1086 4643 nasci
1119 4577 1159 4643 de
1182 4578 1308 4662 virgine
1331 4577 1455 4658 Deum,
1487 4576 1541 4662 qui
1575 4575 1697 4640 creavit
1723 4567 1874 4637 naturam

218 4688 253 4745 et
282 4683 408 4764 omnia,
440 4683 605 4768 potuisse;
636 4683 720 4748 hanc
751 4682 894 4747 heresim
925 4683 982 4746 illo
1015 4703 1124 4746 errore
1154 4681 1366 4762 confirmans,
1399 4679 1485 4765 quod
1513 4679 1621 4744 nullus
1644 4677 1736 4742 nasei
1758 4675 1873 4763 potuit,

218 4787 312 4850 ouius
336 4794 532 4873 conceptum
554 4771 615 4851 viri
638 4794 670 4852 et
692 4787 841 4852 mulieris
865 4787 1049 4852 coniunctio
1072 4807 1139 4852 non
1160 4785 1339 4872 processit,
1363 4784 1516 4849 ethome
1539 4783 1640 4848 nichil
1662 4781 1762 4846 debet
1784 4777 1873 4848 aliud

219 4890 363 4962 credere,
388 4891 451 4955 nisi
474 4889 561 4976 quod
582 4897 693 4976 potest
715 4891 749 4955 vi
778 4897 812 4956 ct
838 4891 966 4956 ratione
998 4898 1114 4956 nature
1145 4889 1296 4977 probare.
1347 4887 1421 4952 Hac
1451 4895 1484 4953 et
1514 4887 1579 4951 alia
1606 4887 1728 4963 multa,
1756 4882 1874 4967 quibus

219 4994 328 5059 verbis
350 4999 384 5058 et
405 4993 502 5058 factis
525 4993 719 5058 catholicam
741 4993 841 5058 tidem
870 4995 1056 5080 impugnat,
1085 5015 1144 5059 suo
1176 4994 1249 5058 loco
1278 4998 1312 5056 et
1339 4996 1503 5077 tempore,
1539 4989 1624 5052 sicut
1657 4993 1691 5052 et
1718 4983 1813 5048 decet
1841 4988 1874 5045 et

140 5121 166 5160 m
219 5099 369 5185 expedit,
400 5098 575 5164 manifeste
607 5103 762 5184 poterunt
788 5097 1004 5183 comprobari.
1062 5097 1223 5172 Quocirca
1251 5093 1497 5160 universitatem
1531 5097 1674 5155 vestram
1710 5105 1874 5171 rogamus,

218 5222 390 5268 monemus
419 5209 452 5267 et
474 5202 643 5266 hortamur
664 5207 805 5282 attente,
833 5201 867 5265 in
889 5201 1010 5266 virtute
1038 5199 1225 5266 obedientie
1248 5197 1397 5263 districte
1426 5191 1638 5282 precipiendo
1669 5188 1872 5266 mandantes,

322 5393 352 5462 1)
371 5393 568 5462 Imperatorem
585 5391 651 5444 burc
668 5391 751 5446 aerbo
768 5393 887 5444 locatum
910 5407 969 5445 esse
992 5390 1157 5444 testimoniis
1180 5404 1321 5456 nunquam
1338 5385 1554 5438 dmmsrratsm
1571 5386 1622 5446 est,
1647 5396 1707 5433 eam
1725 5381 1815 5432 uatem
1832 5379 1875 5432 ita

217 5479 337 5534 locutum
357 5495 412 5532 nos
436 5494 495 5532 esse
512 5493 599 5546 neqve
620 5478 697 5546 loqui
715 5477 853 5547 potuisse,
876 5476 908 5530 id
924 5475 998 5546 quod
1024 5471 1548 5540 tt'mketmma,stieo.11,t.11,p.
1569 5472 1617 5520 135
1632 5467 1730 5536 patrat,
1754 5465 1875 5532 probatu

218 5583 276 5620 nom
292 5568 385 5620 minas
403 5565 519 5634 difficile
536 5567 581 5619 est.
618 5564 664 5619 Ea
682 5563 802 5632 quidem,
824 5580 895 5632 quoe
918 5563 952 5616 dc
970 5560 1131 5632 virginitale
1149 5560 1261 5614 Mariae
1278 5557 1445 5612 dusersr'sse
1462 5572 1522 5610 eum
1540 5553 1620 5622 iufra
1637 5557 1821 5616 meteretur,
1837 5551 1875 5604 ab

142 5677 168 5716 ω
218 5653 279 5709 eius
296 5655 383 5707 mente
401 5656 425 5706 el
443 5653 550 5707 ratione
567 5650 706 5720 cogitandi
723 5667 779 5705 non
798 5649 952 5705 obhorreat.
