4538 6426
760 337 960 392 EPISTULAE
980 337 1171 394 SELECTAE.
1208 339 1282 394 1217.

247 620 464 712 Pragcnsi
493 627 536 694 ct
563 619 853 695 Olomucensi
880 622 1108 714 episcopis
1136 628 1178 696 et
1204 623 1435 714 preposito
1463 624 1799 718 Ratisponensi.

300 771 353 834 Ad
375 771 573 836 audientiam
596 779 742 836 nostram
765 769 938 834 karissimo
962 771 996 835 in
1018 771 1148 836 Christo
1171 773 1237 838 filio
1261 781 1371 839 nostro
1395 775 1435 840 Ο.
1465 775 1582 840 illustri
1612 798 1690 860 rege
1714 775 1849 842 Boemie

195 875 400 958 significante
417 877 576 962 pervenit,
600 875 686 961 qnod
709 876 828 940 nobilis
845 876 893 939 vir
907 875 943 939 Τ.
968 897 1070 960 nepos
1097 897 1186 955 suus,
1210 878 1264 961 qui
1281 877 1374 962 signo
1397 879 1548 944 vivifice⁸
1576 879 1682 943 crucis
1705 879 1849 943 humeris

195 980 263 1044 suis
296 979 396 1043 affixo
430 980 545 1044 faciem
580 980 687 1044 euntis
724 980 757 1042 in
796 979 977 1044 Ierusalem
1019 978 1186 1059 induerat,
1227 981 1259 1043 in
1296 980 1455 1066 Sempnar
1491 1003 1641 1068 campum
1673 981 1848 1061 divertens,
1872 993 1926 1035 esu.
1948 1001 2000 1044 nc-

195 1082 356 1147 adiunctis
379 1082 573 1167 quibusdam
597 1082 659 1146 sibi
680 1082 861 1166 iniquitatis
884 1081 971 1161 filiis,
996 1081 1156 1167 quoddam
1173 1090 1315 1148 castrum
1339 1085 1441 1169 ipsius
1464 1085 1642 1170 proditorie
1667 1086 1848 1172 occupavit,

195 1195 308 1252 contra
330 1187 549 1251 iuramentum
577 1207 670 1250 suum
699 1193 824 1250 temere
853 1185 1032 1266 veniendo,
1063 1207 1123 1271 per
1145 1186 1231 1271 quod
1258 1194 1324 1251 tam
1354 1188 1457 1274 ipsius
1481 1188 1568 1273 regis
1591 1209 1688 1274 quam
1711 1190 1848 1253 ecclcsi-

194 1311 286 1354 arum
317 1290 403 1354 bona
436 1289 608 1354 devastare
643 1311 707 1353 non
741 1295 857 1354 cessat.
902 1289 1047 1374 Ideoque
1080 1289 1269 1354 discretioni
1300 1299 1408 1356 vestre
1437 1313 1497 1376 per
1523 1291 1705 1378 apostolica
1728 1293 1849 1379 scripta

195 1391 397 1472 mandamus,
422 1393 574 1478 quatinus
597 1393 760 1478 prefatum
783 1392 943 1472 nobilem,
975 1399 1011 1456 ut
1035 1399 1177 1456 castrum
1199 1391 1380 1478 predictum
1402 1394 1465 1479 ipsi
1488 1395 1558 1479 regi
1581 1394 1741 1475 restituat,
1764 1395 1849 1460 sicut

194 1495 304 1574 debet,
326 1496 505 1560 monitione
520 1497 632 1582 previa
646 1518 707 1582 per
722 1517 893 1561 censuram
916 1496 1171 1561 ecclesiasticam
1188 1497 1408 1583 appellatione
1432 1505 1557 1563 remota
1575 1498 1710 1582 cogatis.
1755 1499 1849 1573 Quod

126 1619 134 1648 ι
196 1601 225 1663 si
248 1620 313 1663 non
337 1621 449 1664 omnes
473 1607 535 1664 etc.
559 1599 621 1664 duo
645 1607 789 1664 vestrum
813 1604 874 1664 etc.

304 1701 379 1766 Dat.
403 1701 556 1767 Lateran.
578 1702 644 1767 XV
665 1701 740 1769 Kal.
763 1702 860 1770 Febr.
883 1703 1090 1788 pontificatus
1112 1703 1216 1768 nostri
1239 1723 1323 1768 anno
1347 1697 1462 1788 primo.

814 1915 1225 1940 ——2—-—
1268 1925 1269 1928 ¹

993 2174 1050 2247 lb.

305 2293 491 2384 Honorius
521 2321 588 2384 ΙΙΙ
613 2342 700 2400 papa
732 2323 889 2385 arriversis
919 2321 1064 2402 fidelibus
1091 2343 1149 2402 per
1176 2321 1398 2385 Lornbardiam
1430 2325 1459 2384 et
1496 2320 1642 2384 Tusciam
1674 2322 1849 2385 constitutis

193 2423 368 2486 emaciatam
392 2422 436 2485 ad
461 2423 634 2487 subsidium
659 2423 774 2488 Terrae
797 2425 932 2490 Sanctae
958 2425 1070 2488 'indicit
1097 2445 1205 2505 cosque
1235 2423 1388 2500 bortatur,
1418 2427 1453 2487 ut
1473 2423 1666 2509 [Hupolini]
1697 2423 1850 2488 Ostiensis

194 2527 337 2606 episcopi,
359 2525 410 2588 cni
431 2526 615 2590 commiserit
634 2527 747 2608 plenae
769 2528 932 2609 lepalionis
953 2529 1100 2610 officium,
1123 2527 1281 2592 emaciatis
1303 2527 1463 2592 burrellitcr
1485 2526 1662 2592 intendant.

1497 2633 1591 2709 1217,
1613 2630 1687 2694 Ian.
1709 2633 1762 2696 23.

297 2729 370 2784 noa.
389 2729 447 2783 ιιι
460 2730 528 2802 nep.
552 2731 608 2785 ror.
626 2733 652 2801 r,
671 2737 715 2801 sc,
733 2737 783 2801 ιη
801 2733 864 2788 mr.
882 2735 908 2798 r,
927 2737 988 2788 rsa

298 2815 433 2880 romeu,
452 2815 523 2887 sep.
543 2821 626 2871 asso.

245 3026 609 3125 archiepiscopis
649 3038 692 3106 et
724 3033 945 3126 episcopis
985 3039 1026 3108 et
1058 3033 1314 3120 abbatibus,
1356 3029 1584 3122 prioribus
1621 3034 1664 3103 et
1697 3029 1798 3103 aliis

248 3149 541 3225 ecclesiarum
580 3155 784 3247 prelatis,
825 3155 1147 3246 potestatibuS,
1186 3153 1451 3227 consulibus
1494 3156 1536 3225 et
1575 3151 1798 3225 universis

400 3272 611 3349 fidelibus
638 3296 713 3367 per
739 3275 1052 3349 Lombardiam
1080 3279 1121 3348 et
1147 3273 1349 3347 Tusciam
1375 3271 1643 3346 constitutis

302 3417 446 3507 Tempus
469 3426 672 3511 acceptabile
694 3426 796 3490 instat
818 3434 852 3490 et
874 3425 944 3490 dies
969 3425 1083 3490 salutis
1106 3423 1248 3505 advenit,
1283 3429 1319 3487 ut
1347 3423 1393 3487 hii
1423 3422 1478 3508 qui
1500 3443 1556 3486 ere
1578 3427 1787 3506 pcccatorum
1804 3431 1846 3485 'se
1865 3441 1884 3478 a.
1899 3434 1947 3477 cor.
1961 3438 2002 3486 aa.

194 3520 324 3586 diabolo
347 3525 573 3608 vendiderunt,
596 3536 764 3614 tamquam
787 3529 820 3592 in
848 3529 924 3593 novi
947 3528 1062 3593 iubilei
1086 3527 1187 3592 iubilo
1212 3527 1399 3591 ammissam
1422 3529 1618 3610 recuperent
1649 3523 1846 3602 libertatem,

195 3630 229 3688 et
259 3647 318 3710 por
350 3648 435 3692 nore
469 3630 704 3718 redemptionis
747 3630 927 3696 remedium
960 3632 1085 3696 animas
1120 3629 1282 3696 redimant
1312 3627 1426 3694 fraude
1461 3626 1622 3692 diabolica
1656 3627 1846 3712 captivatas.

194 3725 343 3812 Exurgat
377 3752 455 3816 ergo
489 3755 573 3798 nuno
607 3735 662 3820 qui
684 3734 820 3815 dormit,
856 3740 889 3800 et
922 3735 962 3799 ab
996 3734 1151 3820 operibus
1174 3733 1310 3798 mortuis
1334 3733 1510 3808 excitetur,
1543 3735 1580 3794 ut
1601 3729 1763 3794 illuminet
1785 3728 1848 3793 sibi

118 3841 129 3878 ²
196 3829 356 3914 Christus,
380 3841 413 3898 et
436 3844 542 3900 currat
564 3838 702 3921 quilibet
723 3839 757 3902 in
779 3837 953 3924 splendore
975 3837 1112 3923 fulgoris
1135 3857 1299 3901 armorum
1323 3833 1466 3914 Domini,
1490 3833 1655 3896 accinctus
1678 3831 1720 3895 ad
1742 3831 1846 3918 ipsius

195 3936 334 4020 prelium
356 3938 562 4023 preliandum
585 3942 640 4027 qui
662 3963 814 4007 coronam
842 3942 1003 4027 legittime
1033 3940 1234 4006 certantibus
1258 3937 1464 4024 repromittit.
1523 3933 1568 3999 ut
1598 3933 1674 4019 quia
1700 3955 1765 3998 non
1797 3942 1847 3999 est

195 4039 230 4102 in
245 4038 386 4123 homine,
406 4048 442 4106 ut
457 4041 597 4108 Domino
614 4046 718 4130 possit
734 4046 928 4126 retribuere,
945 4046 1000 4131 qui
1016 4067 1074 4131 pro
1091 4044 1186 4109 nobis
1202 4043 1338 4107 formam
1355 4041 1443 4106 servi
1461 4038 1637 4124 accipiens,
1656 4037 1690 4102 in
1709 4043 1849 4102 mortem

196 4142 329 4209 tradidit
358 4148 581 4234 semetipsum,
605 4149 713 4213 saltim
741 4171 799 4236 pro
829 4172 868 4215 eo
896 4149 1120 4216 retributionis
1154 4149 1299 4233 equitate
1330 4151 1468 4232 pensata
1493 4149 1625 4230 paratus
1656 4141 1699 4206 sit
1732 4141 1848 4208 bibere

199 4247 333 4312 calicem
356 4251 528 4334 passionis.
574 4250 760 4335 Ignominia
779 4259 831 4318 est
847 4274 986 4338 namque
1010 4252 1130 4339 populo
1154 4250 1350 4327 Christiano,
1373 4246 1460 4332 quod
1482 4267 1542 4310 rex
1563 4245 1620 4309 ille
1643 4264 1769 4329 regum,
1792 4245 1849 4330 qui

198 4351 319 4414 crearit
341 4352 449 4416 omnia
473 4361 506 4418 et
529 4375 568 4419 ea
591 4376 653 4441 que
677 4357 740 4420 celi
762 4358 886 4422 ambitu
903 4357 1142 4437 continenturb,
1166 4376 1187 4419 a
1209 4353 1340 4439 propria
1364 4349 1443 4416 sede
1466 4348 1623 4434 depulsus
1645 4369 1704 4434 pro
1726 4348 1848 4412 nostris

197 4453 362 4519 favoribus
385 4456 527 4521 ammisit
549 4464 680 4540 terram,
704 4481 766 4545 que
790 4461 954 4525 funiculus
978 4467 1028 4524 est
1050 4458 1242 4524 hereditatis
1259 4477 1328 4535 sue,
1352 4474 1448 4540 quam
1469 4473 1534 4516 nou
1557 4451 1822 4536 corruptibilibus
1836 4461 1916 4512 οιιιιι.
1932 4474 2010 4520 roca.

197 4576 277 4619 auro
300 4563 334 4621 et
355 4566 492 4643 argento
516 4575 567 4627 set
590 4583 647 4627 suo
671 4564 816 4650 pretioso
839 4565 998 4650 sanguine
1032 4563 1241 4649 comparavit.
1295 4557 1450 4624 Confusio
1480 4562 1532 4620 est
1554 4555 1653 4620 etiam
1675 4555 1847 4635 universis,

197 4659 251 4744 qui
283 4661 343 4725 sub
379 4661 508 4728 Christo
542 4665 690 4753 principe
718 4668 913 4752 gloriantur,
948 4667 1033 4754 quod
1065 4668 1218 4754 princeps
1248 4671 1362 4757 noster
1391 4659 1534 4726 ammisit
1566 4657 1689 4722 terreni
1710 4657 1848 4742 gloriam

197 4763 290 4848 regni
313 4764 363 4828 sui
386 4773 420 4830 et
441 4772 563 4832 terram
591 4770 785 4852 nativitatis,
808 4772 842 4835 in
872 4792 937 4857 qua
964 4770 1175 4857 corporaliter
1202 4768 1292 4832 visus
1324 4771 1375 4830 est
1404 4783 1477 4828 cum
1504 4759 1691 4825 hominibus
1714 4780 1848 4825 conver·
1961 4767 1968 4776 '

199 4866 310 4946 sanda,
334 4889 372 4932 ac
394 4869 452 4933 filii
474 4871 603 4948 ancille,
629 4873 772 4959 quinon
799 4880 875 4939 sunt
896 4873 1045 4954 ‘heredes
1074 4893 1148 4938 cum
1178 4871 1245 4936 filio
1276 4869 1393 4946 libers,
1421 4865 1510 4931 illam
1539 4864 1688 4930 detinent
1709 4863 1845 4928 misera·
1877 4881 1925 4924 ou.
1939 4886 1993 4934 rso.

195 4969 306 5035 biliter
328 4979 528 5058 occupatam.
563 4974 630 5041 Sed
651 4977 707 5041 ubi
730 4985 783 5044 est
804 4978 985 5064 indignatio
1008 4977 1127 5062 Moysi,
1151 4995 1224 5040 cum
1244 4972 1343 5036 dixit:
1370 4969 1432 5052 Qui
1445 4967 1578 5032 Domini
1599 4970 1644 5031 cst
1664 4966 1847 5048 accinpatnr
1863 4984 2010 5035 samanar.

195 5093 321 5156 mecum,
343 5079 373 5139 ct
392 5082 492 5156 poisat
513 5079 643 5160 quilibet
662 5079 806 5162 gladium
831 5101 931 5162 snpra
949 5079 1056 5165 fcrnur
1086 5098 1179 5143 suum
1205 5078 1314 5142 contra
1334 5075 1438 5155 pantes
1467 5069 1619 5134 idolatras
1648 5072 1678 5132 et
1695 5067 1845 5148 populum

196 5179 465 5244 maromontem?
515 5181 582 5247 Ubi
606 5191 657 5248 est
687 5185 778 5250 aelus
801 5185 939 5264 Finees,
967 5183 1022 5268 qui
1048 5180 1185 5246 Iudeum
1214 5185 1248 5244 et
1277 5174 1491 5242 Madianitam
1519 5177 1675 5238 coeuntes
1702 5169 1846 5257 pugione
1868 5188 1933 5231 sum.
1947 5192 2001 5240 aa.

196 5281 377 5346 transfixit?
427 5282 494 5348 Ubi
517 5292 569 5351 est
602 5287 851 5373 magnanimitas
881 5285 1080 5365 Mathathie,
1112 5285 1167 5370 qui
1189 5282 1304 5348 videns
1328 5277 1458 5346 sacnctad
1478 5275 1612 5341 Domini
1639 5273 1847 5363 prophanari,

122 5405 147 5442 ιο
198 5384 359 5470 prosilivit
389 5394 434 5458 ut,
450 5387 558 5474 legem
589 5397 624 5456 et
648 5397 803 5478 paternas
832 5390 1057 5456 observantias
1091 5391 1260 5452 ureretur?
1314 5382 1536 5466 Accinguntur
1565 5399 1643 5465 ergo
1670 5378 1785 5443 fideles
1814 5382 1849 5441 et

1002 5548 1136 5556 ...κ-

302 5645 324 5711 ·)
345 5643 435 5700 vivire
454 5643 490 5700 B.
575 5649 599 5712 ¹’l
618 5647 777 5702 continetur
795 5649 827 5703 a.
891 5651 913 5715 ι)
934 5646 1111 5719 corruptibus
1128 5645 1163 5702 a
1241 5642 1265 5709 ⁶)
1283 5643 1365 5696 santa
1383 5637 1420 5696 B.

300 5753 363 5803 nso.
381 5754 499 5805 roni
1641 5722 1658 5774 2
