4448 6420
705 342 905 400 EPISTOLAE
922 341 1111 400 SELECTAE.
1147 345 1223 400 1225.
1734 349 1794 412 189

140 517 324 599 incurrere,
347 518 412 583 nisi
435 518 466 584 ei
489 539 632 606 congrue
657 525 881 598 succurratur,
903 518 1143 604 preposituram
1168 517 1316 584 eiusdem
1339 519 1480 585 ecclesie
1503 541 1588 586 nunc
1610 527 1793 604 vacantem,

142 642 220 706 que,
258 622 342 687 sicut
371 643 414 688 ex
445 628 538 708 parte
565 622 726 688 dictorum
754 622 871 703 decani
893 629 927 687 et
950 622 1084 707 capituli
1113 621 1176 686 fuit
1198 622 1402 708 propositum
1425 643 1534 688 coram
1561 623 1674 706 nobis,
1707 624 1794 689 circa

140 725 332 809 temporalia
354 731 479 790 tanturn
495 727 654 805 consistit,
678 726 739 791 tibi
762 726 951 791 commitere
967 724 1185 808 dignaremur,
1209 734 1389 813 sperantes,
1412 733 1449 792 ut
1470 733 1629 807 asserunt,
1654 727 1792 794 eandem

141 826 314 891 ecclesiam
336 848 397 913 per
425 833 516 892 tuam
543 829 726 914 potentiam
755 835 788 894 et
817 827 1021 913 diligentiam
1048 829 1172 893 utiliter
1199 829 1456 914 gubernandam.
1500 829 1650 916 Ipsorum
1681 831 1792 916 itaque

78 953 90 990 s
141 928 292 1014 precibus
316 936 498 995 annuentes
521 931 762 1016 preposituram
786 931 891 1017 ipsum
913 928 1098 995 defensioni
1126 952 1164 995 ac
1187 932 1417 1017 gubernationi
1445 939 1503 998 tue
1525 931 1679 998 duximus
1702 955 1791 998 oom-

139 1030 348 1113 mittendsm,
387 1033 624 1097 fraternitatem
659 1040 749 1097 tuam
783 1039 953 1097 monentes
989 1034 1151 1099 actentius
1187 1056 1225 1099 ac
1261 1056 1320 1121 per
1353 1036 1533 1121 apostolica
1574 1036 1634 1101 tibi
1671 1036 1793 1122 scripta

138 1133 347 1216 mandantes,
371 1136 522 1220 quatinus
545 1143 690 1201 nostram
714 1144 748 1200 et
771 1157 884 1201 eorum
906 1137 1121 1203 intentionem
1145 1138 1342 1225 prudenter,
1366 1138 1450 1203 sicut
1472 1139 1583 1221 decet,
1607 1139 1791 1220 attendens,

139 1239 379 1324 preposituram
411 1240 549 1306 eandem
578 1241 689 1306 taliter
719 1240 853 1306 studeas
887 1240 1089 1326 gubernare,
1122 1240 1208 1327 quod
1240 1241 1382 1307 divinam
1413 1250 1446 1308 et
1478 1250 1622 1308 nostram
1653 1243 1792 1329 gratiam

139 1342 257 1408 exinde
280 1344 413 1409 uberius
437 1346 592 1410 merearis
616 1353 649 1410 et
671 1366 730 1410 nos
753 1344 957 1431 diligentiam
979 1353 1068 1409 tuam
1091 1347 1207 1411 merito
1231 1345 1459 1434 commendare
1484 1346 1658 1432 possimus.

69 1488 91 1525 ro
129 1449 130 1452 ¹
247 1461 323 1527 Dat.
346 1463 499 1532 Lateran.
523 1465 593 1530 VII
614 1464 692 1531 Idus
715 1465 921 1548 Decembris,
945 1487 1029 1530 anno
1052 1486 1148 1531 nono.

760 1727 1171 1738 -..—--—-—.-——.......

916 1969 1002 2043 263.

245 2077 433 2171 Honorius
461 2106 529 2171 ΠΙ
545 2129 635 2188 papa
663 2107 839 2172 horninibus
867 2107 905 2172 de
931 2107 1042 2172 Monte
1067 2107 1219 2172 Brisonis
1249 2108 1413 2188 confirmat
1441 2105 1613 2185 libertates,
1642 2124 1722 2188 quas
1748 2106 1792 2171 iis

138 2212 262 2297 G[uido
283 2209 353 2294 JV]
375 2229 471 2274 comm
492 2210 644 2275 Forensis
665 2211 855 2278 concesserit.
1462 2210 1555 2288 1225,
1576 2209 1650 2274 Ian.
1672 2212 1704 2276 2.

240 2330 312 2384 Han.
331 2329 389 2382 ΙΙΙ
403 2330 472 2400 Reg.
496 2329 552 2384 Vol.
576 2329 606 2398 V,
624 2334 678 2395 22;
696 2329 760 2382 Lib.
779 2327 835 2392 IX,
854 2331 912 2382 116.

588 2539 851 2612 Hominibus
877 2539 927 2612 de
953 2539 1100 2613 Monte
1128 2538 1338 2612 Brisonis

67 2718 89 2754 rs
243 2688 345 2752 Iustis
375 2687 558 2774 petentium
590 2695 652 2755 etc.
682 2709 803 2774 usque:
834 2689 1008 2775 complere.
1061 2687 1279 2774 Supplicastis
1312 2684 1472 2771 siquidem
1501 2685 1613 2767 nobis,
1648 2691 1685 2748 ut
1715 2705 1789 2750 cum

136 2793 254 2858 nobilis
286 2793 335 2855 sir
364 2789 403 2854 G.
433 2811 543 2856 comes
575 2792 753 2856 Forensis1
781 2791 932 2856 dominus
954 2799 1065 2856 vester
1094 2811 1284 2876 guerrarum
1312 2788 1501 2855 discrimina
1528 2796 1562 2853 et
1588 2788 1789 2854 diversarum
1838 2850 1847 2862 ,

136 2895 401 2983 persecutionum
424 2895 630 2979 gravamine,
662 2916 725 2980 quc
748 2917 807 2960 uos
831 2895 968 2960 fueratis
991 2915 1071 2981 sepe
1092 2895 1258 2980 perpessi,
1289 2892 1467 2979 prudenter
1489 2893 1662 2959 attendens
1686 2897 1719 2957 et
1747 2890 1789 2955 ad

136 2999 235 3064 fidem
263 3006 297 3064 et
325 2999 541 3064 constantiam
570 3006 714 3064 uestram
743 2997 890 3064 debitum
919 2997 1044 3062 habens
1073 3003 1274 3083 respectum,
1309 2995 1401 3061 vobis
1436 2997 1471 3060 in
1503 3002 1701 3082 perpetuum
1727 2993 1788 3059 sub

137 3111 227 3168 certa
259 3104 364 3168 forma
394 3103 595 3168 concesserit
625 3102 811 3183 libertates,
846 3100 888 3167 de
925 3102 1006 3188 ipsis
1037 3101 1132 3166 vobis
1168 3121 1230 3186 per
1266 3120 1302 3165 se
1334 3120 1373 3165 ac
1404 3121 1612 3166 successores
1645 3120 1723 3164 suos
1755 3097 1789 3162 in

53 3231 88 3269 so
139 3213 306 3293 posterum
322 3205 536 3272 observandis
552 3207 692 3292 prestito
713 3207 927 3293 corporaliter
941 3206 1134 3286 iuramento,
1156 3211 1254 3291 prout
1268 3205 1301 3268 in
1323 3205 1442 3270 litteris
1461 3224 1521 3269 suo
1543 3210 1577 3268 et
1591 3200 1790 3268 venerabilis

137 3309 246 3374 fratris
281 3309 415 3374 nostri.
441 3357 449 3372 .
471 3308 701 3394 Lugdunensis
736 3308 977 3395 archicpiscopi
1010 3307 1117 3393 sigillo
1151 3308 1285 3372 munitis
1321 3305 1440 3372 exinde
1472 3304 1630 3371 confectis
1659 3305 1788 3391 plenius

138 3411 335 3492 continetur,
368 3411 540 3477 libertates
571 3412 661 3497 ipsas
688 3411 783 3476 vobis
816 3410 1025 3498 dignaremur
1055 3410 1235 3495 apostolico
1270 3410 1450 3475 munimine
1484 3409 1649 3474 roborare.
1705 3405 1790 3479 Quia

137 3535 213 3579 vero
236 3514 399 3579 libertatis
430 3535 562 3580 causam
584 3514 698 3579 lavore
729 3514 861 3600 dignam
890 3535 956 3579 non
984 3513 1147 3578 immerito
1176 3519 1383 3598 reputamus,
1413 3534 1473 3578 nos
1496 3511 1616 3577 vestris
1649 3517 1683 3576 et
1710 3508 1790 3574 dicti

136 3616 253 3681 nobilis
276 3614 309 3679 id
332 3617 420 3682 idem
441 3617 537 3684 nobis
559 3639 620 3703 per
642 3638 717 3682 suas
739 3618 867 3682 litteras
890 3618 1103 3704 supplicantis
1127 3616 1279 3703 precibus
1302 3617 1458 3696 inclinati,
1481 3615 1652 3680 libertates
1676 3613 1789 3678 huius-

50 3743 90 3782 ει
139 3718 235 3797 modi,
260 3719 346 3784 sicut
368 3741 425 3785 eas
448 3721 533 3785 iuste
557 3741 595 3785 ac
618 3721 753 3807 pacifice
776 3720 943 3802 obtinetis,
968 3719 1059 3784 vobis
1083 3720 1277 3784 auctoritate
1300 3719 1481 3806 apostolica
1503 3718 1732 3782 confirmamus
1757 3723 1790 3780 et

138 3822 301 3908 presentis
330 3822 442 3908 scripti
472 3823 653 3909 patrocinio
682 3824 930 3889 communimus.
984 3823 1075 3888 Nulli
1106 3843 1184 3907 ergo
1214 3830 1325 3888 nostre
1354 3821 1609 3886 confirmationis
1639 3826 1701 3886 etc.
1754 3816 1790 3882 ui

138 3926 207 4012 quis
233 3932 296 3990 cto.

243 4044 319 4110 Dat.
342 4045 497 4112 Lateran.
519 4047 591 4113 1111
613 4047 726 4114 Nonas
748 4049 901 4132 Ianuarii,
923 4068 1010 4113 anno
1031 4067 1128 4113 nono.

758 4307 1169 4319 *nn—*—

921 4552 1007 4625 aod.

244 4666 433 4759 Honoras
459 4693 525 4758 nr
547 4714 638 4774 papa
663 4691 945 4779 [conserens]
970 4692 1169 4758 Ariminensi·
1197 4693 1227 4756 er
1254 4689 1418 4776 [Arma]
1444 4689 1615 4755 naseas
1639 4689 1790 4770 necas

22 4791 45 4832 Ὀ
129 4819 246 4864 curam
266 4797 450 4878 extirpandi
468 4797 655 4878 manitatem
678 4796 864 4862 haereticam
884 4797 921 4859 in
942 4795 1134 4861 Lomburdin
1155 4795 1323 4872 committit,
1346 4794 1446 4876 iisque
1467 4793 1607 4872 mandat,
1626 4797 1663 4857 ut
1684 4791 1790 4857 boore·

128 4903 210 4968 ticos
231 4900 369 4967 neumis
388 4899 527 4965 Brixiae
548 4900 751 4982 supprimat
771 4917 880 4980 eosque
901 4898 1069 4964 somarium
1090 4897 1199 4980 sapae
1221 4897 1410 4982 enigmtiam
1423 4895 1575 4978 puniam.

1053 5021 1055 5026 ·
1456 4999 1551 5078 1225,
1573 4997 1647 5062 Ian.
1670 4999 1701 5062 9.

240 5123 313 5176 Bon.
331 5122 387 5175 ΙΙΙ
405 5121 475 5192 neq.
504 5121 560 5176 Vol.
584 5122 617 5188 V,
635 5126 760 5190 25-265
783 5121 845 5176 Did.
869 5121 931 5186 IX,
956 5123 1016 5175 146.
1051 5121 1156 5176 Perteii
1176 5121 1316 5192 eaennpiar
1338 5119 1526 5191 supplevimus
1548 5133 1583 5171 ea
1603 5115 1696 5186 Royn.
1717 5116 1790 5169 Anu.

24 5275 54 5316 cs
129 5209 195 5262 ‘ed
214 5211 378 5358 αέοῗῗῖιιιξ,
391 5212 462 5364 lide·
483 5297 570 5358 ⁷34&
588 5294 637 5366 uus·
654 5299 745 5348 tanim
761 5293 832 5348 tanc
849 5293 991 5364 ‘Piliam
1009 5293 1120 5349 “mam
1138 5300 1221 5363 “tw
1237 5310 1264 5348 ἰ’
1282 5297 1339 5349 ²⁶⁶
1351 5295 1445 5365 Μ’

138 5619 180 5676 Re
238 5535 265 5604 1)
290 5533 383 5590 (luido
398 5509 424 5590 '1
431 5535 454 5590 V
476 5551 565 5592 comes
578 5503 622 5592 ¹de
647 5537 738 5592 Fores
762 5551 849 5607 nepos
873 5535 1018 5609 Rcynoldi
1041 5535 1245 5606 archiepiscopi
1270 5533 1467 5608 Lugdunensis
1490 5537 1565 5604 παις
1589 5534 1627 5604 cs.
1653 5534 1789 5602 Potttost,

180 5639 206 5693 μ.
226 5625 305 5675 7341.
