4538 6426
442 385 482 448 23
1027 378 1073 433 ax
1092 377 1248 434 sonosn
1266 381 1306 434 111
1324 377 1504 434 ascrsrao

442 560 476 618 et
498 553 539 616 ad
560 575 620 618 nos
643 555 701 618 tali
723 561 870 640 tempore
894 553 1091 632 adduxerat,
1126 552 1211 637 quod
1246 555 1457 620 transfretare
1490 574 1556 616 non
1584 556 1752 637 6616161111ι
1782 549 1984 626 ullomodo,
2017 568 2090 612 cum

442 657 561 720 abbate
584 657 756 722 Alcobatie
780 661 814 720 et
837 657 909 720 aliis
932 655 1010 719 viris
1033 655 1209 739 religiosis,
1243 657 1438 743 Templariis
1462 656 1615 720 videlicet
1631 660 1664 718 61
1678 653 1909 738 Hospitalariis
1925 658 1959 716 et
1974 651 2089 713 militie

442 758 552 823 Sancti
563 758 674 823 Iacobi
686 759 959 836 commendatore,
971 758 1109 841 aliisque
1122 759 1215 842 regni
1227 760 1434 843 magnatibus
1449 758 1552 822 dictos
1564 758 1606 821 ad
1617 757 1678 820 hoc
1689 755 1874 819 induximus
1887 753 2089 839 peregrinos,

440 868 477 925 ut
500 883 543 926 ex
565 883 627 946 quo
650 861 882 926 transfretandi
911 860 1036 925 eisdem
1071 860 1184 924 deerat
1207 862 1361 942 facultas,
1396 863 1588 947 hyemarent
1620 859 1790 922 nobiscum
1821 856 1862 921 ad
1894 856 2088 941 Hispaniam

440 963 643 1028 liberandam
666 971 700 1028 61
721 963 763 1028 ad
786 963 935 1028 inimicos
960 969 1071 1027 sancte
1094 962 1170 1026 fidei
1187 963 1434 1048 expugnandos,
1457 963 1543 1028 unde
1560 962 1659 1026 etiam
1682 961 1801 1025 iterum
1817 960 1938 1024 habere
1953 965 2088 1044 possent
2143 989 2154 1023 s
2186 971 2190 979 “

440 1066 595 1130 victualia
618 1072 651 1130 et
674 1086 848 1152 expensas.
899 1065 971 1138 Quo
994 1065 1106 1128 habito
1131 1073 1164 1129 et
1188 1086 1361 1144 concesso,
1385 1074 1418 1130 et
1440 1066 1480 1129 ad
1503 1065 1605 1130 verba
1629 1063 1864 1127 exhortationis
1886 1068 1997 1126 nostre
2020 1060 2089 1123 fere

441 1168 591 1232 omnibus
615 1167 655 1233 de
678 1167 865 1233 diocesibus
889 1168 1008 1231 nostris
1035 1173 1067 1230 et
1091 1168 1241 1232 similiter
1269 1168 1309 1232 de
1338 1175 1406 1232 toto
1436 1189 1536 1252 regno
1564 1188 1622 1252 per
1653 1166 1800 1251 proprias
1823 1164 1973 1229 dioceses
1996 1164 2089 1246 signo

441 1269 546 1333 crucis
568 1271 737 1356 imposito,
761 1270 892 1334 insimul
922 1271 1141 1354 processimus
1174 1269 1215 1332 ad
1244 1271 1405 1354 quoddam
1432 1279 1574 1336 castrum
1603 1268 1831 1342 obsidendum,
1860 1266 1945 1352 quod
1972 1267 2091 1330 dieitur

440 1372 588 1453 Alcazar,
623 1372 709 1458 quod
743 1373 842 1437 etiam
876 1373 961 1436 inter
994 1373 1104 1436 omnia
1135 1372 1389 1438 Sarracenorum
1422 1374 1556 1438 castella
1590 1373 1624 1434 in
1654 1371 1815 1456 Hispania
1843 1375 1913 1434 erat
1938 1370 2089 1433 nocivum

442 1474 646 1539 Christianis.
703 1474 951 1559 Consequenter
986 1484 1094 1540 autem
1125 1477 1205 1560 ipsis
1240 1476 1281 1541 de
1317 1477 1456 1540 Alcazar
1491 1475 1636 1540 obsessis
1677 1476 1813 1559 paganis
1847 1473 2088 1560 postulantibus
2156 1501 2168 1535 o

441 1577 598 1641 auxilium
621 1598 642 1640 a
663 1577 796 1661 regibus
819 1598 879 1662 per
894 1584 995 1640 totam
1011 1577 1240 1642 Mauritaniam
1257 1579 1337 1642 citra
1360 1600 1448 1642 maro
1465 1577 1749 1656 commorantibus,
1773 1583 1911 1661 quatuor
1926 1597 2033 1660 reges,
2049 1574 2089 1638 de

442 1679 574 1742 81111116ι
597 1678 797 1742 videlicetet
813 1679 854 1744 de
870 1678 1028 1743 (16666
1046 1679 1086 1742 de
1103 1678 1295 1742 Badalcuzi³
1311 1687 1343 1744 et
1360 1679 1400 1744 (16
1419 1680 1580 1758 Corduba,
1605 1701 1677 1742 cum
1693 1685 1761 1742 toto
1780 1699 1876 1763 posse
1893 1699 1951 1742 suo
1968 1685 2089 1742 etcum

441 1781 510 1845 fere
535 1781 685 1844 omnibus
720 1782 872 1865 quisunt
896 1782 976 1845 citra
1002 1803 1090 1846 mare
1122 1782 1257 1866 paganis
1294 1783 1461 1867 inopinate
1491 1788 1652 1846 venerunt
1687 1803 1785 1866 super
1816 1802 1891 1860 nos,
1927 1781 1972 1844 ita
2005 1779 2090 1864 quod

442 1884 593 1967 sequenti
616 1881 693 1946 die⁴
714 1882 884 1946 nobiseum
908 1891 1089 1969 campestre
1112 1884 1236 1948 bellum
1260 1884 1461 1962 habuerunt,
1492 1885 1577 1948 inter
1599 1906 1634 1949 se
1658 1885 1817 1948 iactantes
1841 1883 1927 1968 quod
1956 1888 1989 1947 et
2018 1904 2089 1945 cas-

441 1993 526 2050 trum
548 1985 728 2050 liberarent
752 1993 784 2050 61
806 2007 865 2050 nos
890 2008 1023 2067 omnes,
1055 2008 1136 2071 quos
1164 2009 1227 2050 non
1252 1987 1427 2072 perderent
1450 1987 1575 2071 gladio,
1603 1987 1762 2052 ducerent
1788 1988 1979 2071 captivatos.
2025 1983 2090 2048 Sed
2158 2015 2168 2050 a

323 2127 355 2156 ao.
386 2146 412 2160 ,.
442 2089 656 2174 omnipotens,
681 2089 732 2152 cui
755 2090 922 2174 proprium
947 2097 996 2154 est
1013 2090 1163 2174 superbis
1187 2091 1352 2171 resistcre,
1380 2112 1491 2154 corum
1506 2091 1699 2154 mirabiliter
1714 2091 1867 2174 frangens
1895 2088 2090 2174 superbiam,

440 2191 591 2276 dignatus
615 2196 666 2254 est
689 2191 848 2254 exercitui
871 2213 930 2254 suo
955 2192 1137 2272 subvenire,
1165 2193 1268 2256 tribus
1293 2193 1457 2256 miraculis
1474 2185 1694 2279 preostensis.
1733 2193 1878 2256 Primum
1905 2193 1975 2272 fuit,
2005 2189 2091 2275 quod

440 2315 514 2357 cum
530 2315 588 2356 nos
605 2292 645 2357 de
662 2313 763 2377 regno
778 2293 967 2378 Portugalic
985 2317 1132 2360 essemus
1149 2295 1264 2360 eadem
1280 2296 1360 2358 hora
1376 2295 1574 2381 paucissimi,
1598 2296 1631 2358 in
1645 2303 1741 2358 nocte
1757 2294 1946 2380 precedenti
1967 2293 2091 2357 bellurn

441 2418 483 2461 ex
505 2396 683 2481 improviso
721 2395 905 2478 recepimus
927 2418 1078 2481 magnum
1103 2399 1284 2462 exereitum
1318 2397 1358 2460 de
1382 2397 1576 2482 Teirrplariis
1608 2404 1641 2461 et
1668 2396 1709 2460 de
1732 2396 1965 2480 Hospitalariis
1995 2395 2091 2460 etde

439 2497 647 2583 magnatibus
682 2517 857 2580 regnorum
880 2499 1126 2584 Portugalensis
1163 2507 1197 2565 et
1217 2501 1444 2585 Legionensis.
1501 2499 1685 2564 Secundum
1714 2499 1793 2579 fuit,
1828 2498 1914 2583 quod
1947 2499 1981 2562 in
2012 2519 2090 2562 aere
2144 2533 2169 2577 20

440 2600 591 2688 apparuit
620 2598 776 2663 vexillum
811 2601 916 2664 crucis
944 2602 1124 2685 gloriosum
1147 2604 1307 2668 exercitui
1338 2604 1371 2665 iu
1393 2602 1529 2666 victorie
1554 2603 1692 2686 signum.
1737 2601 1884 2665 Tertium
1907 2600 1978 2682 fuit,
2004 2600 2092 2685 quod

438 2705 565 2789 inipso
588 2701 668 2765 belli
691 2701 844 2765 conflictu
868 2703 939 2767 visa
961 2713 1012 2768 est
1033 2706 1162 2790 utrique
1190 2707 1274 2792 parti
1297 2706 1452 2768 divinitus
1477 2704 1722 2768 candidatorum
1744 2703 1855 2783 turba,
1883 2703 1969 2788 quod
1992 2705 2092 2767 etiam

438 2804 551 2870 testati
574 2809 648 2866 sunt
671 2803 735 2887 ipsi
758 2803 812 2887 qui
836 2805 967 2869 fuerunt
990 2807 1113 2872 ibidem
1137 2809 1257 2892 captivi
1282 2807 1470 2884 Sarraceni,
1493 2808 1732 2890 interrogantes
1755 2805 1813 2868 ubi
1836 2813 1948 2870 essent
1969 2805 2092 2868 milites

442 2905 617 2986 candidati,
641 2906 695 2988 qui
719 2927 819 2990 super
848 2927 905 2971 eos
929 2910 1160 2994 compluebant
1181 2910 1248 2974 tela
1272 2916 1305 2973 ct
1334 2930 1447 2973 eorum
1476 2910 1587 2972 oeulos
1616 2908 1832 2988 exsecabant,
1855 2914 1988 2994 propter
2009 2929 2092 2991 quos

441 3011 540 3074 etiam
562 3015 656 3091 terga
679 3013 815 3092 repente
838 3017 1007 3074 verterunt
1029 3012 1062 3074 in
1085 3012 1205 3096 fugam,
1229 3012 1274 3075 ita
1290 3012 1375 3097 quod
1392 3012 1587 3076 densissima
1609 3011 1746 3075 durante
1770 3015 1878 3095 strage
1901 3009 2090 3095 perdecem

442 3121 475 3178 et
497 3113 635 3198 amplius
658 3109 798 3172 miliaria
820 3112 930 3199 ibique
953 3113 1081 3178 duobus
1105 3115 1236 3199 regibus
1259 3115 1450 3194 interfectis,
1474 3115 1515 3179 de
1533 3113 1626 3179 Geen
1644 3112 1797 3178 videlicet
1817 3119 1851 3177 et
1873 3112 1913 3177 (16
1929 3111 2091 3193 Corduba,

442 3215 482 3281 de
506 3218 631 3281 cunctis
653 3219 717 3283 nisi
740 3220 816 3303 suge
839 3217 983 3304 presidio
1007 3217 1125 3302 aliquis
1149 3239 1214 3281 non
1237 3219 1350 3282 evasit.
1395 3217 1447 3282 De
1470 3217 1569 3281 tantis
1596 3238 1675 3301 ergo
1699 3215 1865 3280 miraculis
1889 3222 1922 3279 et
1943 3213 2092 3278 detenta

441 3319 577 3384 victoria
600 3322 759 3385 exercitui
780 3321 914 3386 Domini
937 3320 1055 3384 collata
1078 3320 1234 3384 divinitus
1258 3320 1512 3405 congaudentes,
1537 3341 1575 3384 ae
1598 3320 1638 3383 de
1658 3326 1766 3383 vestre
1783 3317 1964 3381 sanctitatis
1987 3318 2091 3382 abun·

441 3419 552 3486 dantia
573 3431 811 3508 presumentes,
834 3423 875 3487 ad
897 3422 999 3508 pedes
1022 3431 1131 3488 vestre
1155 3425 1328 3488 clementio
1352 3424 1515 3509 provoluti
1530 3423 1681 3508 potimur,
1705 3421 1857 3506 quatinus
1872 3419 1914 3484 ad
1929 3419 2091 3506 Hispanie

440 3522 667 3589 liberationem
691 3547 711 3590 a
733 3526 906 3592 sanctitate
929 3533 1039 3590 vestra
1061 3525 1249 3590 mandatum
1273 3533 1384 3606 exeat,
1408 3533 1500 3590 utet
1524 3525 1631 3589 dictus
1655 3525 1819 3589 exercitus
1842 3522 2091 3609 peregrinorum
2145 3562 2164 3594 μ

442 3624 483 3688 ad
505 3627 628 3690 cultum
650 3628 787 3714 perfidie
810 3649 1011 3715 paganomm
1041 3627 1080 3692 (16
1111 3634 1179 3692 tcta
1208 3628 1371 3713 Hispania
1403 3630 1534 3714 penitus
1562 3627 1809 3714 exstirpandum
1839 3626 2009 3690 nobiscum
2030 3646 2092 3711 per

441 3749 561 3792 annum
594 3738 778 3812 remaneat,
813 3736 846 3796 et
881 3731 966 3816 quod
1000 3737 1066 3794 tam
1097 3731 1161 3815 ipsi
1196 3752 1292 3815 quam
1320 3736 1484 3794 nostrates
1513 3730 1730 3814 crucesignati
1760 3737 1793 3794 ct
1824 3728 1973 3814 signandi
1991 3728 2091 3791 illam

441 3831 584 3897 habeant
599 3833 844 3919 indulgentiam,
861 3855 957 3920 quam
973 3835 1132 3899 haberent
1154 3834 1180 3896 si
1197 3834 1298 3898 Terre
1315 3832 1433 3897 Sancto
1455 3831 1635 3896 subsidium
1651 3832 1867 3916 personaliter
1883 3832 2090 3895 exhiberent,
2160 3897 2162 3902 ,

440 3933 526 3999 Item
547 3937 699 4022 petimus,
721 3945 759 4001 ut
780 3959 823 4002 ex
846 3959 908 4022 quo
924 3958 1074 4022 guerram
1089 3937 1249 4001 habemus
1273 3959 1346 4000 cum
1365 3936 1564 4016 Sarraccnis,
1589 3934 1690 4000 sicutl
1713 3935 1862 4000 dominus
1884 3956 1969 4021 papa
1989 3934 2090 3998 Inno-

442 4039 567 4103 centius
603 4041 726 4120 statuit,
750 4041 955 4128 expendatur
977 4041 1091 4106 eadem
1114 4041 1290 4124 vigesima,
1324 4061 1386 4124 que
1412 4061 1431 4102 a
1465 4039 1592 4103 clericis
1627 4040 1661 4101 in
1683 4038 1846 4122 Hispania
1874 4037 1974 4100 debet
1997 4038 2090 4102 solvi.
2144 4073 2173 4124 aa

440 4140 526 4205 Item
548 4143 699 4227 petimus,
722 4149 758 4207 ut
780 4145 971 4229 peregrinos
995 4144 1049 4229 qui
1072 4151 1206 4230 propter
1234 4145 1367 4207 nimiam
1398 4163 1522 4206 moram
1554 4142 1607 4206 vel
1630 4141 1851 4206 infirmitatem
1874 4140 1926 4204 vel
1948 4161 2089 4225 pauper-

441 4249 542 4306 tatem
565 4245 642 4309 tacti
666 4252 741 4309 sunt
762 4247 960 4333 impotentes
983 4246 1140 4311 accedere
1164 4246 1205 4310 ad
1228 4247 1363 4311 Terram
1383 4244 1551 4324 Sanctam,
1578 4245 1689 4308 iubeat
1711 4245 1787 4308 hine
1810 4242 1931 4307 reverti
1953 4241 1994 4305 ad
2012 4262 2090 4328 pro-

440 4345 512 4429 pria
535 4367 607 4410 cum
629 4347 728 4433 plena
750 4370 881 4414 suorum
906 4350 1130 4434 peccaminum
1154 4356 1265 4414 restra
1287 4350 1444 4414 sanctitas
1467 4348 1670 4413 remissione.

1060 4573 1470 4582 —.-..-....-....-——-—-——-

1231 4817 1291 4889 36.

561 4909 800 5029 Wla'lhelmus]
821 4943 1016 5009 Hcllondr'ae
1044 4965 1140 5010 comes
1164 4947 1394 5027 crucesipnatus
1415 4945 1558 5010 Honorio
1579 4944 1654 5040 III¹
1665 4931 1776 5026 pupae
1797 4948 1926 5009 nuntiat
1953 4948 2090 5008 castrum

440 5050 579 5114 Alcorar
600 5067 621 5110 o
640 5046 832 5112 Cluistmm's
853 5053 1064 5130 6666966166(
1085 5068 1158 5125 csso,
1180 5053 1209 5112 61
1229 5070 1267 5112 eu
1289 5069 1323 5112 eo
1345 5049 1476 5129 quaerit,
1499 5068 1575 5111 6166
1597 5049 1658 5110 sibi
1680 5049 1771 5111 liccat
1793 5051 1828 5112 16
1850 5049 2014 5127 Hispania
2033 5069 2090 5126 per
2143 5085 2169 5120 a

440 5154 610 5214 instantem
631 5152 778 5212 aestatem
798 5169 968 5214 remanere.
1656 5153 1750 5224 1217,
1766 5156 1839 5231 post
1863 5150 1926 5214 Oct.
1949 5153 2001 5214 21.

545 5270 619 5323 Hora.
638 5271 693 5322 ΙΙΙ
706 5269 774 5337 1169.
793 5268 856 5322 Lib.
877 5271 917 5332 II,
937 5275 996 5323 818.
1031 5269 1154 5324 Edimus
1172 5285 1206 5322 ra
1225 5269 1318 5339 Rapa.
1336 5270 1407 5322 Aac.
1427 5271 1489 5322 ecel.
1508 5287 1533 5324 o.
1553 5277 1625 5335 1217,
1642 5273 1658 5333 §
1676 5275 1789 5322 35—36.

549 5512 571 5577 ¹)
591 5520 688 5578 poterat
706 5512 790 5579 Rayn.
873 5511 895 5577 ¹¹)
915 5513 983 5563 deest
999 5514 1026 5563 in
1045 5512 1077 5563 R.

544 5630 570 5696 1)
588 5633 689 5683 Savilla.
759 5630 786 5696 2)
804 5633 877 5684 Jaon.
948 5631 974 5696 3)
993 5633 1109 5698 Badajoz.
1180 5630 1207 5694 4)
1226 5630 1300 5696 Sept.
1320 5637 1356 5681 11.
