4524 6412
433 402 496 464 320
1014 396 1062 448 EX
1081 394 1256 448 GREGORII
1275 395 1313 448 IX
1331 395 1513 448 REGISTRO
1629 397 1632 404 “

541 572 626 636 Item
650 571 971 636 excommunicamus
995 576 1028 634 et
1051 568 1365 632 anathematizamus
1384 588 1497 631 omnes
1521 568 1606 644 illos,
1631 568 1685 652 qui
1709 591 1820 653 equos,
1844 591 1943 649 arma,
1968 571 2089 633 ferrum

433 675 485 738 vel
509 675 688 760 lignamina
710 673 861 738 deferunt
885 671 1090 753 Sarracenis,
1109 672 1227 756 quibus
1252 671 1455 735 Christianos
1479 672 1680 757 impugnant.

540 777 627 842 Item
661 776 980 841 excommunicamus
1017 783 1049 840 et
1084 775 1399 839 anathematizamus
1429 772 1638 838 Theodorum
1675 775 1797 840 dictum
1830 775 2021 840 Cominiano
2056 783 2091 840 et

434 901 561 961 ornnes,
589 881 645 964 qui
667 886 815 966 prestant
836 880 1010 960 auxilium,
1042 879 1213 943 consilium
1235 879 1288 943 vel
1311 879 1471 957 levorem,
1496 885 1529 942 et
1553 879 1608 964 qui
1631 879 1661 944 ei
1686 899 1805 963 equos,
1834 901 1943 959 arma,
1967 879 2091 944 ferrum

434 985 486 1048 vel
508 984 686 1069 lignamina
708 990 850 1070 portant,
873 983 993 1068 quibus
1015 983 1186 1069 impugnat
1208 982 1356 1047 Latinos.

541 1088 625 1154 Item
642 1087 964 1152 excommunicamus
980 1094 1013 1151 et
1027 1086 1340 1151 anathematizamus
1352 1085 1496 1150 nobilem
1509 1085 1612 1149 rimm
1627 1085 1819 1150 Gaulridum
1832 1086 1872 1152 de
1884 1086 2093 1165 Luziniaco¹,

435 1191 663 1256 vicecomitem
682 1191 781 1255 castri
798 1189 930 1254 Strandi
946 1190 1164 1255 Pictaviensis
1185 1188 1338 1268 diocesis,
1360 1194 1495 1275 propter
1509 1188 1628 1253 damna
1650 1189 1762 1274 gravia
1785 1196 1819 1254 et
1840 1188 1987 1271 iniurias,
2010 1211 2092 1274 quas

435 1294 612 1360 ..abbati
642 1302 676 1359 et
705 1294 880 1359 conventui
909 1291 1135 1357 Malliaecnsi²
1166 1298 1199 1357 et
1226 1291 1426 1356 monasterio
1457 1291 1635 1356 eorundem
1665 1293 1841 1358 enormiter
1873 1294 2029 1378 irrogarit
2059 1300 2094 1358 et

436 1396 541 1463 adhue
565 1398 710 1482 irrogare
733 1418 799 1461 non
822 1403 941 1462 cessat.

545 1493 631 1565 Item
654 1501 974 1565 excommunicamus
996 1508 1029 1566 et
1052 1500 1363 1566 anathematizamus
1383 1520 1496 1564 omnes
1515 1499 1599 1576 illos,
1622 1501 1677 1584 qui
1693 1499 1846 1564 abbatem
1869 1507 1902 1564 et
1917 1499 2092 1564 canonicos

438 1604 549 1668 Sancti
572 1601 698 1675 Quirioi
720 1602 760 1668 de
784 1604 856 1690 ipsa
878 1604 1020 1668 ecclesia
1042 1605 1257 1690 expulerunt,
1280 1602 1389 1686 etqui
1414 1609 1522 1666 eastra
1545 1602 1648 1688 ipsius
1672 1604 1813 1667 ecclesie
1836 1611 2038 1689 occuparunt
2061 1609 2095 1666 et

437 1707 586 1771 detinent
608 1713 768 1792 occupata
791 1714 825 1772 et
846 1707 970 1772 faciunt
992 1707 1142 1773 detineri.

544 1810 631 1875 Item
663 1813 982 1876 excommunicemus
1018 1819 1051 1876 et
1082 1811 1395 1876 anathematizamus
1425 1808 1590 1874 Ubaldum
1624 1809 1728 1874 civem
1755 1809 1928 1885 Pisanum,
1959 1830 2019 1896 pro
2054 1831 2094 1872 eo

438 1913 525 1998 quod
551 1921 665 1978 contra
690 1915 908 1980 iuramentum
937 1915 1111 2002 prestitum
1139 1915 1282 1979 ecclesie
1314 1913 1462 1977 Romane
1491 1913 1655 1977 hostiliter
1681 1914 1814 1977 Intravit
1841 1912 2023 1976 Sardiniam
2054 1911 2096 1977 ad

438 2017 619 2082 Romanam
643 2019 817 2083 ecclesiam
839 2019 1076 2105 pertinentem,
1108 2025 1142 2083 et
1164 2025 1290 2103 partem
1314 2019 1418 2104 ipsius
1442 2024 1528 2083 terre
1552 2017 1714 2082 violenter
1736 2008 1864 2082 detinet
1884 2023 2092 2102 occupatam;
2160 2057 2164 2068 ·

439 2121 493 2205 qui
517 2122 615 2186 etiam
629 2121 684 2185 'ad
706 2122 894 2187 mandatum
918 2121 1030 2186 dilecti
1060 2122 1119 2185 filii
1144 2105 1319 2208 G[uifredi]
1344 2122 1430 2185 tituli
1452 2121 1563 2184 Sancti
1587 2121 1689 2184 Marci
1712 2121 1897 2206 presbyteri
1919 2119 2095 2184 cardinalis

438 2226 618 2312 apostolice
643 2225 732 2290 sedis
755 2227 858 2312 legati
880 2226 1019 2312 pignora
1039 2247 1098 2311 pro
1122 2221 1346 2290 satisfactione
1370 2246 1434 2288 non
1457 2225 1615 2309 prestitit,
1646 2245 1707 2288 nee
1736 2224 1768 2288 iu
1791 2225 1899 2309 aliquo
1923 2223 2095 2288 satisfecit.

546 2328 632 2394 Item
655 2330 977 2394 excommunicamus
1000 2349 1113 2393 omnes
1137 2328 1227 2405 illos,
1251 2327 1306 2412 qui
1331 2326 1438 2392 eidem
1461 2327 1495 2390 in
1518 2325 1708 2413 occupanda
1731 2328 1784 2392 vel
1807 2325 1984 2391 detinenda
2007 2331 2096 2390 terra

439 2431 588 2517 predicta
611 2432 793 2514 eonsilium,
818 2433 975 2497 auxilium
999 2431 1204 2518 prostiterint
1227 2431 1280 2495 vel
1304 2431 1460 2495 favorem.

1065 2746 1475 2754 -ι--ι--η-μ--ο-

1229 3039 1316 3111 400.

549 3149 739 3259 Gregorius
761 3178 817 3242 IX
832 3199 923 3258 papa
944 3177 984 3243 R.
1008 3179 1196 3242 subdiacono
1218 3199 1320 3242 arcem
1343 3178 1488 3262 Baetrae
1509 3179 1740 3242 citatoriis-udam
1762 3180 1930 3242 serram-ittit.

1737 3283 1829 3358 1229,
1852 3282 1934 3364 Aug.
1956 3287 2009 3348 26.

545 3367 626 3434 ὓπερ.
645 3366 696 3418 ΙΧ
712 3365 781 3435 Rep.
806 3365 862 3420 Vol.
881 3367 907 3426 Ι.
926 3370 994 3434 135,·
1013 3367 1075 3422 Lib.
1094 3367 1155 3434 ΙΙΙ,
1174 3371 1217 3419 49.

546 3453 681 3520 Poetae,
701 3453 771 3524 nep.
791 3456 873 3507 arsa.

835 3664 881 3736 R.
908 3663 1180 3736 subdiacono
1209 3669 1250 3736 et
1276 3664 1508 3754 capellano
1536 3670 1703 3738 nostre.

550 3810 695 3894 Firmem
729 3833 820 3898 spem
856 3819 889 3876 et
923 3810 1074 3874 fiduciam
1108 3812 1238 3897 plenam
1269 3809 1446 3889 habentes,
1481 3813 1567 3896 quod
1602 3834 1680 3896 erga
1710 3813 1891 3877 Romanam
1922 3812 2097 3876 ecclesiam
2148 3843 2165 3881 a.

442 3923 578 3980 matrem
602 3921 692 3978 tuam
716 3915 939 3978 sinceritatem
955 3914 1139 3980 devotionis
1163 3920 1196 3978 et
1217 3913 1293 3977 fidei
1316 3914 1439 3978 debeas
1463 3937 1578 4000 gerere
1602 3917 1788 4002 puritatem,
1812 3916 1883 3981 eius
1906 3916 1952 3979 sis
1976 3916 2100 3980 zelator

442 4018 592 4096 honoris,
629 4016 812 4082 custodiam
844 4017 929 4081 arcis
962 4016 1106 4081 Bantre³
1129 4015 1325 4081 fiducialiter
1353 4024 1408 4082 tue
1437 4019 1609 4102 prudentie
1641 4018 1792 4084 duximus
1823 4017 2099 4097 committendam,

443 4122 627 4185 iuramento
651 4142 670 4184 a
692 4127 725 4184 te
750 4125 900 4206 recepto,
930 4119 1015 4206 quod
1038 4120 1169 4184 nomine
1193 4119 1281 4184 sedis
1306 4120 1487 4206 apostolice
1512 4120 1689 4205 diligenter
1710 4129 1744 4186 et
1766 4120 1909 4186 fideliter
1931 4119 2099 4185 custodias

443 4246 553 4289 arcem
574 4222 755 4310 predictam
779 4243 854 4286 oum
878 4223 1098 4288 servientibus
1122 4222 1301 4308 Campanis
1326 4222 1379 4287 vel
1401 4224 1474 4288 aliis
1498 4224 1650 4288 fidelibus
1675 4225 1810 4302 nostris,
1838 4224 1892 4308 qui
1916 4224 2099 4288 iuramento

443 4326 610 4392 fidelitatis
645 4332 817 4389 teneantur
849 4325 996 4391 Romane
1039 4326 1178 4391 ecclesie
1218 4332 1251 4390 et
1286 4325 1328 4390 ad
1370 4348 1451 4413 opus
1489 4328 1592 4413 ipsius
1634 4348 1743 4392 arcem
1783 4320 1921 4392 eandem
1955 4327 2099 4392 sollicite
2146 4355 2170 4392 a

444 4429 624 4506 custodire,
648 4435 681 4492 et
705 4429 756 4492 cui
779 4435 812 4492 et
834 4428 961 4513 quando
985 4429 1185 4493 voluerimus
1209 4451 1282 4493 eam
1314 4430 1417 4494 libere
1448 4430 1632 4514 resignabis
1661 4430 1703 4494 ad
1725 4429 1912 4495 mandatum
1942 4438 2100 4502 nostrum,

445 4531 530 4616 quod
552 4532 613 4596 tibi
636 4552 696 4616 per
718 4532 866 4596 nuntium
890 4554 949 4597 seu
972 4553 1033 4619 per
1048 4532 1176 4596 litteras
1192 4533 1359 4597 faciemus.
1406 4533 1567 4607 Quocirca
1582 4531 1750 4597 devotioni
1773 4541 1829 4598 tue
1845 4555 1904 4621 per
1918 4535 2101 4620 apostoliea

446 4636 567 4721 scripta
589 4634 801 4721 precipiendo
825 4635 1031 4712 mandamus,
1063 4642 1224 4721 quatenus
1255 4637 1345 4700 illam
1369 4657 1467 4722 super
1489 4635 1551 4700 hoc
1575 4637 1738 4701 cautelam
1761 4644 1795 4702 et
1815 4637 2020 4722 diligentiam
2042 4637 2100 4701 ad-

444 4738 557 4802 hibere
580 4759 746 4823 procures,
770 4745 804 4802 et
827 4738 873 4802 sic
897 4738 1077 4824 prospicias
1096 4738 1243 4803 Romane
1268 4740 1408 4804 ecclesie
1431 4740 1465 4802 in
1488 4738 1548 4803 hac
1572 4746 1676 4825 parte,
1700 4739 1785 4824 quod
1809 4739 1850 4804 de
1873 4740 2023 4805 custodia
2045 4747 2102 4804 tua

445 4840 547 4906 nichil
569 4842 664 4906 nobis
688 4843 793 4928 possit
809 4842 932 4905 sinistri
950 4842 1152 4926 contingere,
1176 4850 1226 4907 set
1243 4841 1472 4906 sollicitudinis
1496 4849 1551 4907 tue
1568 4842 1712 4907 studium
1735 4849 1768 4908 ct
1789 4844 1899 4908 fervor
1917 4843 2100 4908 devotionis
2151 4869 2174 4907 n

445 4951 478 5010 et
500 4944 577 5010 fidei
600 4946 774 5010 manifeste
797 4951 977 5031 appareant
1000 4945 1034 5008 in
1058 4945 1189 5026 ellectu,
1211 4945 1353 5030 indeque
1377 4945 1436 5010 tibi
1459 4944 1500 5010 ad
1523 4947 1661 5031 gratiam
1685 4954 1866 5012 teneamur.

551 5064 627 5132 Dat.
651 5064 791 5146 Perusii,
814 5064 846 5128 V
868 5063 942 5128 Kal.
962 5062 1181 5151 Septembris,
1205 5064 1416 5150 pontificatus
1439 5067 1543 5131 nostri
1566 5087 1652 5130 anno
1675 5065 1738 5133 III.

551 5184 591 5251 In
615 5186 756 5251 eundem
778 5185 910 5249 modum
934 5235 942 5251 .
966 5236 973 5251 .
997 5185 1108 5250 abbati
1132 5184 1305 5250 Casinensi
1328 5192 1362 5251 et
1384 5185 1424 5250 R.
1447 5208 1602 5272 germano
1626 5209 1684 5253 suo
1710 5188 1910 5254 subdiacono
1934 5196 1968 5254 et
1990 5192 2101 5276 capel-

446 5291 521 5354 lano
545 5295 658 5354 nostro
681 5311 740 5376 pro
763 5309 839 5354 aree
863 5287 1036 5354 (lesinensi
1060 5295 1094 5354 et
1115 5310 1192 5354 arce
1215 5288 1341 5356 Ianule.

553 5585 579 5650 1)
605 5583 624 5637 τ’.
653 5599 674 5637 e.
701 5583 735 5636 de
761 5583 914 5654 Menan.
983 5587 1010 5654 2)
1039 5601 1074 5638 aa
1100 5584 1236 5639 caedente
1262 5583 1361 5653 oppidi
1387 5583 1586 5650 Pietaar'easirr5
1613 5583 1646 5637 de
1671 5599 1702 5637 re
1728 5585 1765 5652 cf.
1793 5585 1866 5641 Gall.
1887 5585 1987 5642 Christ.
2013 5591 2031 5642 t.
2059 5587 2104 5653 Il,
2154 5589 2179 5627 ⁴⁰

441 5687 472 5740 p.
490 5669 596 5724 11830
612 5674 637 5724 st
654 5672 730 5723 1368
739 5670 773 5724 B.
843 5669 871 5738 3)
888 5671 970 5725 bodie
987 5670 1081 5726 Εοεσα
1099 5671 1263 5725 d'anadro
1277 5685 1367 5740 prope
1387 5667 1534 5724 Gasertam.
