4576 6390
771 426 972 482 EPISTOLAE
990 425 1178 483 subacuta.
1214 427 1291 481 1234.
1801 434 1864 497 489
1971 457 1977 484 r

204 599 410 679 transscripto
434 599 611 664 lilteraram
633 599 846 680 imperialium
861 600 1041 678 consimilia
1064 597 1156 684 infra
1178 619 1311 663 mensem
1332 619 1389 680 per
1404 601 1434 665 Ι.
1451 577 1662 683 capellanum¹
1675 603 1737 668 sibi
1759 608 1863 669 trans·

204 702 338 766 natitant.
363 738 404 748 -
427 703 580 784 Sequitur
597 702 707 788 formo
729 704 916 782 litterarum,
939 723 1019 785 quos
1040 703 1211 767 Lombardi
1227 723 1333 784 popae
1354 703 1474 768 mittere
1496 704 1613 769 debent.
1838 773 1842 781 ,

1512 811 1608 886 1234,
1634 807 1699 873 Oet.
1722 812 1774 876 27.

310 923 393 992 (ἶνες.
415 925 466 980 IX
485 926 556 996 Req.
577 925 636 982 Vel.
655 926 709 993 IV,
730 930 890 995 224-22.5;
913 927 977 982 Lib.
993 926 1085 996 VIII,
1107 929 1162 981 292
1186 931 1212 982 et
1230 903 1296 981 ¹293.
1336 927 1466 983 Terrorem
1490 927 1680 999 episteloeII
1698 928 1804 984 edimur
1829 947 1864 985 er

206 1011 300 1082 Rayrr.
318 1013 389 1067 Aen.
408 1013 470 1066 eccl.
487 1029 512 1068 a.
532 1017 610 1076 1234,
628 1016 644 1078 §
663 1017 709 1067 35.

308 1097 445 1166 Potttest,
464 1098 533 1170 Req.
553 1102 628 1158 9753
645 1101 670 1156 et
687 1097 746 1154 LL.
764 1101 783 1154 t.
802 1101 844 1167 II,
859 1117 890 1170 p.
911 1103 976 1155 303.

1021 1305 1048 1369 Ι.

614 1450 887 1524 Rectoribus
914 1450 1147 1524 societatis
1173 1450 1450 1526 Lombardie.
1505 1507 1508 1512 -

314 1597 446 1664 Grande
470 1599 688 1676 desiderium,
719 1599 804 1684 quod
828 1599 868 1664 de
891 1621 973 1685 paee
997 1606 1031 1664 et
1054 1601 1290 1685 tranquillitate
1314 1600 1574 1665 Lombardorum
1600 1600 1721 1665 dudum
1745 1601 1861 1665 hebui·

206 1722 297 1780 mus,
329 1703 498 1766 materiam
528 1703 623 1766 nobis
652 1704 788 1789 optulit,
820 1709 856 1766 ut
883 1724 941 1789 pro
966 1702 1136 1766 tractanda
1166 1704 1253 1767 inter
1275 1703 1364 1788 ipsos
1387 1710 1421 1768 et
1444 1705 1650 1769 carissimum
1673 1706 1707 1768 in
1730 1704 1861 1769 Christo

206 1805 309 1868 filium
332 1811 479 1870 nostrum
502 1806 725 1888 Fridericum,
747 1806 969 1871 Romanorum
993 1808 1225 1892 imperatorem
1250 1829 1381 1894 semper
1403 1816 1600 1893 augustum,
1622 1808 1804 1874 Ierusalem
1828 1815 1862 1873 et

208 1908 319 1973 Sicilie
342 1930 456 1992 regem
472 1911 643 1988 illustrem,
668 1911 843 1975 concordia
860 1911 994 1975 salutari
1010 1911 1135 1996 pluries
1151 1911 1245 1975 vobis
1262 1912 1387 1975 litteras
1401 1913 1411 1951 ¹
1435 1913 1651 1990 mitteremus,
1676 1913 1708 1976 in
1725 1933 1861 1997 quarum

205 2012 329 2075 ultimis
353 2012 524 2098 scripsisse
547 2014 741 2094 recolimus,
769 2013 855 2098 quod
879 2034 952 2077 oum
976 2013 1062 2077 idem
1087 2014 1265 2099 imperator
1287 2016 1455 2099 negotium
1478 2015 1693 2096 Lombardie,
1716 2015 1860 2080 marchio

206 2114 376 2180 Tervisine
405 2123 439 2180 et
467 2116 659 2182 Romaniole
690 2117 881 2202 provisioni,
914 2117 1143 2202 compositioni
1173 2124 1206 2182 et
1234 2117 1430 2182 ordinationi
1460 2119 1598 2182 ecclesie
1631 2119 1860 2198 commisisset,

206 2218 326 2303 probos
350 2225 384 2284 et
406 2219 561 2284 honestos
585 2221 688 2300 viros,
715 2221 771 2305 qui
801 2241 860 2306 pro
890 2225 982 2305 parto
1011 2220 1180 2284 societatis
1203 2221 1402 2286 Lombardie
1432 2221 1474 2285 ad
1498 2221 1762 2308 componendum
1787 2243 1860 2286 eum

208 2321 404 2407 imperatore
427 2323 573 2408 predicto
597 2323 637 2388 de
668 2345 749 2409 pace
774 2329 808 2388 et
836 2322 1012 2387 concordia
1035 2344 1144 2387 eoram
1168 2323 1263 2388 nobis
1288 2325 1455 2389 sufficiens
1479 2325 1667 2390 mandatum
1692 2325 1860 2406 haberent,

206 2423 246 2488 ad
270 2431 414 2488 nostram
437 2427 637 2511 presentiam
659 2427 844 2491 mitteretis.
889 2425 1013 2491 Verum
1038 2448 1111 2490 oum
1134 2449 1192 2491 vos
1217 2433 1382 2512 tamquam
1398 2428 1584 2493 devotionis
1608 2429 1666 2492 filii
1690 2428 1724 2493 id
1746 2428 1860 2492 lauda-

205 2528 317 2592 biliter
342 2528 503 2593 duxeritis
531 2530 774 2617 adimplendum
805 2537 839 2594 et
868 2531 1043 2594 commissa
1065 2531 1184 2594 relatui
1212 2532 1402 2595 nuntiorum
1426 2532 1602 2616 diligenter
1626 2533 1667 2596 ab
1696 2533 1776 2618 ipsis
1801 2553 1859 2596 ex-

205 2632 313 2716 posita
336 2632 456 2696 fuerint
483 2655 593 2698 coram
623 2635 732 2712 nobis,
764 2635 956 2717 interque,
985 2633 1012 2697 si
1042 2633 1190 2718 prefatus
1217 2635 1396 2720 imperator
1422 2645 1488 2699 tam
1516 2635 1557 2700 de
1588 2637 1747 2720 querelis,
1779 2656 1859 2719 quas

205 2734 381 2800 Lombardi
405 2736 562 2802 adversus
591 2739 698 2824 ipsum
727 2759 763 2802 se
793 2737 920 2801 habere'
943 2743 1146 2823 proponunt,
1179 2737 1339 2821 quamde
1369 2739 1437 2803 suis
1466 2741 1627 2804 revellet
1654 2741 1688 2804 in
1709 2739 1859 2804 manibus

209 2839 348 2903 ecclesie
372 2861 510 2924 ponere,
541 2842 717 2928 precipue⁸
739 2841 953 2926 querebatur,
983 2840 1115 2904 tandem
1139 2840 1265 2905 eisdem
1288 2842 1429 2921 nuntiis,
1454 2843 1538 2906 siout
1561 2841 1703 2908 Domino
1726 2843 1859 2928 placuit,

204 2942 291 3006 viam
306 2944 459 3008 universe
476 2945 582 3008 earnis
598 2945 767 3029 ingressis,
790 2943 831 3008 de
848 2944 1014 3008 voluntate
1030 2944 1237 3028 imperatoris
1255 2944 1403 3009 eiusdem
1428 2967 1527 3031 super
1548 2947 1721 3030 questione
1745 2945 1859 3009 huius-

205 3046 294 3110 modi
316 3049 561 3132 procuravimus
578 3049 708 3113 edoceri
718 3047 741 3112 ².
786 3047 863 3134 Ipse
881 3046 1011 3133 quidem
1035 3047 1120 3111 siout
1141 3047 1295 3133 princeps
1311 3048 1494 3114 catholicus
1519 3056 1553 3114 et
1575 3049 1690 3113 auidus
1714 3049 1857 3126 efficere,

205 3171 349 3236 perque
374 3158 478 3216 status
506 3153 646 3217 ecclesie
670 3173 709 3216 ac
739 3152 868 3238 imperii
901 3151 1006 3237 possit
1033 3149 1066 3213 in
1092 3150 1183 3236 pacis
1212 3149 1332 3235 gaudio
1356 3152 1526 3231 reflorere,
1557 3153 1741 3237 negotium,
1772 3152 1859 3235 quod

204 3255 291 3318 inter
313 3255 420 3341 ipsum
443 3262 478 3319 et
499 3255 702 3320 Lombardos
726 3262 792 3319 tam
821 3275 921 3340 super
943 3254 1104 3338 regalium
1129 3259 1163 3316 et
1195 3274 1327 3316 suorum
1351 3252 1543 3318 detentione
1566 3255 1686 3319 iurium
1708 3277 1769 3320 nee
1792 3277 1858 3318 non

207 3358 373 3443 preteritis
404 3359 610 3438 excessibus,
642 3359 697 3443 qui
730 3355 967 3422 aLombardis
1001 3377 1206 3442 quocumque
1237 3355 1333 3421 modo
1357 3362 1470 3420 eontra
1499 3357 1605 3441 ipsum
1629 3365 1663 3422 et
1685 3358 1857 3444 imperium

205 3467 281 3524 sunt
313 3463 490 3540 commissi,
524 3483 620 3546 quam
648 3460 800 3546 quicquid
831 3481 891 3547 per
924 3459 1064 3524 eundern
1100 3460 1134 3523 in
1163 3460 1322 3524 lesionem
1356 3466 1389 3522 et
1418 3459 1568 3523 iniuriam
1599 3460 1858 3525 Lombardorum

204 3563 326 3628 factum
355 3587 429 3630 esse
456 3565 651 3646 dinoscitur,
688 3565 759 3629 sive
792 3564 991 3649 generaliter
1020 3563 1143 3643 omnic,
1180 3584 1222 3627 ex
1251 3562 1369 3647 quibus
1401 3563 1454 3626 vel
1487 3570 1621 3648 propter
1656 3585 1718 3649 que
1749 3563 1858 3647 aliqua

206 3665 368 3732 discordia
391 3670 477 3733 inter
498 3670 588 3755 ipsos
612 3674 645 3731 et
668 3667 808 3732 eundem
831 3667 991 3732 haetenus
1015 3673 1066 3731 est
1089 3673 1220 3746 exorta,
1245 3665 1392 3744 consilio,
1415 3666 1605 3752 provisioni,
1629 3667 1857 3752 compositioni

206 3777 240 3833 et
261 3770 442 3836 laudationi
466 3772 607 3836 ecclesie
636 3793 695 3858 per
724 3778 875 3858 patentes
905 3771 1033 3835 litteras
1055 3771 1147 3834 bulla
1170 3791 1269 3834 auree
1292 3770 1507 3834 communitas
1530 3771 1659 3856 precise
1684 3770 1856 3850 commisit,

207 3881 312 3938 ratum
335 3875 505 3939 habiturus
528 3883 563 3939 et
585 3875 730 3956 firmum,
760 3875 845 3960 quod
879 3897 979 3961 super
1010 3875 1074 3939 hiis
1099 3875 1242 3939 ecelesia
1265 3874 1397 3939 duxerit
1420 3872 1649 3952 ordinandum,
1679 3872 1856 3936 autetiam

205 3977 291 4062 quod
314 3977 355 4043 de
378 3978 494 4044 dandis
516 3980 680 4064 utrimque
704 3979 909 4043 cautionibus
932 3977 1128 4065 providebit,
1153 3979 1239 4042 sicut
1261 4000 1303 4042 ex
1326 3999 1437 4042 earum
1459 3977 1656 4062 transcripto
1679 3975 1856 4040 intercluso

204 4083 412 4166 presentibus
446 4085 543 4169 plene
573 4084 723 4169 poteritis
754 4082 930 4148 informari.
975 4081 1028 4145 Ad
1049 4081 1118 4145 lieo
1148 4080 1235 4146 enim
1265 4102 1338 4145 cum
1361 4079 1557 4145 Lombardie
1580 4079 1763 4165 provincia,
1792 4099 1856 4162 que

205 4183 326 4248 dudum
351 4187 384 4249 in
408 4185 625 4251 discensionis
647 4186 710 4250 fuit
733 4186 863 4250 turbine
887 4186 1076 4266 constituta,
1099 4184 1185 4249 unde
1208 4185 1282 4271 plus
1305 4184 1453 4248 noscitur
1474 4182 1635 4247 accidisse
1657 4181 1855 4246 discriminis

205 4308 302 4372 quam
327 4290 447 4374 exponi
463 4291 571 4354 valeat
593 4289 723 4353 levibus
740 4288 955 4369 documentis,
979 4289 1023 4352 sit
1044 4310 1104 4375 per
1119 4287 1293 4352 ecelesiam
1316 4287 1350 4350 in
1374 4293 1493 4351 statum
1510 4285 1601 4373 pacis
1625 4291 1658 4350 et
1681 4283 1855 4349 concordie

205 4391 268 4455 hiis
301 4391 418 4456 diebus
452 4393 621 4479 potissimo
658 4393 878 4473 reformanda,
913 4393 1089 4479 presertim
1124 4412 1197 4455 eum
1232 4392 1343 4455 multis
1381 4391 1564 4455 excitemur
1596 4387 1699 4453 Terre
1734 4387 1855 4452 Sancto

205 4494 417 4576 clamoribus,
439 4503 476 4560 ut
498 4497 569 4561 eius
593 4496 778 4561 miserando
804 4496 902 4560 statui
926 4496 1116 4560 studeamus
1141 4516 1331 4559 succursum
1354 4495 1496 4558 celerem
1518 4493 1692 4579 impertiri,
1716 4491 1756 4556 dc
1781 4511 1854 4574 quo,

204 4604 241 4662 ut
263 4605 355 4662 tanto
379 4602 485 4686 possit
501 4600 667 4686 procurari
681 4600 822 4680 facilius,
847 4606 966 4684 quanto
984 4601 1145 4663 terrarum
1162 4597 1250 4662 orbis
1271 4596 1371 4661 fuerit
1394 4618 1413 4660 a
1436 4617 1626 4692 guerrarum
1643 4602 1676 4660 et
1693 4593 1854 4658 discordie

205 4702 358 4768 fluctibus
382 4704 567 4790 expeditus,
590 4702 826 4789 providendum
849 4702 1012 4783 duximus,
1036 4701 1123 4787 quod
1146 4699 1269 4786 ubique
1286 4699 1472 4764 Christiane
1495 4699 1571 4764 fidei
1594 4698 1798 4786 professores
1821 4697 1855 4760 in

205 4813 326 4871 statum
349 4809 439 4893 pacis
463 4813 496 4872 et
518 4806 691 4871 concordio
716 4806 925 4886 reducantur,
959 4806 1000 4871 ad
1023 4807 1085 4870 hoc
1110 4806 1137 4869 si
1160 4826 1297 4870 necesse
1320 4803 1419 4868 fuerit
1441 4825 1501 4890 per
1523 4822 1695 4867 censuram
1718 4801 1854 4866 ecelesi-

127 4936 154 4975 ⁴0
207 4910 343 4973 osticam
376 4911 607 4997 compellendi:
643 4911 834 4976 discretioni
868 4919 976 4976 vestre
1011 4933 1071 4996 per
1104 4910 1285 4997 apostolica
1319 4908 1440 4994 scripta
1474 4907 1611 4971 firmiter
1643 4904 1854 4991 precipiendo

207 5011 408 5094 mandamus,
432 5016 584 5101 quatinus
606 5015 742 5102 provida
757 5015 969 5079 meditatione
990 5021 1179 5101 pensantes,
1203 5018 1360 5098 quantum
1383 5011 1426 5075 eit
1448 5009 1632 5075 condecens
1656 5015 1689 5072 et
1712 5007 1854 5086 salubre,

206 5123 241 5180 ut
264 5123 297 5181 et
318 5118 525 5203 imperatoris
548 5117 720 5182 memorati
742 5117 888 5198 dextera,
912 5139 1008 5202 quem
1030 5117 1096 5182 Dei
1119 5115 1282 5202 sapientia
1304 5112 1448 5199 providit
1471 5111 1612 5176 ecclesie
1635 5109 1854 5186 defensorem,

310 5411 333 5477 ¹)
351 5419 378 5463 st
394 5412 514 5480 precipue
532 5411 565 5462 B.

309 5547 334 5614 1)
354 5547 396 5614 Cf.
414 5565 442 5600 a.
462 5549 523 5613 581,
542 5550 600 5601 583
617 5551 643 5602 et
662 5551 727 5601 587.
805 5545 832 5610 2)
852 5562 877 5599 a.
896 5548 981 5612 1234,
997 5545 1070 5615 Sept.
1089 5544 1238 5614 imperator
1254 5543 1425 5600 discordiam
1442 5543 1514 5597 inter
1531 5541 1621 5612 ipram
1639 5547 1664 5597 et
1685 5541 1857 5598 lombardos

127 5659 152 5700 45
205 5633 304 5688 iterum
322 5633 494 5687 ordinationi
511 5633 640 5688 eeclesiae
657 5631 803 5696 commisit,
822 5631 965 5702 epistolam
982 5647 1009 5686 rr.
1029 5635 1102 5698 580,
1117 5629 1208 5700 April.
1226 5631 1334 5699 dotum,
1350 5631 1500 5697 innurem
1522 5627 1765 5696 Retron-Fictor,
1784 5628 1855 5699 Req.

204 5719 495 5788 stastum&

307 5821 369 5870 Rro.
387 5820 468 5869 Porr.
486 5819 507 5870 1.
1615 5809 1650 5864 62
