4604 6420
760 397 960 456 EPISTOLAE
978 397 1168 456 SELECTAE.
1205 397 1281 452 1233.
1783 389 1846 455 413

195 577 350 640 ccawrnm
376 577 408 639 ct
424 573 589 659 falconum
611 573 811 653 conutittant
840 578 870 638 ct
890 575 921 639 ai
941 595 1021 656 quac
1042 573 1153 638 tomum
1174 570 1362 636 animalium
1383 569 1537 651 effugiunt
1558 568 1605 634 ccl
1626 566 1847 648 deperduntur,

194 677 278 758 orsos
293 695 451 758 pauperes
472 677 509 740 in
524 695 628 757 poeno
650 678 851 759 septuaginta
871 697 1050 742 marcorum
1073 675 1288 752 condemnent,
1318 672 1362 738 cd
1383 671 1593 737 &nandum
1614 671 1654 736 ab
1676 670 1734 735 troc
1754 691 1847 735 occo

196 779 279 843 tione
300 779 494 860 compellunt.
1475 777 1569 856 1233,
1591 772 1685 842 Febr.
1707 774 1760 841 25.

300 895 382 966 Grec.
399 898 449 952 IX
465 901 535 968 Ray.
559 898 616 953 Vol.
634 899 697 967 111,
716 902 768 967 97,·
786 899 847 954 Leo.
869 899 919 964 Vl,
939 903 1004 954 337.

300 983 436 1049 Portae,
454 985 524 1055 Reg.
543 988 625 1041 9107.

198 1197 908 1290 ..archiepiscopo‘Gneznensi,
938 1255 946 1273 .
974 1256 984 1274 .
1011 1201 1224 1292 episcopo
1253 1196 1534 1274 Cracoviensi
1562 1200 1598 1288 et
1626 1251 1635 1269 .
1661 1251 1669 1269 .
1697 1191 1848 1268 abbati

577 1321 629 1394 de
656 1320 884 1395 Andreov¹
912 1319 1230 1396 Cracoviensis
1257 1319 1463 1395 diocesis.
1546 1307 1548 1312 ’

303 1469 433 1534 Novum
465 1491 570 1554 genus
605 1470 758 1535 molestie
794 1467 948 1534 dicuntur
981 1469 1069 1533 circa
1100 1490 1263 1555 pauperes
1297 1467 1433 1532 Polonie
1470 1467 1635 1552 principes
1659 1465 1847 1544 invenisse,

196 1572 350 1638 videlicet
372 1571 459 1659 quod
482 1573 626 1659 ipsorum
650 1572 799 1638 custodie
817 1573 1025 1636 committunt
1049 1579 1194 1637 castores
1218 1577 1251 1636 et
1272 1571 1428 1650 falcones,
1452 1570 1507 1655 qui
1530 1570 1558 1634 si
1581 1570 1676 1635 solita
1697 1568 1847 1633 nidorum

197 1677 269 1741 loca
296 1676 505 1762 reliquerint,
533 1681 710 1761 sequentes
740 1675 851 1739 native
884 1675 1034 1760 spiritum
1062 1674 1240 1749 libertatis,
1274 1675 1327 1738 vel
1357 1673 1474 1758 aliquis
1503 1671 1544 1737 de
1573 1673 1673 1759 pullis
1701 1670 1849 1758 perditur

197 1779 390 1860 eorundem,
419 1799 583 1866 pauperes
613 1780 647 1842 in
679 1778 889 1865 septuaginta
919 1776 1122 1842 marcharum
1152 1798 1239 1863 pena
1261 1776 1516 1863 condempnant,
1546 1774 1695 1862 pluribus
1717 1777 1847 1840 illorum

197 1903 239 1947 ex
269 1883 347 1957 hoo,
381 1880 467 1968 quod
497 1889 667 1967 gementes
698 1881 888 1961 referimus,
918 1880 1159 1966 dampnationis
1188 1887 1300 1950 eterne
1331 1880 1501 1944 materiam
1530 1878 1719 1964 ingerendo.
1763 1879 1847 1944 Nam

197 2006 270 2051 oum
292 1991 359 2051 tam
384 1986 527 2070 iniquam
551 1991 585 2049 et
607 1984 786 2050 inauditam
816 1986 884 2072 pati
907 2005 973 2049 non
996 1985 1128 2049 valeant
1151 1984 1357 2062 servitutem,
1388 1982 1429 2047 ad
1451 1980 1621 2069 perfidiam
1643 1982 1848 2048 Rutenorum

197 2097 230 2154 et
259 2089 477 2155 Prutenorum
508 2095 694 2169 transeunt,
727 2089 971 2154 cohabitatione
987 2087 1146 2152 fidelium
1175 2087 1344 2154 derelicta.
1400 2087 1524 2152 Verum
1555 2087 1630 2173 quia
1663 2084 1849 2151 huiuamodi

198 2190 315 2257 modus
344 2191 462 2257 iniuria
489 2213 624 2278 prorsus
653 2191 695 2257 ad
724 2198 845 2258 metam
875 2192 1000 2256 iustitie
1026 2212 1091 2255 non
1122 2190 1266 2270 accedit,
1296 2210 1335 2255 eo
1364 2189 1449 2274 quod
1477 2190 1655 2255 domestice
1684 2209 1763 2254 aves
1786 2189 1845 2254 ali·

197 2293 325 2382 quando
350 2294 390 2361 de
413 2295 574 2360 clausuris
605 2301 639 2360 et
670 2316 750 2380 sepe
779 2295 820 2358 de
850 2293 999 2359 manibus
1030 2294 1238 2358 detentorum
1270 2305 1377 2373 ....³,
1412 2301 1446 2358 et
1468 2295 1545 2378 quia
1566 2293 1711 2358 falcones
1734 2292 1848 2357 huius-

197 2398 284 2465 modi
307 2421 367 2464 seu
390 2420 518 2485 queque
542 2400 695 2464 rationali
718 2420 818 2464 sensu
842 2399 986 2464 carentia
1010 2398 1180 2462 scientiam
1203 2398 1256 2462 vel
1278 2419 1376 2482 posse
1398 2418 1464 2462 non
1487 2396 1631 2462 habeant
1651 2395 1692 2460 ad
1714 2396 1848 2483 plenum

197 2503 339 2568 humane
371 2501 596 2588 dispositionis
627 2501 762 2566 arbitria
791 2500 952 2566 subeundi
982 2509 1039 2564 aut
1069 2522 1089 2564 a
1117 2500 1307 2565 custodibus
1330 2499 1511 2586 deputatis,
1543 2506 1578 2563 ut
1601 2500 1647 2563 ita
1667 2499 1848 2585 loquamur,

198 2606 238 2671 de
262 2607 372 2671 volatu
396 2606 561 2670 licentiam
584 2604 790 2692 postulandi,
822 2625 894 2668 cum
919 2604 997 2668 illuc
1020 2605 1088 2668 alas
1112 2602 1306 2686 explicando
1330 2623 1365 2668 se
1388 2602 1544 2687 dirigant,
1569 2602 1638 2687 lquo
1661 2601 1749 2688 ipsas
1772 2622 1848 2689 per-

198 2709 297 2773 trahit
325 2729 423 2774 aerae
453 2709 594 2774 conditio
623 2709 806 2794 qualitatis,
838 2708 914 2792 quia
943 2707 1042 2772 etiam
1071 2705 1216 2772 fidelium
1243 2706 1386 2782 animas,
1418 2726 1497 2791 quas
1520 2705 1628 2787 Deus,
1659 2704 1723 2770 Dei
1753 2706 1849 2784 filius,

199 2811 338 2878 redemit
361 2812 412 2877 sui
435 2812 604 2898 sanguinis
626 2812 731 2897 pretio
753 2811 908 2896 glorioso,
931 2810 1040 2875 avium
1064 2809 1182 2873 intuitu
1198 2809 1251 2872 vel
1274 2808 1417 2872 ferarum
1440 2807 1583 2874 Sathane
1606 2807 1741 2895 predam
1764 2807 1849 2872 effici

199 2915 393 2981 detestabile
416 2915 625 2980 decernimus
648 2921 681 2979 et
703 2915 865 3000 iniquum,
895 2913 1070 3001 presertim
1093 2934 1167 2977 cum
1189 2933 1248 2998 pro
1273 2912 1379 2978 salute
1402 2913 1531 2977 illarum
1554 2911 1785 2999 exponendum
1808 2910 1850 2975 sit

197 3020 306 3106 potius
329 3017 486 3104 quidquid
509 3019 542 3082 in
570 3017 780 3083 facultatibus
804 3017 972 3083 hominum
995 3017 1194 3082 continetur:
1226 3015 1436 3102 precipiendo
1460 3015 1667 3094 mandamus,
1697 3014 1849 3100 quatinus

197 3123 385 3188 memoratis
407 3120 608 3208 principibus
626 3120 814 3199 suadentes,
838 3120 925 3206 quod
941 3122 974 3184 in
991 3119 1227 3184 consuetudine
1251 3128 1317 3184 tam
1340 3140 1496 3206 perversa
1511 3118 1583 3185 Deo
1608 3124 1642 3182 et
1663 3117 1849 3183 hominibus

135 3252 146 3289 a
199 3227 325 3292 offense
356 3226 508 3290 nimietas
537 3225 711 3304 inferatur,
740 3231 775 3289 et
803 3224 836 3288 id
866 3225 933 3310 pati
957 3223 1131 3308 aliquando
1155 3244 1220 3287 non
1242 3223 1422 3309 possimus,
1452 3243 1492 3287 eo
1515 3219 1601 3308 quod
1625 3242 1724 3308 super
1746 3219 1849 3284 afflic-

199 3331 288 3394 tione
311 3349 491 3415 paupcrum
514 3327 698 3412 affligamur
721 3333 755 3391 et
778 3348 856 3391 cura
879 3327 974 3391 nobis
998 3327 1129 3391 illorum
1160 3327 1328 3392 immineat
1357 3317 1527 3412 specialis,
1554 3326 1643 3411 ipsos
1672 3323 1713 3387 ab
1737 3344 1850 3388 eorum

198 3431 386 3498 huiusmodi
401 3433 576 3498 vexatione
599 3430 761 3496 desistere
784 3429 881 3494 modo
904 3429 1053 3516 predicto
1075 3450 1137 3516 per
1159 3449 1329 3494 censuram
1350 3428 1607 3493 ecclesiasticam
1629 3427 1851 3513 appellatione

198 3536 384 3622 postposita
406 3536 624 3622 compellatis,
646 3536 778 3622 proviso
802 3557 844 3600 nc
867 3537 901 3598 in
923 3542 1044 3599 terram
1066 3534 1226 3599 dictorum
1249 3534 1433 3620 principum
1450 3527 1764 3596 excomunicationis
1787 3537 1852 3596 etc.

199 3638 345 3712 Quodsi
368 3659 433 3703 non
456 3659 569 3704 omnes
592 3645 653 3704 etc.

308 3760 395 3825 Data
417 3759 579 3844 Anagnia,
602 3758 634 3822 V
656 3758 825 3824 Kalendas
848 3759 969 3842 Martii,
994 3780 1078 3824 anno
1103 3766 1210 3823 sexto.

820 4003 951 4010 .—----.-
959 4003 1015 4009 --.
1019 4002 1174 4009 Μ-
1180 4000 1230 4006 -..--.

983 4246 1069 4319 514.

308 4359 499 4470 Gregorius
513 4385 569 4452 IX
585 4407 673 4468 popo
694 4387 936 4468 crclrcpiscopts
957 4389 987 4450 ct
1008 4386 1159 4466 episcopis
1179 4385 1396 4450 Alamanniae
1418 4385 1557 4463 naundct,
1580 4388 1615 4448 nt
1636 4383 1804 4448 hcmcticcs
1824 4387 1854 4447 et

201 4511 266 4574 ecs,
295 4492 351 4574 qni
370 4495 539 4572 postquam
567 4492 649 4555 barro
673 4492 864 4572 pravitatem
895 4491 1126 4568 obturccortnt,
1158 4491 1201 4554 od
1226 4511 1295 4554 cum
1321 4493 1534 4567 revertantur,
1558 4492 1708 4571 perpetuo
1736 4488 1854 4552 carceri

201 4597 388 4676 nmncqrent.
1482 4596 1575 4672 1233,
1596 4592 1691 4657 Febr.
1713 4595 1765 4656 26.

306 4716 386 4784 Grec.
404 4714 454 4768 IX
470 4713 541 4785 nep.
565 4712 872 4778 Vot.111‚ror-roa;
892 4712 955 4767 In'b.
976 4713 1027 4782 Vl,
1047 4717 1112 4769 355.

331 4925 694 5018 archiepiscopis
721 4931 762 4998 et
789 4924 1013 5018 episcopis
1040 4946 1118 5017 per
1145 4922 1423 4998 Alamaniam
1450 4919 1721 4995 constitutis.

308 5074 362 5142 Ad
391 5073 569 5162 capiendas
600 5075 715 5160 vulpes
747 5075 919 5161 parvulas,
952 5073 1116 5140 hereticos
1145 5073 1318 5153 videlicet,
1351 5071 1406 5157 qui
1434 5068 1611 5133 moliuntur
1640 5067 1673 5131 in
1702 5067 1852 5153 partibus
1867 5085 1998 5134 causan.

200 5181 373 5247 Alamanie
403 5179 558 5245 tortuosis
588 5177 790 5243 anfractibus
819 5179 950 5242 vineam
978 5176 1112 5241 Domini
1142 5175 1308 5254 demoliri,
1343 5180 1377 5239 et
1405 5172 1535 5259 penitus
1566 5170 1783 5236 eliminandos
1812 5170 1853 5235 ab

202 5284 275 5370 ipsa
297 5283 443 5369 suscepti
465 5303 543 5348 cura
567 5281 736 5366 regiminis
759 5301 819 5346 nos
842 5281 1000 5346 hortatur.
1044 5279 1097 5344 Ad
1120 5284 1265 5344 nostram
1289 5277 1450 5364 siquidem
1473 5272 1672 5341 audientiam
1695 5274 1854 5340 noveritis

308 5543 329 5608 ¹¹)
347 5543 415 5594 deest
432 5545 542 5596 rabum.

124 5687 151 5728 eo
250 5741 260 5758 ⁶
306 5677 333 5746 1)
352 5677 444 5732 Hodie
464 5677 603 5746 Ondrrjoc
623 5679 680 5732 sive
700 5676 874 5744 Andrtctran,
891 5674 927 5730 ab
946 5673 1049 5746 oppido
1070 5672 1248 5728 dorostena·
1265 5674 1338 5728 inter
1355 5672 1491 5727 oren‘dr‘enr
1510 5677 1536 5726 et
1553 5669 1722 5726 occidentur.
