4604 6420
778 367 978 424 EPISTOLAE
995 365 1184 424 SEDECTAE.
1221 367 1295 421 1232.

675 637 684 655 .
712 637 723 655 .
751 581 1090 674 archiepiscopo
1117 579 1386 672 Maguutino.

310 731 372 796 Ille
402 729 537 794 humani
571 730 703 815 generis
737 730 893 816 pervicax
922 729 1090 809 inimicus,
1125 729 1268 793 omnium
1296 729 1456 794 malorum
1484 727 1649 808 incentor,
1684 747 1781 812 quem
1814 726 1870 792 de¹

202 835 362 922 supremis
394 832 436 898 ad
466 834 532 898 ima
561 833 715 919 superbia
745 854 805 899 sua
834 834 1026 919 prostravit,
1058 852 1124 897 non
1151 838 1323 898 contentus
1352 830 1439 917 quod
1468 851 1527 896 sue
1555 828 1679 896 fraudis
1710 829 1856 916 nequitia

202 937 368 1002 hominem
397 935 552 1023 perduxit
579 935 622 1001 ad
648 957 760 1001 casum
790 936 958 1021 erumpnis
989 941 1023 1000 ct
1051 936 1195 1001 miseriis
1223 935 1469 1022 applicandum,
1502 932 1620 1000 callide
1644 954 1719 1000 eum
1741 933 1856 998 nititur

138 1062 149 1098 ⁵
202 1040 369 1127 pestiferis
400 1041 526 1105 retibus
553 1039 702 1116 irretire,
735 1045 844 1104 astute
877 1037 940 1102 sibi
976 1059 1095 1123 parans
1131 1037 1286 1116 insidias,
1319 1059 1360 1103 ne
1393 1043 1560 1123 resurgat,
1595 1038 1701 1102 locum
1738 1057 1758 1100 a
1791 1055 1854 1120 quo

202 1141 366 1208 ceciderat
388 1142 627 1229 obtempturue.
674 1141 863 1207 Novissime
893 1147 1003 1206 autem
1027 1141 1145 1206 diebus
1169 1142 1241 1206 istis
1265 1141 1363 1206 fidem
1385 1142 1477 1206 nisus
1505 1139 1643 1228 perfidia
1664 1140 1855 1227 depravare,

201 1266 260 1331 per
281 1245 449 1310 ministros
473 1267 550 1311 suos
573 1245 754 1331 iniquitatis
779 1244 946 1331 operarios
965 1265 1093 1310 venena
1115 1245 1236 1331 sparsit
1259 1244 1436 1324 mortifera,
1461 1242 1619 1310 seditiose
1644 1243 1855 1309 considerans

201 1347 287 1433 quod
309 1348 480 1413 familiaris
510 1347 615 1413 hostis
639 1349 682 1413 sit
711 1347 829 1413 efficax
856 1346 897 1412 ad
929 1347 1128 1428 nocendum,
1161 1348 1216 1432 qui
1240 1349 1334 1433 quasi
1361 1347 1469 1412 dulcia
1496 1347 1725 1434 premittentes
1752 1345 1856 1412 cauda

201 1458 350 1537 pungunt
371 1457 408 1515 ut
430 1452 570 1537 scorpio,
592 1451 626 1514 in
649 1471 748 1516 aureo
770 1448 903 1516 taudem
927 1450 1030 1516 calice
1047 1450 1218 1515 Babilonis
1241 1451 1330 1515 virus
1354 1449 1544 1536 pestilentie
1567 1449 1716 1514 infusuri.
1760 1449 1855 1515 Licet
1872 1457 1948 1498 1⁰¹⁰¹⁰=
1963 1461 2018 1506 ⁵¹³·

203 1554 290 1618 enim
313 1554 453 1621 heretici
479 1553 638 1619 hactenus
662 1553 785 1618 diutius
816 1554 985 1619 latitantes
1016 1554 1102 1619 sicut
1131 1575 1248 1620 cancer
1278 1559 1450 1640 serperent
1479 1553 1512 1617 in
1536 1553 1679 1634 occulto,
1709 1559 1743 1618 et
1764 1553 1856 1618 velut

201 1656 317 1742 vulpes
340 1657 482 1723 latenter
505 1657 689 1723 niterentur
711 1657 843 1723 vineam
865 1657 999 1722 Domini
1024 1657 1170 1723 Sabaoth
1192 1658 1359 1740 demoliri,
1390 1657 1455 1723 iam
1482 1663 1592 1722 tamen
1615 1657 1760 1742 peccatis
1783 1657 1854 1722 exi·
1873 1661 1936 1703 Qvi·
1950 1666 2004 1712 2¹⁵·

202 1759 357 1843 gentibus
379 1760 413 1825 in
436 1766 550 1846 aperto
574 1761 665 1845 quasi
689 1761 765 1846 equi
788 1761 894 1847 parati
916 1760 958 1826 ad
980 1761 1120 1846 prelium
1139 1767 1331 1848 presumunt
1352 1759 1526 1826 manifeste
1550 1761 1720 1845 insurgere
1743 1767 1856 1825 contra

202 1883 292 1944 eam,
328 1863 362 1927 in
391 1862 585 1948 quibusdam
614 1863 695 1928 locis
730 1863 861 1949 publice
893 1857 1108 1949 predicando,
1146 1870 1323 1950 querentes
1354 1864 1387 1928 in
1422 1863 1530 1927 cibum
1564 1863 1731 1949 simplices
1761 1868 1795 1927 et
1821 1863 1855 1927 in

202 1963 337 2050 prodam
359 1964 526 2043 indoctos,
558 1986 597 2030 ac
629 1966 808 2051 illaqueare
837 1965 1068 2031 nichilominus
1091 1964 1208 2032 fideles
1232 1965 1398 2051 quoslibet
1427 1965 1495 2030 suis
1524 1966 1856 2031 circumventionibus

204 2068 384 2154 cupientes,
406 2068 484 2133 facti
506 2069 653 2154 magistri
670 2069 800 2149 erroris,
823 2069 878 2153 qui
893 2089 1068 2154 numquam
1083 2068 1214 2134 fuerant
1236 2068 1388 2154 discipuli
1404 2067 1563 2133 veritatis.
1608 2067 1704 2134 Unde
1721 2067 1856 2155 expedit

201 2170 287 2254 quod
315 2170 502 2256 insurgatur
530 2171 667 2236 viriliter
697 2178 811 2237 contro
841 2192 917 2251 eos,
952 2179 988 2235 ut
1019 2192 1132 2236 eorum
1163 2172 1294 2236 omnino
1323 2170 1432 2236 heresi
1469 2171 1634 2235 confutata
1663 2193 1723 2259 per
1751 2178 1855 2238 totum

201 2275 312 2359 vigeat
339 2273 422 2339 fides
450 2273 588 2350 Christi3
618 2295 694 2339 nam
727 2295 849 2340 corona
878 2283 1035 2362 sequetur
1068 2275 1185 2360 premii
1214 2272 1485 2360 temptationibus
1513 2274 1718 2340 resistentes.
1773 2273 1856 2340 Oum

88 2367 90 2372 ’
201 2377 302 2462 igitur
331 2376 365 2440 in
395 2377 544 2462 partibus
576 2377 619 2441 eit
647 2377 839 2460 Alamanie,
873 2377 960 2464 quod
988 2378 1139 2444 dolentes
1171 2377 1363 2458 referimus,
1398 2398 1471 2442 rara
1500 2377 1601 2458 fides,
1636 2398 1675 2442 ac
1705 2399 1765 2464 per
1793 2376 1855 2442 hoc

201 2478 413 2544 formidemus
444 2480 490 2545 ibi
526 2481 634 2567 potius
667 2482 821 2546 animalia
850 2502 1035 2562 venenosa,
1068 2502 1145 2560 nos,
1181 2481 1237 2566 qui
1267 2481 1354 2545 circa
1386 2478 1500 2545 horam
1532 2480 1739 2546 undecimam
1770 2481 1856 2545 inter

202 2583 380 2668 operarios,
403 2585 501 2648 immo
520 2584 632 2648 verius
655 2605 754 2670 super
776 2585 944 2670 operarios
960 2585 1055 2650 vinee
1071 2583 1206 2650 Domini
1224 2604 1335 2649 snmus
1357 2604 1378 2647 a
1398 2589 1491 2670 patre
1507 2584 1647 2650 familiae
1663 2584 1854 2670 evangelico

201 2684 349 2772 deputati
358 2687 380 2769 ¹,
409 2687 525 2752 moniti
546 2708 628 2753 voce
659 2687 771 2775 sponsi
803 2707 922 2773 capere
953 2688 1068 2773 vulpes
1101 2686 1271 2773 parvulae,
1300 2707 1363 2772 que
1392 2685 1541 2752 demoliri
1569 2688 1699 2752 vineam
1721 2686 1854 2752 Domini
1872 2691 1935 2734 Oret·
1949 2699 2004 2744 bst-

201 2791 392 2870 moliuntur‚
422 2795 456 2856 et
484 2791 565 2856 tacti
595 2790 722 2856 dolore.
738 2789 845 2855 cordis
869 2789 1082 2870 intrinsecus,
1116 2811 1181 2855 non
1204 2790 1354 2856 valentes
1382 2789 1566 2855 substinere
1589 2796 1714 2855 tantam
1737 2798 1853 2857 contu-

201 2896 334 2961 meliam
362 2893 544 2976 Creatoris,
576 2916 614 2960 ac
646 2896 796 2960 volentes
826 2901 875 2960 tot
905 2894 1086 2960 animarum
1121 2894 1276 2981 periculis
1306 2894 1457 2974 obviare,
1490 2893 1729 2960 fraternitatem
1763 2900 1854 2958 tuam

201 3019 373 3084 rogamus,
410 3017 580 3062 monemus
616 3004 650 3063 et
685 2997 854 3062 hortamur
888 2997 1064 3078 attentius,
1102 3019 1160 3084 per
1195 2997 1377 3084 apostolica
1408 2997 1471 3062 tibi
1504 2997 1627 3083 scripta
1660 2997 1720 3062 sub
1754 2996 1855 3062 divini

203 3101 422 3166 obtestatione
451 3099 564 3165 iudicii
593 3098 741 3165 districte
769 3100 983 3186 precipiendo
1013 3101 1222 3182 mandantes,
1254 3102 1406 3187 quatinus
1433 3107 1499 3166 tem
1525 3121 1585 3188 per
1613 3107 1645 3166 te
1673 3120 1770 3185 quam
1798 3121 1857 3186 per

201 3205 327 3290 aliquos
357 3203 399 3269 de
428 3202 567 3268 subditis
596 3203 661 3268 tuis
690 3204 778 3268 viros
809 3204 982 3289 religiosos
1014 3211 1047 3269 et
1083 3205 1115 3268 in
1144 3206 1219 3290 lege
1245 3204 1379 3270 Domini
1411 3204 1576 3284 eruditos,
1612 3224 1693 3289 quoe
1722 3203 1764 3268 ad
1793 3202 1855 3267 hoc

201 3308 339 3373 idoneos
368 3327 442 3372 esse
474 3307 622 3384 noveris,
658 3305 699 3371 ad
730 3328 843 3372 omnes
872 3313 984 3392 partes
1012 3307 1153 3373 diocesis
1183 3315 1239 3374 tue
1268 3309 1487 3388 transmittas,
1517 3307 1572 3392 qui
1601 3305 1751 3392 diligenti
1780 3327 1854 3392 per-

202 3411 332 3496 quirant
348 3409 569 3476 sollicitudine
586 3409 626 3475 de
645 3409 801 3475 hereticis
824 3417 859 3476 et
881 3410 980 3476 etiam
1001 3410 1177 3492 infamatis,
1201 3418 1235 3476 ct
1254 3411 1283 3476 si
1304 3432 1386 3496 quos
1410 3409 1590 3497 culpabiles
1605 3410 1659 3474 vel
1681 3408 1855 3473 infamatos

202 3491 400 3594 invenerint,
428 3513 493 3577 nisi
515 3514 693 3579 examinati
716 3514 822 3579 velint
849 3515 1000 3581 absolute
1024 3514 1187 3580 mandatis
1211 3516 1351 3581 ecclesie
1375 3513 1527 3595 obedire,
1554 3513 1713 3601 procedas
1742 3521 1855 3578 contra

203 3639 260 3681 eos
298 3617 391 3681 iuxta
430 3621 552 3682 statuta
595 3623 709 3682 nostra
748 3622 862 3682 contra
902 3618 1066 3683 hereticos
1108 3618 1237 3684 noviter
1274 3615 1515 3705 promulgata²,
1552 3618 1586 3681 in
1622 3621 1854 3702 receptatores,

202 3719 394 3785 defensores
417 3724 452 3784 et
479 3718 624 3785 fautores
647 3720 868 3786 hereticorum
891 3719 1071 3786 secundum
1094 3720 1209 3787 eadem
1233 3727 1357 3786 statuta
1378 3720 1608 3785 nichilominus
1631 3741 1854 3806 processurus.

203 3821 239 3886 si
269 3842 346 3887 varo
381 3823 482 3909 aliqui
520 3821 667 3888 heretica
708 3823 783 3889 labe
822 3824 952 3911 penitus
990 3823 1141 3889 abiurata
1179 3824 1221 3889 ad
1255 3824 1513 3890 ecclesiasticam
1553 3821 1659 3888 redire
1691 3822 1854 3887 voluerint

202 3927 377 4006 unitatem,
405 3925 486 4011 ipsis
515 3926 608 3990 iuxta
630 3927 767 3990 formam
790 3927 932 3993 ecclesie
956 3927 1152 3993 beneficium
1183 3927 1401 3992 absolutionis
1424 3925 1611 4013 impendas,
1640 3931 1674 3990 et
1701 3925 1854 4010 iniungas

204 4029 252 4094 eis
275 4027 362 4113 quod
393 4027 515 4092 talibus
539 4029 710 4093 consuevit
732 4029 874 4115 iniungi;
902 4031 1060 4096 attentius
1089 4031 1279 4118 provisurus
1307 4051 1348 4096 ne
1372 4030 1427 4116 qui
1451 4028 1603 4094 videntur
1628 4031 1764 4108 reverti,
1794 4028 1854 4093 sub

203 4132 339 4219 palliata
361 4131 473 4218 specie
500 4132 632 4218 pietatis
662 4132 865 4218 impietatem
888 4142 1106 4217 commutent,
1136 4143 1169 4202 et
1197 4136 1334 4221 angelus
1358 4133 1502 4199 Sathane
1531 4132 1565 4196 in
1592 4132 1676 4196 lucis
1701 4131 1854 4216 angelum

203 4256 239 4299 se
262 4233 487 4316 transformet,
511 4234 754 4321 propterquod
777 4242 916 4318 statuta,
948 4259 1011 4324 quc
1035 4259 1133 4325 super
1156 4239 1217 4304 hoc
1240 4237 1393 4302 duximus
1416 4232 1668 4322 promulganda,
1691 4233 1854 4319 inspicere

203 4337 327 4424 poteris
350 4343 384 4403 et
406 4337 447 4403 ab
472 4358 585 4403 eorum
612 4336 739 4402 insidiis
769 4339 950 4405 secundum
978 4339 1213 4407 discretionem
1242 4341 1302 4405 tibi
1325 4339 1435 4404 datam
1458 4360 1478 4402 a
1499 4337 1641 4403 Domino
1664 4355 1853 4422 precavere.

202 4440 256 4506 Ad
279 4440 359 4523 hec,
387 4448 424 4505 ut
447 4461 547 4528 super
569 4442 739 4527 premissis
762 4442 913 4508 omnibus
937 4443 1081 4509 officium
1110 4444 1170 4510 tibi
1193 4443 1403 4509 commissum
1429 4441 1566 4507 liberius
1594 4439 1702 4527 possis
1725 4446 1759 4503 et
1782 4437 1852 4503 effi-

203 4545 313 4610 cacius
347 4564 522 4624 exercere,
564 4542 714 4609 omnibus
749 4546 803 4630 qui
837 4545 878 4610 ad
911 4546 1169 4633 predicationem
1208 4567 1341 4628 eorum,
1381 4567 1462 4632 quos
1502 4544 1544 4609 ad
1577 4543 1639 4608 hoc
1671 4541 1853 4628 provideris

204 4647 392 4733 eligendos,
421 4647 622 4713 accesserint
650 4647 683 4712 in
714 4647 852 4733 singulis
884 4649 1097 4732 stationibus,
1129 4650 1244 4736 viginti
1275 4649 1361 4729 dies,
1394 4649 1460 4713 illis
1484 4667 1562 4712 vero
1592 4645 1648 4732 qui
1677 4644 1719 4710 ad
1747 4645 1853 4732 impu-

203 4750 369 4836 gnandum
381 4751 557 4833 hereticos,
572 4753 727 4834 fautores,
741 4760 966 4838 receptatores
981 4761 1015 4820 et
1027 4754 1217 4821 defensores
1232 4774 1343 4820 eorum
1361 4753 1394 4817 in
1410 4749 1646 4816 munitionibus
1661 4757 1694 4814 et
1709 4750 1853 4816 castellis

203 4857 256 4921 vel
279 4855 362 4921 alias
385 4861 499 4920 contra
521 4856 696 4920 ecclesiam
719 4855 920 4922 rebellantes
945 4857 1026 4944 ipsis
1050 4880 1093 4924 ex
1116 4860 1225 4924 animo
1248 4857 1422 4936 auxilium,
1455 4855 1628 4921 consilium
1650 4853 1854 4939 prostiterint

202 4959 256 5024 vel
278 4957 435 5040 favorem,
458 4957 500 5023 de
523 4959 756 5044 omnipotentis
771 4957 835 5024 Dei
858 4961 1085 5026 misericordia
1108 4972 1141 5027 ct
1164 4963 1336 5028 beatorum
1351 4959 1441 5025 Petri
1465 4965 1498 5023 et
1513 4956 1607 5022 Pauli
1630 4956 1853 5040 apostolorum

204 5062 275 5126 eius
298 5062 492 5127 auctoritate
516 5062 641 5143 confisi,
664 5068 730 5127 tres
753 5083 856 5128 annos
878 5061 920 5128 de
944 5064 1091 5129 iniuncta
1114 5064 1177 5129 eibi
1200 5065 1383 5151 penitentia
1405 5061 1601 5138 relaxamus,
1625 5063 1659 5122 et
1683 5057 1710 5120 si
1733 5057 1787 5142 qui
1811 5077 1853 5120 ex

204 5164 267 5229 hiis
290 5165 323 5228 in
345 5166 575 5251 prosecutione
598 5164 785 5231 huiusmodi
807 5167 932 5251 negotii
955 5167 1039 5232 forte
1062 5166 1282 5250 decesserint,
1315 5167 1364 5233 eia
1387 5163 1531 5232 omnium
1553 5165 1779 5248 peccatorum,
1811 5156 1852 5221 de

588 5341 998 5351 mmm—Q-

305 5461 333 5529 1)
353 5460 396 5528 Os.
416 5459 518 5514 Marta.
535 5463 599 5525 20‚1
617 5466 641 5516 et
659 5476 733 5532 sequ.
821 5462 848 5530 2)
868 5461 947 5516 Haec
963 5464 1068 5516 statuto
1086 5461 1216 5531 tepenter
1230 5465 1295 5530 port
1309 5475 1404 5529 popae
1422 5456 1566 5527 epistolum
1582 5456 1660 5517 1231,
1679 5451 1744 5506 ‚lure
1762 5455 1799 5505 25
1816 5450 1854 5506 od

201 5549 437 5619 archiepiscopum
470 5548 655 5605 nemmem
681 5549 828 5616 directam
860 5547 987 5612 Belum,
1015 5549 1085 5602 Acro
1112 5548 1182 5618 Imp.
1208 5564 1239 5617 p.
1269 5549 1332 5602 665.
1360 5562 1388 5599 n.
1417 5548 1487 5610 9595
1513 5546 1621 5612 portem
1647 5537 1732 5592 elidit
1759 5537 1852 5606 Rayn.

202 5656 229 5694 a.
249 5642 326 5704 1231,
343 5639 360 5701 t
378 5640 418 5691 1⁴.

1547 5719 1648 5775 ,50⁹
