4448 6420
668 336 867 392 urlsromu
885 337 1074 394 subucula.
1110 339 1186 394 1223.
1695 347 1753 409 163

102 530 198 574 onem
227 508 401 575 aObristo
424 513 603 592 salvatore,
635 511 680 576 ita
709 519 923 598 expectamus
951 511 1127 577 adventum
1153 512 1212 575 filii
1234 513 1336 578 vestri
1367 514 1592 600 imperatoris,
1623 521 1657 581 et
1689 538 1754 581 non

102 613 208 676 solum
231 634 291 677 nos
316 621 529 700 expectamus
552 616 636 681 banc
660 615 816 700 gratiam,
841 614 899 680 sed
923 616 1021 679 etiam
1045 616 1194 700 renegati
1216 616 1290 701 plus
1314 638 1411 702 quam
1434 617 1548 683 decem
1571 619 1672 701 milia,
1696 620 1751 705 qui

101 715 242 801 dispersi
267 723 342 781 sunt
363 738 423 802 per
438 724 543 782 terres
562 717 824 782 Sarracenornm.
868 718 942 782 Hoc
965 740 1031 783 non
1054 724 1105 782 est
1121 719 1345 800 omittendum,
1369 720 1428 785 sed
1443 742 1574 809 semper
1595 723 1629 787 in
1652 722 1751 789 corde

103 816 298 900 tenendum,
332 820 489 904 qualiter,
524 841 598 884 cum
626 821 769 900 venerit,
805 819 915 884 facere
949 819 1069 885 debeat
1098 820 1248 885 dominns
1277 821 1464 908 imperator.
1510 823 1583 890 Hec
1617 831 1668 889 est
1700 826 1753 890 via

102 921 291 985 salvationis
322 928 356 985 et
383 923 533 986 sanitatis
566 929 599 987 et
628 923 699 987 sine
722 923 905 1009 perditione
928 929 1092 987 annuente
1116 922 1275 988 Domino:
1305 925 1433 990 scilicet
1460 928 1555 1011 galee
1586 932 1620 990 et
1642 947 1753 1007 naves,

101 1032 348 1110 quantacunque
372 1025 503 1102 fuerint,
525 1049 585 1112 per
607 1027 728 1091 flumen
750 1027 905 1091 Raseeti¹
928 1028 1051 1092 intrent
1075 1035 1108 1091 et
1131 1027 1172 1091 ad
1195 1028 1316 1108 villam,
1342 1049 1404 1114 que
1429 1029 1492 1093 sita
1515 1036 1566 1095 est
1588 1029 1622 1092 in
1646 1030 1755 1093 insula

101 1127 258 1206 fluminis,
286 1149 348 1212 que
371 1136 505 1193 vocatur
526 1129 635 1211 Faba,
663 1130 711 1194 ibi
733 1131 911 1216 applicent,
935 1137 968 1194 et
997 1131 1044 1195 sie
1066 1129 1208 1194 Domino
1232 1131 1434 1196 concedente
1458 1131 1631 1197 habebunt
1652 1138 1754 1196 totam

101 1236 221 1294 terram
244 1229 368 1317 Egypti
391 1231 462 1296 sine
491 1231 684 1318 perditione.
729 1232 868 1297 Flumen
890 1232 1066 1297 Raseetum
1095 1239 1146 1296 est
1169 1233 1365 1318 profundum
1397 1242 1431 1300 et
1458 1236 1559 1300 altum
1590 1241 1624 1300 et
1653 1234 1754 1299 latum

100 1339 133 1395 et
154 1331 243 1396 dicta
266 1334 373 1398 insula
395 1335 493 1419 plena
517 1335 666 1399 omnibus
689 1335 794 1414 bonis,
820 1335 904 1398 sicut
926 1335 1011 1397 lator
1033 1336 1234 1421 presentium
1258 1336 1365 1401 fidelis
1391 1344 1425 1401 et
1447 1337 1617 1402 familiaris
1641 1344 1755 1402 noster

101 1436 223 1521 poterit
244 1436 338 1500 vobis
355 1457 507 1511 narrare;
531 1438 742 1523 cognovimus
766 1459 840 1502 eum
863 1437 1058 1522 pmdentem
1082 1444 1115 1502 et
1137 1437 1316 1502 discretum
1339 1460 1441 1524 super
1463 1440 1525 1504 boc
1549 1446 1583 1504 et
1606 1440 1648 1504 ob
1670 1439 1754 1503 banc

101 1559 234 1602 causam
255 1540 448 1603 vobiscum
471 1540 629 1606 misimus.
674 1541 783 1605 Unum
810 1540 940 1626 quidem
964 1540 1143 1625 pessimum
1166 1540 1287 1604 factum
1309 1541 1371 1605 fuit
1403 1543 1437 1606 in
1459 1548 1547 1606 terra
1568 1540 1691 1628 Egypti
1713 1541 1754 1606 ad

100 1641 244 1706 dedecus
268 1640 544 1722 Christianorum,
575 1644 701 1708 scilicet
723 1665 782 1729 pro
806 1643 893 1706 facto
917 1641 1088 1722 Damiatc,
1120 1643 1206 1728 quod
1231 1642 1322 1708 CXV
1346 1645 1488 1708 ecclesie
1511 1644 1598 1708 facte
1622 1644 1754 1709 fuerunt

100 1744 277 1811 destructe.
321 1744 387 1809 Per
400 1745 564 1809 viventem
588 1747 621 1808 in
638 1747 765 1810 secula!
790 1766 855 1809 non
872 1747 1021 1810 mentior.
1067 1746 1186 1810 Valeat
1208 1766 1323 1810 manns
1346 1752 1458 1812 vestra
1481 1767 1581 1832 super
1603 1747 1752 1812 inimicos

100 1847 203 1911 crucis
235 1845 366 1910 Christi.
413 1845 601 1928 Sarraceni,
635 1849 691 1933 qui
712 1848 865 1913 dicuntur
887 1848 1037 1928 Malene,
1070 1847 1102 1912 id
1133 1854 1191 1916 est,
1214 1847 1353 1928 domini,
1382 1843 1535 1934 quiante
1561 1847 1752 1913 Seledinum

102 1970 236 2035 regnum
253 1948 376 2036 Egypti
391 1956 577 2032 tenuerunt,
600 1958 708 2016 vestre
725 1950 892 2014 sanctitati
909 1951 1095 2036 supplicant
1118 1957 1151 2016 et
1166 1958 1283 2036 rogant
1305 1972 1365 2038 per
1386 1950 1504 2032 Deum,
1527 1957 1565 2016 ut
1586 1951 1750 2016 festinetis

102 2053 242 2132 mittere,
265 2072 362 2137 quem
384 2053 516 2117 missuri
539 2054 628 2134 estis,
652 2053 729 2138 quia
750 2059 821 2117 tota
842 2059 931 2116 terra
953 2051 1077 2138 Egypti
1099 2059 1210 2117 vestra
1232 2058 1292 2117 est.
1338 2052 1467 2118 Valete.

722 2329 1045 2336 mma—-
1050 2331 1098 2336 ---
1104 2329 1133 2336 -=

887 2588 974 2662 sat.

209 2701 397 2794 Honorius
419 2726 486 2791 III
501 2747 588 2806 papa
603 2723 802 2809 Flriderico]
819 2725 1034 2790 Romanorum
1055 2727 1239 2806 iasmratori
1259 2727 1426 2808 aprificat,
1449 2745 1481 2792 se
1504 2726 1698 2806 dispensare,
1719 2733 1755 2792 at

103 2834 258 2914 copulata
287 2851 357 2896 cam
377 2811 553 2914 Umbella]
579 2829 651 2908 filia
674 2828 865 2912 Hetruscis]
894 2830 975 2911 repis
997 2829 1293 2914 Hierosolymr’taai,
1323 2850 1403 2910 qaae
1434 2831 1464 2892 a·
1485 2831 1521 2894 in
1545 2837 1661 2914 quarta
1682 2851 1754 2896 coa-

102 2937 325 3020 saapaiaitatr's
347 2935 433 2998 linea
454 2933 588 2996 attinere
610 2930 743 2996 daura.
1415 2935 1510 3011 1223,
1532 2936 1616 3019 Aap.
1639 2935 1669 2999 5.

204 3055 279 3108 Han.
298 3055 353 3106 ΙΙΙ
366 3053 433 3121 Ray.
457 3051 514 3105 Vol.
533 3051 585 3116 IV,
605 3055 657 3112 84,·
676 3049 740 3104 Ia'd.
766 3051 845 3114 VIII,
866 3055 889 3104 7.
939 3051 1042 3104 Pertrr's'
1064 3049 1203 3119 exemplar
1223 3051 1411 3120 supplevimus
1434 3067 1468 3105 ea
1486 3051 1580 3124 Rapa.
1598 3057 1672 3109 Aac.
1691 3054 1754 3108 eccl.

101 3159 125 3196 a
141 3144 222 3205 1223,
239 3143 256 3206 §
275 3144 300 3193 7.

198 3226 335 3294 Pottlrast,
353 3224 420 3293 Rea.
441 3226 525 3278 7068.

283 3454 324 3529 F.
350 3452 524 3526 illustri
550 3452 853 3525 Romanorum
881 3450 1142 3541 imperatori
1170 3471 1348 3542 semper
1374 3457 1562 3546 augusto
1684 3559 1687 3564 1

750 3578 791 3646 et
816 3573 907 3666 regi
934 3571 1101 3645 Sicilie.

204 3723 289 3800 Quia
312 3723 448 3788 celestia
469 3723 567 3788 simul
595 3728 628 3787 et
659 3729 792 3788 terrena
820 3724 1035 3809 omnipotenti
1058 3720 1232 3808 prudentia
1254 3720 1456 3801 moderatur,
1489 3720 1530 3785 ad
1561 3721 1623 3785 boc
1653 3720 1752 3784 beato

99 3827 194 3893 Petro
217 3835 383 3912 tamquam
405 3827 526 3892 vicario
557 3847 616 3890 suo
648 3833 681 3890 et
711 3827 958 3891 successoribus
990 3827 1060 3890 eius
1092 3832 1168 3911 post
1197 3825 1304 3910 ipsum
1328 3823 1500 3888 conferens
1524 3823 1633 3888 claves
1657 3823 1751 3906 regni

100 3931 246 4010 celestis,
268 3928 393 4013 ligandi
416 3935 449 3993 et
479 3928 627 3994 solvendi
650 3928 784 3993 tradidit
805 3930 1020 4016 pontificium,
1045 3935 1081 3992 ut
1104 3949 1249 3992 summus
1272 3927 1421 4014 pontifex
1442 3947 1508 3991 non
1531 3926 1671 3990 humane
1694 3923 1752 3988 ad-

99 4033 294 4098 inventionis
318 4032 443 4113 studio,
473 4031 531 4096 sed
561 4030 669 4096 divine
701 4033 810 4117 potius
840 4031 1063 4119 inspirationis
1091 4031 1248 4094 instinctu
1279 4031 1371 4115 leges
1403 4035 1551 4094 statuens
1581 4029 1753 4108 salutares,

99 4136 235 4220 quodam
259 4134 466 4200 necessitatis
489 4135 619 4198 vinculo
653 4135 735 4219 liget
767 4134 916 4200 homines
946 4134 987 4198 ad
1019 4133 1261 4198 observantiam
1294 4131 1488 4213 earundem,
1524 4130 1612 4216 quod
1638 4133 1751 4217 utique

100 4259 359 4325 nonnumquam,
389 4258 462 4303 cum
484 4257 606 4320 urgens
629 4239 811 4302 necessitas
835 4238 939 4322 exigit
960 4239 1014 4302 vel
1046 4234 1181 4301 evidens
1204 4235 1329 4300 utilitas
1352 4235 1495 4300 maxime
1519 4234 1653 4321 publica
1673 4257 1752 4322 per·

100 4342 224 4424 suadet,
248 4343 295 4406 sic
316 4343 408 4405 laxat
423 4340 559 4427 provide
583 4341 671 4403 circa
687 4338 845 4425 quosdam
867 4338 908 4404 de
930 4361 988 4404 suc
1005 4338 1207 4426 plenitudine
1223 4337 1407 4424 potestatis,
1430 4343 1467 4402 ut
1490 4339 1592 4403 ceteri
1615 4337 1752 4402 nicbilo·

96 4447 202 4511 minus
231 4445 357 4510 astricti
385 4449 560 4508 teneantur
590 4441 722 4523 eodem,
754 4443 845 4507 nulla
873 4447 983 4506 tamen
1015 4441 1254 4506 interveniente
1283 4441 1474 4525 acceptione
1505 4440 1651 4507 indebita
1673 4437 1761 4527 per-'

100 4571 265 4630 sonarum,
295 4571 369 4614 cum
398 4570 464 4613 non
488 4549 530 4612 sit
551 4545 769 4633 reputandum
793 4545 914 4611 deferri
937 4567 1096 4633 persone,
1125 4565 1278 4630 cumpro
1303 4563 1417 4624 causa,
1448 4545 1521 4608 loco
1545 4548 1578 4609 et
1603 4550 1751 4630 tempore

96 4675 160 4718 non
183 4653 303 4740 privati
327 4659 378 4717 set
400 4651 523 4738 publici
547 4649 709 4715 commodi
732 4650 848 4734 gratia,
872 4655 906 4714 et
928 4650 1070 4712 maxime
1095 4646 1354 4711 consideratione
1377 4644 1479 4710 divini
1502 4646 1637 4727 servitii,
1661 4646 1751 4731 quic-

102 4779 195 4844 quam
218 4757 318 4822 alicui
341 4757 411 4820 sine
435 4755 514 4820 iuris
543 4753 662 4818 iniuria
684 4752 882 4838 indulgetur.
928 4752 1010 4816 Cum
1034 4752 1133 4836 igitur
1156 4751 1227 4815 zelo
1250 4749 1327 4813 fidei
1351 4747 1537 4813 Christiane
1562 4769 1751 4828 succensus,

100 4869 132 4926 et
152 4861 335 4948 inspirante
351 4858 493 4923 Domino
517 4859 665 4944 aspirans
682 4857 835 4922 ardenter
858 4856 899 4921 ad
916 4855 1143 4922 vindicandam
1158 4854 1310 4918 iniuriam
1333 4851 1412 4918 Iesu
1428 4850 1552 4916 Obristi
1575 4857 1608 4916 et
1631 4859 1751 4916 terram

101 4966 232 5030 eiusde
261 4963 459 5051 perfidorum
482 4961 633 5026 manibus
655 4961 899 5041 vindicandam,
929 4965 1064 5045 accepta
1092 4979 1187 5022 cruce
1218 4957 1294 5020 illuc
1325 4952 1496 5018 devoveris
1527 4954 1750 5030 transfretare,

99 5089 135 5132 ac
164 5077 201 5135 ut
231 5067 407 5132 exhiberes
438 5067 524 5130 circa
554 5065 677 5130 Obristi
707 5087 839 5130 causam
869 5064 1076 5130 ferventioris
1101 5059 1284 5125 devotionis
1307 5058 1477 5137 affectum,
1508 5062 1541 5121 et
1572 5056 1613 5120 ad
1636 5077 1750 5142 perse·

97 5173 261 5237 cntionem
284 5171 355 5235 eius
378 5175 411 5235 te
433 5169 556 5234 arctius
573 5169 723 5255 obligans
746 5169 828 5232 alios
851 5167 892 5232 ad
915 5169 948 5232 id
963 5167 1128 5232 efficacius
1146 5161 1339 5241 exhorteris,
1365 5158 1533 5244 fastigium
1551 5159 1750 5225 excellentie

202 5465 223 5530 Ι)
243 5466 310 5529 Quia
327 5465 358 5516 R.

200 5599 227 5666 1)
248 5598 381 5662 Rarclrid,
399 5597 524 5664 Baretta,
543 5597 708 5653 aedessae
725 5599 788 5653 Nili
806 5600 914 5654 ostiam.
