4524 6412
711 389 910 448 EPISTOLAE
928 393 1117 451 SELECTAE.
1153 397 1229 450 1229.
1738 403 1799 466 305

145 583 210 626 nou
234 564 338 627 solum
361 564 578 650 promissores
602 564 781 646 notabiles,
805 588 846 631 ne
870 568 1008 634 ulterius
1031 570 1269 658 exprimamus,
1293 570 1409 634 merito
1433 571 1662 646 redderentur,
1687 594 1799 638 verum

146 667 245 730 etiam
274 666 356 730 alias
387 666 467 752 ipsis
499 665 619 731 exinde
649 675 760 752 posset
786 690 885 754 grave
914 671 1123 758 dispendium
1158 673 1343 754 imminere,
1380 674 1626 741 universitatem
1657 683 1799 742 vestram

146 791 300 854 rogamus
324 776 358 833 et
380 791 551 834 monemus
575 776 714 851 attente,
745 795 804 858 per
832 776 1015 860 apostoliea
1043 776 1166 862 scripta
1191 775 1403 858 mandantes,
1435 779 1588 862 quatinus
1619 779 1799 845 secundum

146 871 255 936 datam
287 873 381 936 vobis
415 893 436 936 a
463 872 537 938 Deo
569 872 776 958 prudentiam
810 876 915 941 modis
950 879 1102 943 omnibus
1137 881 1333 964 procuretis,
1367 889 1404 944 nt
1433 883 1613 967 promissus
1643 905 1798 948 uumerus

146 977 285 1040 militum
316 975 507 1063 impleatur,
542 983 575 1040 et
606 977 816 1063 provideatis,
848 1001 890 1044 ne
924 1002 1014 1046 more
1050 982 1220 1068 prolixitas
1254 1005 1274 1047 a
1303 984 1511 1048 venientibus
1542 984 1630 1050 facta
1657 987 1798 1052 ecclesie

146 1078 288 1144 servitiis
321 1079 516 1166 imputetur,
549 1099 609 1143 nee
639 1086 775 1166 propter
803 1103 1021 1168 expensarum
1052 1085 1105 1148 rel
1126 1073 1288 1150 ¹redditus
1324 1107 1481 1170 equorum
1517 1088 1682 1153 defectum
1711 1096 1798 1154 retro

145 1183 309 1268 respicere
334 1183 581 1269 compellantur,
605 1183 682 1266 quia
704 1184 821 1248 melius
836 1186 943 1251 fuerat
965 1187 1090 1252 nullum
1114 1188 1254 1253 ecclesie
1277 1210 1315 1253 ac
1335 1198 1445 1255 vestre
1469 1212 1566 1257 causo
1589 1192 1799 1278 promisissea

146 1284 343 1364 subsidium,
377 1307 472 1370 quarn
505 1286 698 1350 subtrahere
730 1288 920 1354 imminente
954 1291 1153 1356 necessitate
1183 1292 1395 1378 promissum,
1435 1314 1496 1358 nec
1527 1315 1700 1380 possemus
1733 1316 1798 1360 non

147 1390 287 1467 moveri,
312 1389 389 1454 dum
414 1411 621 1455 cerneremus
645 1411 704 1455 nos
728 1399 794 1456 tarn
818 1394 1007 1481 sollempnis
1031 1396 1259 1481 promissionis
1284 1398 1403 1462 effectu
1426 1395 1614 1476 fraudatos,
1637 1419 1712 1462 eum
1733 1420 1798 1463 nou

86 1519 88 1522 ·
148 1492 314 1558 fraudatos
344 1500 395 1557 set
423 1492 611 1557 fraudantes
642 1494 739 1580 eulpa
768 1497 877 1582 soleat,
900 1505 933 1562 et
959 1500 1093 1564 infamia
1121 1501 1279 1564 comitari.
1330 1500 1442 1565 Facite
1472 1501 1588 1586 igitur,
1617 1501 1733 1580 facite,
1763 1509 1799 1565 ut

147 1604 273 1681 ceptam
296 1597 408 1681 utique
432 1617 563 1660 causam
584 1604 726 1661 vestram
748 1602 991 1684 prosequamini
1009 1605 1164 1682 virtuose,
1187 1625 1229 1668 ne
1253 1603 1291 1682 si,
1316 1603 1403 1687 quod
1425 1603 1523 1683 absit,
1546 1605 1798 1689 magnanimitas

150 1707 259 1765 vestra
281 1701 334 1765 rel
357 1701 391 1765 in
414 1699 542 1764 modico
565 1700 758 1780 remittatur,
782 1705 935 1770 excitetis
960 1711 1073 1770 contra
1094 1726 1152 1769 vos
1175 1706 1210 1769 in
1232 1704 1402 1780 audaciam
1426 1706 1603 1771 inimicum.

255 1819 342 1884 Data
364 1819 503 1900 Perusii,
527 1818 577 1883 Id.
600 1819 689 1901 Maii,
714 1824 922 1908 pontificatus
946 1825 1049 1890 nostri
1071 1846 1156 1891 anuo
1179 1825 1288 1889 tertio.

767 2093 1178 2103 m

931 2345 1017 2418 386.

255 2454 445 2564 (froya-tas
469 2482 525 2546 IX
544 2504 631 2563 palpa
652 2483 817 2568 [Pelopia]
839 2483 1016 2548 ,hibernensi
1037 2483 1175 2563 episanpo
1195 2484 1329 2562 firmiter
1349 2483 1518 2565 praecipit,
1549 2484 1691 2560 atilios,
1722 2505 1799 2564 qnos·

147 2587 184 2650 aa
200 2591 296 2650 cetero
310 2586 431 2665 eraserit,
453 2586 522 2648 sinc
537 2585 685 2650 occisione
708 2587 756 2651 oet
771 2587 1004 2650 detruncatione
1026 2587 1071 2650 sie
1092 2589 1179 2649 cante
1195 2586 1345 2650 cnstodiri
1363 2585 1476 2669 faciat,
1500 2591 1536 2649 at
1552 2587 1629 2666 ptus
1644 2586 1799 2650 libertatis

147 2691 258 2755 trahere
279 2709 312 2753 se
331 2687 491 2770 pendeant
512 2689 557 2752 sic
579 2688 709 2768 captivi,
739 2709 834 2772 anain
861 2689 918 2753 sah
940 2687 1134 2773 Aepyptiaca
1154 2687 1300 2753 servitute
1330 2689 1464 2753 alterins
1485 2687 1601 2751 sarcire
1624 2687 1798 2754 Pharaoni.

1440 2793 1534 2869 1229,
1556 2790 1635 2857 Mai.
1660 2793 1712 2858 19.

251 2914 332 2980 Grep.
352 2913 401 2965 IX
419 2911 485 2980 Ray.
504 2909 568 2964 Lib.
589 2913 647 2974 ΙΙΙ,
667 2914 707 2964 lt.
743 2911 865 2966 Edirnns
883 2928 918 2965 ea
936 2911 1030 2981 Rapa.
1050 2912 1512 2978 Ann.eccl.a.1229‚§44—45.

249 2997 385 3062 Potthast
404 2997 473 3067 Ray.
493 3001 576 3051 8405.

404 3210 652 3283 Albanensi
680 3211 909 3301 episcope,
937 3209 1185 3301 apostolice
1213 3209 1332 3320 sedis
1359 3209 1534 3304 legato¹.

254 3361 409 3444 Magnus,
428 3358 588 3422 Dominus
623 3365 656 3422 ct
686 3357 861 3422 laudabilis
896 3343 993 3422 nimis
1027 3359 1201 3424 ecclesiam
1235 3379 1326 3422 suam
1365 3360 1398 3422 in
1433 3358 1492 3421 filii
1530 3359 1580 3422 sui
1613 3356 1797 3421 humilitate

147 3466 315 3542 lactatam,
345 3470 379 3528 et
408 3462 537 3526 demum
567 3463 769 3526 inconcussis
796 3461 962 3525 radicibus
993 3462 1027 3527 in
1060 3463 1131 3527 eius
1163 3461 1391 3549 pretiosissimi
1415 3460 1582 3546 sauguinis
1605 3460 1797 3545 aspersione

148 3566 340 3630 mirabiliter
356 3566 544 3647 stabilitam,
568 3566 649 3631 adeo
672 3588 762 3632 mere
778 3567 940 3631 libertatis
963 3565 1058 3630 titulo
1076 3567 1220 3651 glorioso
1237 3565 1371 3645 dotavit,
1393 3572 1430 3630 ut
1451 3565 1594 3652 profusis
1610 3563 1797 3651 palmitibus

148 3691 209 3734 nee
233 3669 400 3733 humilitas
417 3668 643 3734 defensionem
666 3669 827 3733 libertatis
846 3668 1011 3748 excludat,
1035 3689 1096 3733 nee
1118 3668 1281 3734 libertatis
1297 3668 1445 3734 defensio
1468 3667 1589 3753 gradus
1605 3665 1797 3731 humilitatis

69 3795 81 3832 s
148 3772 304 3846 excedat;
339 3773 387 3836 sic
414 3794 515 3836 unum
543 3774 646 3837 altero
679 3793 950 3859 recompensans,
984 3771 1071 3857 quod
1101 3794 1162 3837 nec
1199 3793 1273 3838 csse
1303 3771 1403 3838 debet
1432 3771 1568 3836 libertas
1598 3768 1705 3853 rigida
1736 3790 1797 3834 neo

146 3873 313 3940 humilitas
337 3875 506 3942 dissoluta.
550 3875 689 3960 Exque
718 3876 798 3940 satis
828 3874 983 3940 decenter
1006 3875 1168 3954 innuitur,
1202 3875 1288 3960 quod
1311 3875 1374 3940 etsi
1396 3873 1550 3939 defensor
1566 3869 1797 3937 'ecclesiastice

147 3978 307 4044 libertatis
338 3979 530 4064 aliquando,
564 3980 642 4043 licet
678 4000 770 4058 raro,
807 3984 922 4043 contra
951 3985 1107 4064 tyrannos
1140 3985 1173 4042 et
1202 3985 1431 4064 persecutores
1460 3976 1617 4055 ecclesie,
1650 3974 1797 4060 quamvis

148 4081 278 4164 invitus,
302 4084 424 4147 auxilio
447 4082 547 4167 gladii
569 4082 747 4146 materialis
770 4087 890 4158 utatur,
915 4088 1071 4146 consuete
1087 4081 1286 4145 humilitatis
1309 4102 1373 4147 nou
1397 4080 1576 4156 immemor,
1599 4098 1664 4142 non
1686 4098 1726 4141 eo
1751 4077 1798 4141 sic

147 4185 263 4265 utitur,
298 4192 334 4250 ut
366 4186 557 4271 sanguinem
588 4185 678 4249 sitiat
707 4185 761 4249 vel
789 4184 956 4250 desideret
984 4205 1058 4248 cum
1088 4184 1195 4248 aliena
1225 4183 1351 4248 iactura
1379 4183 1493 4262 ditari,
1528 4181 1586 4247 scd
1619 4180 1728 4266 potius
1761 4185 1798 4244 ut

150 4295 297 4353 errantes
332 4288 373 4353 ad
405 4289 490 4352 viam
524 4289 673 4353 veritatis
709 4295 859 4368 revocet,
895 4295 928 4353 et
961 4295 1131 4352 revocatos
1166 4308 1240 4351 eum
1274 4287 1362 4353 omni
1397 4284 1647 4350 mansuetudine
1676 4284 1709 4349 in
1740 4304 1799 4347 sua

62 4411 68 4420 ·
148 4391 302 4456 libertate
330 4399 512 4456 conservet.
558 4391 682 4456 Verum
711 4412 785 4454 cum
815 4391 978 4456 libertatis
1001 4390 1150 4456 defensio
1175 4390 1216 4454 ab
1240 4390 1295 4454 illo
1320 4388 1520 4476 dependeat,
1553 4387 1663 4472 quiin
1686 4386 1798 4474 paucis

149 4494 237 4560 etin
261 4495 372 4559 multis
396 4494 556 4559 ineffabili
578 4493 783 4579 providentia
807 4501 840 4558 et
862 4493 1188 4579 incomprehensibili
1217 4491 1431 4579 dispositione
1462 4490 1657 4577 triumphat,
1685 4488 1798 4554 dicens

149 4599 234 4663 inter
260 4598 336 4662 alia:
383 4597 474 4663 ‘Non
505 4597 659 4663 occides’:
695 4598 767 4682 quis
798 4597 921 4661 viribus
953 4597 1095 4661 confisus
1126 4596 1276 4660 humanis
1309 4595 1439 4682 proprie
1469 4595 1584 4660 salutis
1614 4593 1736 4659 oblitus
1767 4593 1799 4656 in

149 4701 297 4767 exercitu
325 4699 403 4765 Iesu
425 4700 547 4765 Christi
577 4701 654 4786 lupo
683 4698 847 4763 crudelior
875 4721 970 4765 ovem
1000 4707 1180 4779 errantem,
1215 4719 1312 4785 quam
1340 4703 1377 4762 ut
1406 4718 1506 4762 unum
1538 4697 1624 4762 ovile
1654 4703 1687 4760 et
1714 4717 1858 4766 unusnn.
1875 4727 1940 4773 aa.

149 4811 261 4892 pastor
284 4805 378 4868 fieret
400 4802 558 4868 reducere
581 4801 739 4867 debuerat
761 4800 802 4865 ad
825 4803 928 4882 ovile,
959 4801 1123 4881 occidere,
1152 4800 1362 4882 detruncare,
1389 4801 1443 4865 rel
1466 4800 1605 4865 creatori
1629 4798 1800 4883 derogans,

150 4914 296 4974 creature
320 4908 423 4994 ipsius
447 4907 623 4991 imaginem
647 4905 821 4990 deturpare
849 4905 1024 4992 presumit,
1056 4926 1137 4991 quos
1160 4905 1252 4970 vivos
1282 4925 1340 4970 sue
1369 4910 1479 4989 potest
1501 4901 1650 4967 subicere
1673 4899 1799 4978 ditioni,

149 5018 246 5098 prout
272 5011 324 5075 his
353 5011 470 5075 diebus
498 5031 563 5075 non
592 5011 662 5074 sine
690 5009 797 5073 cordis
827 5008 1043 5074 amaritudine
1073 5007 1246 5074 didicimus
1277 5006 1458 5073 accidisse?
1503 5004 1706 5080 manner,
1736 5003 1798 5082 eie,

150 5136 215 5180 non
239 5113 388 5201 expedit,
413 5122 448 5178 ut
471 5113 525 5197 qui
547 5112 662 5178 fideles
686 5120 719 5177 et
741 5113 827 5177 filios
849 5110 891 5176 ad
912 5113 1016 5177 ubera
1038 5112 1151 5175 matris
1175 5111 1315 5176 ecclesie
1338 5109 1550 5187 advocamus,
1574 5106 1607 5170 in
1631 5105 1798 5189 sanguinis

150 5218 309 5284 effusione
337 5214 519 5301 gaudentes
547 5217 674 5282 iniuriis
702 5235 933 5302 provocemus,
966 5237 1040 5281 cum
1068 5216 1193 5280 nullum
1227 5214 1292 5278 sibi
1322 5215 1430 5278 locum
1457 5211 1594 5276 libertas
1625 5205 1799 5272 laudabilis

72 5528 98 5567 se
254 5511 277 5578 ¹)
295 5513 417 5578 promisso
435 5511 467 5562 B.

254 5664 281 5731 1)
299 5663 359 5717 dua
377 5667 437 5717 erat
454 5660 592 5716 exactas
606 5661 720 5732 papatis
735 5662 766 5716 tn
789 5661 874 5717 Terra
890 5661 1019 5716 Laboris.

250 5777 313 5829 Rea.
330 5777 410 5828 Pom.
426 5774 447 5824 1.
