<?xml version="1.0" encoding="UTF-8"?>
<!DOCTYPE html PUBLIC "-//W3C//DTD XHTML 1.0 Transitional//EN"
    "http://www.w3.org/TR/xhtml1/DTD/xhtml1-transitional.dtd">
<html xmlns="http://www.w3.org/1999/xhtml" xml:lang="en" lang="en">
 <head>
  <title>
</title>
<meta http-equiv="Content-Type" content="text/html;charset=utf-8" />
  <meta name='ocr-system' content='tesseract 3.04.00' />
  <meta name='ocr-capabilities' content='ocr_page ocr_carea ocr_par ocr_line ocrx_word'/>
</head>
<body>
  <div class='ocr_page' id='page_1' title='image "./monumentagerman00peipgoog/monumentagerman00peipgoog_0744.png"; bbox 0 0 4560 6420; ppageno 0'>
   <div class='ocr_carea' id='block_1_1' title="bbox 792 392 1872 460">
    <p class='ocr_par' dir='ltr' id='par_1_1' title="bbox 792 392 1872 460">
     <span class='ocr_line' id='line_1_1' title="bbox 792 392 1872 460; baseline 0.011 -14"><span class='ocrx_word' id='word_1_1' title='bbox 792 392 992 447; x_wconf 81' lang='lat' dir='ltr'><strong>EPISTOLAE</strong></span> <span class='ocrx_word' id='word_1_2' title='bbox 1010 393 1199 448; x_wconf 80' lang='lat' dir='ltr'>SELECTAE.</span> <span class='ocrx_word' id='word_1_3' title='bbox 1236 393 1312 448; x_wconf 72' lang='lat'>1241.</span> <span class='ocrx_word' id='word_1_4' title='bbox 1814 399 1872 460; x_wconf 76' lang='lat' dir='ltr'>72l</span> 
     </span>
    </p>
   </div>
   <div class='ocr_carea' id='block_1_2' title="bbox 138 565 2027 2934">
    <p class='ocr_par' dir='ltr' id='par_1_2' title="bbox 217 565 2027 1484">
     <span class='ocr_line' id='line_1_2' title="bbox 219 565 1875 652; baseline 0 -20"><span class='ocrx_word' id='word_1_5' title='bbox 219 569 389 632; x_wconf 80' lang='lat' dir='ltr'>afflictioni</span> <span class='ocrx_word' id='word_1_6' title='bbox 412 568 540 633; x_wconf 89' lang='lat' dir='ltr'>deditos</span> <span class='ocrx_word' id='word_1_7' title='bbox 563 567 717 632; x_wconf 85' lang='lat' dir='ltr'>affectum</span> <span class='ocrx_word' id='word_1_8' title='bbox 742 567 828 652; x_wconf 91' lang='lat' dir='ltr'>gerit</span> <span class='ocrx_word' id='word_1_9' title='bbox 851 567 1004 631; x_wconf 90' lang='lat' dir='ltr'>continue</span> <span class='ocrx_word' id='word_1_10' title='bbox 1031 567 1178 651; x_wconf 87' lang='lat' dir='ltr'>pietatis,</span> <span class='ocrx_word' id='word_1_11' title='bbox 1210 565 1251 631; x_wconf 90' lang='lat' dir='ltr'>de</span> <span class='ocrx_word' id='word_1_12' title='bbox 1278 567 1372 631; x_wconf 93' lang='lat' dir='ltr'>nobis</span> <span class='ocrx_word' id='word_1_13' title='bbox 1403 575 1437 632; x_wconf 90' lang='lat' dir='ltr'>et</span> <span class='ocrx_word' id='word_1_14' title='bbox 1465 568 1619 634; x_wconf 81' lang='lat' dir='ltr'>fratribus</span> <span class='ocrx_word' id='word_1_15' title='bbox 1644 571 1764 634; x_wconf 89' lang='lat' dir='ltr'>uostris</span> <span class='ocrx_word' id='word_1_16' title='bbox 1788 570 1875 633; x_wconf 90' lang='lat' dir='ltr'>illam</span> 
     </span>
     <span class='ocr_line' id='line_1_3' title="bbox 218 669 1875 756; baseline 0 -19"><span class='ocrx_word' id='word_1_17' title='bbox 218 671 447 737; x_wconf 86' lang='lat' dir='ltr'>credulitatem</span> <span class='ocrx_word' id='word_1_18' title='bbox 475 671 597 755; x_wconf 90' lang='lat' dir='ltr'>geratis</span> <span class='ocrx_word' id='word_1_19' title='bbox 629 669 778 750; x_wconf 89' lang='lat' dir='ltr'>assiduo,</span> <span class='ocrx_word' id='word_1_20' title='bbox 810 669 896 756; x_wconf 94' lang='lat' dir='ltr'>quod</span> <span class='ocrx_word' id='word_1_21' title='bbox 929 670 992 734; x_wconf 87' lang='lat' dir='ltr'>etsi</span> <span class='ocrx_word' id='word_1_22' title='bbox 1019 692 1039 733; x_wconf 94' lang='lat' dir='ltr'>a</span> <span class='ocrx_word' id='word_1_23' title='bbox 1061 669 1156 734; x_wconf 87' lang='lat' dir='ltr'>vobis</span> <span class='ocrx_word' id='word_1_24' title='bbox 1186 670 1251 734; x_wconf 87' lang='lat' dir='ltr'>situ</span> <span class='ocrx_word' id='word_1_25' title='bbox 1278 671 1342 736; x_wconf 91' lang='lat' dir='ltr'>loci</span> <span class='ocrx_word' id='word_1_26' title='bbox 1373 671 1563 737; x_wconf 84' lang='lat' dir='ltr'>differamus</span> <span class='ocrx_word' id='word_1_27' title='bbox 1587 679 1620 737; x_wconf 90' lang='lat' dir='ltr'>et</span> <span class='ocrx_word' id='word_1_28' title='bbox 1643 673 1796 754; x_wconf 82' lang='lat' dir='ltr'>vinculis,</span> <span class='ocrx_word' id='word_1_29' title='bbox 1829 673 1875 737; x_wconf 91' lang='lat' dir='ltr'>sio</span> 
     </span>
     <span class='ocr_line' id='line_1_4' title="bbox 218 772 1874 861; baseline 0.001 -22"><span class='ocrx_word' id='word_1_30' title='bbox 218 783 330 839; x_wconf 91' lang='lat' dir='ltr'>tamen</span> <span class='ocrx_word' id='word_1_31' title='bbox 353 774 520 839; x_wconf 84' lang='lat' dir='ltr'>reddimur</span> <span class='ocrx_word' id='word_1_32' title='bbox 542 796 626 860; x_wconf 91' lang='lat' dir='ltr'>pene</span> <span class='ocrx_word' id='word_1_33' title='bbox 649 775 837 861; x_wconf 78' lang='lat' dir='ltr'>participes,</span> <span class='ocrx_word' id='word_1_34' title='bbox 862 772 948 859; x_wconf 89' lang='lat' dir='ltr'>quod</span> <span class='ocrx_word' id='word_1_35' title='bbox 971 773 1003 838; x_wconf 94' lang='lat' dir='ltr'>in</span> <span class='ocrx_word' id='word_1_36' title='bbox 1028 774 1171 859; x_wconf 89' lang='lat' dir='ltr'>suspiria</span> <span class='ocrx_word' id='word_1_37' title='bbox 1193 795 1271 861; x_wconf 90' lang='lat' dir='ltr'>scpo</span> <span class='ocrx_word' id='word_1_38' title='bbox 1287 774 1501 839; x_wconf 87' lang='lat' dir='ltr'>diffundimur</span> <span class='ocrx_word' id='word_1_39' title='bbox 1523 782 1557 840; x_wconf 93' lang='lat' dir='ltr'>ct</span> <span class='ocrx_word' id='word_1_40' title='bbox 1580 777 1722 842; x_wconf 76' lang='lat' dir='ltr'>lacrimis</span> <span class='ocrx_word' id='word_1_41' title='bbox 1755 777 1874 842; x_wconf 89' lang='lat' dir='ltr'>multo·</span> 
     </span>
     <span class='ocr_line' id='line_1_5' title="bbox 219 876 1873 967; baseline 0 -25"><span class='ocrx_word' id='word_1_42' title='bbox 219 878 305 943; x_wconf 87' lang='lat' dir='ltr'>tiens</span> <span class='ocrx_word' id='word_1_43' title='bbox 328 877 540 957; x_wconf 89' lang='lat' dir='ltr'>madidamur,</span> <span class='ocrx_word' id='word_1_44' title='bbox 563 878 640 942; x_wconf 89' lang='lat' dir='ltr'>licet</span> <span class='ocrx_word' id='word_1_45' title='bbox 662 877 697 941; x_wconf 93' lang='lat' dir='ltr'>in</span> <span class='ocrx_word' id='word_1_46' title='bbox 720 898 759 941; x_wconf 92' lang='lat' dir='ltr'>eo</span> <span class='ocrx_word' id='word_1_47' title='bbox 783 876 879 941; x_wconf 92' lang='lat' dir='ltr'>nobis</span> <span class='ocrx_word' id='word_1_48' title='bbox 903 878 987 942; x_wconf 88' lang='lat' dir='ltr'>sicut</span> <span class='ocrx_word' id='word_1_49' title='bbox 1011 884 1044 942; x_wconf 88' lang='lat' dir='ltr'>et</span> <span class='ocrx_word' id='word_1_50' title='bbox 1066 878 1160 942; x_wconf 89' lang='lat' dir='ltr'>vobis</span> <span class='ocrx_word' id='word_1_51' title='bbox 1184 879 1365 943; x_wconf 89' lang='lat' dir='ltr'>consolatio</span> <span class='ocrx_word' id='word_1_52' title='bbox 1387 880 1490 944; x_wconf 89' lang='lat' dir='ltr'>multa</span> <span class='ocrx_word' id='word_1_53' title='bbox 1512 881 1697 967; x_wconf 84' lang='lat' dir='ltr'>proveniat,</span> <span class='ocrx_word' id='word_1_54' title='bbox 1720 879 1808 965; x_wconf 93' lang='lat' dir='ltr'>quod</span> <span class='ocrx_word' id='word_1_55' title='bbox 1831 878 1873 942; x_wconf 92' lang='lat' dir='ltr'>de</span> 
     </span>
     <span class='ocr_line' id='line_1_6' title="bbox 219 979 1874 1070; baseline -0.001 -24"><span class='ocrx_word' id='word_1_56' title='bbox 219 981 377 1046; x_wconf 85' lang='lat' dir='ltr'>ineffabili</span> <span class='ocrx_word' id='word_1_57' title='bbox 410 981 587 1047; x_wconf 87' lang='lat' dir='ltr'>clementia</span> <span class='ocrx_word' id='word_1_58' title='bbox 620 979 850 1066; x_wconf 88' lang='lat' dir='ltr'>Redemptoris</span> <span class='ocrx_word' id='word_1_59' title='bbox 888 979 1042 1045; x_wconf 89' lang='lat' dir='ltr'>fiduciam</span> <span class='ocrx_word' id='word_1_60' title='bbox 1075 982 1237 1068; x_wconf 79' lang='lat' dir='ltr'>gerimus,</span> <span class='ocrx_word' id='word_1_61' title='bbox 1274 988 1310 1045; x_wconf 87' lang='lat' dir='ltr'>ut</span> <span class='ocrx_word' id='word_1_62' title='bbox 1340 982 1394 1068; x_wconf 94' lang='lat' dir='ltr'>qui</span> <span class='ocrx_word' id='word_1_63' title='bbox 1425 1003 1483 1048; x_wconf 89' lang='lat' dir='ltr'>suo</span> <span class='ocrx_word' id='word_1_64' title='bbox 1519 983 1678 1068; x_wconf 87' lang='lat' dir='ltr'>sanguine</span> <span class='ocrx_word' id='word_1_65' title='bbox 1713 982 1874 1070; x_wconf 87' lang='lat' dir='ltr'>plantavit</span> 
     </span>
     <span class='ocr_line' id='line_1_7' title="bbox 218 1085 1871 1173; baseline -0.002 -21"><span class='ocrx_word' id='word_1_66' title='bbox 218 1086 393 1152; x_wconf 89' lang='lat' dir='ltr'>ecclesiam</span> <span class='ocrx_word' id='word_1_67' title='bbox 415 1092 449 1150; x_wconf 89' lang='lat' dir='ltr'>et</span> <span class='ocrx_word' id='word_1_68' title='bbox 471 1107 544 1150; x_wconf 92' lang='lat' dir='ltr'>eam</span> <span class='ocrx_word' id='word_1_69' title='bbox 567 1085 601 1149; x_wconf 91' lang='lat' dir='ltr'>in</span> <span class='ocrx_word' id='word_1_70' title='bbox 623 1086 725 1149; x_wconf 88' lang='lat' dir='ltr'>altum</span> <span class='ocrx_word' id='word_1_71' title='bbox 747 1107 808 1171; x_wconf 92' lang='lat' dir='ltr'>per</span> <span class='ocrx_word' id='word_1_72' title='bbox 831 1085 1009 1150; x_wconf 89' lang='lat' dir='ltr'>electorum</span> <span class='ocrx_word' id='word_1_73' title='bbox 1033 1106 1165 1150; x_wconf 87' lang='lat' dir='ltr'>suorum</span> <span class='ocrx_word' id='word_1_74' title='bbox 1189 1085 1434 1151; x_wconf 81' lang='lat' dir='ltr'>tribulationem</span> <span class='ocrx_word' id='word_1_75' title='bbox 1465 1085 1610 1167; x_wconf 82' lang='lat' dir='ltr'>sustulit,</span> <span class='ocrx_word' id='word_1_76' title='bbox 1644 1108 1743 1173; x_wconf 91' lang='lat' dir='ltr'>super</span> <span class='ocrx_word' id='word_1_77' title='bbox 1766 1086 1871 1172; x_wconf 87' lang='lat' dir='ltr'>ipsam</span> 
     </span>
     <span class='ocr_line' id='line_1_8' title="bbox 217 1187 1873 1275; baseline -0.001 -20"><span class='ocrx_word' id='word_1_78' title='bbox 217 1189 430 1275; x_wconf 78' lang='lat' dir='ltr'>benignitatis</span> <span class='ocrx_word' id='word_1_79' title='bbox 459 1210 517 1254; x_wconf 91' lang='lat' dir='ltr'>suc</span> <span class='ocrx_word' id='word_1_80' title='bbox 546 1189 664 1253; x_wconf 81' lang='lat' dir='ltr'>facicm</span> <span class='ocrx_word' id='word_1_81' title='bbox 696 1209 756 1273; x_wconf 89' lang='lat' dir='ltr'>per</span> <span class='ocrx_word' id='word_1_82' title='bbox 786 1187 900 1252; x_wconf 90' lang='lat' dir='ltr'>mundi</span> <span class='ocrx_word' id='word_1_83' title='bbox 932 1187 1139 1254; x_wconf 87' lang='lat' dir='ltr'>latitudinem</span> <span class='ocrx_word' id='word_1_84' title='bbox 1170 1188 1361 1271; x_wconf 78' lang='lat' dir='ltr'>illustrabit,</span> <span class='ocrx_word' id='word_1_85' title='bbox 1392 1189 1488 1254; x_wconf 92' lang='lat' dir='ltr'>nobis</span> <span class='ocrx_word' id='word_1_86' title='bbox 1520 1189 1651 1254; x_wconf 85' lang='lat' dir='ltr'>interim</span> <span class='ocrx_word' id='word_1_87' title='bbox 1686 1198 1720 1255; x_wconf 87' lang='lat' dir='ltr'>et</span> <span class='ocrx_word' id='word_1_88' title='bbox 1749 1188 1873 1254; x_wconf 88' lang='lat' dir='ltr'>eisdem</span> 
     </span>
     <span class='ocr_line' id='line_1_9' title="bbox 218 1291 1875 1380; baseline -0.002 -22"><span class='ocrx_word' id='word_1_89' title='bbox 218 1295 374 1358; x_wconf 81' lang='lat' dir='ltr'>fratribus</span> <span class='ocrx_word' id='word_1_90' title='bbox 397 1314 455 1357; x_wconf 87' lang='lat' dir='ltr'>vos</span> <span class='ocrx_word' id='word_1_91' title='bbox 480 1293 564 1357; x_wconf 90' lang='lat' dir='ltr'>sicut</span> <span class='ocrx_word' id='word_1_92' title='bbox 588 1291 825 1378; x_wconf 81' lang='lat' dir='ltr'>compassionis</span> <span class='ocrx_word' id='word_1_93' title='bbox 848 1291 1023 1356; x_wconf 80' lang='lat' dir='ltr'>affectibus</span> <span class='ocrx_word' id='word_1_94' title='bbox 1057 1293 1104 1356; x_wconf 92' lang='lat' dir='ltr'>sic</span> <span class='ocrx_word' id='word_1_95' title='bbox 1134 1298 1166 1355; x_wconf 88' lang='lat' dir='ltr'>ct</span> <span class='ocrx_word' id='word_1_96' title='bbox 1198 1293 1380 1357; x_wconf 89' lang='lat' dir='ltr'>orationum</span> <span class='ocrx_word' id='word_1_97' title='bbox 1410 1292 1566 1357; x_wconf 89' lang='lat' dir='ltr'>subsidiis</span> <span class='ocrx_word' id='word_1_98' title='bbox 1589 1292 1875 1380; x_wconf 87' lang='lat' dir='ltr'>prosequentibus,</span> 
     </span>
     <span class='ocr_line' id='line_1_10' title="bbox 217 1394 2027 1484; baseline -0.001 -24"><span class='ocrx_word' id='word_1_99' title='bbox 217 1403 253 1460; x_wconf 87' lang='lat' dir='ltr'>ut</span> <span class='ocrx_word' id='word_1_100' title='bbox 274 1404 368 1484; x_wconf 88' lang='lat' dir='ltr'>pater</span> <span class='ocrx_word' id='word_1_101' title='bbox 390 1394 687 1462; x_wconf 88' lang='lat' dir='ltr'>misericordiarum</span> <span class='ocrx_word' id='word_1_102' title='bbox 709 1401 743 1459; x_wconf 88' lang='lat' dir='ltr'>et</span> <span class='ocrx_word' id='word_1_103' title='bbox 765 1394 846 1460; x_wconf 91' lang='lat' dir='ltr'>deus</span> <span class='ocrx_word' id='word_1_104' title='bbox 871 1395 971 1460; x_wconf 91' lang='lat' dir='ltr'>totius</span> <span class='ocrx_word' id='word_1_105' title='bbox 993 1395 1226 1460; x_wconf 90' lang='lat' dir='ltr'>consolationis</span> <span class='ocrx_word' id='word_1_106' title='bbox 1242 1395 1346 1476; x_wconf 88' lang='lat' dir='ltr'>vobis,</span> <span class='ocrx_word' id='word_1_107' title='bbox 1369 1418 1428 1482; x_wconf 89' lang='lat' dir='ltr'>pro</span> <span class='ocrx_word' id='word_1_108' title='bbox 1447 1416 1505 1460; x_wconf 91' lang='lat' dir='ltr'>suo</span> <span class='ocrx_word' id='word_1_109' title='bbox 1522 1397 1653 1461; x_wconf 86' lang='lat' dir='ltr'>nomine</span> <span class='ocrx_word' id='word_1_110' title='bbox 1673 1396 1873 1482; x_wconf 86' lang='lat' dir='ltr'>patientibus</span> <span class='ocrx_word' id='word_1_111' title='bbox 1889 1403 1909 1442; x_wconf 75' lang='lat'>²·</span> <span class='ocrx_word' id='word_1_112' title='bbox 1924 1399 1972 1440; x_wconf 62' lang='lat'>⁰01·</span> <span class='ocrx_word' id='word_1_113' title='bbox 1988 1403 2027 1450; x_wconf 81' lang='lat'>1‚³-</span> 
     </span>
    </p>

    <p class='ocr_par' dir='ltr' id='par_1_3' title="bbox 142 1499 1874 2002">
     <span class='ocr_line' id='line_1_11' title="bbox 142 1499 1872 1588; baseline 0.003 -28"><span class='ocrx_word' id='word_1_114' title='bbox 142 1523 168 1561; x_wconf 82' lang='lat' dir='ltr'>ro</span> <span class='ocrx_word' id='word_1_115' title='bbox 219 1501 417 1588; x_wconf 83' lang='lat' dir='ltr'>captivitatis</span> <span class='ocrx_word' id='word_1_116' title='bbox 440 1500 661 1588; x_wconf 91' lang='lat' dir='ltr'>opprobrium,</span> <span class='ocrx_word' id='word_1_117' title='bbox 686 1499 830 1584; x_wconf 90' lang='lat' dir='ltr'>gloriose</span> <span class='ocrx_word' id='word_1_118' title='bbox 853 1499 990 1584; x_wconf 86' lang='lat' dir='ltr'>virginis</span> <span class='ocrx_word' id='word_1_119' title='bbox 1013 1507 1046 1563; x_wconf 88' lang='lat' dir='ltr'>et</span> <span class='ocrx_word' id='word_1_120' title='bbox 1069 1499 1240 1564; x_wconf 89' lang='lat' dir='ltr'>beatorum</span> <span class='ocrx_word' id='word_1_121' title='bbox 1263 1501 1486 1587; x_wconf 87' lang='lat' dir='ltr'>apostolomm</span> <span class='ocrx_word' id='word_1_122' title='bbox 1509 1499 1633 1564; x_wconf 88' lang='lat' dir='ltr'>meritis</span> <span class='ocrx_word' id='word_1_123' title='bbox 1656 1521 1692 1563; x_wconf 91' lang='lat' dir='ltr'>so</span> <span class='ocrx_word' id='word_1_124' title='bbox 1716 1500 1750 1564; x_wconf 93' lang='lat' dir='ltr'>in</span> <span class='ocrx_word' id='word_1_125' title='bbox 1773 1499 1872 1565; x_wconf 86' lang='lat' dir='ltr'>misc·</span> 
     </span>
     <span class='ocr_line' id='line_1_12' title="bbox 217 1601 1874 1688; baseline -0.001 -21"><span class='ocrx_word' id='word_1_126' title='bbox 217 1604 352 1668; x_wconf 89' lang='lat' dir='ltr'>rationis</span> <span class='ocrx_word' id='word_1_127' title='bbox 376 1604 544 1668; x_wconf 86' lang='lat' dir='ltr'>affluentia</span> <span class='ocrx_word' id='word_1_128' title='bbox 567 1603 690 1667; x_wconf 89' lang='lat' dir='ltr'>tribuat</span> <span class='ocrx_word' id='word_1_129' title='bbox 713 1603 909 1687; x_wconf 88' lang='lat' dir='ltr'>gratiosum,</span> <span class='ocrx_word' id='word_1_130' title='bbox 933 1601 1053 1686; x_wconf 89' lang='lat' dir='ltr'>detque</span> <span class='ocrx_word' id='word_1_131' title='bbox 1077 1602 1190 1683; x_wconf 91' lang='lat' dir='ltr'>nobis,</span> <span class='ocrx_word' id='word_1_132' title='bbox 1212 1609 1250 1668; x_wconf 91' lang='lat' dir='ltr'>ut</span> <span class='ocrx_word' id='word_1_133' title='bbox 1272 1604 1359 1668; x_wconf 89' lang='lat' dir='ltr'>circa</span> <span class='ocrx_word' id='word_1_134' title='bbox 1381 1603 1651 1688; x_wconf 89' lang='lat' dir='ltr'>tranquillitatem</span> <span class='ocrx_word' id='word_1_135' title='bbox 1675 1603 1816 1668; x_wconf 87' lang='lat' dir='ltr'>ecclesie</span> <span class='ocrx_word' id='word_1_136' title='bbox 1840 1609 1874 1668; x_wconf 87' lang='lat' dir='ltr'>ct</span> 
     </span>
     <span class='ocr_line' id='line_1_13' title="bbox 217 1705 1872 1796; baseline -0.002 -24"><span class='ocrx_word' id='word_1_137' title='bbox 217 1707 304 1773; x_wconf 92' lang='lat' dir='ltr'>orbis</span> <span class='ocrx_word' id='word_1_138' title='bbox 327 1730 454 1793; x_wconf 88' lang='lat' dir='ltr'>pacem,</span> <span class='ocrx_word' id='word_1_139' title='bbox 477 1709 569 1773; x_wconf 84' lang='lat' dir='ltr'>iuxta</span> <span class='ocrx_word' id='word_1_140' title='bbox 584 1707 671 1794; x_wconf 95' lang='lat' dir='ltr'>quod</span> <span class='ocrx_word' id='word_1_141' title='bbox 695 1709 748 1796; x_wconf 88' lang='lat' dir='ltr'>pie</span> <span class='ocrx_word' id='word_1_142' title='bbox 772 1729 810 1772; x_wconf 93' lang='lat' dir='ltr'>ac</span> <span class='ocrx_word' id='word_1_143' title='bbox 834 1705 1042 1771; x_wconf 88' lang='lat' dir='ltr'>laudabiliter</span> <span class='ocrx_word' id='word_1_144' title='bbox 1064 1729 1123 1792; x_wconf 90' lang='lat' dir='ltr'>per</span> <span class='ocrx_word' id='word_1_145' title='bbox 1145 1714 1270 1772; x_wconf 73' lang='lat' dir='ltr'>sesnes</span> <span class='ocrx_word' id='word_1_146' title='bbox 1295 1708 1422 1773; x_wconf 87' lang='lat' dir='ltr'>litteras</span> <span class='ocrx_word' id='word_1_147' title='bbox 1447 1707 1607 1788; x_wconf 85' lang='lat' dir='ltr'>suasistis,</span> <span class='ocrx_word' id='word_1_148' title='bbox 1631 1707 1677 1771; x_wconf 88' lang='lat' dir='ltr'>ita</span> <span class='ocrx_word' id='word_1_149' title='bbox 1698 1705 1872 1792; x_wconf 82' lang='lat' dir='ltr'>providere</span> 
     </span>
     <span class='ocr_line' id='line_1_14' title="bbox 216 1809 1872 1898; baseline -0.001 -25"><span class='ocrx_word' id='word_1_150' title='bbox 216 1810 392 1896; x_wconf 88' lang='lat' dir='ltr'>possimus,</span> <span class='ocrx_word' id='word_1_151' title='bbox 416 1816 452 1875; x_wconf 89' lang='lat' dir='ltr'>ut</span> <span class='ocrx_word' id='word_1_152' title='bbox 475 1818 551 1898; x_wconf 89' lang='lat' dir='ltr'>post</span> <span class='ocrx_word' id='word_1_153' title='bbox 573 1811 704 1876; x_wconf 91' lang='lat' dir='ltr'>tristitie</span> <span class='ocrx_word' id='word_1_154' title='bbox 728 1811 893 1875; x_wconf 87' lang='lat' dir='ltr'>turbinem</span> <span class='ocrx_word' id='word_1_155' title='bbox 916 1831 1069 1875; x_wconf 90' lang='lat' dir='ltr'>serenum</span> <span class='ocrx_word' id='word_1_156' title='bbox 1091 1810 1197 1875; x_wconf 89' lang='lat' dir='ltr'>letitie</span> <span class='ocrx_word' id='word_1_157' title='bbox 1221 1811 1378 1895; x_wconf 86' lang='lat' dir='ltr'>subsequi</span> <span class='ocrx_word' id='word_1_158' title='bbox 1394 1811 1513 1892; x_wconf 88' lang='lat' dir='ltr'>valeat,</span> <span class='ocrx_word' id='word_1_159' title='bbox 1537 1817 1572 1876; x_wconf 90' lang='lat' dir='ltr'>et</span> <span class='ocrx_word' id='word_1_160' title='bbox 1594 1810 1757 1876; x_wconf 87' lang='lat' dir='ltr'>catholica</span> <span class='ocrx_word' id='word_1_161' title='bbox 1778 1809 1872 1886; x_wconf 88' lang='lat' dir='ltr'>fides,</span> 
     </span>
     <span class='ocr_line' id='line_1_15' title="bbox 217 1913 1873 2002; baseline -0.001 -24"><span class='ocrx_word' id='word_1_162' title='bbox 217 1935 290 1999; x_wconf 91' lang='lat' dir='ltr'>quc,</span> <span class='ocrx_word' id='word_1_163' title='bbox 305 1921 401 2002; x_wconf 86' lang='lat' dir='ltr'>prout</span> <span class='ocrx_word' id='word_1_164' title='bbox 412 1937 455 1980; x_wconf 84' lang='lat' dir='ltr'>ex</span> <span class='ocrx_word' id='word_1_165' title='bbox 466 1915 585 1980; x_wconf 87' lang='lat' dir='ltr'>litteris</span> <span class='ocrx_word' id='word_1_166' title='bbox 599 1921 632 1980; x_wconf 87' lang='lat' dir='ltr'>et</span> <span class='ocrx_word' id='word_1_167' title='bbox 643 1916 749 1980; x_wconf 88' lang='lat' dir='ltr'>relatu</span> <span class='ocrx_word' id='word_1_168' title='bbox 761 1913 824 1980; x_wconf 87' lang='lat' dir='ltr'>fide</span> <span class='ocrx_word' id='word_1_169' title='bbox 836 1913 1009 1999; x_wconf 89' lang='lat' dir='ltr'>dignorum</span> <span class='ocrx_word' id='word_1_170' title='bbox 1024 1914 1222 2000; x_wconf 86' lang='lat' dir='ltr'>accepimus,</span> <span class='ocrx_word' id='word_1_171' title='bbox 1239 1935 1299 2000; x_wconf 92' lang='lat' dir='ltr'>per</span> <span class='ocrx_word' id='word_1_172' title='bbox 1315 1915 1481 1979; x_wconf 87' lang='lat' dir='ltr'>incursum</span> <span class='ocrx_word' id='word_1_173' title='bbox 1493 1913 1601 2000; x_wconf 88' lang='lat' dir='ltr'>gentis</span> <span class='ocrx_word' id='word_1_174' title='bbox 1618 1913 1771 1978; x_wconf 82' lang='lat' dir='ltr'>horride¹</span> <span class='ocrx_word' id='word_1_175' title='bbox 1785 1914 1873 1977; x_wconf 92' lang='lat' dir='ltr'>ultra</span> 
     </span>
    </p>

    <p class='ocr_par' dir='ltr' id='par_1_4' title="bbox 140 2015 1873 2519">
     <span class='ocr_line' id='line_1_16' title="bbox 140 2015 1872 2104; baseline 0.002 -27"><span class='ocrx_word' id='word_1_176' title='bbox 140 2039 164 2077; x_wconf 65' lang='grc' dir='ltr'>ιι</span> <span class='ocrx_word' id='word_1_177' title='bbox 221 2039 318 2104; x_wconf 91' lang='lat' dir='ltr'>quam</span> <span class='ocrx_word' id='word_1_178' title='bbox 342 2019 431 2083; x_wconf 88' lang='lat' dir='ltr'>credi</span> <span class='ocrx_word' id='word_1_179' title='bbox 453 2026 568 2104; x_wconf 90' lang='lat' dir='ltr'>posset</span> <span class='ocrx_word' id='word_1_180' title='bbox 590 2019 768 2104; x_wconf 85' lang='lat' dir='ltr'>impetitur,</span> <span class='ocrx_word' id='word_1_181' title='bbox 792 2016 834 2081; x_wconf 91' lang='lat' dir='ltr'>ad</span> <span class='ocrx_word' id='word_1_182' title='bbox 856 2017 1037 2082; x_wconf 87' lang='lat' dir='ltr'>maiestatis</span> <span class='ocrx_word' id='word_1_183' title='bbox 1055 2037 1197 2104; x_wconf 90' lang='lat' dir='ltr'>superne</span> <span class='ocrx_word' id='word_1_184' title='bbox 1214 2018 1353 2103; x_wconf 88' lang='lat' dir='ltr'>gloriam</span> <span class='ocrx_word' id='word_1_185' title='bbox 1369 2024 1403 2083; x_wconf 90' lang='lat' dir='ltr'>ct</span> <span class='ocrx_word' id='word_1_186' title='bbox 1418 2018 1558 2082; x_wconf 84' lang='lat' dir='ltr'>salutem</span> <span class='ocrx_word' id='word_1_187' title='bbox 1573 2015 1719 2082; x_wconf 86' lang='lat' dir='ltr'>fidelium</span> <span class='ocrx_word' id='word_1_188' title='bbox 1735 2016 1872 2081; x_wconf 85' lang='lat' dir='ltr'>inviola-</span> 
     </span>
     <span class='ocr_line' id='line_1_17' title="bbox 216 2119 1873 2206; baseline -0.002 -20"><span class='ocrx_word' id='word_1_189' title='bbox 216 2121 326 2187; x_wconf 91' lang='lat' dir='ltr'>biliter</span> <span class='ocrx_word' id='word_1_190' title='bbox 353 2131 575 2189; x_wconf 81' lang='lat' dir='ltr'>conservetur.</span> <span class='ocrx_word' id='word_1_191' title='bbox 611 2122 776 2200; x_wconf 88' lang='lat' dir='ltr'>Ceterum,</span> <span class='ocrx_word' id='word_1_192' title='bbox 801 2143 877 2187; x_wconf 91' lang='lat' dir='ltr'>cum</span> <span class='ocrx_word' id='word_1_193' title='bbox 899 2143 958 2186; x_wconf 86' lang='lat' dir='ltr'>vos</span> <span class='ocrx_word' id='word_1_194' title='bbox 982 2121 1078 2187; x_wconf 92' lang='lat' dir='ltr'>nobis</span> <span class='ocrx_word' id='word_1_195' title='bbox 1095 2122 1128 2187; x_wconf 93' lang='lat' dir='ltr'>in</span> <span class='ocrx_word' id='word_1_196' title='bbox 1145 2121 1275 2187; x_wconf 85' lang='lat' dir='ltr'>Christo</span> <span class='ocrx_word' id='word_1_197' title='bbox 1300 2121 1486 2186; x_wconf 91' lang='lat' dir='ltr'>carissimos</span> <span class='ocrx_word' id='word_1_198' title='bbox 1510 2141 1662 2206; x_wconf 87' lang='lat' dir='ltr'>geramus</span> <span class='ocrx_word' id='word_1_199' title='bbox 1684 2119 1816 2185; x_wconf 89' lang='lat' dir='ltr'>assidue</span> <span class='ocrx_word' id='word_1_200' title='bbox 1840 2119 1873 2183; x_wconf 93' lang='lat' dir='ltr'>in</span> 
     </span>
     <span class='ocr_line' id='line_1_18' title="bbox 217 2222 1873 2312; baseline -0.001 -24"><span class='ocrx_word' id='word_1_201' title='bbox 217 2225 399 2291; x_wconf 86' lang='lat' dir='ltr'>visceribus</span> <span class='ocrx_word' id='word_1_202' title='bbox 423 2227 569 2292; x_wconf 85' lang='lat' dir='ltr'>caritatis</span> <span class='ocrx_word' id='word_1_203' title='bbox 593 2247 632 2291; x_wconf 91' lang='lat' dir='ltr'>ac</span> <span class='ocrx_word' id='word_1_204' title='bbox 655 2227 710 2290; x_wconf 83' lang='lat' dir='ltr'>vix</span> <span class='ocrx_word' id='word_1_205' title='bbox 732 2225 821 2290; x_wconf 90' lang='lat' dir='ltr'>diem</span> <span class='ocrx_word' id='word_1_206' title='bbox 843 2226 1004 2312; x_wconf 84' lang='lat' dir='ltr'>preterire</span> <span class='ocrx_word' id='word_1_207' title='bbox 1036 2227 1214 2312; x_wconf 89' lang='lat' dir='ltr'>possimus,</span> <span class='ocrx_word' id='word_1_208' title='bbox 1247 2227 1325 2312; x_wconf 93' lang='lat' dir='ltr'>quin</span> <span class='ocrx_word' id='word_1_209' title='bbox 1353 2231 1474 2290; x_wconf 85' lang='lat' dir='ltr'>statum</span> <span class='ocrx_word' id='word_1_210' title='bbox 1500 2231 1646 2289; x_wconf 84' lang='lat' dir='ltr'>restmm</span> <span class='ocrx_word' id='word_1_211' title='bbox 1676 2222 1771 2288; x_wconf 90' lang='lat' dir='ltr'>nobis</span> <span class='ocrx_word' id='word_1_212' title='bbox 1800 2244 1873 2288; x_wconf 89' lang='lat' dir='ltr'>cum</span> 
     </span>
     <span class='ocr_line' id='line_1_19' title="bbox 217 2326 1872 2416; baseline -0.001 -25"><span class='ocrx_word' id='word_1_213' title='bbox 217 2328 349 2392; x_wconf 87' lang='lat' dir='ltr'>fletibus</span> <span class='ocrx_word' id='word_1_214' title='bbox 372 2329 565 2415; x_wconf 88' lang='lat' dir='ltr'>imaginaria</span> <span class='ocrx_word' id='word_1_215' title='bbox 588 2330 669 2393; x_wconf 86' lang='lat' dir='ltr'>visio</span> <span class='ocrx_word' id='word_1_216' title='bbox 693 2335 918 2415; x_wconf 85' lang='lat' dir='ltr'>representet,</span> <span class='ocrx_word' id='word_1_217' title='bbox 947 2329 981 2392; x_wconf 93' lang='lat' dir='ltr'>in</span> <span class='ocrx_word' id='word_1_218' title='bbox 1010 2328 1104 2394; x_wconf 84' lang='lat' dir='ltr'>robis</span> <span class='ocrx_word' id='word_1_219' title='bbox 1135 2350 1234 2416; x_wconf 89' lang='lat' dir='ltr'>super</span> <span class='ocrx_word' id='word_1_220' title='bbox 1262 2349 1301 2393; x_wconf 95' lang='lat' dir='ltr'>eo</span> <span class='ocrx_word' id='word_1_221' title='bbox 1324 2327 1497 2393; x_wconf 87' lang='lat' dir='ltr'>admiratio</span> <span class='ocrx_word' id='word_1_222' title='bbox 1521 2328 1629 2392; x_wconf 90' lang='lat' dir='ltr'>locum</span> <span class='ocrx_word' id='word_1_223' title='bbox 1652 2347 1717 2392; x_wconf 91' lang='lat' dir='ltr'>non</span> <span class='ocrx_word' id='word_1_224' title='bbox 1739 2326 1872 2406; x_wconf 87' lang='lat' dir='ltr'>habeat,</span> 
     </span>
     <span class='ocr_line' id='line_1_20' title="bbox 217 2430 1872 2519; baseline -0.001 -23"><span class='ocrx_word' id='word_1_225' title='bbox 217 2431 304 2516; x_wconf 91' lang='lat' dir='ltr'>quod</span> <span class='ocrx_word' id='word_1_226' title='bbox 331 2453 393 2498; x_wconf 90' lang='lat' dir='ltr'>neo</span> <span class='ocrx_word' id='word_1_227' title='bbox 424 2433 547 2519; x_wconf 89' lang='lat' dir='ltr'>scripta</span> <span class='ocrx_word' id='word_1_228' title='bbox 574 2433 629 2500; x_wconf 81' lang='lat' dir='ltr'>vel</span> <span class='ocrx_word' id='word_1_229' title='bbox 657 2433 807 2497; x_wconf 89' lang='lat' dir='ltr'>nuntium</span> <span class='ocrx_word' id='word_1_230' title='bbox 837 2433 1019 2497; x_wconf 86' lang='lat' dir='ltr'>sinceritati</span> <span class='ocrx_word' id='word_1_231' title='bbox 1045 2438 1155 2498; x_wconf 85' lang='lat' dir='ltr'>vestre</span> <span class='ocrx_word' id='word_1_232' title='bbox 1183 2432 1363 2499; x_wconf 83' lang='lat' dir='ltr'>direximus</span> <span class='ocrx_word' id='word_1_233' title='bbox 1398 2453 1460 2497; x_wconf 90' lang='lat' dir='ltr'>nec</span> <span class='ocrx_word' id='word_1_234' title='bbox 1492 2430 1587 2496; x_wconf 93' lang='lat' dir='ltr'>dolor</span> <span class='ocrx_word' id='word_1_235' title='bbox 1613 2437 1723 2496; x_wconf 87' lang='lat' dir='ltr'>vester</span> <span class='ocrx_word' id='word_1_236' title='bbox 1751 2430 1812 2494; x_wconf 82' lang='lat' dir='ltr'>luit</span> <span class='ocrx_word' id='word_1_237' title='bbox 1838 2430 1872 2494; x_wconf 91' lang='lat' dir='ltr'>in</span> 
     </span>
    </p>

    <p class='ocr_par' dir='ltr' id='par_1_5' title="bbox 138 2533 1873 2934">
     <span class='ocr_line' id='line_1_21' title="bbox 138 2533 1873 2623; baseline 0.001 -29"><span class='ocrx_word' id='word_1_238' title='bbox 138 2554 165 2594; x_wconf 81' lang='lat' dir='ltr'>ao</span> <span class='ocrx_word' id='word_1_239' title='bbox 216 2535 325 2621; x_wconf 87' lang='lat' dir='ltr'>aliquo</span> <span class='ocrx_word' id='word_1_240' title='bbox 357 2537 553 2622; x_wconf 81' lang='lat' dir='ltr'>provisionis</span> <span class='ocrx_word' id='word_1_241' title='bbox 585 2544 696 2602; x_wconf 89' lang='lat' dir='ltr'>nostre</span> <span class='ocrx_word' id='word_1_242' title='bbox 730 2536 877 2602; x_wconf 87' lang='lat' dir='ltr'>remedio</span> <span class='ocrx_word' id='word_1_243' title='bbox 916 2537 1103 2623; x_wconf 89' lang='lat' dir='ltr'>mitigatus,</span> <span class='ocrx_word' id='word_1_244' title='bbox 1139 2537 1313 2622; x_wconf 86' lang='lat' dir='ltr'>presertim</span> <span class='ocrx_word' id='word_1_245' title='bbox 1345 2556 1436 2614; x_wconf 86' lang='lat' dir='ltr'>cum,</span> <span class='ocrx_word' id='word_1_246' title='bbox 1472 2536 1555 2600; x_wconf 91' lang='lat' dir='ltr'>sicut</span> <span class='ocrx_word' id='word_1_247' title='bbox 1588 2533 1679 2599; x_wconf 86' lang='lat' dir='ltr'>novit</span> <span class='ocrx_word' id='word_1_248' title='bbox 1712 2539 1873 2598; x_wconf 88' lang='lat' dir='ltr'>scrutator</span> 
     </span>
     <span class='ocr_line' id='line_1_22' title="bbox 216 2639 1871 2729; baseline -0.002 -26"><span class='ocrx_word' id='word_1_249' title='bbox 216 2640 377 2719; x_wconf 87' lang='lat' dir='ltr'>omnium,</span> <span class='ocrx_word' id='word_1_250' title='bbox 405 2639 438 2703; x_wconf 93' lang='lat' dir='ltr'>id</span> <span class='ocrx_word' id='word_1_251' title='bbox 466 2662 533 2705; x_wconf 92' lang='lat' dir='ltr'>non</span> <span class='ocrx_word' id='word_1_252' title='bbox 560 2647 714 2729; x_wconf 81' lang='lat' dir='ltr'>pretextu</span> <span class='ocrx_word' id='word_1_253' title='bbox 743 2641 969 2728; x_wconf 88' lang='lat' dir='ltr'>occupationis</span> <span class='ocrx_word' id='word_1_254' title='bbox 993 2642 1045 2706; x_wconf 83' lang='lat' dir='ltr'>vel</span> <span class='ocrx_word' id='word_1_255' title='bbox 1076 2640 1278 2726; x_wconf 77' lang='lat' dir='ltr'>negligentis</span> <span class='ocrx_word' id='word_1_256' title='bbox 1301 2639 1523 2726; x_wconf 87' lang='lat' dir='ltr'>postpositum</span> <span class='ocrx_word' id='word_1_257' title='bbox 1544 2639 1659 2718; x_wconf 79' lang='lat' dir='ltr'>fuerit,</span> <span class='ocrx_word' id='word_1_258' title='bbox 1692 2643 1743 2702; x_wconf 90' lang='lat' dir='ltr'>set</span> <span class='ocrx_word' id='word_1_259' title='bbox 1765 2658 1808 2701; x_wconf 83' lang='lat' dir='ltr'>ex</span> <span class='ocrx_word' id='word_1_260' title='bbox 1832 2657 1871 2700; x_wconf 92' lang='lat' dir='ltr'>eo</span> 
     </span>
     <span class='ocr_line' id='line_1_23' title="bbox 215 2739 1871 2833; baseline -0.002 -27"><span class='ocrx_word' id='word_1_261' title='bbox 215 2743 396 2830; x_wconf 89' lang='lat' dir='ltr'>potissime,</span> <span class='ocrx_word' id='word_1_262' title='bbox 418 2744 494 2829; x_wconf 91' lang='lat' dir='ltr'>quia</span> <span class='ocrx_word' id='word_1_263' title='bbox 516 2744 696 2832; x_wconf 92' lang='lat' dir='ltr'>probabilis</span> <span class='ocrx_word' id='word_1_264' title='bbox 719 2745 814 2809; x_wconf 92' lang='lat' dir='ltr'>nobis</span> <span class='ocrx_word' id='word_1_265' title='bbox 838 2745 935 2811; x_wconf 90' lang='lat' dir='ltr'>timor</span> <span class='ocrx_word' id='word_1_266' title='bbox 958 2746 1074 2824; x_wconf 88' lang='lat' dir='ltr'>inerat,</span> <span class='ocrx_word' id='word_1_267' title='bbox 1098 2743 1185 2831; x_wconf 91' lang='lat' dir='ltr'>quod</span> <span class='ocrx_word' id='word_1_268' title='bbox 1208 2765 1308 2833; x_wconf 90' lang='lat' dir='ltr'>super</span> <span class='ocrx_word' id='word_1_269' title='bbox 1331 2740 1517 2808; x_wconf 90' lang='lat' dir='ltr'>huiusmodi</span> <span class='ocrx_word' id='word_1_270' title='bbox 1541 2741 1737 2806; x_wconf 83' lang='lat' dir='ltr'>visitationis</span> <span class='ocrx_word' id='word_1_271' title='bbox 1760 2739 1871 2804; x_wconf 86' lang='lat' dir='ltr'>debito</span> 
     </span>
     <span class='ocr_line' id='line_1_24' title="bbox 215 2845 1214 2934; baseline 0.004 -25"><span class='ocrx_word' id='word_1_272' title='bbox 215 2853 363 2911; x_wconf 90' lang='lat' dir='ltr'>nostrum</span> <span class='ocrx_word' id='word_1_273' title='bbox 386 2845 585 2913; x_wconf 88' lang='lat' dir='ltr'>desiderium</span> <span class='ocrx_word' id='word_1_274' title='bbox 609 2848 720 2914; x_wconf 88' lang='lat' dir='ltr'>sortiri</span> <span class='ocrx_word' id='word_1_275' title='bbox 741 2848 894 2934; x_wconf 89' lang='lat' dir='ltr'>nequiret</span> <span class='ocrx_word' id='word_1_276' title='bbox 916 2849 1079 2915; x_wconf 82' lang='lat' dir='ltr'>ellectum.</span> <span class='ocrx_word' id='word_1_277' title='bbox 1212 2856 1214 2860; x_wconf 86' lang='grc'><strong>’</strong></span> 
     </span>
    </p>
   </div>
   <div class='ocr_carea' id='block_1_3' title="bbox 323 2967 1091 3052">
    <p class='ocr_par' dir='ltr' id='par_1_6' title="bbox 323 2967 1091 3052">
     <span class='ocr_line' id='line_1_25' title="bbox 323 2967 1091 3052; baseline 0 -19"><span class='ocrx_word' id='word_1_278' title='bbox 323 2967 400 3034; x_wconf 85' lang='lat' dir='ltr'>Dat.</span> <span class='ocrx_word' id='word_1_279' title='bbox 422 2969 533 3035; x_wconf 86' lang='lat' dir='ltr'>Later.</span> <span class='ocrx_word' id='word_1_280' title='bbox 557 2969 675 3036; x_wconf 86' lang='lat' dir='ltr'><strong>XVIII</strong></span> <span class='ocrx_word' id='word_1_281' title='bbox 698 2969 774 3036; x_wconf 91' lang='lat' dir='ltr'>Kal.</span> <span class='ocrx_word' id='word_1_282' title='bbox 797 2970 885 3052; x_wconf 92' lang='lat' dir='ltr'>Iulii,</span> <span class='ocrx_word' id='word_1_283' title='bbox 908 2991 993 3035; x_wconf 89' lang='lat' dir='ltr'>anno</span> <span class='ocrx_word' id='word_1_284' title='bbox 1016 2968 1091 3034; x_wconf 87' lang='lat' dir='ltr'>XV.</span> 
     </span>
    </p>
   </div>
   <div class='ocr_carea' id='block_1_4' title="bbox 839 3213 1251 3223">
    <p class='ocr_par' dir='ltr' id='par_1_7' title="bbox 839 3213 1251 3223">
     <span class='ocr_line' id='line_1_26' title="bbox 839 3213 1251 3223; baseline -0.005 -1"><span class='ocrx_word' id='word_1_285' title='bbox 839 3213 1251 3223; x_wconf 79' lang='grc'>------</span> 
     </span>
    </p>
   </div>
   <div class='ocr_carea' id='block_1_5' title="bbox 1001 3473 1087 3546">
    <p class='ocr_par' dir='ltr' id='par_1_8' title="bbox 1001 3473 1087 3546">
     <span class='ocr_line' id='line_1_27' title="bbox 1001 3473 1087 3546; baseline 0 0"><span class='ocrx_word' id='word_1_286' title='bbox 1001 3473 1087 3546; x_wconf 69' lang='grc'><em>831.</em></span> 
     </span>
    </p>
   </div>
   <div class='ocr_carea' id='block_1_6' title="bbox 136 3586 1872 3702">
    <p class='ocr_par' dir='ltr' id='par_1_9' title="bbox 136 3586 1872 3702">
     <span class='ocr_line' id='line_1_28' title="bbox 136 3586 1872 3702; baseline -0.005 -22"><span class='ocrx_word' id='word_1_287' title='bbox 136 3627 162 3666; x_wconf 77' lang='lat'>²⁵</span> <span class='ocrx_word' id='word_1_288' title='bbox 323 3586 514 3702; x_wconf 66' lang='lat' dir='ltr'>Gregorius</span> <span class='ocrx_word' id='word_1_289' title='bbox 542 3611 599 3676; x_wconf 88' lang='lat' dir='ltr'>IX</span> <span class='ocrx_word' id='word_1_290' title='bbox 618 3633 710 3694; x_wconf 77' lang='lat' dir='ltr'>papo</span> <span class='ocrx_word' id='word_1_291' title='bbox 732 3613 846 3677; x_wconf 79' lang='lat' dir='ltr'>Bcbrm</span> <span class='ocrx_word' id='word_1_292' title='bbox 872 3633 973 3695; x_wconf 71' lang='lat' dir='ltr'>repom</span> <span class='ocrx_word' id='word_1_293' title='bbox 1000 3613 1159 3697; x_wconf 75' lang='lat' dir='ltr'>Uuporiac</span> <span class='ocrx_word' id='word_1_294' title='bbox 1190 3613 1227 3677; x_wconf 85' lang='lat' dir='ltr'>dc</span> <span class='ocrx_word' id='word_1_295' title='bbox 1256 3612 1431 3693; x_wconf 80' lang='lat' dir='ltr'>irruptione</span> <span class='ocrx_word' id='word_1_296' title='bbox 1461 3611 1669 3676; x_wconf 81' lang='lat' dir='ltr'>Tortororam</span> <span class='ocrx_word' id='word_1_297' title='bbox 1694 3611 1872 3675; x_wconf 83' lang='lat' dir='ltr'>consolator</span> 
     </span>
    </p>
   </div>
   <div class='ocr_carea' id='block_1_7' title="bbox 215 3715 1783 3898">
    <p class='ocr_par' dir='ltr' id='par_1_10' title="bbox 215 3715 1783 3898">
     <span class='ocr_line' id='line_1_29' title="bbox 215 3715 1648 3801; baseline -0.001 -21"><span class='ocrx_word' id='word_1_298' title='bbox 215 3716 304 3797; x_wconf 79' lang='lat' dir='ltr'>eiquo</span> <span class='ocrx_word' id='word_1_299' title='bbox 322 3715 479 3796; x_wconf 80' lang='lat' dir='ltr'>procrittr&#39;t</span> <span class='ocrx_word' id='word_1_300' title='bbox 500 3733 532 3778; x_wconf 86' lang='lat' dir='ltr'>sc</span> <span class='ocrx_word' id='word_1_301' title='bbox 554 3719 748 3795; x_wconf 79' lang='lat' dir='ltr'>curaturam,</span> <span class='ocrx_word' id='word_1_302' title='bbox 769 3720 805 3780; x_wconf 85' lang='lat' dir='ltr'>at</span> <span class='ocrx_word' id='word_1_303' title='bbox 826 3717 855 3780; x_wconf 84' lang='lat' dir='ltr'>ci</span> <span class='ocrx_word' id='word_1_304' title='bbox 877 3715 996 3801; x_wconf 74' lang='lat' dir='ltr'>efficax</span> <span class='ocrx_word' id='word_1_305' title='bbox 1017 3717 1183 3782; x_wconf 81' lang='lat' dir='ltr'>consiliam</span> <span class='ocrx_word' id='word_1_306' title='bbox 1204 3721 1234 3780; x_wconf 86' lang='lat' dir='ltr'>ct</span> <span class='ocrx_word' id='word_1_307' title='bbox 1255 3717 1415 3782; x_wconf 67' lang='lat' dir='ltr'>(auxilium</span> <span class='ocrx_word' id='word_1_308' title='bbox 1438 3715 1648 3796; x_wconf 76' lang='lat' dir='ltr'>impertiatur.</span> 
     </span>
     <span class='ocr_line' id='line_1_30' title="bbox 1517 3818 1783 3898; baseline -0.011 -17"><span class='ocrx_word' id='word_1_309' title='bbox 1517 3823 1610 3898; x_wconf 68' lang='lat'>1241,</span> <span class='ocrx_word' id='word_1_310' title='bbox 1633 3818 1708 3883; x_wconf 82' lang='lat' dir='ltr'>Ian.</span> <span class='ocrx_word' id='word_1_311' title='bbox 1732 3820 1783 3880; x_wconf 83' lang='lat'>16.</span> 
     </span>
    </p>
   </div>
   <div class='ocr_carea' id='block_1_8' title="bbox 136 3935 1870 4180">
    <p class='ocr_par' dir='ltr' id='par_1_11' title="bbox 136 3935 1870 4180">
     <span class='ocr_line' id='line_1_31' title="bbox 318 3935 1870 4010; baseline -0.001 -18"><span class='ocrx_word' id='word_1_312' title='bbox 318 3937 400 4005; x_wconf 69' lang='lat' dir='ltr'>Grae.</span> <span class='ocrx_word' id='word_1_313' title='bbox 418 3937 466 3991; x_wconf 82' lang='lat' dir='ltr'>IX</span> <span class='ocrx_word' id='word_1_314' title='bbox 481 3936 548 4005; x_wconf 75' lang='lat' dir='ltr'>ch.</span> <span class='ocrx_word' id='word_1_315' title='bbox 567 3937 630 3990; x_wconf 78' lang='lat' dir='ltr'>Lib.</span> <span class='ocrx_word' id='word_1_316' title='bbox 648 3935 713 4004; x_wconf 87' lang='lat' dir='ltr'>XV,</span> <span class='ocrx_word' id='word_1_317' title='bbox 734 3941 776 3991; x_wconf 83' lang='lat'>79.</span> <span class='ocrx_word' id='word_1_318' title='bbox 821 3938 940 3994; x_wconf 78' lang='lat' dir='ltr'>Edt&#39;mas</span> <span class='ocrx_word' id='word_1_319' title='bbox 963 3939 1034 3996; x_wconf 80' lang='lat' dir='ltr'>banc</span> <span class='ocrx_word' id='word_1_320' title='bbox 1057 3940 1202 4010; x_wconf 76' lang='lat' dir='ltr'>epistolam</span> <span class='ocrx_word' id='word_1_321' title='bbox 1226 3956 1261 3992; x_wconf 79' lang='lat' dir='ltr'>cx</span> <span class='ocrx_word' id='word_1_322' title='bbox 1282 3938 1372 4009; x_wconf 81' lang='lat' dir='ltr'>Rnya.</span> <span class='ocrx_word' id='word_1_323' title='bbox 1395 3939 1467 3992; x_wconf 77' lang='lat' dir='ltr'>Aac.</span> <span class='ocrx_word' id='word_1_324' title='bbox 1491 3940 1551 3993; x_wconf 82' lang='lat' dir='ltr'>eccl.</span> <span class='ocrx_word' id='word_1_325' title='bbox 1577 3955 1604 3992; x_wconf 88' lang='lat' dir='ltr'>a.</span> <span class='ocrx_word' id='word_1_326' title='bbox 1628 3941 1703 4003; x_wconf 73' lang='grc'><em>1211,</em></span> <span class='ocrx_word' id='word_1_327' title='bbox 1726 3941 1743 4002; x_wconf 86' lang='lat'><em>§</em></span> <span class='ocrx_word' id='word_1_328' title='bbox 1761 3941 1870 4000; x_wconf 77' lang='grc'><em>18-19,</em></span> 
     </span>
     <span class='ocr_line' id='line_1_32' title="bbox 213 4022 1440 4095; baseline -0.001 -17"><span class='ocrx_word' id='word_1_329' title='bbox 213 4024 340 4078; x_wconf 85' lang='lat' dir='ltr'>collatam</span> <span class='ocrx_word' id='word_1_330' title='bbox 358 4039 418 4076; x_wconf 80' lang='lat' dir='ltr'>cam</span> <span class='ocrx_word' id='word_1_331' title='bbox 441 4022 563 4090; x_wconf 80' lang='lat' dir='ltr'>Tber&#39;ncr,</span> <span class='ocrx_word' id='word_1_332' title='bbox 582 4023 660 4078; x_wconf 84' lang='lat' dir='ltr'>Mon.</span> <span class='ocrx_word' id='word_1_333' title='bbox 680 4023 775 4094; x_wconf 74' lang='lat' dir='ltr'>Hanp.</span> <span class='ocrx_word' id='word_1_334' title='bbox 790 4026 810 4077; x_wconf 85' lang='lat' dir='ltr'>t.</span> <span class='ocrx_word' id='word_1_335' title='bbox 828 4027 853 4094; x_wconf 89' lang='grc' dir='ltr'>Ι,</span> <span class='ocrx_word' id='word_1_336' title='bbox 869 4043 899 4095; x_wconf 85' lang='lat' dir='ltr'>p.</span> <span class='ocrx_word' id='word_1_337' title='bbox 918 4029 981 4090; x_wconf 81' lang='grc'><em>183,</em></span> <span class='ocrx_word' id='word_1_338' title='bbox 998 4042 1026 4081; x_wconf 76' lang='lat' dir='ltr'>a.</span> <span class='ocrx_word' id='word_1_339' title='bbox 1046 4030 1112 4092; x_wconf 86' lang='grc'><em>337,</em></span> <span class='ocrx_word' id='word_1_340' title='bbox 1129 4025 1178 4094; x_wconf 77' lang='lat' dir='ltr'>qui</span> <span class='ocrx_word' id='word_1_341' title='bbox 1195 4025 1265 4094; x_wconf 72' lang='lat' dir='ltr'>Ray.</span> <span class='ocrx_word' id='word_1_342' title='bbox 1283 4023 1440 4094; x_wconf 60' lang='lat' dir='ltr'>exscripsit.</span> 
     </span>
     <span class='ocr_line' id='line_1_33' title="bbox 136 4109 655 4180; baseline 0.002 -18"><span class='ocrx_word' id='word_1_343' title='bbox 136 4121 163 4162; x_wconf 80' lang='lat' dir='ltr'>ao</span> <span class='ocrx_word' id='word_1_344' title='bbox 320 4109 455 4173; x_wconf 79' lang='lat' dir='ltr'>Pottbcst,</span> <span class='ocrx_word' id='word_1_345' title='bbox 473 4109 542 4180; x_wconf 77' lang='lat' dir='ltr'>Rep.</span> <span class='ocrx_word' id='word_1_346' title='bbox 561 4112 655 4163; x_wconf 81' lang='grc'><em>11034.</em></span> 
     </span>
    </p>
   </div>
   <div class='ocr_carea' id='block_1_9' title="bbox 715 4235 1367 4330">
    <p class='ocr_par' dir='ltr' id='par_1_12' title="bbox 715 4235 1367 4330">
     <span class='ocr_line' id='line_1_34' title="bbox 715 4235 1367 4330; baseline -0.003 -22"><span class='ocrx_word' id='word_1_347' title='bbox 715 4235 820 4310; x_wconf 91' lang='lat' dir='ltr'>Bele</span> <span class='ocrx_word' id='word_1_348' title='bbox 846 4235 937 4330; x_wconf 75' lang='lat' dir='ltr'>regi</span> <span class='ocrx_word' id='word_1_349' title='bbox 963 4235 1154 4329; x_wconf 84' lang='lat' dir='ltr'>Ungarie</span> <span class='ocrx_word' id='word_1_350' title='bbox 1180 4235 1367 4311; x_wconf 88' lang='lat' dir='ltr'>illustri.</span> 
     </span>
    </p>
   </div>
   <div class='ocr_carea' id='block_1_10' title="bbox 135 4385 1989 5407">
    <p class='ocr_par' dir='ltr' id='par_1_13' title="bbox 214 4385 1870 4681">
     <span class='ocr_line' id='line_1_35' title="bbox 321 4385 1869 4468; baseline 0.001 -18"><span class='ocrx_word' id='word_1_351' title='bbox 321 4385 447 4450; x_wconf 85' lang='lat' dir='ltr'>Vocem</span> <span class='ocrx_word' id='word_1_352' title='bbox 474 4385 508 4449; x_wconf 92' lang='lat' dir='ltr'>in</span> <span class='ocrx_word' id='word_1_353' title='bbox 534 4386 669 4452; x_wconf 83' lang='lat' dir='ltr'>excelso</span> <span class='ocrx_word' id='word_1_354' title='bbox 702 4385 942 4450; x_wconf 84' lang='lat' dir='ltr'>lamentationis</span> <span class='ocrx_word' id='word_1_355' title='bbox 971 4393 1005 4452; x_wconf 92' lang='lat' dir='ltr'>ct</span> <span class='ocrx_word' id='word_1_356' title='bbox 1035 4385 1134 4451; x_wconf 88' lang='lat' dir='ltr'>fletus</span> <span class='ocrx_word' id='word_1_357' title='bbox 1163 4387 1363 4468; x_wconf 88' lang='lat' dir='ltr'>audivimus,</span> <span class='ocrx_word' id='word_1_358' title='bbox 1399 4394 1432 4451; x_wconf 90' lang='lat' dir='ltr'>ct</span> <span class='ocrx_word' id='word_1_359' title='bbox 1466 4409 1526 4452; x_wconf 90' lang='lat' dir='ltr'>nos</span> <span class='ocrx_word' id='word_1_360' title='bbox 1559 4386 1670 4452; x_wconf 89' lang='lat' dir='ltr'>multis</span> <span class='ocrx_word' id='word_1_361' title='bbox 1700 4389 1869 4452; x_wconf 89' lang='lat' dir='ltr'>amaricati</span> 
     </span>
     <span class='ocr_line' id='line_1_36' title="bbox 214 4488 1868 4578; baseline 0 -24"><span class='ocrx_word' id='word_1_362' title='bbox 214 4490 382 4554; x_wconf 91' lang='lat' dir='ltr'>doloribus</span> <span class='ocrx_word' id='word_1_363' title='bbox 415 4489 641 4577; x_wconf 89' lang='lat' dir='ltr'>deploramus,</span> <span class='ocrx_word' id='word_1_364' title='bbox 677 4488 764 4576; x_wconf 94' lang='lat' dir='ltr'>quod</span> <span class='ocrx_word' id='word_1_365' title='bbox 797 4489 975 4554; x_wconf 88' lang='lat' dir='ltr'>iaculatum</span> <span class='ocrx_word' id='word_1_366' title='bbox 1011 4488 1052 4554; x_wconf 89' lang='lat' dir='ltr'>de</span> <span class='ocrx_word' id='word_1_367' title='bbox 1084 4490 1156 4555; x_wconf 92' lang='lat' dir='ltr'>celo</span> <span class='ocrx_word' id='word_1_368' title='bbox 1190 4488 1346 4555; x_wconf 90' lang='lat' dir='ltr'>iudicium</span> <span class='ocrx_word' id='word_1_369' title='bbox 1378 4491 1442 4554; x_wconf 89' lang='lat' dir='ltr'>iam</span> <span class='ocrx_word' id='word_1_370' title='bbox 1477 4489 1695 4578; x_wconf 87' lang='lat' dir='ltr'>depopulatur</span> <span class='ocrx_word' id='word_1_371' title='bbox 1727 4490 1868 4577; x_wconf 91' lang='lat' dir='ltr'>undique</span> 
     </span>
     <span class='ocr_line' id='line_1_37' title="bbox 215 4593 1870 4681; baseline 0.001 -23"><span class='ocrx_word' id='word_1_372' title='bbox 215 4595 373 4681; x_wconf 90' lang='lat' dir='ltr'>populum</span> <span class='ocrx_word' id='word_1_373' title='bbox 405 4593 640 4676; x_wconf 87' lang='lat' dir='ltr'>Christianum,</span> <span class='ocrx_word' id='word_1_374' title='bbox 677 4593 763 4679; x_wconf 90' lang='lat' dir='ltr'>qnod</span> <span class='ocrx_word' id='word_1_375' title='bbox 798 4593 964 4660; x_wconf 86' lang='lat' dir='ltr'>fidelium·</span> <span class='ocrx_word' id='word_1_376' title='bbox 991 4594 1120 4679; x_wconf 91' lang='lat' dir='ltr'>gladius</span> <span class='ocrx_word' id='word_1_377' title='bbox 1149 4595 1182 4658; x_wconf 92' lang='lat' dir='ltr'>in</span> <span class='ocrx_word' id='word_1_378' title='bbox 1209 4594 1325 4659; x_wconf 90' lang='lat' dir='ltr'>fideles</span> <span class='ocrx_word' id='word_1_379' title='bbox 1357 4595 1525 4681; x_wconf 91' lang='lat' dir='ltr'>reciproca</span> <span class='ocrx_word' id='word_1_380' title='bbox 1558 4594 1639 4662; x_wconf 89' lang='lat' dir='ltr'>cede</span> <span class='ocrx_word' id='word_1_381' title='bbox 1669 4596 1870 4661; x_wconf 87' lang='lat' dir='ltr'>convertitur</span> 
     </span>
    </p>

    <p class='ocr_par' dir='ltr' id='par_1_14' title="bbox 138 4695 1869 5199">
     <span class='ocr_line' id='line_1_38' title="bbox 138 4695 1869 4784; baseline 0.005 -29"><span class='ocrx_word' id='word_1_382' title='bbox 138 4717 163 4756; x_wconf 80' lang='lat' dir='ltr'>ss</span> <span class='ocrx_word' id='word_1_383' title='bbox 216 4704 249 4761; x_wconf 88' lang='lat' dir='ltr'>ct</span> <span class='ocrx_word' id='word_1_384' title='bbox 276 4699 309 4761; x_wconf 92' lang='lat' dir='ltr'>in</span> <span class='ocrx_word' id='word_1_385' title='bbox 339 4698 555 4763; x_wconf 85' lang='lat' dir='ltr'>Christicolas</span> <span class='ocrx_word' id='word_1_386' title='bbox 587 4719 790 4784; x_wconf 86' lang='lat' dir='ltr'>paganorum</span> <span class='ocrx_word' id='word_1_387' title='bbox 819 4720 929 4763; x_wconf 90' lang='lat' dir='ltr'>mucro</span> <span class='ocrx_word' id='word_1_388' title='bbox 959 4697 1137 4763; x_wconf 89' lang='lat' dir='ltr'>cmdcliter</span> <span class='ocrx_word' id='word_1_389' title='bbox 1166 4695 1376 4762; x_wconf 89' lang='lat' dir='ltr'>debachatur.</span> <span class='ocrx_word' id='word_1_390' title='bbox 1434 4698 1565 4763; x_wconf 88' lang='lat' dir='ltr'>Clamor</span> <span class='ocrx_word' id='word_1_391' title='bbox 1591 4700 1677 4763; x_wconf 92' lang='lat' dir='ltr'>enim</span> <span class='ocrx_word' id='word_1_392' title='bbox 1707 4699 1869 4764; x_wconf 90' lang='lat' dir='ltr'>scelerum</span> 
     </span>
     <span class='ocr_line' id='line_1_39' title="bbox 213 4800 1868 4889; baseline 0.001 -25"><span class='ocrx_word' id='word_1_393' title='bbox 213 4801 347 4866; x_wconf 88' lang='lat' dir='ltr'>humani</span> <span class='ocrx_word' id='word_1_394' title='bbox 369 4803 501 4888; x_wconf 88' lang='lat' dir='ltr'>generis</span> <span class='ocrx_word' id='word_1_395' title='bbox 524 4801 758 4888; x_wconf 87' lang='lat' dir='ltr'>multiplicatus</span> <span class='ocrx_word' id='word_1_396' title='bbox 781 4801 965 4866; x_wconf 89' lang='lat' dir='ltr'>ascendens</span> <span class='ocrx_word' id='word_1_397' title='bbox 989 4800 1021 4864; x_wconf 94' lang='lat' dir='ltr'>in</span> <span class='ocrx_word' id='word_1_398' title='bbox 1044 4822 1141 4865; x_wconf 89' lang='lat' dir='ltr'>aures</span> <span class='ocrx_word' id='word_1_399' title='bbox 1165 4801 1310 4865; x_wconf 88' lang='lat' dir='ltr'>omnium</span> <span class='ocrx_word' id='word_1_400' title='bbox 1334 4802 1525 4883; x_wconf 89' lang='lat' dir='ltr'>conditoris,</span> <span class='ocrx_word' id='word_1_401' title='bbox 1550 4803 1673 4889; x_wconf 88' lang='lat' dir='ltr'>ipsum,</span> <span class='ocrx_word' id='word_1_402' title='bbox 1697 4803 1751 4889; x_wconf 93' lang='lat' dir='ltr'>qui</span> <span class='ocrx_word' id='word_1_403' title='bbox 1774 4803 1868 4887; x_wconf 88' lang='lat' dir='ltr'>quasi</span> 
     </span>
     <span class='ocr_line' id='line_1_40' title="bbox 213 4904 1867 4993; baseline 0 -23"><span class='ocrx_word' id='word_1_404' title='bbox 213 4927 279 4971; x_wconf 93' lang='lat' dir='ltr'>non</span> <span class='ocrx_word' id='word_1_405' title='bbox 296 4905 411 4971; x_wconf 82' lang='lat' dir='ltr'>videns</span> <span class='ocrx_word' id='word_1_406' title='bbox 428 4905 595 4990; x_wconf 91' lang='lat' dir='ltr'>hucusque</span> <span class='ocrx_word' id='word_1_407' title='bbox 612 4905 722 4981; x_wconf 90' lang='lat' dir='ltr'>tacuit,</span> <span class='ocrx_word' id='word_1_408' title='bbox 739 4905 796 4990; x_wconf 93' lang='lat' dir='ltr'>qui</span> <span class='ocrx_word' id='word_1_409' title='bbox 811 4906 1049 4970; x_wconf 90' lang='lat' dir='ltr'>correctionem</span> <span class='ocrx_word' id='word_1_410' title='bbox 1066 4905 1178 4992; x_wconf 91' lang='lat' dir='ltr'>populi</span> <span class='ocrx_word' id='word_1_411' title='bbox 1195 4905 1244 4969; x_wconf 91' lang='lat' dir='ltr'>sui</span> <span class='ocrx_word' id='word_1_412' title='bbox 1260 4904 1351 4970; x_wconf 88' lang='lat' dir='ltr'>velut</span> <span class='ocrx_word' id='word_1_413' title='bbox 1366 4907 1496 4992; x_wconf 88' lang='lat' dir='ltr'>patiens</span> <span class='ocrx_word' id='word_1_414' title='bbox 1513 4907 1712 4993; x_wconf 84' lang='lat' dir='ltr'>expectavit,</span> <span class='ocrx_word' id='word_1_415' title='bbox 1727 4907 1867 4970; x_wconf 88' lang='lat' dir='ltr'>ultorem</span> 
     </span>
     <span class='ocr_line' id='line_1_41' title="bbox 213 5007 1867 5096; baseline -0.001 -24"><span class='ocrx_word' id='word_1_416' title='bbox 213 5009 420 5095; x_wconf 87' lang='lat' dir='ltr'>iniquitatum</span> <span class='ocrx_word' id='word_1_417' title='bbox 441 5007 587 5095; x_wconf 91' lang='lat' dir='ltr'>gladium</span> <span class='ocrx_word' id='word_1_418' title='bbox 611 5010 721 5094; x_wconf 89' lang='lat' dir='ltr'>coegit</span> <span class='ocrx_word' id='word_1_419' title='bbox 745 5031 881 5074; x_wconf 88' lang='lat' dir='ltr'>exerere</span> <span class='ocrx_word' id='word_1_420' title='bbox 905 5015 939 5075; x_wconf 90' lang='lat' dir='ltr'>ot</span> <span class='ocrx_word' id='word_1_421' title='bbox 962 5010 1003 5073; x_wconf 91' lang='lat' dir='ltr'>ab</span> <span class='ocrx_word' id='word_1_422' title='bbox 1022 5010 1126 5075; x_wconf 89' lang='lat' dir='ltr'>oculis</span> <span class='ocrx_word' id='word_1_423' title='bbox 1142 5009 1300 5096; x_wconf 88' lang='lat' dir='ltr'>patientie</span> <span class='ocrx_word' id='word_1_424' title='bbox 1318 5030 1376 5073; x_wconf 90' lang='lat' dir='ltr'>suc</span> <span class='ocrx_word' id='word_1_425' title='bbox 1392 5008 1653 5072; x_wconf 87' lang='lat' dir='ltr'>abominationes</span> <span class='ocrx_word' id='word_1_426' title='bbox 1670 5007 1867 5072; x_wconf 78' lang='lat' dir='ltr'>emundare&#39;³</span> 
     </span>
     <span class='ocr_line' id='line_1_42' title="bbox 214 5110 1867 5199; baseline -0.001 -23"><span class='ocrx_word' id='word_1_427' title='bbox 214 5113 426 5199; x_wconf 87' lang='lat' dir='ltr'>flagitiorum,</span> <span class='ocrx_word' id='word_1_428' title='bbox 461 5111 608 5199; x_wconf 85' lang='lat' dir='ltr'>expetita</span> <span class='ocrx_word' id='word_1_429' title='bbox 642 5112 736 5198; x_wconf 87' lang='lat' dir='ltr'>gravi</span> <span class='ocrx_word' id='word_1_430' title='bbox 765 5112 805 5176; x_wconf 91' lang='lat' dir='ltr'>de</span> <span class='ocrx_word' id='word_1_431' title='bbox 839 5112 1068 5198; x_wconf 87' lang='lat' dir='ltr'>peccatoribus</span> <span class='ocrx_word' id='word_1_432' title='bbox 1100 5113 1234 5177; x_wconf 88' lang='lat' dir='ltr'>ultione.</span> <span class='ocrx_word' id='word_1_433' title='bbox 1282 5110 1424 5198; x_wconf 89' lang='lat' dir='ltr'>Propter</span> <span class='ocrx_word' id='word_1_434' title='bbox 1452 5110 1537 5198; x_wconf 93' lang='lat' dir='ltr'>quod</span> <span class='ocrx_word' id='word_1_435' title='bbox 1567 5132 1697 5193; x_wconf 89' lang='lat' dir='ltr'>omncs,</span> <span class='ocrx_word' id='word_1_436' title='bbox 1730 5130 1867 5195; x_wconf 91' lang='lat' dir='ltr'>quorum</span> 
     </span>
    </p>

    <p class='ocr_par' dir='ltr' id='par_1_15' title="bbox 135 5215 1989 5407">
     <span class='ocr_line' id='line_1_43' title="bbox 135 5215 1868 5305; baseline 0.002 -31"><span class='ocrx_word' id='word_1_437' title='bbox 135 5233 162 5274; x_wconf 76' lang='lat' dir='ltr'>so</span> <span class='ocrx_word' id='word_1_438' title='bbox 216 5216 314 5281; x_wconf 90' lang='lat' dir='ltr'>corda</span> <span class='ocrx_word' id='word_1_439' title='bbox 339 5216 434 5282; x_wconf 90' lang='lat' dir='ltr'>timor</span> <span class='ocrx_word' id='word_1_440' title='bbox 456 5215 590 5280; x_wconf 91' lang='lat' dir='ltr'>Domini</span> <span class='ocrx_word' id='word_1_441' title='bbox 614 5217 740 5302; x_wconf 88' lang='lat' dir='ltr'>tetigit,</span> <span class='ocrx_word' id='word_1_442' title='bbox 769 5223 901 5302; x_wconf 89' lang='lat' dir='ltr'>opertos</span> <span class='ocrx_word' id='word_1_443' title='bbox 932 5217 1047 5282; x_wconf 89' lang='lat' dir='ltr'>ciliciis</span> <span class='ocrx_word' id='word_1_444' title='bbox 1079 5226 1112 5282; x_wconf 92' lang='lat' dir='ltr'>ct</span> <span class='ocrx_word' id='word_1_445' title='bbox 1142 5237 1296 5305; x_wconf 91' lang='lat' dir='ltr'>aspersos</span> <span class='ocrx_word' id='word_1_446' title='bbox 1319 5216 1428 5281; x_wconf 89' lang='lat' dir='ltr'>cinero</span> <span class='ocrx_word' id='word_1_447' title='bbox 1451 5217 1485 5282; x_wconf 93' lang='lat' dir='ltr'>in</span> <span class='ocrx_word' id='word_1_448' title='bbox 1508 5215 1647 5305; x_wconf 88' lang='lat' dir='ltr'>suspirio</span> <span class='ocrx_word' id='word_1_449' title='bbox 1671 5225 1705 5281; x_wconf 92' lang='lat' dir='ltr'>et</span> <span class='ocrx_word' id='word_1_450' title='bbox 1726 5215 1868 5280; x_wconf 88' lang='lat' dir='ltr'>lacrimis</span> 
     </span>
     <span class='ocr_line' id='line_1_44' title="bbox 214 5317 1989 5407; baseline -0.003 -21"><span class='ocrx_word' id='word_1_451' title='bbox 214 5318 355 5386; x_wconf 85' lang='lat' dir='ltr'>divinam</span> <span class='ocrx_word' id='word_1_452' title='bbox 390 5319 543 5384; x_wconf 79' lang='lat' dir='ltr'>convenit</span> <span class='ocrx_word' id='word_1_453' title='bbox 576 5317 833 5384; x_wconf 88' lang='lat' dir='ltr'>misericordiam</span> <span class='ocrx_word' id='word_1_454' title='bbox 866 5319 1059 5407; x_wconf 91' lang='lat' dir='ltr'>implorare,</span> <span class='ocrx_word' id='word_1_455' title='bbox 1093 5326 1130 5385; x_wconf 92' lang='lat' dir='ltr'>ut</span> <span class='ocrx_word' id='word_1_456' title='bbox 1161 5321 1215 5406; x_wconf 93' lang='lat' dir='ltr'>qui</span> <span class='ocrx_word' id='word_1_457' title='bbox 1250 5340 1381 5407; x_wconf 89' lang='lat' dir='ltr'>sempor</span> <span class='ocrx_word' id='word_1_458' title='bbox 1411 5319 1453 5385; x_wconf 95' lang='lat' dir='ltr'>ad</span> <span class='ocrx_word' id='word_1_459' title='bbox 1480 5318 1717 5405; x_wconf 86' lang='lat' dir='ltr'>ignoscendum</span> <span class='ocrx_word' id='word_1_460' title='bbox 1745 5319 1989 5388; x_wconf 60' lang='lat' dir='ltr'>multussunss.</span> 
     </span>
    </p>
   </div>
   <div class='ocr_carea' id='block_1_11' title="bbox 320 5543 1107 5614">
    <p class='ocr_par' dir='ltr' id='par_1_16' title="bbox 320 5543 1107 5614">
     <span class='ocr_line' id='line_1_45' title="bbox 320 5543 1107 5614; baseline 0.003 -18"><span class='ocrx_word' id='word_1_461' title='bbox 320 5545 344 5609; x_wconf 79' lang='lat'>⁸)</span> <span class='ocrx_word' id='word_1_462' title='bbox 362 5544 463 5612; x_wconf 52' lang='lat' dir='ltr'>noym</span> <span class='ocrx_word' id='word_1_463' title='bbox 480 5543 622 5595; x_wconf 85' lang='lat' dir='ltr'>infidelium</span> <span class='ocrx_word' id='word_1_464' title='bbox 645 5543 673 5597; x_wconf 83' lang='grc' dir='ltr'>Τ.</span> <span class='ocrx_word' id='word_1_465' title='bbox 762 5543 788 5614; x_wconf 79' lang='lat' dir='ltr'>l³)</span> <span class='ocrx_word' id='word_1_466' title='bbox 812 5545 853 5610; x_wconf 84' lang='grc' dir='ltr'><em>Τ.,·</em></span> <span class='ocrx_word' id='word_1_467' title='bbox 870 5547 1004 5599; x_wconf 82' lang='lat' dir='ltr'>emendare</span> <span class='ocrx_word' id='word_1_468' title='bbox 1022 5546 1107 5614; x_wconf 75' lang='lat' dir='ltr'>Rapa.</span> 
     </span>
    </p>
   </div>
   <div class='ocr_carea' id='block_1_12' title="bbox 319 5662 639 5816">
    <p class='ocr_par' dir='ltr' id='par_1_17' title="bbox 319 5662 639 5816">
     <span class='ocr_line' id='line_1_46' title="bbox 321 5662 639 5732; baseline 0.006 -15"><span class='ocrx_word' id='word_1_469' title='bbox 321 5665 348 5732; x_wconf 88' lang='lat'>1)</span> <span class='ocrx_word' id='word_1_470' title='bbox 365 5663 428 5719; x_wconf 75' lang='lat' dir='ltr'>Sca.</span> <span class='ocrx_word' id='word_1_471' title='bbox 451 5662 639 5719; x_wconf 80' lang='lat' dir='ltr'>Tarteroram.</span> 
     </span>
     <span class='ocr_line' id='line_1_47' title="bbox 319 5763 519 5816; baseline 0 0"><span class='ocrx_word' id='word_1_472' title='bbox 319 5763 382 5816; x_wconf 78' lang='lat' dir='ltr'>aso.</span> <span class='ocrx_word' id='word_1_473' title='bbox 399 5763 480 5816; x_wconf 79' lang='lat' dir='ltr'>Posr.</span> <span class='ocrx_word' id='word_1_474' title='bbox 499 5763 519 5816; x_wconf 84' lang='lat' dir='ltr'>L</span> 
     </span>
    </p>
   </div>
   <div class='ocr_carea' id='block_1_13' title="bbox 0 0 2284 6420">
    <p class='ocr_par' dir='ltr' id='par_1_18' title="bbox 0 0 2284 6420">
     <span class='ocr_line' id='line_1_48' title="bbox 0 0 2284 6420; baseline 0 3"><span class='ocrx_word' id='word_1_475' title='bbox 0 0 2284 6420; x_wconf 95' lang='lat' dir='ltr'> </span> 
     </span>
    </p>
   </div>
  </div>
 </body>
</html>
