4590 6366
743 479 751 494 ι
780 409 980 467 nrisromn
998 414 1188 471 snnncmn.
1225 417 1301 472 mss.
1804 423 1866 484 519

215 584 418 661 hominibus,
447 586 503 671 qui
527 592 602 649 sunt
631 586 663 650 in
686 587 811 667 medio,
841 589 975 651 vassalli
999 589 1063 654 mei
1087 591 1207 676 malum
1230 597 1435 676 paterentur,
1469 597 1502 654 et
1524 593 1708 656 amitterem
1732 591 1867 656 eosdem

215 689 364 752 homines
388 710 489 753 meos.
534 689 583 753 Ae
607 697 741 776 propter
770 691 832 754 hoc
860 692 901 756 ab
933 713 1018 757 anno
1043 694 1139 756 tertie
1163 693 1350 757 indictionis
1374 716 1478 779 usque
1503 693 1543 758 ad
1568 703 1756 780 presentem
1780 695 1866 760 diem

217 792 369 856 instantis
393 793 531 878 septime
555 793 741 858 indictionis
773 816 876 879 usque
906 795 947 858 ad
976 819 1036 860 sex
1066 818 1223 882 personas
1254 796 1314 861 sub
1344 797 1457 861 habitu
1481 798 1684 878 monachali,
1712 805 1867 884 tanquam

216 897 356 960 humiles
385 895 535 960 homines
563 897 619 980 qui
642 903 753 960 votum
782 897 905 962 habent
934 905 967 962 et
996 899 1155 963 accedunt
1183 899 1224 963 de
1253 900 1400 985 partibus
1423 901 1496 964 istis
1522 899 1723 964 adorandum
1754 902 1867 966 limina

217 998 329 1064 Sancti
352 997 442 1061 Petri
465 1005 498 1062 et
523 998 634 1062 Sancti
656 999 780 1081 Iacobi,
805 1001 845 1064 ad
868 1007 1013 1064 vestram
1037 1003 1242 1066 sanctitatem
1266 1001 1391 1082 direxi,
1415 1025 1456 1068 ne
1480 1003 1564 1067 sorte
1591 1011 1869 1088 cognoscerentur

216 1110 250 1167 et
272 1101 313 1166 ab
337 1102 477 1165 inimicis
507 1103 752 1188 impedirentur.
797 1103 848 1168 De
876 1105 956 1189 ipsis
987 1111 1096 1168 autem
1120 1104 1184 1168 duo
1209 1107 1333 1170 reversi
1357 1115 1448 1184 sunt,
1480 1107 1598 1192 reliqui
1621 1127 1699 1171 vero
1730 1115 1869 1193 quatuor

216 1226 315 1290 quare
338 1226 403 1268 non
426 1203 519 1268 fuere
536 1207 660 1269 reversi
677 1205 800 1286 nescio,
823 1213 856 1270 et
876 1208 959 1270 sicut
975 1228 1057 1286 reor,
1082 1229 1142 1272 nec
1163 1209 1226 1294 ipsi
1243 1207 1306 1272 duo
1322 1211 1483 1289 monachi,
1507 1209 1562 1295 qui
1586 1208 1718 1273 fuerunt
1734 1210 1867 1288 reversi,

216 1314 392 1395 potuerunt
415 1329 581 1393 exponere
606 1309 770 1372 sanctitati
788 1316 898 1374 vestre
914 1311 1137 1374 nuntiationes
1154 1333 1256 1392 meas,
1281 1334 1361 1396 quas
1379 1315 1545 1377 sanctitati
1561 1321 1670 1378 vestre
1687 1314 1867 1391 mittebam,

216 1432 278 1476 nec
300 1412 400 1475 etiam
423 1411 549 1475 litteras
573 1418 822 1497 reportaverunt
845 1413 924 1475 mihi
947 1412 988 1475 ad
1012 1413 1251 1477 certitudinem.
1298 1415 1520 1487 Quamobrem
1543 1417 1767 1480 necessarium
1789 1416 1869 1480 duxi

218 1536 319 1578 unum
342 1535 497 1597 magnum
512 1514 677 1579 hominem
693 1537 802 1580 meum
818 1514 950 1579 fidelem
967 1517 1098 1580 mittere
1121 1517 1163 1580 ad
1187 1517 1418 1603 exponendum
1442 1519 1501 1583 tibi
1525 1521 1726 1584 voluntatem
1749 1541 1867 1598 meam,

217 1617 444 1703 meditansque
474 1617 507 1680 in
536 1619 731 1704 memetipso
762 1625 859 1702 atque
890 1619 1107 1696 considerans
1125 1621 1214 1684 alind
1244 1643 1310 1686 non
1340 1623 1450 1686 inveni
1479 1621 1664 1706 ingenium,
1691 1629 1728 1685 ut
1756 1629 1869 1709 posset

217 1721 315 1785 homo
338 1741 430 1783 meus
454 1722 626 1805 pervenire
650 1721 776 1800 advos,
799 1721 863 1786 nisi
882 1723 981 1786 istum
997 1723 1162 1787 hominem
1180 1747 1300 1806 meum,
1325 1725 1486 1811 quemad
1510 1726 1742 1812 imperatorem
1757 1725 1868 1788 Theu-

217 1823 398 1888 tonicorum
421 1823 624 1888 Fridericum
649 1827 851 1904 transmitto,
884 1834 920 1890 ut
943 1829 1032 1912 ipse,
1062 1828 1225 1890 associato
1249 1827 1382 1892 homine
1412 1849 1485 1892 meo
1508 1828 1633 1892 homini
1656 1850 1732 1906 suo,
1764 1828 1869 1914 ipsum

217 1926 258 1990 ad
281 1933 424 1990 vestram
446 1928 654 1992 sanctitatem
676 1930 904 1994 transmittat·
924 1929 1018 1992 Nunc
1042 1930 1151 2013 itaque
1175 1931 1269 1993 misia
1291 1930 1517 1995 fidelissimum
1541 1939 1574 1996 et
1596 1931 1780 2018 propriumb
1804 1931 1868 1994 sol·
1901 1991 1906 2002 ,

220 2029 336 2094 danice
359 2031 532 2117 potestatis
555 2052 643 2109 mee,
667 2032 833 2096 hominem
856 2031 1093 2110 Christianum,
1118 2035 1248 2098 nomine
1270 2033 1451 2098 Iohannem
1475 2035 1516 2099 de
1540 2035 1659 2116 Gabra,
1683 2035 1725 2098 ad
1748 2035 1868 2098 sancti-

218 2142 319 2200 tatem
352 2141 497 2200 vestram
533 2157 608 2199 cum
646 2136 765 2200 litteris
808 2137 890 2200 meis
927 2143 960 2200 et
994 2137 1135 2221 quodam
1174 2159 1274 2224 parvo
1309 2139 1459 2223 negotio,
1498 2138 1586 2223 quod
1620 2144 1708 2202 esset
1741 2137 1869 2201 occasio

217 2240 400 2302 litterarum
423 2238 464 2301 ad
486 2236 601 2312 fidem;
631 2237 689 2302 sed
721 2239 812 2325 prius
835 2239 967 2323 quidem
996 2240 1071 2302 misi
1102 2241 1241 2304 eumad
1270 2242 1505 2327 imperatorem
1528 2249 1562 2305 et
1584 2241 1696 2326 rogavi
1719 2239 1870 2318 eundem,

218 2348 254 2405 ut
277 2363 351 2405 cum
374 2340 578 2406 ordinatione
603 2363 662 2406 sua
684 2343 790 2428 ipsum
814 2340 855 2405 ad
872 2350 1014 2406 vestram
1039 2341 1158 2426 dirigat
1182 2346 1401 2424 sanctitatem,
1425 2351 1459 2409 et
1481 2366 1577 2430 spero
1602 2343 1689 2428 quod
1712 2344 1782 2429 ipse
1805 2364 1870 2406 non

220 2445 282 2510 erit
309 2445 501 2530 negligens;
536 2451 569 2508 et
597 2466 656 2531 pro
686 2467 725 2509 eo
757 2444 842 2529 quod
875 2446 982 2531 ipsum
1011 2445 1053 2508 ad
1082 2446 1314 2531 imperatorem
1349 2448 1469 2529 direxi,
1504 2449 1625 2512 nullam
1657 2468 1788 2511 causam
1817 2446 1871 2509 vel

202 2531 345 2612 'nullum
374 2548 543 2633 negotium
574 2549 608 2611 in
639 2548 759 2612 litteris
791 2537 960 2628 annotavit,
992 2549 1050 2614 sed
1079 2555 1180 2613 totam
1205 2551 1404 2616 voluntatem
1438 2573 1544 2615 meam
1568 2557 1601 2616 et
1623 2550 1775 2614 mandata
1797 2570 1871 2612 mea

221 2651 329 2717 eidem
352 2651 441 2715 fideli
463 2673 537 2716 meo
560 2651 698 2716 Iohanni
715 2651 826 2716 Gabra
849 2652 1006 2724 commisi.
1030 2659 1066 2716 ut
1089 2653 1160 2738 ipse
1183 2653 1259 2716 viva
1280 2675 1360 2718 voce
1386 2654 1552 2718 sanctitati
1573 2660 1629 2717 tue
1652 2653 1814 2737 loquatur,
1838 2657 1871 2715 et

220 2755 377 2840 quidquid
399 2755 471 2840 ipae
494 2755 588 2818 vobis
611 2755 739 2818 locutus
762 2755 871 2833 luerit,
895 2762 1048 2839 tanquam
1072 2756 1113 2819 ab
1139 2777 1194 2820 ore
1218 2779 1292 2822 meo
1308 2759 1485 2844 recipiatur
1507 2779 1526 2822 a
1550 2757 1723 2822 sanctitate
1746 2762 1871 2830 vestra;
1904 2781 1907 2786 ·

220 2881 258 2923 ac
289 2866 399 2945 preter
427 2860 553 2924 litteras
584 2861 663 2924 istas
692 2858 791 2923 habet
822 2860 921 2923 etiam
955 2860 1036 2923 alias
1065 2860 1193 2923 litteras
1224 2882 1243 2923 a
1272 2861 1367 2924 nobis
1396 2860 1478 2946 Syro
1512 2881 1662 2925 sermone
1693 2858 1753 2923 snb
1781 2858 1872 2921 bulla
1930 2873 1938 2892 ‘

221 2963 373 3028 similiter
399 2983 500 3027 aurea
529 2963 700 3047 sigillatas.
745 2961 905 3026 Perlectis
929 2967 1040 3026 autem
1062 2962 1180 3027 litteris
1205 2971 1238 3027 et
1260 2963 1380 3028 auditis
1403 2964 1445 3028 ab
1468 2962 1602 3043 eodem,
1633 2982 1869 3048 quamcumque

222 3066 424 3131 voluntatem
446 3065 599 3130 habuerit
621 3073 732 3131 vestra
755 3067 935 3178 sanctitas,
958 3065 1067 3129 mittat
1093 3066 1242 3130 nuntium
1265 3089 1359 3131 suum
1382 3067 1424 3132 ad
1446 3065 1645 3153 implendam
1667 3065 1869 3130 voluntatem

222 3169 392 3254 utriusque
416 3169 527 3255 partis.

331 3288 495 3376 Scriptum
517 3310 631 3355 mense
654 3289 733 3353 Maii
756 3288 868 3352 indict.
884 3289 962 3355 VII.

1025 3458 1068 3522 Π.

402 3586 711 3660 Nuntiaticnes
737 3585 948 3658 Iohannis
979 3583 1138 3672 Gabra,
1169 3583 1313 3656 nuntii
1342 3583 1513 3656 soldani
1540 3582 1687 3656 Iconii.

331 3736 404 3820 Ego
433 3735 600 3800 Iohannes
624 3735 751 3814 Gabra,
783 3756 896 3799 servus
925 3741 958 3797 et
989 3732 1122 3796 nuntius
1153 3731 1275 3795 domini
1307 3733 1372 3796 mei
1401 3732 1527 3796 soldani
1555 3731 1675 3809 Iconii,
1707 3729 1807 3794 adoro
1838 3735 1871 3793 et

224 3842 355 3906 osculor
377 3841 519 3925 vestigia
542 3847 728 3904 sanctorum
757 3838 877 3924 pedum
901 3837 1083 3902 sanctitatis
1106 3843 1178 3916 tue,
1210 3843 1244 3900 et
1272 3837 1404 3900 notifico
1432 3843 1530 3921 atque
1555 3855 1684 3921 expono
1708 3832 1872 3897 sanctitati

224 3952 279 4009 tue
304 3966 346 4008 ex
368 3953 460 4030 parte
484 3944 607 4009 domini
630 3945 695 4008 mei
719 3965 768 4022 ea,
792 3963 854 4028 que
878 3942 958 4005 mihi
981 3942 1130 4027 precepit
1153 3941 1247 4005 vobis
1270 3948 1424 4004 oretenus
1448 3937 1653 4025 exponenda.
1696 3935 1871 4022 Inprimis

224 4050 295 4112 vult
316 4047 404 4112 idem
427 4047 576 4112 dominus
599 4068 703 4128 meus,
725 4053 763 4110 ut
785 4045 907 4110 habeat
930 4045 1137 4108 sanctitatem
1161 4051 1305 4107 vestram
1328 4043 1475 4122 amicam,
1499 4042 1584 4106 sicut
1606 4040 1705 4105 habet
1727 4039 1872 4102 Theuto-

225 4153 371 4216 nicomm
394 4151 560 4215 dominum
581 4150 795 4215 Fredericum
819 4171 898 4224 cum,
915 4150 1066 4213 cautione
1089 4148 1274 4226 iuramenti,
1298 4155 1331 4211 et
1352 4152 1389 4209 ut
1411 4147 1522 4209 mittas
1546 4145 1694 4208 nuntium
1717 4150 1808 4206 tuum
1830 4139 1872 4204 ad

226 4254 366 4320 eundem
389 4254 554 4318 dominum
577 4276 696 4334 meum,
719 4261 756 4318 ut
777 4255 864 4318 iuret
888 4253 973 4317 idem
997 4252 1147 4316 dominus
1171 4272 1274 4314 meus.
1318 4249 1362 4313 nt
1386 4251 1413 4314 si
1436 4250 1499 4314 hoc
1522 4249 1645 4312 factum
1666 4245 1765 4310 luerit
1787 4245 1873 4308 inter

225 4366 391 4443 utrosque,
414 4365 546 4445 paratus
569 4366 621 4422 est
642 4358 731 4422 idem
755 4357 904 4420 dominns
928 4377 1020 4419 meus
1043 4355 1155 4448 iuvare
1178 4376 1236 4418 vos
1260 4361 1294 4418 et
1315 4347 1461 4439 pugnare
1479 4352 1647 4418 vobiscum
1670 4349 1712 4414 ad
1734 4369 1871 4434 recupe-

224 4463 361 4527 randum
384 4462 565 4526 Ierusalem
589 4467 623 4525 et
647 4481 759 4525 omnes
783 4467 897 4539 terras,
923 4479 1004 4543 quas
1027 4457 1212 4521 habuerunt
1235 4457 1412 4521 Christiani
1435 4458 1468 4520 in
1491 4463 1638 4541 tempore
1655 4452 1817 4526 Saladini;
1840 4457 1874 4515 et

226 4565 354 4650 quando
379 4565 521 4629 volneris
544 4565 674 4629 mittere
698 4564 740 4628 ad
762 4585 836 4627 eum
868 4563 1016 4627 nuntium
1039 4568 1147 4642 tuum,
1175 4569 1307 4648 paratus
1337 4568 1388 4626 est
1419 4560 1504 4625 idem
1528 4559 1678 4624 dominus
1700 4578 1793 4621 meus
1815 4555 1873 4619 ad-

226 4671 363 4755 implere
391 4668 546 4756 predicta.
592 4668 674 4732 Peto
708 4668 806 4731 etiam
830 4688 891 4750 ego
924 4665 1089 4752 predictus
1113 4665 1292 4744 Iohannes,
1324 4672 1360 4728 ut
1392 4663 1521 4749 quando
1549 4663 1698 4726 nuntium
1728 4666 1873 4723 vestrum

226 4773 355 4836 miseris
379 4772 420 4836 ad
444 4771 609 4836 dominum
632 4791 755 4850 meum,
787 4768 951 4855 predictas
979 4769 1202 4833 nuntiationes
1225 4791 1315 4833 meaa
1338 4767 1465 4832 deserat
1488 4767 1521 4830 in
1544 4765 1675 4852 scriptis
1699 4783 1810 4827 secum
1833 4758 1873 4824 ad

227 4877 393 4942 dominum
416 4897 525 4941 meum
548 4875 589 4939 ad
612 4875 769 4939 maiorem
793 4873 952 4938 cautelam
976 4879 1009 4936 et
1032 4873 1273 4938 certitudinem.

1019 5063 1083 5128 III.

227 5193 372 5268 Nobili
399 5196 438 5265 et
467 5190 640 5282 egregio
667 5189 853 5282 principi
882 5187 1069 5262 soldano
1095 5186 1232 5261 Iconii
1261 5186 1374 5258 viam
1402 5199 1640 5282 agnoscere
1666 5175 1874 5278 veritatis,

337 5341 503 5405 Dilectum
524 5339 626 5402 lilium
648 5338 828 5402 Iohannem
851 5336 1009 5416 Gabram,
1034 5335 1271 5414 Christianum,
1295 5334 1398 5396 virum
1421 5330 1620 5416 sapientem,
1649 5323 1820 5412 providum
1843 5331 1877 5389 et

228 5447 418 5525 discretum,
440 5442 591 5506 nuntium
614 5448 716 5522 tuum,
739 5448 773 5507 et
795 5442 934 5520 litteras,
959 5461 1039 5524 quas
1063 5438 1158 5503 nobis
1181 5458 1240 5524 per
1263 5437 1369 5521 ipsum
1386 5432 1527 5516 dirigere
1550 5429 1714 5509 curavisti,
1736 5429 1877 5493 letanter

572 5601 1021 5610 --·-......—....-.--.‚-...-a-.-—.
1028 5601 1169 5606 ——-.--
1182 5599 1235 5604 --..-.
1243 5599 1284 5602 ---
1293 5597 1410 5604 ...——-—
1418 5595 1490 5600 —-·---
1674 5591 1688 5596 =-
1700 5591 1731 5596 --·
1749 5590 1771 5595 -·

336 5707 358 5772 ¹)
376 5707 438 5758 mihi
456 5703 542 5772 Rapa.
624 5703 647 5768 b)
666 5720 702 5752 aa
719 5703 879 5770 proximum?
