4448 6420
816 397 1016 456 EPISTOLAE
1033 394 1222 458 SELECTAE.
1258 394 1333 450 1226.

608 615 872 708 Rectoribus
898 615 1228 689 communitatis
1254 612 1527 688 Lombardie.

352 763 434 830 Cum
457 765 544 830 inter
565 767 674 832 varias
703 765 941 831 sollicitudines
970 771 1004 830 et
1033 765 1264 852 occupationes
1294 765 1483 830 innumeras
1506 769 1539 828 et
1560 762 1754 843 immensas,
1777 760 1894 847 quibus

242 869 394 954 angimur
417 871 503 934 ultra
525 869 623 950 vires,
646 870 818 955 urgentius
842 869 1036 954 cogitemus,
1059 869 1201 952 qualiter
1222 868 1396 933 miserator
1410 866 1571 932 Dominus
1594 866 1790 929 miscreatur
1806 862 1893 949 Syon

243 977 277 1035 et
297 970 488 1052 Ierusalem,
512 973 545 1036 in
568 995 633 1058 qua
656 974 828 1038 nobiscnm
849 972 1003 1058 dignatus
1026 978 1077 1037 est
1100 973 1228 1059 operari
1252 973 1420 1052 salntcm⁸,
1445 976 1609 1036 restauret
1631 970 1715 1034 sicut
1737 990 1757 1032 a
1778 967 1894 1032 dicbus

177 1096 189 1132 a
242 1076 399 1161 antiquis,
426 1076 598 1141 liberando
621 1076 777 1142 videlicet
804 1077 1039 1141 terramillam
1069 1075 1109 1140 dc
1132 1075 1282 1140 manibus
1311 1095 1512 1162 paganorum
1536 1080 1570 1139 ct
1596 1071 1798 1137 restituendo
1823 1091 1894 1136 eam

242 1179 343 1243 cultui
366 1177 568 1260 Christiano,
602 1175 721 1265 quamb
745 1181 877 1266 proprio
901 1180 1059 1268 sanguine
1082 1178 1247 1244 dedicavit
1270 1180 1392 1266 ipsius,
1423 1184 1554 1266 oportet
1581 1199 1641 1243 nos
1665 1197 1760 1243 omne
1782 1177 1894 1242 obsta·

242 1283 368 1365 culum,
399 1289 554 1369 quantum
578 1284 611 1348 in
633 1285 728 1348 nobis
751 1283 869 1359 fuerit,
894 1304 1079 1362 removere,
1101 1283 1370 1368 impedimentum
1393 1281 1521 1347 auferre
1544 1287 1578 1346 et
1602 1282 1735 1347 suborta
1759 1287 1894 1346 conten·

242 1387 340 1451 tionis
371 1388 541 1453 materiam
570 1393 750 1473 amputare.
803 1384 885 1450 (lum
913 1387 1024 1471 itaque
1052 1387 1138 1452 inter
1164 1387 1367 1452 carissimum
1394 1387 1428 1449 in
1456 1384 1588 1449 Christo
1616 1385 1720 1448 filium
1746 1391 1894 1449 nostrum

242 1488 455 1570 Fridericum,
478 1489 700 1555 Romanorum
724 1490 957 1575 imperatorem
979 1490 1139 1555 illustrem
1163 1512 1294 1577 semper
1316 1494 1489 1575 auguratum
1514 1493 1547 1552 et
1569 1508 1680 1572 regem
1704 1485 1832 1568 Sicilie,
1856 1506 1894 1552 ac

167 1621 191 1658 ιο
243 1613 301 1657 ros
330 1613 451 1679 nuper,
481 1593 613 1657 inimico
641 1593 774 1658 homine
803 1593 986 1658 seminante
1013 1593 1152 1674 zizania,
1181 1593 1343 1659 discordie
1374 1593 1440 1657 sint
1470 1591 1621 1672 suborto,
1650 1597 1684 1656 et
1706 1590 1792 1656 inter
1813 1590 2061 1654 alienamus.

242 1696 427 1783 provincias
456 1696 580 1761 nomini
604 1695 792 1761 Christiano
815 1696 980 1761 subiectas
1010 1697 1219 1782 magnificum
1250 1700 1401 1784 speretur
1422 1717 1442 1760 a
1463 1695 1557 1760 vobis
1579 1693 1738 1759 auxilium
1761 1715 1893 1759 succur-

244 1800 294 1864 sui
316 1799 418 1865 Terre
442 1798 579 1880 Sancte,
615 1801 642 1865 si
664 1799 808 1865 Domino
839 1800 981 1864 faciente
1004 1800 1169 1865 intervos
1193 1798 1368 1865 eoncordia
1396 1799 1605 1880 reformetur,
1634 1804 1706 1864 ete
1730 1798 1894 1862 contrario

242 1903 397 1968 timeatur
412 1904 483 1970 eius
499 1905 660 1990 promotio
676 1904 838 1990 impediri,
864 1905 892 1968 si
908 1925 973 1991 pax
991 1925 1055 1969 non
1070 1904 1169 1969 fuerit
1185 1904 1371 1982 reformata,
1395 1902 1530 1989 expedit
1552 1901 1648 1966 nobis
1671 1907 1738 1966 tarn
1760 1908 1895 1989 propter

242 2005 404 2090 predicta,
434 2014 468 2072 et
491 2009 589 2072 etiam
613 2008 690 2092 quia
712 2009 790 2073 licet
813 2007 1085 2072 insufficientibus
1109 2007 1236 2072 meritis
1259 2007 1347 2071 illius
1372 2007 1472 2070 simus
1496 2005 1607 2070 vicarii
1630 2005 1816 2087 constituti,
1839 2005 1895 2091 qui

167 2135 191 2171 n.
243 2109 395 2195 pacificos
425 2110 490 2176 Dei
518 2111 602 2174 filios
635 2110 815 2174 nominavit
843 2117 877 2174 et
912 2109 1014 2196 pedes
1051 2111 1346 2196 evangelizantium
1376 2129 1491 2196 pacem
1521 2108 1673 2194 pulchros
1702 2108 1895 2194 prophetica
1908 2093 2054 2198 {gffijlg

241 2232 323 2277 voce
351 2212 452 2295 dixit,
485 2213 528 2277 ad
551 2212 729 2278 sedandam
761 2213 960 2278 discordiam
987 2221 1021 2278 et
1049 2213 1148 2277 corda
1174 2220 1285 2278 vestra
1315 2213 1347 2276 in
1377 2212 1506 2277 vinculo
1535 2212 1627 2298 pacis
1651 2219 1684 2277 et
1711 2212 1746 2275 in
1768 2211 1894 2276 unitate

242 2315 375 2400 spiritus
398 2314 540 2382 uniendo
565 2316 671 2382 modis
701 2315 819 2401 quibus
848 2338 1024 2402 possumus
1052 2315 1212 2382 laborare.
1257 2315 1352 2380 Nunc
1373 2320 1483 2380 autem
1512 2337 1585 2380 cum
1608 2314 1694 2380 idem
1717 2315 1896 2401 imperator

242 2439 285 2482 ex
307 2419 483 2484 devotione
508 2441 573 2506 qua
595 2423 729 2484 tenetur
752 2421 905 2502 ecclesie,
929 2443 967 2485 ac
982 2420 1147 2485 desiderio
1163 2441 1227 2505 quo
1249 2419 1373 2506 aspirat
1394 2418 1436 2482 ad
1451 2418 1630 2484 subsidium
1646 2419 1748 2485 Terre
1765 2419 1894 2500 Sancte,

242 2543 340 2608 super
363 2522 538 2588 concordia
560 2524 727 2589 intervos
753 2531 787 2589 et
810 2524 956 2589 fautores
979 2531 1107 2589 vestros
1138 2546 1181 2589 ex
1209 2530 1301 2609 parte
1324 2544 1389 2588 una
1412 2529 1446 2588 et
1476 2523 1582 2610 ipsum
1605 2544 1648 2589 ex
1670 2524 1773 2588 altera
1794 2523 1893 2588 refor-

164 2658 191 2696 so
243 2625 362 2691 manda
384 2648 541 2713 persnas
564 2628 693 2692 litteras
718 2632 751 2692 et
773 2629 996 2692 venerabilem
1018 2628 1152 2693 fratrem
1175 2633 1322 2692 nostrum
1347 2677 1354 2692 .
1378 2625 1571 2712 ‚Reginum
1594 2626 1894 2713 archiepiscopum¹

242 2737 276 2794 et
298 2730 437 2796 dilectos
460 2732 546 2795 filios
571 2784 577 2797 .
602 2779 610 2794 .
634 2731 826 2816 magistrum
858 2731 974 2796 domus
1006 2738 1119 2798 sancte
1142 2731 1246 2796 Mario
1269 2728 1545 2796 Teutonicorum²
1568 2737 1602 2795 et
1623 2731 1663 2795 R.
1686 2729 1766 2795 iuris
1790 2729 1894 2795 civilis

242 2833 472 2920 professorem,
496 2855 577 2919 quos
600 2834 642 2899 ad
665 2841 810 2899 nostram
832 2836 1038 2921 presentiam
1061 2842 1196 2923 propter
1218 2835 1279 2900 hoc
1304 2835 1491 2921 specialiter
1513 2833 1701 2915 destinarit,
1723 2839 1834 2900 nostre
1858 2855 1894 2899 se

242 2937 452 3024 supposuerit
467 2937 674 3024 beneplacito
691 2938 880 3016 voluntatis,
906 2939 987 3004 dans
1002 2939 1231 3004 nichilominus
1247 2938 1411 3003 universis
1427 2937 1496 3002 suis
1514 2937 1666 3003 fidelibus
1688 2959 1748 3024 per
1768 2937 1895 3002 litteras

242 3040 391 3128 proprias
415 3040 448 3104 in
470 3040 651 3122 mandatis,
678 3046 715 3105 ot
745 3041 856 3106 nullus
885 3042 1012 3128 aliquos
1035 3048 1181 3109 vestrum
1213 3063 1272 3128 pro
1299 3040 1485 3106 huiusmodi
1509 3040 1682 3106 concordia
1704 3040 1746 3105 ad
1774 3041 1896 3107 curiam

166 3173 191 3210 ar
243 3144 430 3210 laborantes
447 3144 640 3230 perturbare
654 3151 853 3230 presumat0,
877 3152 929 3210 set
952 3147 1001 3211 eis
1018 3148 1127 3233 potins
1151 3147 1184 3210 in
1209 3145 1314 3211 eundo
1337 3152 1371 3211 et
1386 3145 1554 3211 redeundo
1570 3167 1720 3212 securum
1743 3145 1896 3212 ducatum

242 3248 420 3335 impendat,
444 3249 528 3313 sicut
551 3270 594 3313 ex
616 3254 729 3313 tenore
746 3249 928 3313 litterarum
952 3250 1106 3335 ipsarum,
1130 3270 1215 3333 quas
1238 3249 1332 3313 vobis
1349 3248 1529 3335 dirigimus,
1552 3249 1721 3316 attendere
1744 3250 1896 3336 poteritis

243 3352 432 3418 manifeste:
465 3373 618 3438 rogamus
649 3352 749 3437 igitur
774 3353 1023 3418 universitatem
1052 3360 1195 3420 vestram
1224 3359 1258 3418 et
1284 3353 1451 3417 hortamur
1478 3353 1512 3416 in
1541 3352 1699 3434 Domino,
1728 3375 1788 3440 per
1816 3375 1896 3442 apo-

244 3457 360 3522 stoliea
382 3455 476 3520 vobis
499 3456 622 3541 scripta
637 3455 841 3536 mandantes,
864 3457 1017 3541 quatinus
1040 3458 1074 3521 in
1096 3457 1182 3522 festo
1199 3455 1352 3520 Omnium
1369 3454 1563 3521 Sanctorum
1585 3457 1735 3543 proximo
1758 3463 1895 3523 venturo

244 3560 370 3646 aliquos
393 3559 480 3624 viros
503 3558 692 3645 prudentes,
715 3560 940 3626 universitatis
963 3563 1093 3628 nomine
1117 3561 1157 3626 ad
1180 3559 1404 3647 recipiendum
1425 3559 1613 3625 mandatum
1634 3566 1781 3626 nostrum
1805 3560 1895 3626 sufli-

169 3695 172 3706 ·
246 3663 372 3728 cienter
394 3663 588 3743 instructos,
621 3684 720 3749 super
742 3663 830 3729 dicta
853 3664 1027 3730 eoncordia
1047 3664 1198 3731 facienda
1221 3670 1255 3729 et
1285 3664 1376 3744 aliis,
1406 3685 1469 3748 que
1492 3663 1535 3728 ad
1556 3685 1671 3749 pacem
1695 3671 1729 3730 et
1751 3664 1895 3749 quictem

243 3766 345 3830 totius
377 3772 485 3832 vestre
517 3767 683 3852 provincie
713 3768 880 3854 pertinere
912 3774 1098 3850 noscantur,
1130 3767 1170 3833 ad
1202 3774 1348 3832 nostram
1376 3767 1575 3853 presentiam
1608 3766 1796 3848 destinetis,
1831 3788 1896 3831 non

244 3868 452 3935 attendentes
475 3869 562 3955 quod
591 3870 687 3935 istius
721 3870 884 3937 discordie
914 3873 1039 3938 lentum
1065 3872 1195 3937 videtur
1224 3873 1298 3937 ess'e
1328 3870 1538 3957 principium,
1572 3871 1662 3956 quia,
1695 3871 1722 3935 si
1751 3871 1896 3957 peccatis

245 3972 455 4058 exigentibus
471 3980 642 4059 augeatur,
667 3975 750 4039 sicut
771 3975 857 4060 ignis
875 3975 909 4038 in
929 3976 1089 4063 principio
1107 3977 1235 4056 leniter,
1260 3997 1332 4040 cum
1353 3974 1545 4040 difficultate
1565 3979 1675 4039 tamen
1695 3975 1898 4060 extinguitur

245 4096 287 4140 ex
314 4077 515 4163 putrefacto,
546 4078 592 4142 sic
621 4077 707 4163 ipsa,
737 4078 801 4142 nisi
830 4079 1000 4165 principiis
1028 4079 1194 4160 obvietur,
1229 4100 1294 4143 non
1321 4084 1434 4164 posset
1461 4077 1532 4143 sine
1562 4077 1715 4163 gravibus
1747 4076 1897 4164 dampnis

168 4212 193 4250 a
246 4200 364 4261 rerum,
381 4201 553 4267 corporum
569 4182 725 4267 periculis
742 4189 777 4247 et
789 4183 970 4247 animarum
985 4182 1165 4269 dispendiis
1186 4182 1373 4246 ammoneri.
1412 4180 1603 4246 Mandatum
1624 4187 1734 4246 autem
1749 4189 1897 4246 nostrum

244 4281 291 4346 sic
307 4284 448 4348 sollicite
466 4305 504 4349 ae
524 4285 702 4351 efficaciter
720 4285 900 4372 adimplere
920 4287 1053 4367 curetis,
1075 4293 1112 4350 ut
1129 4286 1298 4372 provincia
1309 4292 1429 4364 vestra,
1452 4305 1548 4371 quam
1567 4291 1702 4371 propter
1720 4285 1898 4350 eminentia

244 4387 433 4452 meritorum
456 4387 612 4474 suffragia
631 4390 812 4474 magnifice,
837 4390 988 4476 quotiens
1005 4410 1142 4472 necesse
1166 4389 1274 4470 fuerit,
1297 4387 1500 4474 disponimus
1521 4389 1691 4470 honorare,
1714 4387 1755 4453 de
1777 4388 1897 4453 virtute

244 4489 277 4552 in
300 4489 452 4556 virtutem
476 4513 606 4578 semper
627 4514 820 4559 accrescens
849 4515 909 4579 per
938 4493 1085 4579 singulos
1107 4492 1179 4558 dies
1202 4492 1307 4578 magis
1330 4491 1484 4558 reddatur
1505 4492 1539 4556 in
1561 4492 1682 4557 nostris
1707 4499 1740 4558 et
1762 4493 1897 4557 fratrum

244 4599 428 4659 nostrorum
452 4596 555 4660 oculis
578 4597 732 4682 gratiosa.

168 4743 193 4783 ro
352 4714 428 4779 Dat.
451 4713 605 4781 Lateran.
870 4773 1280 4781 „m

1027 5016 1113 5089 310.

353 5104 542 5203 Honorius
563 5135 629 5203 ΙΙΙ
652 5158 739 5219 papa
760 5136 1000 5224 [chdornino]
1028 5137 1230 5217 Placentino,
1263 5137 1451 5223 [Ottobcllo]
1472 5137 1635 5204 namursi
1665 5141 1694 5203 ef
1722 5135 1899 5222 [Groar'oc]

244 5240 413 5306 Parmensi
434 5241 584 5322 episcopis
604 5240 748 5320 nanda,
779 5245 815 5306 at
839 5244 970 5306 ractores
1001 5241 1156 5307 societatis
1177 5240 1386 5306 Lambardiac
1411 5239 1455 5308 ad
1480 5241 1665 5308 modelam
1691 5259 1783 5305 saum
1799 5239 1898 5322 perfi-

243 5346 386 5410 ciendam
407 5349 570 5426 monceau
592 5344 630 5426 cf.
653 5364 685 5410 n.
708 5346 783 5410 309.
1363 5346 1457 5424 1226,
1480 5344 1566 5424 Sept.
1581 5344 1726 5409 -iaitio
1749 5341 1813 5406 Oct.

347 5466 420 5521 Hon.
439 5467 495 5519 ΙΙΙ
508 5464 576 5534 Ray.
594 5463 656 5520 lat.
675 5463 731 5528 XI,
750 5467 815 5518 389.

168 5733 193 5772 m
350 5711 372 5774 ¹)
391 5712 480 5764 saltem
499 5711 530 5762 a.
598 5708 622 5775 a)
641 5711 685 5776 qni
705 5709 736 5760 R.
801 5709 822 5772 ι’)
841 5719 993 5776 presumunt
1012 5709 1043 5762 li.
1253 5707 1279 5773 l)
1298 5704 1467 5770 Insanum,
1537 5704 1564 5770 2)
1582 5703 1780 5758 Hermonem.

1639 5799 1693 5852 30*
