4448 6420
732 339 932 395 EPISTOLAE
949 341 1139 396 SELECTAE.
1176 342 1251 396 1224.
1761 347 1820 410 183

167 511 273 597 ipsum
296 513 527 598 imperatorem
551 513 728 594 accedens,
753 516 859 601 ipsum
884 523 1032 580 moneret
1057 515 1235 580 efficaciter
1259 522 1292 579 et
1317 514 1485 581 induceret
1508 516 1548 580 ad
1571 518 1666 604 plene
1689 519 1822 583 restitu-

168 615 286 679 endum
321 618 511 702 episcopum
547 617 783 704 supradictum,
820 640 883 703 quo
918 620 1070 682 restituto
1103 621 1250 705 plenarie
1285 627 1319 684 et
1349 621 1553 704 corporalem
1583 643 1620 685 ac
1653 622 1822 707 pacifica-m

168 721 412 804 possessionem
447 720 581 806 adepto,
621 722 648 784 si
683 721 823 800 videret,
858 721 944 806 quod
978 722 1066 786 idenr
1101 725 1276 809 episcopus
1313 724 1430 786 merito
1460 728 1563 802 esset,
1597 732 1694 810 prout
1728 726 1822 790 nobis

169 831 359 907 suggestum
383 824 499 902 suerat,
524 823 564 889 de
588 825 823 912 dilapidatione
849 833 1032 913 suspectus,
1058 828 1163 890 virum
1185 826 1357 914 providum
1382 833 1415 891 et
1438 826 1611 891 honesturn
1635 828 1823 914 provideret

171 927 394 992 coadiutorem
418 927 536 1008 eidem,
560 929 630 992 sine
655 931 746 993 cuius
771 931 910 994 consilio
935 931 1035 994 nichil
1059 953 1172 995 eorum
1195 931 1329 1010 faceret,
1353 952 1416 1015 que
1440 929 1480 993 ad
1497 932 1822 997 amministrationem

170 1033 337 1117 pertinent
371 1033 603 1119 temporalem,
638 1054 807 1117 quousque
840 1035 979 1098 veritate
1012 1044 1178 1120 comperta
1214 1035 1409 1098 duceremus
1446 1035 1543 1098 aliter
1576 1035 1822 1122 providendum,

169 1137 298 1200 interim
324 1157 419 1199 omne
436 1135 645 1198 alienationis
662 1158 767 1220 genus
792 1159 904 1200 eorum
927 1139 1056 1222 utrique
1073 1139 1266 1202 auctoritate
1288 1145 1400 1201 nostra
1416 1136 1596 1202 districtius
1613 1140 1822 1205 interdicens.

169 1240 270 1304 Porro
294 1238 381 1302 idem
405 1239 670 1325 archiepiscopus
695 1243 840 1326 corporis
856 1241 1044 1306 infirmitate
1068 1250 1221 1326 gravatus
1247 1242 1409 1306 commisit
1432 1243 1465 1304 iu
1481 1241 1668 1306 huiusmodi
1690 1245 1822 1328 negotio

171 1344 259 1408 vices
288 1364 365 1406 suas
397 1343 501 1427 primo
533 1391 571 1406 ..
606 1343 717 1406 abbati
747 1343 857 1408 Sancti
888 1345 1028 1430 Spiritus
1063 1345 1103 1410 de
1133 1345 1295 1410 Panormo
1329 1367 1366 1408 ac
1398 1344 1516 1409 deinde
1547 1398 1552 1410 .
1580 1397 1586 1411 .
1617 1347 1822 1411 thesaurario

116 1475 119 1496 ·
171 1447 360 1524 Cusentino,
384 1466 521 1529 quorum
543 1466 717 1530 processus
741 1448 836 1511 nobis
854 1448 1018 1512 exhibitos
1043 1448 1083 1513 de
1107 1449 1242 1512 fratrum
1259 1456 1444 1513 nostrorum
1467 1449 1601 1512 consilio
1623 1450 1823 1513 cassavimus

168 1551 294 1614 iustitia
317 1549 482 1632 exigente,
506 1549 582 1632 quia
597 1548 751 1614 videlicet
774 1558 808 1616 et
829 1551 930 1615 abbas
948 1559 1060 1616 contra
1076 1551 1221 1615 mandati
1237 1553 1341 1616 nostri
1357 1559 1504 1615 tenorem
1529 1549 1570 1613 ad
1586 1551 1822 1637 inquirendum,

169 1661 277 1718 utrum
301 1652 341 1716 de
358 1651 591 1738 dilapidatione
616 1661 786 1738 suspectus
811 1661 901 1718 esset
923 1655 1108 1741 episcopus,
1132 1677 1171 1720 eo
1194 1677 1258 1718 non
1283 1656 1435 1718 restituto
1458 1655 1637 1739 processit,
1662 1661 1694 1720 et
1717 1657 1823 1721 arehi-

170 1757 344 1842 episcopus
367 1758 454 1842 ipso,
485 1776 557 1818 enm
589 1756 652 1818 iam
677 1778 735 1820 suo
759 1756 889 1821 functus
914 1764 1002 1821 esset
1027 1758 1150 1837 officio,
1181 1757 1268 1821 dicto
1293 1757 1402 1821 abbati
1427 1757 1659 1822 committendo
1682 1759 1715 1822 in
1739 1759 1823 1824 inte-

170 1881 260 1944 grum
293 1859 381 1922 vices
419 1880 494 1922 suas
530 1857 713 1922 huiusmodi
751 1861 917 1943 negotium
960 1860 1108 1945 predicto
1147 1861 1349 1925 thesaurario
1382 1881 1448 1923 non
1479 1862 1585 1945 potuit
1614 1861 1823 1928 demandare.

116 1984 125 2017 s
171 1963 315 2046 Ideoque
339 1961 535 2025 fraternitati
559 1969 668 2026 vestre
692 1985 750 2048 per
772 1964 954 2048 apostolica
978 1964 1099 2048 scripta
1122 1964 1331 2044 nrandamuS,
1355 1963 1518 2048 quatinus,
1541 1971 1714 2049 postquam
1737 1965 1823 2030 idem

171 2066 344 2152 episcopus
378 2064 478 2127 fuerit
511 2065 658 2149 plenarie
693 2066 880 2146 restitutus,
915 2068 943 2129 si
978 2087 1052 2131 eum
1084 2065 1232 2130 videritis
1265 2089 1338 2130 esse
1370 2067 1487 2131 merito
1520 2067 1559 2131 de
1591 2066 1823 2154 dilapidatione

173 2175 376 2255 suspectum,
408 2166 515 2230 eidem
543 2167 769 2232 coadiutorem
798 2168 999 2254 provideatis
1029 2169 1132 2233 virum
1161 2169 1333 2255 providum
1362 2175 1394 2233 et
1417 2168 1607 2250 honestum,
1637 2173 1708 2235 sine
1731 2172 1823 2236 ouius

173 2271 306 2338 consilio
342 2269 441 2334 nichil
477 2291 605 2348 eorum,
642 2292 704 2356 que
736 2270 777 2335 ad
808 2271 1023 2358 temporalem
1055 2272 1381 2336 amministrationem
1415 2273 1594 2358 pertinent,
1629 2280 1823 2361 attemptare

173 2382 354 2463 presumat,
384 2393 553 2459 quousque
581 2375 719 2438 veritate
749 2382 916 2461 comperta
945 2377 1166 2440 curaverimus
1197 2377 1293 2440 aliter
1321 2375 1504 2463 providere.
1548 2375 1685 2441 Interim
1713 2386 1824 2442 autern

90 2496 111 2532 ι’·
176 2503 266 2545 omne
291 2478 498 2544 alienationis
522 2499 626 2562 genus
650 2500 762 2543 eorum
785 2481 915 2565 utrique
939 2480 1132 2543 auctoritate
1157 2486 1269 2544 nostra
1291 2479 1493 2544 interdicatis
1517 2502 1684 2565 expresse.

277 2599 354 2663 Dat.
377 2597 529 2662 Lateran,
554 2597 603 2663 VI
626 2598 675 2662 Id.
698 2597 785 2681 Iulii,
809 2621 893 2665 anuo
918 2607 1041 2664 octavo·

958 3296 1043 3368 u57.

281 3424 470 3517 Honorius
506 3452 572 3516 III
600 3475 694 3534 papa
726 3453 965 3538 [Gerlardurn]
996 3453 1260 3533 archiepiscopum
1293 3452 1495 3516 Bremeascm
1531 3451 1704 3531 vituperat,
1744 3451 1826 3532 qood

178 3559 303 3622 vassalli
323 3557 391 3620 cios
411 3557 530 3638 aliique
552 3577 620 3621 cum
648 3557 849 3622 Woldcmaro
870 3561 1014 3638 apostata
1037 3557 1193 3622 coniuncti
1214 3576 1344 3637 requam
1365 3554 1496 3620 Daciae
1518 3556 1702 3620 invaserint,
1786 3569 1788 3574 '

1486 3678 1579 3752 1224,
1602 3674 1665 3738 Iol.
1688 3681 1738 3738 31,

276 3763 352 3816 Hori.
371 3765 422 3814 ΙΙΙ
444 3762 509 3828 Ray.
532 3761 590 3814 Vol.
614 3761 643 3823 V,
662 3766 688 3824 2,
709 3766 741 3826 3,-
760 3761 822 3814 Lib.
842 3761 897 3825 IX,
920 3765 944 3814 7.

274 3848 412 3912 Poltlmst,
431 3847 500 3918 Rrg.
521 3851 599 3902 7292.

655 4084 663 4100 .
694 4081 701 4095 .
730 4025 1068 4117 archiepiscopo
1095 4025 1343 4100 Bremensi.

281 4178 389 4243 Grave
406 4179 550 4263 gerimus
569 4184 602 4241 et
618 4176 796 4261 indignum,
821 4174 907 4262 quod
924 4197 996 4240 cum
1013 4176 1072 4239 tibi
1090 4174 1275 4239 dederimus
1291 4175 1324 4238 in
1340 4172 1515 4252 mandatis,
1538 4192 1579 4238 ne
1596 4172 1826 4236 liberationem

179 4282 339 4347 karissimi
362 4283 395 4346 in
419 4281 550 4345 Christo
578 4281 637 4345 lilii
665 4281 766 4344 nostri
790 4279 994 4343 Waldemari
1016 4278 1114 4342 Datie
1141 4280 1228 4363 regis
1256 4278 1391 4342 illustris
1420 4285 1453 4342 et
1482 4277 1541 4341 lilii
1573 4277 1644 4341 eins
1667 4275 1826 4363 impedire

180 4395 230 4450 aut
259 4407 398 4471 regnum
427 4386 499 4449 eius
527 4385 684 4448 infestare
721 4403 945 4468 presumeres,
980 4388 1032 4462 tu,
1066 4382 1149 4445 sicut
1179 4381 1378 4466 accepimus,
1416 4380 1569 4445 mandato
1602 4385 1715 4443 nostro
1748 4400 1826 4443 oon-

179 4497 299 4578 tempto
329 4488 486 4575 quosdam
512 4488 671 4552 vassallos
702 4495 775 4550 tuos
813 4491 846 4548 et
881 4485 962 4548 alios
995 4492 1051 4549 tue
1087 4484 1229 4549 diocesis
1260 4483 1471 4549 Waldemaro
1505 4481 1645 4548 nefando
1678 4487 1827 4568 apostate

179 4593 318 4672 sociasti,
342 4615 415 4656 cum
439 4593 557 4678 quibus
580 4590 744 4654 hostiliter
766 4609 902 4672 regnum
926 4588 1034 4673 ipsum
1057 4587 1226 4668 invadens,
1250 4586 1415 4651 destructo
1438 4587 1471 4650 in
1494 4607 1534 4650 eo
1557 4585 1697 4671 quodam
1721 4591 1828 4648 castro

179 4697 334 4782 quosdam
358 4696 506 4760 homines
530 4696 633 4781 ipsius
657 4694 749 4777 regni
766 4691 885 4755 occidit
908 4700 942 4755 et
965 4691 1123 4776 quosdam
1149 4691 1272 4754 carceri
1295 4690 1503 4775 mancipavit.
1542 4689 1586 4752 Et
1609 4689 1685 4773 quis
1707 4688 1827 4752 nobilis

180 4801 223 4864 vir
246 4822 357 4864 comes
380 4800 547 4879 Albertus,
571 4800 623 4863 cui
646 4805 696 4862 est
718 4797 821 4860 tutela
843 4795 921 4859 dicti
944 4796 1037 4880 regni
1061 4797 1245 4875 commissa,
1267 4795 1394 4880 punivit
1417 4791 1586 4878 quosdam,
1609 4813 1668 4877 per
1692 4811 1828 4876 quorum

180 4904 396 4988 proditionem
428 4911 571 4966 castrum
604 4902 710 4987 ipsum
744 4899 854 4964 extitit
883 4906 1093 4984 occupatum,
1127 4905 1162 4962 tu
1191 4899 1362 4962 occasione
1391 4894 1576 4960 huiusmodi
1602 4893 1689 4959 dicto
1719 4893 1830 4957 comiti

180 5008 285 5088 gravis
310 5013 343 5070 ct
367 5007 524 5070 molestus
548 5006 681 5084 existis,
712 5002 937 5068 comminando
967 5009 999 5066 te
1029 5003 1169 5066 laturum
1199 5001 1396 5065 sententiam
1427 4996 1772 5063 excommunicationis
1796 4995 1827 5057 in

181 5111 292 5197 ipsum.
339 5109 510 5174 lllonemus
546 5109 646 5193 igitur
679 5108 914 5172 fraternitatem
950 5115 1038 5170 tuam
1072 5113 1105 5171 et
1137 5127 1196 5191 per
1230 5103 1409 5189 apostolica
1444 5101 1504 5165 tibi
1538 5101 1659 5185 scripta
1694 5098 1829 5161 firmiter

180 5213 389 5300 precipiendo
413 5212 620 5286 mandamus,
652 5213 804 5297 quatinus
833 5209 873 5274 ab
900 5209 1045 5274 indebita
1073 5209 1176 5296 ipsius
1203 5208 1298 5292 regni
1325 5215 1358 5270 et
1385 5205 1571 5291 specialiter
1600 5202 1677 5267 dicti
1701 5201 1829 5266 comitis

181 5318 407 5383 molestatione
440 5315 580 5381 desistas
609 5337 670 5380 nec
698 5314 758 5378 sub
787 5314 974 5378 velamento
1007 5311 1192 5376 huiusmodi
1222 5311 1329 5396 ipsum
1363 5330 1500 5394 regnum
1535 5315 1591 5373 aut
1625 5326 1735 5390 regern
1771 5325 1829 5368 seu

184 5423 343 5507 prefatum
372 5419 523 5485 comitem
551 5419 778 5506 persequaris,
811 5424 862 5480 set
891 5417 919 5480 si
949 5415 1053 5480 habes
1081 5415 1239 5480 adversus
1268 5435 1325 5478 eos
1353 5412 1478 5497 aliquid
1505 5408 1702 5496 questionis,
1737 5428 1830 5472 cures

182 5547 242 5590 non
265 5524 432 5589 violentiis
456 5529 506 5588 set
528 5522 712 5586 actionibus
736 5518 889 5604 experiri,
913 5540 996 5598 cunr,
1026 5519 1109 5582 sicut
1132 5518 1214 5581 alias
1238 5518 1412 5604 scripsisse
1437 5515 1495 5580 tibi
1518 5513 1703 5590 recolimus,
1726 5510 1831 5596 parati

186 5631 281 5696 simus
306 5630 416 5696 facere
438 5628 498 5694 tibi
523 5627 672 5694 exhiberi
694 5625 818 5690 iustitie
843 5622 1128 5710 complementum.
1179 5621 1249 5687 Nos
1274 5622 1360 5686 onim
1384 5619 1499 5685 damus
1525 5667 1532 5681 .
1556 5667 1564 5682 .
1587 5614 1697 5681 abbati
1720 5613 1832 5678 Sancti
