4448 6420
417 419 476 478 164
999 409 1046 463 EX
1065 406 1221 463 Hououu
1239 403 1279 458 111
1296 403 1477 459 uncturae

414 586 592 673 imperialis
622 585 778 650 decenter
805 584 998 664 humilians,
1027 580 1069 646 ad
1096 579 1269 645 consilium
1301 583 1447 643 nostrum
1478 585 1512 644 et
1539 579 1674 643 fratrum
1704 584 1890 642 nostrorum
1919 576 2060 642 nobilem

413 689 583 754 mulierem
611 689 637 753 Ι.
668 695 778 753 natam
812 689 974 753 carissimi
1007 688 1041 750 in
1070 684 1199 749 Christo
1229 683 1287 747 filii
1317 683 1421 746 nostri
1447 683 1473 747 I.
1510 684 1646 748 illustris
1683 681 1771 767 regis
1808 682 2061 746 Ierosolimitani

413 792 598 856 affidaveris
621 792 752 878 publice
776 793 810 856 in
831 813 986 856 uxorem:
1015 811 1093 870 nos,
1117 785 1251 874 provide
1276 785 1484 851 attendentes
1508 785 1594 872 quod
1617 791 1707 850 tanta
1728 806 1799 866 res,
1827 806 1889 870 que
1917 785 2060 849 noscitur

411 895 637 981 principaliter
663 894 729 959 Dei
758 916 848 977 esse,
885 915 950 959 non
981 899 1051 957 erat
1078 890 1311 976 impedimento
1348 890 1456 975 aliquo
1486 888 1694 970 retardanda,
1723 887 1782 951 sed
1810 887 1919 973 potius
1950 887 2059 952 favore

411 996 573 1061 benevolo
588 997 827 1083 prosequenda,
851 996 1120 1083 impedimentum
1137 993 1430 1078 consanguinitatis
1447 994 1500 1057 rel
1515 992 1693 1071 affinitatis,
1718 992 1746 1056 si
1769 990 1853 1076 quod
1874 991 2059 1067 obsisteret,

411 1107 489 1164 tunc
512 1099 716 1164 decrevimus
732 1099 1001 1179 submovendum,
1025 1104 1058 1162 et
1080 1118 1176 1178 nune,
1200 1102 1246 1176 ut,
1270 1095 1502 1160 nonobstante
1527 1094 1613 1180 quod
1635 1096 1668 1158 in
1692 1101 1807 1180 quarta
1829 1095 2060 1178 consanguini-

411 1202 488 1265 tatis
512 1202 599 1266 linea
622 1201 738 1266 eadem
759 1201 786 1268 1;
810 1202 870 1266 tibi
894 1202 1011 1266 dicitur
1033 1201 1191 1277 attinere,
1221 1199 1367 1284 legitime
1396 1198 1608 1284 copulemini,
1642 1198 1834 1261 auctoritate
1858 1199 2060 1283 presentium

411 1303 650 1392 dispensamus.
694 1304 786 1369 Nulli
809 1326 888 1390 ergo
912 1311 973 1370 etc.
995 1309 1106 1368 nostro
1130 1301 1385 1388 dispensationis
1409 1302 1597 1386 infringere.
1643 1298 1678 1363 Si
1701 1301 1773 1384 quis
1796 1306 1907 1365 autern
1932 1308 1993 1366 etc.

517 1423 593 1487 Dat.
619 1422 743 1508 Signis,
765 1423 849 1487 Non.
873 1423 959 1508 Aug.
983 1422 1192 1509 pontificatus
1215 1421 1319 1486 nostri
1341 1441 1426 1484 anuo
1451 1426 1574 1485 octavo.

1195 1887 1281 1961 a35.

521 2000 710 2096 Honoras
722 2031 884 2111 rrrpapa
897 2029 1074 2114 [samoe]
1088 2029 1226 2110 eseam
1242 2028 1464 2093 Terracinae
1485 2027 1593 2093 soter
1613 2027 1650 2091 a
1671 2025 1754 2107 saca
1773 2028 1882 2110 aalma
1905 2030 2062 2096 russurr-

411 2152 508 2214 orum,
525 2153 585 2214 pro
605 2154 666 2215 quc
686 2133 887 2218 F[riderico]
907 2132 1122 2197 Rornanorum
1144 2132 1325 2212 Imperatori
1345 2131 1557 2213 firleiussorem
1579 2150 1610 2196 se
1633 2131 1785 2196 statuerit.

515 2302 590 2358 non.
608 2306 663 2356 ΠΙ
676 2303 744 2374 neq.
769 2303 825 2356 ror.
845 2304 896 2372 rr,
916 2307 961 2366 ar,
981 2305 1035 2368 aa;
1053 2301 1114 2356 lau.
1138 2300 1219 2366 ΠΗ,
1239 2304 1264 2367 e,
1282 2307 1325 2356 10.
1721 2235 1814 2313 1223,
1838 2234 1921 2318 Aap.
1946 2236 1977 2296 9.

918 2567 926 2584 .
956 2567 965 2584 .
994 2511 1204 2603 episcopo
1232 2510 1559 2585 Terracinensi.

519 2659 572 2724 Ad
602 2657 876 2745 supplicationem
903 2657 1097 2721 dilectorum
1123 2656 1280 2735 liliorum,
1313 2657 1481 2721 consulum
1513 2663 1547 2721 et
1574 2658 1687 2742 populi
1713 2657 1976 2736 Terracinensis,
2005 2679 2061 2746 pro

410 2762 497 2827 facto
532 2763 627 2846 galee
661 2761 903 2826 balistariorum
941 2760 1113 2824 karissimo
1148 2761 1182 2823 in
1211 2758 1341 2825 Christo
1374 2761 1441 2825 filio
1478 2767 1589 2825 nostro
1621 2760 1658 2824 F.
1694 2761 1812 2826 illustri
1845 2762 2063 2829 Romanorum

412 2865 602 2951 imperatori
625 2885 755 2950 semper
771 2870 909 2949 augusto
934 2869 967 2928 et
989 2864 1060 2947 regi
1078 2863 1200 2943 Sicilie,
1224 2863 1434 2928 fideiussores
1457 2887 1517 2930 nos
1533 2864 1686 2928 duximus
1707 2865 1909 2944 statuendos,
1932 2871 2065 2952 propter

412 2966 499 3051 quod
524 2989 596 3032 eam
620 2989 719 3053 super
741 2967 802 3031 hoc
826 2965 1079 3030 Terracinenses
1103 2966 1193 3051 ipsos
1216 2973 1344 3052 oportet
1367 2966 1523 3032 adbibere
1552 2970 1729 3048 cautelam,
1758 2975 1794 3032 ut
1816 2967 1977 3034 fefellisse
2000 2989 2063 3032 non

411 3068 581 3134 videamur
596 3070 826 3156 imperatorer'n
845 3068 1038 3155 predictum,
1062 3089 1167 3153 neque
1191 3069 1274 3154 ipsil
1295 3069 1553 3154 indignationem
1576 3077 1722 3134 nostram
1744 3072 1922 3153 incurrere,
1945 3078 2002 3136 aut
2023 3071 2062 3136 ab

415 3172 612 3259 imperatore
636 3173 707 3258 ipso
731 3173 859 3258 possint
880 3173 1064 3257 periculum
1086 3172 1258 3236 sustinere.
1304 3171 1399 3238 Unde
1423 3194 1482 3237 nos
1506 3172 1631 3238 eisdem
1655 3174 1781 3237 civibus
1804 3176 1925 3238 nostris
1950 3175 2060 3238 damus

412 3273 588 3362 litterisin
610 3274 788 3355 mandatis,
818 3281 855 3339 ut
885 3275 913 3338 si
943 3275 997 3360 qui
1021 3295 1153 3340 suorum
1176 3275 1312 3356 civium,
1344 3277 1400 3360 qui
1428 3275 1543 3340 fideles
1575 3283 1773 3342 mercatores
1797 3280 1941 3343 existant
1964 3287 1997 3345 ct
2024 3279 2062 3344 de

413 3375 530 3461 quibus
555 3377 686 3442 sinistra
706 3377 843 3462 suspitio
866 3398 932 3442 non
954 3378 1059 3463 possit
1081 3377 1208 3456 haberi,
1233 3378 1361 3462 galeam
1384 3398 1493 3442 emere
1515 3380 1680 3443 voluerint
1703 3380 1932 3465 supradictam,
1955 3380 2062 3460 iidem,

414 3478 588 3544 sufficienti
610 3479 651 3544 ab
676 3480 724 3545 eis
740 3481 890 3545 cautione
906 3487 1049 3566 recepta,
1074 3478 1162 3566 quod
1177 3481 1272 3564 galea
1292 3479 1408 3545 eadem
1433 3480 1473 3545 ad
1494 3480 1679 3545 balistarios
1698 3483 1831 3548 eosdem
1854 3505 1920 3548 non
1943 3483 2062 3564 redeat,

413 3586 448 3645 et
470 3580 559 3666 quod
581 3603 655 3647 eam
677 3583 776 3648 alicui
798 3582 838 3648 de
862 3604 925 3668 quo
950 3585 1059 3668 aliqua
1085 3585 1191 3670 possit
1219 3605 1292 3648 esse
1317 3585 1455 3671 suspitio
1479 3606 1545 3649 non
1568 3584 1765 3666 retendant,
1795 3607 1857 3650 nec
1881 3586 1944 3672 ipsi
1967 3607 2063 3672 super

413 3681 616 3748 Christianos
639 3685 809 3771 piraticam
831 3685 975 3749 debeant
998 3707 1170 3765 exercere,
1201 3685 1357 3773 predictis
1381 3687 1507 3751 civibus
1531 3709 1603 3751 cum
1628 3688 1763 3752 consilio
1786 3693 1843 3752 tuo
1867 3687 1965 3753 rendi
1987 3710 2059 3774 per-

412 3786 542 3851 mittant
574 3787 721 3854 eandem.
772 3786 932 3860 Quocirca
960 3787 1157 3852 fraternitati
1190 3795 1245 3852 tue
1274 3789 1410 3853 firmiter
1435 3789 1646 3876 precipiendo
1675 3789 1885 3872 mandamus,
1915 3793 2063 3876 quatinus

411 3887 474 3953 hec
499 3911 607 3954 coram
631 3889 820 3955 consulibus
843 3897 876 3955 et
899 3892 1021 3976 populo
1039 3891 1236 3978 supradictis
1260 3890 1393 3956 studeas
1415 3893 1528 3977 legere
1552 3915 1590 3957 ac
1614 3914 1780 3980 exponere
1804 3893 1990 3979 diligenter,
2013 3900 2062 3957 tu·

412 4013 475 4077 que
499 4014 572 4057 cum
596 4015 636 4058 ea
660 3995 843 4080 superbos
866 3993 1159 4081 circumspectione
1191 3994 1372 4080 procedas,
1400 4000 1438 4058 ut
1463 4017 1525 4060 nec
1554 3996 1731 4082 imperator
1762 3995 1802 4062 de
1829 3998 1925 4061 nobis
1946 3997 2064 4061 babeat

412 4096 582 4160 materiam
598 4096 818 4182 conquerendi
834 4118 894 4162 nec
908 4098 998 4163 eires
1008 4098 1264 4163 Tarracinenses
1281 4119 1414 4183 gravem
1423 4105 1557 4184 propter
1572 4099 1633 4164 hoc
1645 4098 1873 4165 difficultatem
1888 4101 2062 4165 incurrant.

521 4215 596 4280 Dat.
621 4215 746 4303 Signis,
769 4216 802 4281 V
822 4217 871 4282 ld.
894 4218 980 4304 Aug.
1005 4220 1215 4306 pontificatus
1239 4219 1342 4284 nostri
1365 4240 1450 4284 anno
1474 4226 1599 4285 octavo.

521 4333 718 4401 Consulibus
742 4343 775 4402 et
797 4340 917 4423 populo
942 4339 1172 4405 Tarracinensi
1196 4339 1237 4404 de
1262 4338 1447 4406 eademne.

397 4471 406 4486 ·
519 4454 595 4520 Dat.
618 4463 655 4522 ut
678 4479 784 4545 supra.

1034 4583 1444 4592 ...ψη-Ἣ

1193 4807 1278 4882 236.

522 4911 710 5006 Honorius
732 4943 800 5008 ΙΙΙ
810 4965 899 5026 papa
921 4945 1158 5032 F[rr'dcricum]
1177 4947 1392 5014 Rornanorm
1415 4948 1630 5030 imperatorem
1652 4953 1761 5028 monet,
1784 4954 1821 5014 ut
1842 4954 2066 5018 rrrorrastertum

410 5045 512 5109 eoacti
535 5045 711 5112 surmate
739 5047 777 5111 de
798 5047 925 5131 Lingua
953 5054 1080 5130 propter
1095 5052 1320 5130 prmustomm,
1350 5072 1445 5133 quam
1471 5053 1555 5118 iuter
1580 5052 1684 5134 ipsum
1710 5057 1740 5117 et
1761 5055 1920 5120 eeclesiam
1942 5055 2064 5120 Messo-

410 5165 536 5212 aensem
550 5169 613 5228 pro
635 5149 712 5213 boae
736 5152 829 5230 puers
849 5151 997 5231 ediderit,
1022 5157 1189 5236 praeatum
1211 5159 1430 5235 commutet,
1456 5175 1530 5220 neve
1558 5156 1663 5221 medat
1690 5157 1751 5220 sibi
1777 5178 1817 5220 ce
1847 5179 1885 5223 ea
1906 5159 2064 5222 maenas
2149 5143 2196 5188 ³³

410 5249 598 5334 dereputetur.
1716 5261 1811 5338 2223,
1836 5259 1903 5328 Oet.
1928 5265 1977 5326 14.

515 5368 588 5424 Hor.
607 5371 666 5424 III
680 5371 748 5440 Rea.
773 5373 828 5427 Vol.
847 5376 867 5426 I
870 5377 898 5440 V,
917 5378 975 5441 113,
994 5379 1057 5442 1145
1075 5375 1136 5430 Lib.
1161 5377 1240 5442 VIII,
1260 5379 1303 5431 69.

514 5455 650 5526 Porum,
668 5457 734 5528 Req.
755 5462 839 5514 7086.

518 5667 539 5733 ¹)
557 5669 625 5735 ipsos
644 5667 676 5718 R.
