4576 6390
793 395 994 450 EPISTOLAE
1011 396 1201 452 SELECTAE.
1238 397 1313 450 1234.
1825 399 1888 463 473

231 568 432 654 rescripturi.
477 567 656 632 Devotioni
683 575 793 634 vestre
828 569 928 654 igitur
961 576 1074 634 tenore
1108 569 1312 655 presentium
1345 569 1498 634 duximus
1534 571 1769 652 intimandum,
1803 570 1891 656 quod

230 671 378 756 prefatus
404 672 582 757 imperator
613 679 688 757 post
720 673 943 758 receptionem
972 672 1184 736 cardinalium
1215 672 1436 759 predictorum
1466 674 1592 754 omnia,
1623 695 1686 760 quc
1716 696 1736 739 a
1766 674 1889 738 nuntiis

232 781 346 839 contra
368 775 507 842 fomlam
528 775 618 861 pacis
641 777 771 840 fuerant
794 782 1002 862 attemptata,
1027 777 1177 862 promisit
1201 777 1366 861 corrigere
1391 783 1424 841 et
1447 777 1512 840 iarn
1535 798 1603 872 pro⁸
1618 785 1710 862 parte
1735 777 1888 842 correxit.

231 876 379 957 Adher,
404 879 479 963 quia
502 877 588 942 idem
612 879 799 964 imperator,
824 879 1035 944 considerans
1060 880 1147 964 quod
1169 903 1228 946 ros
1249 881 1410 967 speciales
1432 881 1571 944 ecclesie
1595 881 1679 944 filios
1699 887 1889 967 reputamus

232 988 266 1070 et
289 981 375 1067 quod
399 981 519 1046 offendi
544 982 614 1045 sine
639 981 765 1044 offensa
786 982 927 1046 ecclesie
947 1003 1012 1046 nou
1034 984 1179 1068 possitis,
1202 990 1307 1048 totum
1326 985 1494 1068 negotium
1509 982 1718 1064 Lombardie‚
1742 982 1888 1048 Marcbie

230 1077 269 1149 ac
297 1084 490 1149 Romaniole
520 1106 581 1170 per
613 1091 765 1171 patentes
796 1085 984 1170 imperiales
1014 1086 1140 1150 litteras
1178 1088 1380 1174 appensione
1412 1087 1502 1152 bulle
1533 1107 1632 1151 auree
1662 1087 1889 1164 communitas,

231 1209 367 1273 quarum
406 1188 636 1274 transcriptum
667 1187 759 1251 vobis
789 1188 1001 1252 interclusum
1033 1191 1244 1275 presentibus
1276 1190 1496 1270 destinamus,
1528 1190 1670 1254 ecclesie
1699 1190 1888 1276 provisioni,

232 1291 428 1356 ordinationi
451 1298 484 1356 et
513 1291 720 1386 dispositioni
750 1293 946 1372 commisit¹‚
977 1294 1169 1379 promittens
1198 1301 1364 1359 seratum
1394 1295 1483 1358 omni
1513 1300 1661 1380 tempore
1690 1293 1888 1376 habiturum,

232 1396 318 1481 quod
342 1397 427 1460 inter
456 1397 564 1482 ipsum
597 1402 630 1460 et
651 1417 712 1460 ros
741 1419 799 1482 per
823 1396 960 1461 eandem
984 1398 1155 1462 ecclesiam
1187 1398 1286 1462 fuerit
1310 1398 1503 1462 ordinatum.
1551 1398 1661 1472 Quare
1684 1397 1887 1479 mandamus,

232 1500 400 1584 quatinus,
432 1500 460 1562 si
490 1499 552 1563 hoc
576 1499 682 1584 ipsum
706 1500 805 1562 vultis
828 1500 952 1578 lacere,
981 1500 1075 1564 nobis
1100 1502 1219 1565 vestris
1254 1502 1444 1587 patentibus
1474 1502 1593 1566 littoris
1624 1502 1793 1567 intimetis.
1836 1500 1888 1565 Ne

230 1610 340 1668 autem
374 1604 482 1688 aliquo
516 1603 754 1667 interveniente
789 1603 959 1667 obstaculo
993 1612 1119 1668 tantum
1153 1605 1274 1668 bonum
1311 1607 1420 1670 valeat
1457 1603 1626 1690 impediri,
1665 1605 1888 1670 sinceritatem

230 1712 372 1770 restrum
397 1727 549 1792 rogamus
573 1713 607 1771 et
628 1704 797 1770 hortamur
815 1713 952 1786 attente,
975 1730 1036 1794 per
1056 1710 1238 1794 apostolica
1253 1709 1347 1773 robis
1368 1710 1488 1794 scripte
1509 1708 1712 1788 mandantes,
1736 1711 1888 1795 quatinus

230 1809 338 1894 ipsum
367 1811 598 1896 imperatorem
628 1817 662 1875 et
694 1831 770 1874 suos
804 1832 864 1897 per
892 1833 950 1875 vos
986 1833 1044 1877 seu
1078 1835 1136 1899 per
1164 1815 1246 1878 alios
1280 1815 1314 1877 in
1344 1814 1453 1898 aliquo
1486 1833 1550 1876 non
1583 1812 1743 1894 turbetis,
1778 1834 1888 1877 curam

230 1912 392 1977 babentes
415 1921 451 1978 ut
479 1915 508 1978 si
530 1914 651 1978 milites
675 1913 715 1978 de
739 1914 900 1978 Teutonis
924 1916 1073 2000 partibus
1107 1917 1227 1980 sintin
1251 1917 1422 2002 procinctu
1445 1915 1483 1979 ad
1510 1915 1657 1980 eiusdem
1681 1917 1887 2002 imperatoris

232 2018 431 2102 presentiam
453 2017 649 2097 accedendi,
673 2039 730 2082 eos
754 2018 996 2104 impedimentis
1020 2020 1185 2104 aliquibus
1209 2039 1274 2084 non
1297 2020 1456 2105 gravetis,
1482 2041 1523 2084 ne
1546 2019 1587 2083 de
1610 2017 1705 2083 nobis
1728 2026 1762 2084 et
1783 2021 1887 2098 robis,

231 2122 350 2206 quibus
374 2121 414 2185 de
438 2122 510 2206 ipso
533 2142 599 2185 non
622 2120 752 2214 videtur
773 2122 890 2185 merito
914 2120 1144 2202 dubitandum,
1175 2125 1294 2186 iustam
1318 2123 1440 2188 habeat
1462 2123 1633 2186 materiam
1656 2121 1887 2186 murmurandi.

338 2240 415 2305 Dat.
438 2242 592 2306 Lateran.
615 2240 684 2305 ΙΙΠ
705 2241 790 2308 Non.
813 2241 903 2324 Maii,
926 2264 1012 2307 anno
1036 2249 1163 2308 octavo.

854 2538 1265 2546 ——ss————

1014 2814 1100 2887 582.

339 2924 530 3037 Grepcrius
550 2953 606 3019 IX
620 2975 712 3035 popa
737 2952 924 3034 Gropomum
950 2953 1174 3018 subdiaconum
1195 2953 1233 3017 de
1262 2953 1354 3018 robus
1383 2954 1419 3017 in
1442 2954 1570 3035 epistola
1592 2953 1794 3034 praecedenti
1814 2973 1884 3018 ccu-

229 3059 323 3121 tentis
344 3059 507 3122 certiorem·
519 3056 613 3142 facit,
634 3058 722 3138 cique
743 3054 883 3135 mandat,
906 3059 942 3118 ut
962 3060 1094 3120 rectores
1115 3056 1159 3120 od
1180 3057 1216 3119 id
1235 3056 1375 3121 imam.
1543 3059 1637 3136 1234,
1659 3057 1743 3121 Mai.
1766 3061 1795 3121 4.

334 3175 412 3246 Grec.
431 3176 482 3231 IX
498 3177 568 3246 Req.
589 3177 649 3232 Vol.
667 3173 721 3243 IV,
740 3180 807 3242 1795
825 3175 887 3230 Lib.
908 3175 996 3242 VIII,
1014 3178 1057 3229 59.

538 3390 748 3482 Gregorio
775 3390 1050 3464 subdiacono
1078 3394 1121 3462 et
1146 3389 1381 3480 capellano
1409 3397 1579 3463 nostro.

336 3540 476 3605 Dilectis
498 3540 574 3604 filiis
597 3541 781 3604 rectoribus
812 3539 978 3604 societatis
1001 3537 1199 3603 Lombardio
1223 3537 1351 3624 pridem
1381 3538 1554 3625 scripsisse
1576 3538 1768 3609 recolimus,
1797 3535 1882 3622 quod

228 3645 271 3708 ad
293 3644 487 3731 petitionem
511 3643 670 3708 carissimi
694 3645 728 3707 in
752 3643 882 3708 Christo
906 3643 966 3706 filii
988 3643 1092 3706 nostri
1108 3641 1270 3706 Friderici
1294 3649 1356 3706 etc.
1380 3642 1413 3706 in
1437 3641 1577 3706 eundem
1599 3641 1669 3706 lere
1692 3638 1824 3703 modum
1846 3645 1884 3702 ut

229 3769 327 3834 supra
354 3767 471 3832 usque:
506 3744 737 3810 murmurandi.
782 3745 927 3830 Ideoque
960 3744 1171 3822 mundamus,
1203 3746 1358 3830 quatinus
1381 3745 1485 3808 dictos
1518 3750 1662 3810 rectores
1684 3741 1726 3806 ad
1755 3742 1788 3806 id
1810 3742 1882 3807 effi-

230 3852 351 3916 caciter
372 3870 506 3914 moneas
530 3856 564 3913 et
586 3848 732 3914 inducas.

335 3969 411 4035 Dat.
434 3976 471 4033 ut
493 3991 601 4055 supra.

1013 4322 1100 4394 583.

337 4434 528 4546 Grauius
554 4465 611 4530 rx
631 4483 723 4544 papa
750 4461 921 4526 reomaus
950 4461 1105 4526 saeuus
1129 4460 1337 4524 maurane
1364 4459 1508 4539 aalma,
1537 4462 1573 4522 u
1602 4479 1671 4524 um
1696 4459 1882 4525 semaa

227 4565 442 4630 Ronmuomm
466 4568 636 4648 imperator
664 4569 759 4629 totum
787 4565 957 4646 negotium,
987 4564 1071 4646 quod
1099 4584 1168 4628 cum
1193 4563 1236 4626 iis
1263 4562 1391 4640 labem,
1420 4562 1615 4626 ordinationi
1641 4563 1784 4628 ccclesiae
1804 4582 1882 4628 com·

228 4671 362 4750 miserit,
390 4671 519 4749 milites,
549 4671 604 4751 qui
630 4669 667 4733 dc
700 4667 854 4732 Teutonis
881 4666 925 4731 ad
956 4687 1025 4732 curn
1045 4668 1177 4748 prmificc
1204 4665 1364 4743 accedant,
1396 4665 1490 4728 libere
1519 4667 1656 4730 transire
1677 4667 1882 4747 permittam

150 4801 178 4841 so
228 4773 366 4839 destinat
386 4773 430 4837 od
450 4792 500 4836 cos
522 4772 552 4837 l.
575 4773 772 4854 capellanum
794 4791 894 4848 suum,
916 4770 1171 4835 archidiaconum
1192 4769 1432 4834 norwicensem.
1519 4772 1612 4848 1234,
1633 4769 1718 4834 Mol.
1741 4773 1794 4834 20.

332 4894 415 4962 (ἔτερ.
434 4893 483 4946 IX
500 4891 568 4960 Req.
591 4892 650 4946 Vol.
669 4891 722 4957 IV,
741 4895 810 4957 184;
828 4890 891 4944 Lib.
916 4890 1000 4953 VIII.
1019 4893 1064 4943 90.

328 4978 465 5042 Potinae,
482 4977 554 5048 nep.
573 4982 652 5032 orer.

629 5172 903 5248 Rectoribus
930 5170 1173 5245 societatis
1200 5168 1476 5243 Lombardie.

338 5324 430 5389 Sicut
452 5323 579 5410 pridem
601 5322 774 5410 prudentis
798 5328 907 5387 vestre
932 5321 1103 5408 scripsisse
1126 5317 1332 5400 recolimus²‚
1362 5318 1554 5382 karissimus
1584 5318 1617 5382 in
1640 5317 1771 5382 Christo
1794 5317 1881 5382 lilius

151 5454 176 5494 u
229 5435 341 5493 noster
362 5426 568 5508 Fridericus‚
598 5425 821 5490 Romanorum
852 5425 1031 5509 imperator
1057 5443 1188 5508 semper
1218 5426 1392 5505 augustus,
1421 5419 1603 5486 Ierusalem
1631 5426 1665 5485 et
1687 5419 1799 5486 Sicilie
1822 5441 1882 5486 rex

332 5687 357 5752 1)
378 5684 420 5754 Cf.
438 5701 466 5739 n.
486 5687 551 5738 580.
620 5683 649 5751 2)
670 5681 713 5750 Os.
731 5699 757 5738 u.
778 5684 839 5738 581.

331 5785 392 5840 nra
411 5785 489 5838 Pom.
509 5784 528 5838 1.
680 5785 685 5790 ’
