4576 6390
432 367 494 437 ⁴28
1014 360 1062 420 ux
1081 361 1255 422 csuoouu
1272 355 1312 418 lli
1329 355 1509 420 hamerico

431 543 591 633 premisse
614 541 763 608 lecerunt
785 538 851 606 rel
868 539 1096 627 imposuerunt
1125 538 1330 619 civitatibus,
1364 536 1446 602 locis
1478 543 1511 603 et
1538 534 1690 624 personis
1713 532 1875 624 imperiali
1900 530 2087 603 eelsitudini

431 647 683 728 adherentibus,
714 652 748 711 et
778 664 982 730 quecumque
1012 667 1055 710 ex
1086 644 1134 710 eis
1163 651 1276 710 secuta
1307 648 1382 707 sunt
1404 643 1457 706 rel
1481 641 1521 707 ob
1544 642 1626 730 ipsa.
1673 640 1828 708 Ceterum
1852 642 1934 722 alia,
1966 662 2030 725 qua
2053 641 2087 705 in

432 752 580 818 eiusdem
603 748 830 836 compromissi
852 748 937 812 serie
954 748 1171 828 continentur,
1195 753 1306 812 nostre
1322 743 1526 832 providentie
1542 765 1758 810 reservamus.
1796 743 1941 830 Ideoque
1958 745 2084 809 screni-
2151 741 2167 768 ⁵

432 861 533 920 tatem
555 861 645 919 tuam
668 873 820 938 rogamus
846 857 880 916 et
900 850 1069 915 hortamur
1091 851 1259 930 attentius,
1282 871 1320 913 ac
1337 847 1397 913 sub
1414 847 1563 933 predicta
1576 850 1684 933 pena¹
1707 846 1909 927 mandamus,
1933 847 2085 932 quatinus

432 957 582 1044 predicta
604 957 712 1022 omnia
739 976 798 1042 pro
825 959 919 1039 parte
950 960 1008 1018 tua
1037 974 1147 1018 serves
1176 953 1262 1017 sieut
1289 950 1494 1037 imperialem
1523 949 1620 1017 decet
1642 952 1859 1016 constantiam
1880 951 2086 1032 inconcussa,

433 1068 467 1127 et
490 1082 589 1148 super
610 1061 672 1126 hoc
705 1058 800 1125 nobis
826 1058 919 1122 iuxta
946 1063 1112 1138 tenorem,
1146 1076 1243 1141 quem
1270 1055 1333 1118 tibi
1361 1055 1628 1135 transmittimus,
1662 1061 1736 1119 tuas
1766 1060 1799 1120 et
1829 1054 1888 1118 filii
1914 1054 1964 1118 tui
1992 1074 2087 1117 cures

432 1185 537 1251 usque
561 1164 603 1229 ad
624 1165 746 1229 festum
769 1162 860 1228 beati
876 1160 1049 1232 Michaelis
1072 1161 1221 1248 proximo
1238 1156 1408 1223 futurum²
1429 1164 1582 1244 patentes
1598 1159 1729 1223 mittere
1745 1159 1873 1223 litteras
1888 1157 2086 1222 excellentie

432 1275 489 1334 tne
512 1289 550 1334 ac
573 1289 632 1334 suo
655 1267 783 1355 typario
805 1265 978 1350 insignitas
987 1265 1009 1328 ⁸.

541 1388 617 1453 Dat.
640 1387 793 1453 Lateran.
817 1386 903 1451 Non.
925 1384 1023 1466 Iunii,
1047 1404 1132 1448 anno
1156 1381 1307 1468 septimo.

541 1509 580 1572 In
608 1507 749 1574 eundem
776 1505 907 1569 modum
936 1505 1093 1591 scriptum
1125 1509 1178 1568 cst
1203 1502 1385 1568 rectoribus
1417 1501 1584 1568 societatis
1607 1500 1805 1567 Lambardie
1835 1506 1868 1566 et
1889 1500 2085 1566 Romaniole
2157 1567 2158 1570 ,

433 1610 543 1676 verbis
566 1614 795 1695 competenter
817 1608 981 1674 mutatis⁴.

1055 1763 1466 1770 --——-—-—--——-———-

1218 1989 1304 2063 53u.

543 2105 733 2212 Graecas
754 2129 812 2194 IX
825 2148 916 2209 popa
937 2127 1068 2212 Hepout
1089 2127 1238 2193 Remeasi
1259 2132 1288 2192 et
1309 2128 1450 2192 Iohanni
1470 2127 1579 2192 Barat
1603 2127 1831 2194 Octulauuensi
1857 2126 2089 2192 archidiaconis

433 2239 463 2300 et
487 2235 527 2301 G.
553 2233 638 2300 Gaia
660 2230 1144 2309 commemorassemus,
1177 2235 1213 2294 ut
1237 2229 1359 2295 Ottonis
1380 2231 1508 2296 diaconi
1528 2231 1705 2296 cardinalis
1726 2230 1910 2294 seruatum
1932 2230 1969 2294 de
1991 2248 2088 2294 causa

434 2339 517 2402 inter
539 2336 750 2423 [Heariurm]
771 2335 1036 2416 archiepiscopum
1060 2339 1089 2400 et
1109 2333 1332 2418 [Goswinum]
1354 2334 1506 2398 decanum
1530 2333 1742 2400 colonienses
1764 2334 1863 2398 lutam
1884 2335 1995 2414 eccequi
2014 2354 2087 2414 pro-

433 2442 550 2506 curent.
1754 2438 1945 2517 1233,1an.
1969 2441 1998 2504 6.

540 2557 622 2628 Grep.
639 2557 690 2611 IX
706 2557 775 2626 Rep.
797 2556 856 2611 Vol.
875 2554 929 2626 IV,
947 2559 999 2623 43,·
1017 2555 1079 2610 Lib.
1104 2556 1170 2626 VII,
1189 2561 1246 2610 151.

525 2801 757 2894 Magistris
783 2800 957 2894 Hugoni
984 2802 1188 2877 Remensi
1216 2809 1256 2876 et
1281 2802 1465 2875 Iohanni
1491 2803 1621 2876 Barat
1648 2802 1994 2877 cathalaunensi
2102 2894 2112 2906 .

723 2922 1045 2996 archidiaconis
1072 2928 1112 2997 et
1139 2921 1182 3004 G,
1211 2922 1321 2996 Goin
1349 2923 1558 2996 canonico
1586 2922 1799 2997 Remensi.

503 3137 505 3142 ,
541 3070 659 3136 Coram
693 3071 813 3137 dilecto
842 3069 908 3134 filio
936 3077 1046 3136 nostro
1076 3069 1197 3135 Ottone
1232 3069 1346 3134 Sancti
1372 3069 1502 3134 Nicolai
1532 3069 1566 3134 in
1599 3068 1738 3136 Carcerc
1769 3070 1919 3136 Tulliano
1950 3072 2086 3138 diacono

434 3172 607 3256 cardinali,
641 3175 789 3260 partibus
813 3173 961 3238 auditore
985 3194 1156 3254 concesso,
1185 3171 1326 3237 dilectus
1348 3172 1434 3237 filius
1458 3220 1465 3235 .
1490 3221 1497 3235 .
1521 3171 1664 3237 decanus
1688 3171 1895 3239 coloniensis
1916 3175 2087 3261 proposuit

433 3277 677 3362 conquerendo,
708 3275 794 3361 quod
823 3277 1021 3342 venerabilis
1051 3276 1153 3340 frater
1179 3281 1291 3341 noster
1313 3273 1818 3363 Coloniensisarchiepiscopus
1847 3279 1879 3342 in
1910 3300 1985 3344 eum
2011 3285 2088 3365 post

432 3380 689 3466 appellationem
718 3379 760 3445 ad
791 3401 851 3444 nos
884 3381 1031 3466 legitime
1066 3379 1271 3443 interiectam
1307 3385 1340 3443 ct
1369 3379 1433 3443 iter
1467 3386 1633 3466 arreptum
1661 3379 1704 3445 ad
1732 3380 1844 3446 sedem
1873 3382 2088 3467 apostolicam

432 3482 596 3564 veniendi,
620 3489 654 3548 et
677 3488 752 3569 post
769 3505 902 3548 causam
919 3485 1004 3548 inter
1028 3530 1058 3546 ..
1082 3483 1285 3568 prepositum
1301 3488 1335 3547 et
1356 3490 1521 3547 cantorem
1538 3484 1678 3548 ecclesie
1695 3482 1903 3550 Coloniensis
1927 3507 1970 3550 ex
1993 3491 2085 3571 parte
2129 3472 2133 3478 ³

431 3608 498 3652 una
531 3594 564 3652 et
597 3586 742 3652 eundem
777 3587 937 3652 decanum
971 3608 1014 3652 ex
1044 3586 1148 3651 altera
1181 3608 1280 3673 snper
1310 3585 1499 3652 detentione
1534 3587 1635 3672 sigilli
1667 3586 1815 3653 eiusdem
1850 3589 2005 3670 ecclesie,
2044 3589 2086 3653 ab

432 3690 614 3778 apostolica
645 3689 722 3756 sede
754 3691 961 3755 commissam
989 3689 1023 3753 in
1050 3711 1139 3769 cum,
1168 3711 1227 3775 pro
1256 3690 1362 3776 ipsius
1392 3688 1581 3755 detentione
1613 3691 1731 3775 sigilli,
1766 3691 1857 3755 nulla
1885 3693 2086 3778 competenti

431 3794 611 3858 monitione
635 3793 814 3879 premissa,
839 3783 1184 3857 excommunicationis
1209 3791 1403 3856 sententiam
1427 3793 1664 3877 promulgavit,
1689 3815 1784 3878 quam
1806 3795 1931 3859 nullam
1953 3794 2088 3882 petebat

431 3897 563 3983 penitus
592 3897 745 3976 nuntiari,
774 3897 932 3982 magistro
957 3895 996 3959 G.
1020 3897 1139 3961 clerico
1162 3903 1375 3983 procuratore
1404 3896 1507 3982 ipsius
1536 3897 1778 3984 archiepiscopi
1804 3898 2024 3986 respondente
2053 3899 2087 3964 id

432 4000 504 4065 fieri
528 4022 594 4065 non
618 3999 751 4065 debere.
800 3999 875 4064 Lite
899 4021 977 4064 vero
1007 4020 1107 4085 super
1132 4000 1302 4086 premissis
1325 4019 1385 4085 per
1407 3999 1548 4064 eundem
1570 4007 1814 4086 procuratorem
1838 4003 1984 4087 legitime
2008 4023 2086 4066 con-

433 4108 570 4182 testato,
602 4109 635 4168 ot
662 4110 730 4167 tam
760 4101 944 4188 superbiis
968 4124 1064 4188 quam
1087 4102 1281 4187 quibusdam
1303 4102 1377 4166 aliis
1400 4103 1774 4168 excommunicationum
1804 4105 1992 4187 sententiis,
2022 4126 2085 4190 que

431 4207 464 4269 in
497 4206 660 4292 prefatum
696 4205 855 4270 decanum
892 4205 958 4270 late
995 4205 1201 4288 dicebantur,
1238 4227 1345 4270 coram
1374 4205 1490 4271 eodem
1525 4205 1680 4271 cardinali
1712 4207 1912 4292 aliquamdiu
1946 4209 2085 4294 litigato,

430 4308 596 4394 predictus
623 4308 798 4373 cardinalis
822 4309 869 4373 sic
892 4309 1006 4374 volens
1034 4310 1097 4395 ipsi
1124 4309 1247 4374 decano
1277 4311 1462 4390 consulere,
1490 4331 1531 4374 ne
1560 4311 1696 4375 alterius
1727 4311 1853 4376 iustitia
1880 4312 2025 4395 ledetur,
2053 4315 2085 4379 ci

433 4411 474 4476 de
497 4412 651 4477 mandato
676 4419 788 4477 nostro
811 4412 890 4478 iecit
913 4413 1059 4500 impendi
1081 4413 1298 4480 absolutionis
1320 4413 1518 4479 beneficium
1539 4412 1581 4478 ad
1604 4414 1775 4496 cautelam,
1799 4415 1846 4479 ita
1862 4415 2017 4481 videlicet
2038 4423 2084 4499 ut,

433 4515 461 4578 si
485 4515 669 4580 constiterit
700 4517 807 4602 ipsum
836 4519 1006 4603 premissis
1040 4519 1212 4584 sententiis
1240 4513 1478 4583 rationabiliter
1504 4518 1607 4583 luisse
1638 4518 1790 4604 ligatum,
1819 4540 1919 4606 super
1940 4518 2004 4584 hiis
2026 4543 2084 4606 pro

431 4617 549 4701 quibus
568 4617 688 4703 ligatus
707 4619 813 4684 luerat
829 4621 1028 4687 satisfacieta
1042 4629 1275 4708 competenter,
1295 4622 1440 4707 alioquin
1452 4622 1540 4687 nulle
1552 4621 1698 4708 predicte
1716 4623 1878 4688 sententie
1892 4622 2082 4688 habeantur.

431 4719 500 4784 Nos
523 4721 633 4805 igitur,
656 4721 742 4806 quod
765 4723 806 4786 ab
830 4724 902 4809 ipso
926 4724 1082 4789 cardinali
1105 4724 1228 4790 facturn
1251 4731 1302 4790 est
1324 4733 1431 4790 ratum
1454 4726 1625 4806 habentes,
1649 4725 1852 4806 mandamus,
1875 4728 2027 4812 quatinus
2049 4726 2083 4791 id
2136 4741 2162 4778 ³⁵

432 4823 492 4888 sub
511 4825 691 4910 apostolica
707 4824 896 4891 obedientia
911 4828 1031 4913 exequi
1047 4829 1231 4914 procuretis
1242 4851 1257 4906 ;·
1272 4829 1529 4896 contradictores
1553 4836 1632 4905 etc.;
1655 4851 1721 4896 non
1738 4830 1944 4920 obstantibus
1962 4830 2083 4895 consti-

431 4927 556 4993 tutione
580 4928 621 4993 de
644 4929 771 4997 duabus
795 4929 892 4996 dietis
916 4930 1005 4996 edita
1027 4931 1060 4994 in
1083 4933 1222 4998 concilio
1246 4934 1411 5019 generali,
1435 4941 1468 5000 et
1491 4933 1695 5019 indulgentia
1717 4955 1813 5020 qnam
1838 4955 1858 4998 a
1880 4932 1974 4998 nobis
1997 4934 2085 5000 idem

541 5107 904 5116 ——--———-——.--..-——
912 5109 1153 5116 ——.„—-—..-.
1424 5112 1512 5117 -.—.-—
1518 5113 1587 5118 -—.
1592 5113 1629 5118 -..
1633 5113 1770 5118 -.-..—-..
1778 5115 1783 5118 .

534 5221 557 5289 ⁸)
574 5224 612 5276 ua
631 5224 661 5275 R.

533 5377 559 5441 l)
578 5377 636 5430 scil.
649 5375 751 5446 viginti
767 5377 871 5431 melium
882 5361 1044 5432 'marcarum
1061 5377 1180 5446 argenti.
1232 5378 1259 5445 2)
1278 5377 1352 5448 Sept.
1364 5382 1408 5434 29.
1460 5380 1489 5448 3)
1507 5379 1585 5433 Idem
1601 5379 1662 5448 scre
1678 5380 1827 5435 arbitrium
1840 5377 1875 5434 ab
1888 5380 2016 5435 Honorio
2029 5379 2087 5453 111

424 5479 505 5532 papa
523 5478 547 5516 c.
567 5466 650 5525 1227,
672 5461 736 5516 Ian.
758 5469 776 5516 5
789 5464 930 5532 prolatum
946 5464 1057 5532 suerat,
1080 5464 1118 5533 cs.
1135 5480 1162 5517 n.
1183 5467 1238 5518 327
1255 5466 1280 5518 et
1298 5467 1362 5519 329.
1430 5466 1459 5534 l)
1478 5465 1579 5521 Edidit
1596 5467 1754 5532 Muratori,
1776 5468 1889 5536 Antiqua.
1908 5467 1973 5521 Ital.
1993 5472 2011 5521 t.
2029 5465 2082 5531 IV,
2135 5499 2162 5538 ω

424 5565 455 5618 p.
469 5553 526 5602 325
544 5563 579 5601 ex
597 5547 679 5618 copia
697 5549 813 5602 Arabici
830 5550 973 5620 Eatenus,
992 5567 1074 5620 quam
1091 5551 1221 5607 notamus
1239 5551 1351 5620 quidam
1368 5552 1460 5607 aditur
1477 5569 1503 5607 a.
1521 5557 1595 5608 1233
1613 5553 1648 5607 ab
1665 5555 1823 5609 authentico
1841 5551 2012 5623 sumpserat,
2031 5555 2083 5608 aab

427 5633 506 5689 doto:
524 5633 643 5704 septimo
663 5633 727 5688 Idus
745 5634 828 5689 Iunii.
