4538 6426
994 399 1042 455 EX
1060 399 1216 455 HONORII
1234 397 1274 453 ΙΙΙ
1292 397 1471 454 REGISTRO

1204 650 1265 721 ἢ

517 766 705 858 Honorius
726 791 794 856 HI
804 811 896 872 papa
918 791 1018 856 eidem
1038 791 1172 870 fimiter
1192 788 1360 867 praecipit,
1383 805 1421 849 uc
1450 803 1499 849 cos
1522 785 1577 866 qui
1599 787 1758 864 assumpto
1779 784 1880 848 eruas
1901 785 2062 866 siquauctc

406 918 438 962 sc
459 897 503 961 ad
524 913 703 961 succursum
724 893 876 959 luricae
897 893 1082 970 decuerant,
1104 891 1264 955 ullatenus
1284 889 1434 969 impedire
1450 889 1644 968 murmurat.
1689 889 1783 964 1218,
1806 887 1912 968 April.
1934 891 1987 952 30.

509 999 980 1084 mmmmmma

510 1101 644 1164 Potttcst
664 1099 732 1169 Rea.
753 1103 836 1154 6768.

1143 1204 1309 1276 mm

262 1383 397 1436 amussi.
520 1355 603 1420 Oum
637 1355 815 1420 secundum
858 1356 1014 1442 sapientis
1049 1353 1191 1418 edictum
1230 1373 1325 1416 nemo
1362 1349 1482 1416 debeat
1515 1351 1690 1437 prohibere
1727 1353 1827 1417 alium
1854 1353 2064 1435 benefacere,

409 1465 460 1524 set
482 1459 622 1544 quilibet
645 1459 673 1522 si
694 1463 804 1544 potest
826 1457 1020 1523 benefacere
1042 1463 1203 1534 teneatur,
1227 1477 1292 1518 non
1317 1455 1423 1518 solum
1447 1460 1498 1517 ost
1521 1455 1656 1539 impium
1681 1455 1858 1520 sedetiam
1881 1456 2065 1536 abusivum,

323 1563 325 1566 ’
409 1561 506 1648 quod,
529 1563 614 1626 sicut
636 1561 677 1626 ad
693 1560 892 1625 audientiam
908 1560 1110 1644 apostolatus
1127 1558 1229 1622 nostri
1245 1559 1405 1644 pervenit,
1427 1563 1462 1620 tu
1485 1577 1541 1621 eos
1566 1558 1620 1641 qui
1637 1565 1806 1644 assumpto
1824 1560 1930 1624 crucis
1953 1561 2064 1644 signa-

410 1667 484 1729 culo
512 1686 547 1729 se
578 1664 619 1728 ad
647 1684 836 1728 succursum
865 1662 1001 1726 Livonie
1032 1660 1251 1740 devoverunt,
1283 1661 1456 1746 quominus
1484 1667 1596 1723 votum
1624 1668 1863 1747 prosequantur
1895 1663 2062 1743 emissum,

409 1767 635 1853 multipliciter
658 1765 822 1853 prepedis,
847 1772 879 1830 et
900 1771 1140 1850 prosequentes
1162 1765 1240 1827 illuc
1257 1785 1321 1827 non
1337 1765 1460 1849 pateris
1484 1763 1706 1843 transfretare,
1729 1771 1766 1828 ut
1781 1765 1828 1829 sic
1849 1765 1913 1852 ipsi
1929 1764 2060 1828 Christo
2129 1787 2142 1821 c

409 1869 597 1933 inimicitias
620 1889 753 1932 movere
777 1867 1014 1954 quodammodo
1045 1867 1201 1943 videaris,
1237 1866 1313 1931 dum
1345 1867 1498 1932 fidelibus
1534 1868 1601 1932 suis
1627 1869 1827 1954 patientibus
1859 1889 1918 1954 pro
1946 1868 2063 1933 eodem

410 1973 555 2060 impendi
577 1974 735 2038 auxilium
765 1971 951 2052 interdicis,
986 1970 1028 2035 ad
1064 1971 1150 2056 quod
1184 1971 1345 2036 debueras
1379 1971 1569 2058 impendere
1604 1972 1751 2037 totaliter
1777 1973 2000 2057 temetipsum,
2036 1973 2063 2034 si

409 2078 513 2142 velles
536 2075 659 2162 aliquid
681 2076 861 2162 rependere
885 2076 1027 2140 Domino
1057 2097 1115 2160 pro
1146 2076 1295 2140 omnibus
1319 2098 1382 2160 que
1408 2076 1522 2140 tribuit
1544 2076 1615 2161 ipse
1639 2075 1709 2139 tibi.
1752 2073 1802 2139 Ne
1826 2075 1926 2159 igitur
1948 2098 2007 2140 nos
2031 2082 2065 2140 et

409 2181 491 2244 alios
515 2179 684 2244 audientes
708 2201 807 2265 super
828 2179 890 2243 hoc
913 2178 953 2244 de
978 2185 1087 2244 cetero
1112 2179 1324 2259 scandalizes,
1347 2179 1585 2243 fraternitatem
1609 2185 1699 2242 tuam
1719 2199 1888 2243 monemus
1905 2186 1938 2242 et
1953 2178 2065 2242 horta-

409 2305 481 2347 mur
503 2289 637 2362 attente,
660 2303 720 2368 per
741 2283 922 2368 apostolica
942 2281 1001 2346 tibi
1025 2282 1147 2368 scripta
1167 2282 1304 2347 firmiter
1326 2282 1536 2368 precipiendo
1562 2281 1765 2361 mandantes,
1792 2283 1943 2367 quatinus
1967 2283 2065 2346 saluti
2131 2309 2142 2344 a

409 2394 465 2450 tue
489 2386 664 2450 consulens
688 2392 721 2449 et
744 2386 868 2465 honori,
894 2385 1040 2470 predicte
1064 2392 1149 2449 terre
1174 2406 1364 2448 succursum
1386 2385 1570 2449 nullatenus
1598 2383 1757 2470 impedire
1781 2405 1961 2469 presumas,
1986 2386 2065 2469 quin

408 2489 517 2575 potius
541 2488 805 2554 succurrentibus
828 2495 956 2574 prestes
981 2488 1168 2568 consilium,
1192 2487 1351 2551 auxilium
1374 2493 1407 2551 et
1430 2488 1583 2551 favorem.
1630 2487 1785 2571 Alioquin
1812 2488 1888 2571 quia
1911 2487 2066 2551 obaudita

409 2592 544 2656 monitio
574 2592 793 2656 temeritatem
821 2599 910 2655 tuam
938 2591 1121 2656 evidentius
1152 2591 1329 2668 revelaret,
1364 2611 1423 2653 nos
1455 2611 1527 2654 eam
1555 2589 1664 2654 taliter
1699 2591 1948 2674 castigabimus,
1978 2591 2065 2676 quod

410 2696 528 2780 quibus
551 2700 603 2760 est
623 2715 711 2758 nunc
732 2695 766 2758 in
790 2694 988 2775 scandalum,
1013 2694 1054 2756 sit
1071 2700 1104 2758 et
1122 2693 1333 2757 correctionis
1350 2694 1548 2778 exemplum,
1569 2699 1602 2756 et
1617 2714 1704 2778 pena
1718 2691 1943 2779 penitudinem
1961 2694 2065 2758 intro-

411 2800 536 2864 ducens
560 2799 603 2863 sit
624 2799 698 2863 aliis
721 2799 763 2862 ad
785 2804 955 2864 terrorem.

515 2901 593 2968 Dat.
615 2907 652 2966 ut
675 2923 782 2988 supra.

1204 3253 1265 3325 Μ

522 3364 710 3458 Honorius
722 3394 790 3458 ΠΙ
800 3415 891 3475 papa
906 3393 1130 3478 [Burctardc]
1139 3393 1326 3473 praeposito,
1349 3393 1514 3456 mearat
1485 3396 1514 3455 ct
1534 3393 1674 3473 capitulo
1689 3391 1856 3455 Brcmcusi
1878 3390 1915 3454 dc
1931 3390 2067 3470 circinus,

411 3495 546 3559 comitiis
567 3499 596 3558 ct
618 3495 789 3560 aduocatiis
809 3495 951 3560 eccleaac
972 3494 1165 3571 Bremensis,
1188 3513 1268 3574 aruis
1291 3496 1327 3556 iu
1348 3493 1478 3574 securim
1497 3493 1571 3557 dari
1592 3499 1683 3560 ecurt.

1724 3581 1818 3656 1218,
1841 3578 1980 3647 Μαιῗ.2

515 3664 590 3719 Hau.
610 3669 665 3719 ΙΙΙ
678 3666 746 3735 Ray.
771 3665 827 3719 Vct.
846 3669 869 3730 Ι,
888 3670 959 3732 2525
976 3665 1040 3719 Lib.
1061 3667 1100 3729 II,
1120 3668 1191 3718 1075
1175 3687 1200 3717 α.

515 3753 650 3815 Potttcst,
669 3752 738 3821 Rea.
758 3757 842 3807 5750.

652 3984 659 4001 .
689 3985 698 4002 .
726 3929 982 4020 preposito,
1012 3983 1020 4000 .
1050 3983 1059 4001 .
1086 3928 1250 4000 decano
1280 3932 1322 3999 et
1347 3927 1543 4019 capitulo
1572 3930 1814 4005 Bremensi.

520 4076 603 4141 Oum
636 4077 669 4140 in
703 4077 814 4142 multis
849 4084 959 4142 vestra
987 4078 1029 4141 sit
1057 4078 1201 4162 collapsa
1240 4077 1382 4141 ecclesia
1416 4099 1476 4163 per
1515 4080 1691 4164 reprobum
1727 4078 1978 4162 Gnademarum,
2007 4104 2068 4146 nos

412 4185 550 4266 paterna
571 4180 720 4244 volentes
745 4178 852 4244 eidem
876 4180 1096 4245 sollicitudine
1119 4179 1312 4266 providere,
1335 4182 1529 4246 auctoritate
1552 4184 1756 4268 presentium
1779 4185 1897 4249 vestris
1921 4186 2068 4249 inclinati

411 4282 564 4367 precibus
581 4282 776 4364 inhibemus,
799 4304 841 4347 ne
857 4283 1124 4369 archiepiscopus
1141 4291 1260 4363 vester,
1279 4284 1334 4368 qui
1357 4307 1415 4371 pro
1439 4291 1584 4372 tempore
1602 4286 1710 4368 fuerit,
1734 4285 1889 4368 decimas,
1910 4291 2067 4354 cometiae
2119 4312 2144 4348 rs

413 4391 447 4448 et
469 4383 655 4448 advocatias
678 4385 719 4448 ad
742 4384 923 4471 predictam
947 4387 1121 4451 ecclesiam
1145 4388 1360 4472 pertinentes,
1390 4409 1463 4452 cum
1491 4409 1548 4452 eas
1570 4410 1687 4454 vacare
1712 4391 1895 4475 contigerit,
1919 4392 1952 4455 in
1975 4391 2066 4456 dam-

412 4508 512 4572 pnum
534 4488 638 4572 ipsius
666 4489 806 4553 ecclesie
833 4489 931 4553 alicui
959 4491 1104 4574 assignet
1136 4491 1169 4553 in
1203 4490 1352 4571 feudum,
1387 4493 1480 4556 vobis
1515 4493 1746 4557 nichilominus
1774 4494 2003 4579 indulgentes,
2032 4504 2070 4560 ut

413 4589 556 4653 decimas
580 4589 621 4654 ad
645 4593 818 4656 ecclesiam
842 4598 1028 4679 spectantes
1052 4592 1190 4656 eandem
1213 4594 1319 4658 libere
1339 4595 1474 4679 possitis
1498 4594 1658 4660 redimere
1676 4596 1716 4661 de
1733 4599 1883 4663 manibus
1902 4600 2068 4663 laicorum.

520 4693 596 4760 Dat.
617 4693 721 4758 Rome
745 4694 829 4780 apud
854 4694 1010 4759 Sanctum
1033 4695 1177 4772 Petrum,
1201 4695 1249 4758 VI
1273 4695 1358 4762 Non.
1381 4696 1471 4777 Maii,
1495 4719 1580 4762 anno
1604 4700 1759 4767 secundo.

1209 5153 1270 5226 ὦ

520 5258 709 5352 Haustus
724 5287 791 5354 ΙΙΙ
801 5310 890 5370 papa
912 5289 1048 5370 capitulo
1060 5288 1228 5355 Breurcusi
1242 5293 1407 5372 qrrammti
1421 5293 1591 5374 respondet,
1613 5315 1711 5375 ucqrrc
1728 5299 1921 5360 urortucruru
1937 5317 2067 5377 corqrcra
2120 5326 2145 5362 ss

412 5388 543 5466 teutperc
564 5389 760 5456 Woldeunri
781 5415 802 5456 c
823 5393 1026 5458 schismaticis
1047 5397 1169 5475 septulia
1184 5396 1289 5459 (lebera
1311 5397 1488 5476 calcurnnri,
1509 5418 1608 5478 usquc
1629 5400 1750 5463 altaria
1771 5420 1869 5480 acqua
1885 5401 2068 5464 ¹indumenta

410 5489 618 5556 sacerdotalia
639 5495 752 5574 quibus
773 5496 866 5559 iidem
889 5497 940 5559 usi
961 5498 1034 5574 siut,
1057 5499 1169 5562 iterum
1193 5499 1336 5564 bcucdici.
1725 5505 1819 5582 1218,
1842 5503 1925 5568 lifoi.
1947 5507 1979 5568 2.

514 5608 990 5686 memmm

514 5695 649 5764 Pctttaat,
669 5698 736 5769 Rea.
758 5703 836 5756 5761.
