4596 6406
436 392 499 456 610
1013 389 1058 443 EX
1078 387 1252 444 GllEGOltII
1271 389 1309 442 lx
1329 383 1509 442 REGlSTRO

440 562 560 628 tudinis
583 563 795 642 retuleruut¹,
820 563 916 648 digne
939 562 1151 648 providimus,
1181 569 1217 627 ut
1248 583 1321 627 cum
1348 561 1432 626 inter
1454 561 1536 625 alios
1558 566 1644 624 terro
1667 558 1830 646 principes
1854 563 1887 620 tc
1911 557 2093 644 specialem

441 667 581 732 ecclesia
614 667 716 732 filium
757 673 946 754 reputemus
987 673 1019 732 et
1050 674 1106 732 tuc
1139 667 1310 752 diligamus
1344 665 1570 753 prosperitatis
1607 667 1833 747 augmentum,
1866 681 1925 747 pro
1944 666 2017 724 tua
2060 665 2095 724 et

435 771 564 857 imperii
592 756 733 836 fovenda
760 771 882 836 iustitia
907 771 1128 859 venerabilem
1157 770 1290 834 tratrem
1320 769 1508 856 episcopum
1532 767 1716 831 Ostiensem
1733 771 1781 830 et
1808 765 1964 829 dilectum
1987 765 2093 828 filium

440 880 586 938 nostrum
609 872 669 942 Tb.
693 874 779 940 tituli
807 874 927 940 Sancte
951 874 1072 940 Sabine
1094 872 1321 961 presbyterum
1351 871 1548 937 cardinalem
1575 870 1609 934 in
1632 869 1863 934 Lambardiam
1893 889 1968 931 cum
1991 868 2092 954 plene

436 977 609 1063 legationis
647 978 754 1044 officio
788 979 1005 1060 mitteremus,
1049 977 1146 1042 corde
1179 984 1330 1062 gerentes
1369 983 1405 1041 ut
1442 973 1593 1060 quiequid
1627 973 1692 1038 tuis
1727 972 1916 1037 infundatur
1949 973 2088 1037 auribus

437 1081 556 1168 linguis
583 1080 756 1147 fallacibus
779 1080 1014 1159 detractorum,
1044 1081 1151 1167 operis
1181 1080 1299 1144 effectu
1328 1083 1457 1164 pateat,
1492 1076 1579 1162 quod
1606 1075 1646 1140 de
1680 1076 1746 1140 tuis
1774 1076 1953 1140 secundum
1982 1077 2094 1142 Deum

438 1184 650 1271 procurandis
674 1184 849 1254 honoribus
871 1183 992 1270 aliquid
1016 1184 1206 1270 opportunis
1229 1181 1430 1268 temporibus
1452 1188 1557 1248 mater
1579 1181 1720 1244 ecclesia
1741 1202 1806 1244 non
1823 1181 1962 1246 omittat.
2008 1180 2094 1245 Pro·

437 1288 548 1354 videat
569 1289 678 1374 itaque
701 1295 758 1355 tua
779 1289 952 1369 serenitas,
982 1295 1018 1354 ut
1046 1295 1078 1352 et
1101 1294 1136 1352 tu
1161 1288 1247 1352 circa
1268 1286 1372 1372 ipsam
1396 1285 1442 1351 sic
1466 1307 1528 1370 que
1552 1291 1628 1350 sunt
1650 1283 1757 1350 devoti
1784 1285 1841 1348 filii
1869 1285 2095 1370 prosequaris,

440 1391 526 1476 quod
549 1399 582 1457 et
604 1392 712 1458 Deum
734 1392 793 1457 tibi
817 1393 995 1456 constituas
1017 1390 1115 1476 digne
1139 1390 1312 1476 propitium
1336 1396 1368 1454 et
1392 1389 1433 1456 ab
1457 1387 1572 1456 eadem
1595 1389 1736 1454 ecclesia
1759 1394 1904 1475 optatam
1926 1389 2094 1474 percipias

438 1494 637 1560 affluentiam
660 1497 847 1582 gratiarum.

547 1613 623 1682 Dat.
647 1615 797 1696 Viterbii,
819 1614 852 1679 X
874 1614 949 1682 Kal.
972 1615 1067 1696 Iunii,
1090 1635 1175 1678 anno
1199 1612 1399 1678 undecimas.

1058 1897 1469 1906 Ἣ

1221 2177 1306 2248 708.

434 2325 435 2332 ’
546 2287 715 2396 Epistola
740 2317 893 2398 encyclica
918 2317 1064 2398 Grepaia'
1086 2316 1142 2382 IX
1157 2336 1264 2397 rapae
1285 2315 1328 2380 ad
1348 2316 1456 2380 carias
1477 2315 1685 2386 Lambardiae
1707 2317 1845 2381 maiades
1869 2317 2001 2394 directa,
2029 2336 2099 2396 qua

442 2419 485 2483 iis
506 2405 648 2498 mandat,
671 2423 706 2483 at
722 2439 785 2500 pro
800 2441 880 2501 pace
900 2421 984 2485 inter
1005 2421 1089 2501 ipsos
1110 2424 1139 2484 ct
1160 2421 1377 2501 imperatorem
1399 2418 1604 2504 reformanda
1624 2419 1661 2482 in
1682 2421 1796 2484 octava
1816 2420 1967 2506 instantis
1983 2423 2099 2500 pente-

443 2527 539 2590 costes
571 2522 664 2607 [Ian.
692 2524 752 2609 14]
783 2529 1001 2606 procuratores
1029 2525 1220 2607 sufficienter
1253 2525 1421 2589 instructos
1453 2524 1625 2588 Mantcrara
1657 2524 1887 2601 transmittant,
1919 2522 1976 2606 qai
2007 2522 2101 2586 omni

443 2627 600 2692 occasione
621 2630 739 2691 remota
759 2627 920 2692 mandatis
933 2627 1136 2712 [Raynatdi]
1156 2627 1289 2708 episcopi
1306 2626 1458 2692 Ostiensis
1480 2631 1509 2690 ct
1527 2626 1696 2711 Tilomac]
1714 2626 1887 2709 presbyteri
1907 2625 2100 2702 cardinatis,

444 2749 521 2812 qaas
543 2750 612 2796 cnm
629 2731 744 2811 plenae
765 2731 928 2814 legationis
950 2732 1051 2813 officio
1072 2731 1149 2796 illac
1170 2731 1380 2804 destinaverit,
1397 2751 1513 2812 parcre
1531 2731 1664 2811 possint.

1706 2839 1800 2915 1237,
1823 2836 1907 2901 Mai.
1930 2839 1984 2902 23.

551 2953 634 3022 Grec.
654 2953 704 3008 IX
721 2953 789 3021 ch.
812 2954 869 3008 Vol.
892 2953 923 3022 V,
940 2957 1013 3021 290;
1039 2956 1102 3012 Lib.
1121 2955 1178 3019 XI,
1199 2959 1244 3010 89.
1289 2955 1371 3010 Hanc
1392 2956 1547 3025 epistolant,
1568 2973 1655 3024 ¹qnam
1677 2956 1770 3028 Rayn.
1791 2958 1862 3010 Ana.
1886 2956 1944 3010 ccci
1967 2972 1995 3009 a.
2013 2959 2102 3024 1237,

444 3043 461 3105 5
480 3043 550 3094 3-4
566 3055 623 3093 nen
638 3040 775 3111 integram
791 3040 842 3094 snb
862 3040 927 3094 Vlll
946 3042 1007 3096 Kal.
1025 3043 1091 3097 Iulii
1105 3042 1260 3112 proposuit,
1286 3045 1313 3095 V.
1335 3041 1376 3098 Ol.
1396 3044 1430 3098 A.
1449 3045 1517 3097 Μαιι
1536 3060 1571 3096 ca
1589 3042 1656 3112 ch.
1681 3045 1765 3098 Vatic.
1782 3043 1862 3098 notam
1878 3041 2035 3112 campsis.

550 3126 687 3191 Pallanti,
707 3126 776 3197 Req.
795 3129 1052 3183 103760t10378.

796 3380 805 3398 .
835 3381 844 3399 .
872 3327 1095 3416 potestati
1121 3332 1167 3400 et
1193 3326 1382 3401 consilio
1408 3328 1744 3403 Mediolanensi.

557 3472 653 3536 Scitis
678 3479 710 3537 et
733 3475 868 3556 scimus,
892 3476 978 3560 quod
1005 3498 1064 3540 nos
1089 3478 1285 3562 superbiis,
1314 3500 1376 3563 quc
1400 3479 1484 3543 inter
1505 3479 1707 3564 imperialem
1730 3478 1956 3544 excellentiam
1981 3485 2015 3542 ot-
2037 3500 2102 3543 vos

450 3583 482 3638 ct
505 3575 708 3640 lrombardos
731 3585 917 3660 vertuntur,
946 3580 1197 3645 sollicitudinem
1220 3583 1320 3668 patris
1350 3581 1524 3654 habentes.
1552 3582 1681 3647 diversa
1709 3582 1926 3647 studuerimus
1948 3583 2102 3647 invenire

452 3679 588 3743 consilia
611 3688 643 3744 ct
660 3682 803 3767 experiri
818 3682 958 3764 labores,
975 3691 1010 3746 ut
1027 3684 1149 3749 eisdem
1167 3686 1239 3749 finis
1256 3692 1369 3772 posset
1384 3686 1556 3752 laudabilis
1573 3693 1736 3752 annuente
1752 3686 1891 3750 Domino
1910 3687 2100 3771 provenire.

452 3783 544 3849 Idem
568 3791 676 3851 autem
699 3793 789 3852 tanto
813 3790 940 3874 plenius
972 3797 1004 3854 et
1030 3811 1115 3854 nunc
1147 3791 1276 3856 efficere
1299 3791 1464 3872 volumus,
1493 3796 1612 3875 quanto
1636 3791 1781 3855 dilationi
1803 3790 1895 3854 locus
1918 3789 1959 3853 de
1983 3794 2099 3853 cetero
2153 3813 2173 3853 r.

449 3910 515 3954 non
535 3892 685 3973 occurrit,
703 3899 736 3955 ct
750 3892 922 3957 karissimo
938 3894 971 3957 in
988 3893 1119 3958 Ohristo
1143 3895 1208 3959 filio
1228 3903 1339 3958 nostro
1362 3894 1399 3960 F.
1415 3895 1636 3958 Romanorum
1659 3893 1846 3979 imperatori
1870 3899 1941 3972 etc,
1964 3914 1984 3955 a
2000 3893 2101 3957 nobis

451 4014 511 4078 per
534 3993 694 4078 speciales
717 3997 848 4061 nuntios
871 3998 1047 4082 requirenti
1070 4004 1105 4062 ut
1129 3999 1190 4062 sibi
1214 4020 1256 4062 ex
1279 4006 1390 4062 nostro
1408 3999 1599 4062 assistamus
1619 3997 1736 4077 officio,
1753 3996 1870 4060 deesse
1893 3996 1925 4059 in
1942 4017 2001 4059 suo
2025 3996 2100 4062 iure

452 4117 518 4160 non
552 4117 742 4182 possumus,
777 4100 831 4184 qui
867 4121 977 4164 sumus
1006 4101 1155 4165 omnibus
1185 4102 1217 4165 in
1249 4102 1370 4165 iustitia
1400 4101 1581 4179 debitores,
1611 4101 1785 4185 quinimmo
1812 4100 1888 4184 quia
1908 4100 1941 4162 in
1965 4120 2100 4164 omnem

452 4205 604 4264 eventurn
628 4202 776 4287 expedit,
799 4209 835 4266 ut
857 4205 957 4268 vitato
980 4205 1165 4269 discrimine
1188 4206 1383 4283 imminenti,
1408 4227 1470 4290 que
1494 4211 1568 4268 sunt
1592 4225 1690 4267 causa
1711 4203 1881 4284 discordie,
1903 4223 1962 4288 pro
1985 4209 2102 4268 vestra

452 4312 484 4368 ct
507 4305 738 4389 tranquillitate
766 4307 892 4393 imperii
922 4329 959 4371 ac
987 4330 1045 4392 pro
1076 4308 1244 4394 dirigendo
1274 4309 1412 4373 feliciter
1433 4309 1533 4373 Terre
1558 4309 1677 4373 Sancte
1706 4308 1835 4393 negotio
1858 4306 1966 4370 divina
1989 4308 2100 4393 provi·

451 4407 562 4471 dentia
585 4406 725 4471 faciente
750 4408 922 4474 salubriter
950 4413 1141 4496 sopiantur.¹
1177 4411 1321 4498 Ideoque
1350 4413 1550 4498 presentium
1572 4410 1665 4475 vobis
1689 4412 1881 4475 auctoritate
1903 4411 2099 4474 mandamus

452 4519 486 4575 et
518 4510 605 4574 bona
638 4511 702 4575 tide
737 4512 948 4592 consulimus,
983 4515 1133 4598 quatinus
1168 4521 1242 4601 post
1282 4517 1522 4602 susceptionem
1562 4537 1674 4579 carnrn
1707 4520 1934 4600 procuratores
1969 4520 2099 4578 vestros

454 4615 623 4678 Mantuam
653 4615 892 4696 transmittatis,
921 4638 1019 4703 super
1043 4619 1197 4704 predictis
1228 4620 1273 4683 ita
1303 4620 1503 4685 sufficienter
1529 4619 1705 4683 instructos
1733 4625 1765 4682 et
1792 4639 1851 4704 pro
1874 4625 1965 4704 parto
1987 4624 2100 4680 vestra

453 4719 585 4803 plenum
619 4717 806 4782 mandatum
841 4718 1014 4798 habentos,
1048 4731 1084 4786 ut
1118 4724 1204 4786 omni
1239 4723 1440 4809 subterfugio
1473 4730 1505 4789 et
1539 4722 1709 4786 occasione
1738 4744 1796 4786 seu
1818 4721 2015 4786 necessitate
2038 4741 2099 4784 vos

453 4823 570 4886 iterum
595 4821 785 4888 consulendi
807 4825 1006 4908 postpositis,
1030 4827 1183 4907 consiliis,
1206 4827 1336 4890 monitis
1360 4835 1393 4891 et
1415 4826 1575 4891 mandatis
1599 4824 1792 4890 venerabilis
1814 4824 1922 4889 fratris
1950 4825 2098 4909 episcopi
2153 4851 2180 4890 ..r

454 4925 617 4990 Ostiensis
640 4931 674 4990 et
695 4925 805 4990 dilecti
827 4925 883 4992 filii
906 4929 1008 4992 nostri
1036 4928 1096 4993 Th.
1120 4931 1205 4994 tituli
1235 4930 1356 4996 Sancte
1385 4931 1505 4996 Sabine
1535 4928 1717 5014 presbytcri
1740 4928 1927 5007 cardinalis,
1951 4949 2033 5013 quos
2055 4928 2099 4993 ad

451 5036 560 5116 partes
587 5030 676 5115 ipsas
703 5036 837 5115 propter
869 5031 930 5095 hoc
960 5053 1032 5096 curn
1063 5034 1161 5118 plene
1184 5035 1356 5120 legationis
1381 5034 1487 5098 officio
1516 5031 1715 5118 providimus
1738 5030 1959 5113 destinandos,
1980 5054 2099 5119 parere

451 5134 578 5220 possint
609 5134 642 5198 in
678 5133 828 5199 omnibus
862 5142 1048 5200 reverenter
1056 5157 1064 5210 ;
1099 5137 1237 5201 sollicite
1271 5139 1432 5223 provisuri
1465 5144 1500 5201 ut
1534 5136 1611 5201 dicti
1644 5144 1872 5221 procuratores
1906 5137 1939 5200 in
1974 5139 2100 5202 octaris

451 5238 601 5303 instantis
624 5237 857 5323 pentecostes²
885 5237 1019 5303 Mantus
1042 5240 1173 5304 valeant
1203 5241 1357 5321 inveniri,
1386 5263 1459 5305 eum
1490 5239 1670 5306 timendum
1693 5241 1750 5320 sit,
1774 5238 1860 5325 quod
1883 5241 1910 5304 si
1933 5241 2099 5326 expeditio

553 5498 574 5563 ¹)
591 5500 628 5550 ita
644 5499 673 5550 ia
690 5497 731 5562 R,
749 5507 777 5550 nt
801 5499 828 5550 V.
850 5496 889 5551 Ol.
908 5499 940 5552 A.
959 5499 1026 5552 Man
1042 5503 1114 5554 nabis
1132 5504 1244 5570 empsim
1260 5504 1321 5556 Iulii
1337 5503 1431 5570 Bayn„
1447 5503 1492 5568 qai
1508 5503 1584 5554 etiam
1601 5519 1698 5552 anama
1714 5520 1768 5552 aaa
1785 5503 1924 5580 aaraotarrit.

556 5617 584 5684 1)
605 5615 647 5685 Os.
667 5587 808 5687 epistolaria
823 5616 999 5688 imperatoris
1015 5638 1041 5677 a.
1061 5625 1143 5688 1237,
1159 5620 1234 5676 circa
1252 5622 1332 5676 Febr.
1351 5621 1454 5684 datam
1478 5619 1717 5684 Bonae-stoker,
1736 5620 1753 5674 l.
1771 5634 1793 5673 c.
1810 5638 1837 5674 n.
1855 5625 1937 5676 2225.
1999 5624 2027 5690 2)
2046 5626 2102 5696 Ap.
2127 5633 2131 5644 ·

454 5703 761 5777 carantanorum.
780 5709 830 5761 cet.
848 5708 875 5762 er
890 5721 943 5763 rec.
962 5710 980 5764 t.
998 5708 1024 5772 1,
1039 5724 1069 5784 p.
1088 5710 1152 5780 135,
1169 5725 1197 5770 a,
1209 5707 1288 5764 XII:
1306 5711 1370 5788 post
1387 5709 1514 5764 octavam
1532 5705 1778 5772 suetranensis,
1796 5708 1815 5762 ι’.
1834 5723 1855 5763 e.
1871 5715 1935 5786 post
1953 5709 2008 5770 Ict,
2027 5719 2051 5772 1.

2152 5525 2181 5566 tc
