4524 6412
388 397 451 460 258
980 391 1026 444 EX
1045 389 1201 445 HONORII
1220 389 1260 444 ΙΙΙ
1278 389 1458 447 REGISTRO

388 566 461 632 dem
494 567 581 651 regis
611 564 819 652 prudentiam
851 566 936 630 inter
965 585 1023 628 vos
1060 569 1215 649 poterunt
1246 563 1355 629 sedari
1386 565 1548 646 dicordie,
1581 563 1739 628 custodiri
1770 569 1885 642 strate,
1922 561 2049 626 servari

389 669 515 734 institia
537 676 571 734 et
593 669 668 750 alia,
692 689 755 754 que
779 668 820 732 ad
837 674 980 733 vestram
996 666 1172 731 utilitatem
1190 671 1223 729 et
1238 668 1508 751 tranquillitatem
1527 667 1703 754 pertinent,
1726 667 1851 731 utiliter
1865 666 2046 752 provideri:

389 779 493 838 totum
524 772 770 858 patrimonium,
800 771 888 856 quod
917 770 1018 834 habet
1044 769 1194 834 Romana
1223 771 1365 834 ecclesia
1394 793 1414 834 a
1440 771 1642 836 Radicotano
1670 791 1774 855 usque
1802 769 1957 850 Romam,
1987 791 2046 834 ex-

389 883 487 963 eepta
501 877 646 941 marchia
660 876 877 954 Anconitana,
900 874 1020 938 ducatu
1038 873 1175 959 Spoleti,
1198 871 1303 938 Reate
1328 895 1365 938 ae
1389 874 1532 952 Sabinia,
1557 895 1644 954 cure,
1668 873 1818 958 regimini
1842 881 1875 938 et
1898 873 2047 938 custodie

390 981 494 1066 ipsius
517 980 606 1065 regis
629 980 781 1044 duximus
805 975 1090 1056 committendum,
1113 977 1308 1057 tenendum,
1333 977 1582 1043 custodiendum
1607 984 1640 1042 et
1663 976 1868 1056 servandum,
1892 975 2047 1063 quamdiu
2102 1018 2107 1030 ·

390 1083 431 1148 de
460 1089 573 1148 nostra
602 1091 635 1148 et
665 1082 807 1148 eoclesie
830 1073 978 1144 Romane
1007 1080 1107 1144 fuerit
1137 1081 1324 1160 voluntate,
1354 1081 1546 1144 nominatim
1569 1080 1825 1161 Radicolannm,
1855 1079 2049 1160 Precenam,

390 1185 695 1272 Aquapendentem,
725 1185 1060 1262 Montemflasconem,
1091 1182 1241 1264 Martem,
1263 1182 1521 1271 Valentan[am],
1545 1185 1685 1248 insulam
1706 1181 1945 1271 Martan[am]²,
1974 1205 2049 1248 cum

390 1292 463 1356 aliis
491 1291 589 1371 locis,
620 1313 682 1377 qne
712 1290 754 1354 ab
781 1291 859 1355 olim
889 1279 1130 1354 consueverunt
1157 1287 1373 1351 iurisdictioni
1402 1288 1572 1352 castellani
1596 1287 1871 1353 Montisfiasconis
1901 1287 2049 1363 subesse,

392 1393 531 1460 Verall.b
554 1394 761 1468 Petroniam,
791 1393 889 1458 salvis
912 1391 1125 1478 proventibus
1149 1390 1269 1454 dilecto
1291 1391 1358 1454 filio
1386 1397 1498 1455 nostro
1520 1388 1713 1479 R[aynerio]
1739 1391 1859 1456 Sancte
1881 1391 1984 1456 Maria
2015 1391 2049 1456 in

392 1497 568 1562 Oosmedin
597 1497 734 1561 diacono
765 1495 921 1561 cardinali
957 1495 1136 1574 concessis,
1173 1493 1277 1574 Orda,
1311 1493 1528 1574 Montaltum,
1566 1494 1826 1573 Centumcellas,
1859 1493 2046 1572 Cornetum,

390 1600 581 1680 Perusiam,
603 1597 919 1687 Urbemvet[erem],
949 1597 1144 1676 Tudertum,
1173 1598 1445 1682 Balneoregium,
1469 1598 1672 1678 Viterbium,
1695 1599 1867 1678 Narniam,
1891 1597 2048 1662 Sanctum

392 1701 586 1782 Geminum,
616 1702 805 1783 Strnncon.,
835 1703 933 1766 salvis
964 1702 1175 1788 proventibus
1204 1701 1325 1764 dilecto
1355 1701 1422 1765 filio
1453 1701 1555 1765 nobili
1578 1702 1649 1766 viro
1672 1702 1771 1767 Petro
1796 1701 1939 1788 Oapueio
1969 1721 2047 1765 con-

392 1805 574 1891 sanguineo
597 1812 631 1870 et
653 1806 786 1870 ostiario
810 1811 923 1871 nostro
947 1804 1123 1882 concessis,
1146 1799 1374 1890 Tuscan[am]‚
1398 1803 1523 1885 Ortam,
1547 1804 1722 1885 Ameliam,
1744 1803 1849 1890 Nape,
1873 1803 2048 1868 Civitatem

394 1909 634 1990 castellanam,
681 1909 879 1987 Genesium,
925 1909 1025 1973 salvis
1061 1906 1273 1993 proventibus
1312 1909 1479 1973 concessis
1517 1908 1637 1973 dilecto
1673 1909 1741 1972 filio
1778 1914 1890 1972 nostro
1927 1905 2047 1992 Egidio

393 2012 588 2078 Sanctorum
612 2012 730 2078 Cosme
754 2019 788 2077 et
809 2011 962 2076 Damiani
985 2011 1122 2075 diacono
1146 2010 1318 2092 cardinali,
1351 2011 1528 2076 munimur
1554 2019 1587 2076 et
1615 2012 1694 2092 alia,
1726 2033 1788 2097 qne
1812 2012 1884 2096 ipsa
1906 2011 2049 2075 ccclesia
2116 2055 2121 2068 .

392 2117 540 2181 Romana
566 2116 667 2181 habet
688 2117 742 2181 vel
769 2121 861 2181 tenet
887 2116 971 2179 infra
1002 2116 1159 2179 terminos
1189 2121 1398 2200 prenotatos,
1428 2137 1500 2180 cum
1529 2115 1737 2201 pertinentiis
1764 2115 1832 2179 suis
1860 2120 1894 2178 et
1920 2113 2048 2178 iuribus

392 2219 564 2284 universis.
609 2219 755 2306 Ideoque
783 2219 1033 2284 universitatem
1057 2225 1201 2283 vestram
1231 2240 1402 2284 monemus
1432 2227 1466 2285 et
1489 2220 1701 2284 exhortamur
1724 2219 1899 2298 attentius,
1929 2239 1967 2282 ac
1989 2239 2050 2302 per

392 2323 573 2409 apostolica
588 2321 681 2387 vobis
705 2324 826 2410 scripta
849 2323 910 2388 sub
934 2321 1071 2386 obtentu
1094 2323 1199 2407 gratie
1223 2328 1335 2387 nostre
1360 2331 1393 2387 et
1416 2323 1527 2388 debito
1550 2322 1727 2402 fidelitatis,
1751 2344 1814 2407 quo
1837 2321 1932 2387 nobis
1955 2327 2048 2389 tene·

392 2426 486 2506 mini,
515 2424 653 2492 firmiter
680 2426 892 2512 precipiendo
915 2423 1128 2506 mandamus,
1157 2426 1309 2511 quatinus
1339 2427 1446 2512 ipsum
1473 2447 1586 2510 regem
1616 2426 1814 2510 recipientes
1841 2425 1989 2490 hilariter
2015 2433 2050 2491 et

393 2527 525 2612 dignam
547 2530 579 2594 ei
600 2529 882 2594 honorificentiam
906 2527 1119 2608 exhibentes,
1149 2527 1258 2593 eidem
1280 2536 1433 2613 tanquam
1456 2529 1577 2593 vicario
1601 2534 1634 2592 et
1656 2531 1858 2613 procuratori
1880 2535 1991 2592 nostro
2015 2535 2049 2593 et

393 2632 535 2697 ecclesie
563 2632 710 2697 Romane
738 2633 906 2697 humiliter
933 2638 967 2697 et
996 2633 1174 2697 efficaciter
1203 2633 1397 2713 intendatis,
1430 2633 1493 2697 sibi
1529 2633 1569 2696 de
1601 2633 1727 2696 iuribus
1759 2633 1865 2712 curie,
1895 2631 2049 2717 quamdiu

394 2735 534 2800 ecclesie
557 2735 704 2801 Romane
728 2736 899 2822 placuerit,
923 2735 1009 2821 quod
1031 2736 1221 2801 huiusmodi
1245 2758 1356 2801 curam
1380 2743 1484 2821 gerat,
1506 2737 1634 2821 integre
1657 2736 1885 2822 respondendo
1908 2739 1962 2799 etc.

501 2855 578 2920 Dat.
598 2855 708 2921 Later.
731 2856 780 2920 VI
802 2855 878 2921 Kal.
901 2858 999 2924 Febr.
1023 2879 1108 2922 anno
1132 2856 1191 2924 XI.

1177 3329 1263 3402 340.

504 3435 707 3529 Focaneus
728 3463 943 3529 Romanorum
969 3466 1139 3546 irnperotor
1166 3467 1310 3531 Honorio
1333 3468 1399 3532 111
1420 3489 1523 3548 papae
1549 3473 1656 3532 notam
1678 3469 1773 3553 facit,
1802 3487 1834 3532 se
1862 3469 1953 3531 inste
1974 3489 2051 3548 pro·

394 3568 543 3632 visionem
564 3566 632 3630 aas
653 3567 831 3631 civitatihns
852 3572 882 3632 ct
898 3569 1056 3634 nobilibus
1071 3569 1287 3648 Lomhardiac‚
1311 3591 1390 3652 qima
1405 3571 1597 3635 nmiestatem
1611 3591 1702 3636 snam
1716 3571 1910 3650 offenderint,
1931 3591 2050 3634 manem
2102 3597 2115 3635 r

394 3689 555 3734 rancorem
576 3668 731 3734 remisisse
753 3670 917 3752 omniaque
939 3671 1047 3735 banna
1071 3693 1129 3752 per
1152 3693 1184 3737 sc
1217 3674 1264 3738 vet
1290 3693 1349 3753 por
1369 3673 1470 3738 ati-rem
1498 3675 1540 3737 ir's
1568 3674 1712 3754 imposita
1738 3692 1912 3756 revocasse,-
1943 3677 2052 3737 contra

394 3772 636 3859 [Wilhelmam]
651 3773 859 3838 orarationem
873 3774 1114 3859 Montisferrati
1136 3780 1238 3839 antea
1260 3795 1292 3839 se
1314 3777 1420 3839 omnia
1444 3778 1519 3840 iera
1541 3796 1703 3858 carnesque
1724 3778 1868 3854 actiones,
1890 3797 1969 3859 qnae
1990 3776 2052 3840 sihi

395 3879 583 3957 competant,
612 3876 674 3940 sihi
703 3897 872 3942 reservare.
918 3877 1080 3942 Promittit
1107 3880 1238 3958 insuper
1264 3878 1369 3960 filiam
1396 3898 1488 3942 snam
1514 3879 1690 3944 Hominem
1711 3879 1926 3943 Ronmnoram
1951 3900 2051 3962 repam

389 4001 450 4061 per
480 3980 602 4045 litteras
628 3979 865 4065 permaneam
892 4000 972 4060 esse,
1000 3982 1083 4063 qnod
1110 3987 1139 4046 et
1168 3983 1233 4063 ipse
1261 3982 1342 4046 mre
1373 4003 1479 4062 paeem
1504 3986 1609 4046 ratam
1635 3981 1756 4048 haheat.
1784 4021 1827 4031 -
1854 3983 1898 4047 In
1922 3981 2053 4046 eandm

395 4083 518 4147 modam
539 4083 667 4164 scripsit
688 4083 858 4147 rectoribus
880 4085 1056 4164 civitatem,
1080 4105 1159 4166 qaae
1180 4085 1325 4168 sinpniae
1346 4091 1584 4163 enarmraatar,
1614 4086 1788 4150 marchioni
1809 4085 2051 4170 Montisferrati
2098 4111 2130 4149 so

395 4190 425 4250 et
445 4184 548 4249 comiti
572 4184 748 4266 Gottifredo
769 4184 806 4250 de
827 4185 1019 4253 Blandrato.
1067 4187 1118 4272 Cf.
1140 4208 1173 4255 n.
1195 4191 1269 4252 330.
1702 4191 1797 4267 1227,
1818 4189 1911 4254 Febr.
1934 4193 1964 4254 1.

502 4304 585 4373 Grep.
604 4303 655 4357 IX
670 4303 738 4372 Κεφ.
755 4307 829 4359 Ano.
848 4306 873 4360 I.

499 4388 556 4443 Ed.
580 4389 675 4457 Perta,
696 4390 757 4444 LL.
779 4397 798 4446 t.
820 4392 869 4457 II,
893 4410 921 4462 p.
944 4398 1008 4448 258.

1014 4587 1424 4596 m...—

1178 4813 1264 4885 341.

506 4920 695 5014 fflnorins
717 4947 784 5012 HI
795 4969 887 5028 papa
904 4951 1085 5028 potestatem
1108 4956 1137 5015 et
1153 4953 1308 5032 papulam
1330 4953 1566 5020 Ariminensem
1586 4955 1746 5034 hortator,
1774 4960 1810 5020 nt
1831 4957 2051 5043 l[nphirom0]

395 5053 432 5116 de
447 5051 601 5130 Maerens,
623 5049 781 5133 qnondam
794 5052 907 5115 reatori
928 5072 1042 5129 emam,
1064 5055 1116 5118 eni
1138 5055 1266 5136 qnidam
1288 5058 1368 5121 cives
1389 5059 1529 5123 inimica
1545 5059 1719 5138 intulerint,
1741 5081 1775 5125 eo
1796 5061 1879 5143 qaod
1896 5059 2050 5142 quasdam
2102 5094 2128 5132 ³2.

395 5155 541 5220 mulieres
562 5154 733 5219 haereticas
752 5155 935 5234 imperatori
955 5156 1123 5221 nodedait
1143 5159 1374 5240 cmnharendas,
1395 5160 1642 5246 satisfactionem
1657 5163 1842 5245 eondiqnam
1858 5161 2049 5243 irripendant.

1677 5269 1772 5345 1227,
1795 5266 1887 5331 Febr.
1910 5269 1962 5329 27.

500 5343 574 5398 non.
593 5342 651 5397 111
665 5341 734 5412 rm.
757 5342 815 5397 vor.
836 5342 869 5411 v,
887 5348 952 5406 rra·
970 5343 1032 5398 aa.
1051 5343 1107 5409 xr,
1127 5351 1191 5400 aso.

499 5428 635 5498 Pontos,
654 5428 724 5499 neq.
744 5433 825 5484 rora

503 5671 529 5740 ⁸)
548 5675 669 5741 insulam,
687 5677 797 5727 Martae.
815 5675 899 5743 Rapa.
983 5674 1004 5740 a)
1020 5679 1133 5744 fortasse
1150 5680 1296 5732 vetrallam
1379 5680 1401 5747 ⁰)
1412 5684 1531 5750 fortasse
1548 5683 1669 5736 Sutrium.
