4538 6426
112 930 123 964 b

747 308 946 377 saissonis
964 323 1154 378 sansures.
1191 325 1266 379 rara.
1790 329 1829 388 57

175 517 272 580 quam
306 497 440 561 arduam
475 517 544 560 reru
573 496 653 561 estis
677 496 717 561 de
741 497 850 561 divino
873 496 996 561 auxilie
1026 497 1227 562 confidentes
1256 499 1422 582 aggressi,
1457 498 1519 562 etsi
1543 497 1650 562 subito
1674 520 1831 562 concussa

176 600 296 663 suerint
319 622 396 664 ossa
417 607 540 680 nostra,
563 600 639 664 dum
655 601 853 686 paucitatem
872 607 1013 663 vestram
1034 604 1186 684 respectu
1207 601 1356 686 opposite
1374 599 1590 665 multitudinis
1606 622 1830 686 pensaremus,

176 724 254 766 mox
270 711 379 769 tamen
394 711 586 770 occurrente
601 704 693 768 nobis
708 703 793 788 quod
806 703 942 787 legitur:
966 700 1139 764 Dominum
1158 701 1374 782 formidabunt
1398 704 1575 769 adversarii
1599 707 1666 769 cius
1686 709 1715 768 ct
1738 725 1851 786 supcr¹
1870 718 1924 771 Res·
1939 724 1994 770 alo·

176 807 260 886 ipsos
281 807 316 870 ia
338 806 411 870 celis
427 807 554 885 tonabit,
577 808 697 872 fuimus
711 807 829 871 fiducia
851 813 884 871 et
907 806 1129 870 consolatione
1154 806 1282 891 repleti,
1304 806 1345 870 de
1369 808 1455 872 illius
1478 810 1601 872 auxilio
1619 809 1831 890 confidentes,

177 911 233 995 qui
257 918 426 997 sperantes
452 912 485 974 in
509 933 567 975 sua
590 910 815 976 misericordia
842 932 906 974 non
930 909 1099 993 relinquit,
1131 907 1188 972 sed
1213 930 1269 972 cos
1297 910 1330 972 in
1353 910 1433 995 ipsa
1448 911 1657 976 tribulatione
1680 911 1830 986 dilatans,
1854 897 1981 994 ¹ssffi¹4²t2⁶

175 1034 275 1098 prora
297 1014 331 1077 in
354 1012 479 1078 directa
502 1021 535 1078 et
558 1036 675 1099 aspera
698 1015 731 1078 in
753 1015 822 1076 vias
846 1014 959 1099 planas
984 1034 1043 1076 sua
1060 1012 1275 1097 omnipotenti
1298 1013 1420 1098 pietate
1438 1015 1608 1093 convertit,
1629 1023 1666 1079 ut
1688 1016 1831 1080 humana
1862 1025 1900 1066 m.
1915 1031 1969 1076 ws-

175 1116 335 1201 fragilitas
369 1118 401 1180 in
438 1140 473 1182 se
512 1118 644 1203 gloriari
675 1139 740 1182 non
779 1116 915 1188 audeat,
957 1115 1014 1180 sed
1049 1137 1121 1179 curn
1157 1115 1274 1178 viderit
1304 1137 1339 1180 se
1376 1137 1435 1201 per
1464 1139 1639 1203 supernum
1673 1120 1830 1184 auxilium

177 1218 222 1282 ibi
244 1220 415 1304 proficere,
451 1220 507 1284 nbi
543 1220 721 1286 secundum
753 1242 868 1285 causas
892 1219 1065 1283 inferiores
1089 1218 1228 1282 deiicere
1256 1217 1442 1300 videbatur,
1469 1219 1635 1284 humiliter
1661 1221 1694 1284 in
1717 1220 1829 1286 landos

175 1320 301 1386 divinas
325 1331 474 1408 erumpat
497 1331 530 1388 et
554 1323 655 1387 dicat:
701 1321 841 1387 Dcalcra
870 1327 934 1398 tua,
965 1319 1060 1398 Deus,
1082 1321 1257 1401 {glorificata
1288 1325 1333 1383 cst
1354 1322 1389 1384 ia
1417 1322 1531 1385 virtute
1552 1325 1582 1385 ct
1603 1326 1659 1386 tue
1681 1321 1831 1406 coafrcpit
1848 1333 1918 1375 axau.
1938 1339 1992 1380 1ῡώ-

97 1449 121 1486 ιο
169 1427 312 1505 putentia
339 1426 491 1490 interime.
552 1427 711 1491 Volentes
745 1435 854 1490 autem
890 1425 1071 1512 operationi
1108 1424 1216 1487 divine
1252 1430 1362 1488 nostro
1392 1425 1584 1488 humilitatis
1613 1426 1830 1491 ministerium

93 3657 119 3692 25

173 1528 341 1606 adhibere,
366 1531 519 1594 continuo
543 1529 695 1608 Ianuam,
718 1529 879 1594 Venetiae
902 1550 940 1592 ac
963 1549 1022 1612 per
1045 1529 1127 1591 alios
1151 1527 1246 1591 ltalie
1271 1535 1383 1613 portus
1407 1528 1532 1592 litteras
1553 1535 1682 1593 nostras
1711 1528 1831 1593 direxi·

172 1656 255 1714 mus,
278 1634 532 1718 crucesignatos,
556 1634 611 1718 qui
634 1631 675 1696 ad
699 1639 811 1718 portus
841 1633 929 1716 ipsos
960 1638 1181 1696 convenerant
1211 1638 1244 1695 et
1269 1632 1442 1695 convenire
1473 1631 1650 1712 debebant,
1674 1633 1830 1697 attentius

172 1737 400 1816 exhortantes,
436 1759 473 1801 ao
500 1743 670 1802 monentes
702 1743 864 1799 terrarum
891 1737 1064 1822 episcopos
1099 1742 1131 1800 ct
1154 1744 1317 1816 rectores,
1349 1742 1386 1799 ut
1413 1735 1589 1818 diligenter
1617 1735 1832 1800 exhortentur

58 1853 59 1856 ’
172 1841 322 1918 eosdem,
359 1847 395 1904 ut
429 1840 470 1905 ad
499 1861 686 1904 succursum
719 1845 862 1902 vestrum
895 1839 1047 1903 celeriter
1079 1839 1272 1903 festinantes
1302 1860 1417 1902 versus
1451 1839 1617 1903 civitatem
1645 1839 1832 1904 Damiatam

172 1943 206 2006 in
233 1945 363 2008 nomine
387 1943 509 2010 domiui
533 1943 677 2008 Sabaoth
700 1943 842 2028 dirigant
865 1945 927 2008 iter
951 1963 1055 2007 suum.
1101 1943 1197 2007 Unde
1221 1964 1391 2029 speramus
1416 1949 1541 2006 tanturn
1565 1944 1722 2008 auxilium
1738 1945 1831 2009 robis

172 2046 314 2112 Domino
337 2047 498 2132 largiente
523 2048 555 2112 in
578 2049 727 2134 proximo
752 2048 938 2126 affuturum,
962 2048 1047 2133 quod
1070 2055 1196 2130 gentos,
1220 2070 1283 2132 que
1308 2046 1485 2111 Dominum
1508 2069 1573 2111 non
1595 2053 1757 2112 noverunt
1780 2056 1831 2113 set

171 2150 205 2213 in
241 2151 311 2215 sola
344 2173 403 2216 sua
434 2152 668 2216 numerositate
699 2151 882 2230 confidunt,
917 2159 992 2215 ante
1023 2160 1165 2217 vestram
1197 2153 1315 2216 facicm
1339 2158 1549 2216 conterentur
1576 2151 1616 2215 ad
1644 2151 1773 2216 laudem
1798 2161 1991 2220 etruscae.

172 2253 328 2318 honorem
353 2253 473 2319 Christi
496 2277 534 2319 ac
558 2256 697 2320 nominis
721 2255 908 2319 Christiani.
945 2255 1083 2319 Interim
1105 2257 1205 2339 igitur
1227 2277 1285 2319 ros
1306 2255 1390 2319 siout
1406 2255 1519 2320 fideles
1538 2255 1624 2319 servi
1648 2261 1681 2318 et
1704 2256 1828 2320 strenui

170 2357 292 2420 milites
315 2356 393 2421 Iesu
417 2356 537 2422 Christi
559 2359 644 2422 firmi
667 2365 700 2423 et
723 2363 911 2422 constantes
935 2364 1051 2436 estote,
1075 2379 1122 2438 ac,
1147 2358 1231 2442 quod
1258 2359 1541 2443 pernecessarium
1565 2365 1626 2433 est,
1656 2360 1828 2424 unanimes

92 2509 103 2517 .
173 2465 207 2522 et
230 2459 409 2524 concordes
443 2461 536 2546 quasi
572 2462 620 2524 vir
643 2483 726 2526 unus
761 2482 826 2525 uno
861 2482 997 2526 numero
1029 2461 1179 2525 serviatis
1209 2461 1351 2525 Domino
1375 2460 1437 2526 deo
1467 2469 1594 2542 vestro,
1620 2468 1653 2526 et
1676 2461 1829 2546 quioquid

172 2562 285 2625 oculos
308 2559 418 2626 divine
442 2563 623 2626 maiestatis
647 2563 792 2634 offendit,
817 2570 973 2645 quantum
997 2563 1140 2626 humana
1165 2564 1326 2647 permittit
1349 2563 1530 2648 fragilitas,
1555 2565 1702 2644 evitetis,
1726 2566 1830 2629 itaut

173 2685 350 2748 supernum
374 2665 543 2744 auxilium,
566 2665 651 2750 quod
674 2666 795 2730 nostris
819 2672 852 2729 et
876 2667 1014 2729 aliorum
1042 2665 1187 2730 fidelium
1212 2667 1365 2752 precibus
1389 2666 1482 2731 vobis
1505 2669 1680 2754 impetrare
1706 2669 1829 2754 satagi-

171 2787 256 2846 mus,
282 2765 431 2832 debeatis
454 2768 571 2833 merito
595 2777 781 2855 expectare.

281 2869 357 2935 Dat.
380 2871 533 2938 Lateran.
556 2871 668 2938 Idibus
692 2871 846 2956 Augusti,
870 2872 1078 2956 pontificatus
1101 2873 1205 2937 nostri
1228 2894 1313 2937 auno
1336 2874 1443 2938 tortio.

798 3153 1094 3162 m—q--n——n
1099 3154 1166 3162 -..ιο-
1179 3155 1209 3161 ---

839 3431 842 3438 ’
942 3484 1031 3557 ro.

284 3593 471 3686 Honorius
498 3621 565 3684 HI
584 3641 670 3700 papa
699 3620 942 3701 orcbicpiocrmos
964 3626 993 3684 ct
1022 3623 1102 3686 alios
1126 3622 1288 3702 praelatos
1311 3643 1372 3702 pcr
1394 3622 1538 3687 Siciliam
1568 3622 1747 3688 constitutos
1773 3621 1829 3684 ad-

171 3726 327 3803 hortatur,
358 3729 394 3789 ut
421 3725 451 3788 si
477 3743 541 3804 qao
565 3743 729 3786 nrurmura
756 3727 864 3786 contra
892 3724 1127 3805 Hospitclarios
1154 3728 1184 3787 ct
1214 3725 1406 3805 Tcnrphrrios
1434 3744 1466 3788 sc
1493 3745 1599 3789 cerrum
1626 3725 1758 3789 auribus
1781 3725 1829 3786 ia

170 3829 336 3910 possetint,
364 3849 401 3892 ca
426 3825 547 3910 frivola
572 3830 752 3906 reputantes
781 3826 864 3905 ipsos
892 3827 1003 3891 hebere
1035 3831 1144 3892 cureat
1171 3847 1254 3890 merc
1283 3827 1373 3891 solito
1401 3828 1639 3906 commendatos,
1675 3849 1744 3892 cum
1767 3848 1829 3907 por

172 3929 373 4016 [Pelopiam]
395 3930 605 3994 Albaacascm
637 3929 824 4008 episcopum,
858 3931 1044 4009 apostolicae
1077 3930 1159 3993 scd-is
1193 3931 1341 4012 deputam,
1375 3933 1404 3993 ct
1437 3930 1517 3994 alios
1548 3931 1610 3994 sibi
1640 3931 1682 3996 sit
1715 3931 1828 3995 certitas

173 4034 362 4111 intimatum,
385 4033 468 4115 quod
487 4031 563 4096 dicti
582 4031 702 4112 fratres
723 4032 807 4094 inter
828 4052 933 4095 omncs
954 4035 1035 4098 alios
1056 4035 1157 4098 mucis
1179 4034 1338 4114 capeliam
1357 4037 1534 4114 procurent.

1472 4137 1564 4215 1218,
1585 4136 1666 4203 Noe.
1687 4138 1740 4200 24.

279 4221 353 4274 Hoa.
373 4221 429 4275 111
443 4220 511 4292 Reg.
536 4220 592 4274 Vol.
611 4219 656 4288 ΙΙ,
676 4224 726 4281 30;
746 4219 807 4272 Lib.
828 4219 890 4282 III,
909 4223 968 4272 131.

172 4465 537 4558 Archiepiscopis
569 4470 609 4536 et
633 4463 876 4554 episcopis,
910 4465 1166 4552 abhatibus,
1205 4464 1450 4557 prioribuS,
1486 4466 1827 4556 archidiaconia,

258 4586 460 4673 decania,
492 4584 901 4676 archipresbyteris
928 4592 970 4657 et
997 4585 1097 4657 aliis
1125 4585 1417 4658 ecclesiarum
1446 4586 1632 4676 prelatis
1662 4609 1738 4679 per

747 4703 953 4796 Syciliam
986 4705 1254 4779 constitutis.

282 4853 428 4918 Humani
449 4854 581 4937 generis
604 4854 708 4918 hostis
730 4854 882 4937 antiquus
906 4853 1066 4917 callidus*¹
1088 4855 1179 4918 velut
1200 4875 1335 4940 serpens
1356 4853 1487 4939 pietatis
1504 4852 1651 4918 insidiari
1674 4854 1827 4940 oporibus

172 4955 247 5021 ideo
271 4977 335 5020 non
359 4954 500 5036 desistit,
524 4956 676 5040 quoniam
699 4955 771 5042 ipsa
792 4958 862 5020 sola
883 4956 1018 5042 predam
1038 4958 1181 5043 eripiunt
1198 4957 1239 5020 ab
1263 4958 1334 5022 eius
1357 4955 1505 5020 faucibus
1524 4956 1713 5021 animarum.
1745 4956 1827 5020 Cum

173 5059 260 5124 enirn
284 5065 448 5143 tamquam
471 5059 523 5122 leo
548 5059 678 5143 rugiens
703 5065 817 5144 querat
840 5080 935 5143 quem
955 5059 1091 5124 devoret
1116 5066 1184 5123 toto
1209 5059 1279 5139 die,
1302 5066 1452 5123 assuetus
1476 5057 1606 5143 quidem
1629 5081 1672 5123 ex
1694 5059 1828 5143 antiqua
1846 5082 1854 5117 1
1873 5074 1930 5115 rau.
1950 5079 1990 5116 ss.

173 5163 298 5226 malitia
321 5163 513 5226 miserorum
536 5163 660 5226 animas
679 5163 856 5248 captivare,
879 5162 1031 5246 quotiens
1060 5162 1191 5247 aliquod
1219 5163 1422 5228 obstaculum
1441 5162 1574 5240 invenit,
1596 5162 1676 5226 livet
1696 5161 1826 5236 invidia,

172 5272 207 5329 et
229 5265 321 5350 quasi
344 5265 456 5349 gravia
471 5263 612 5350 dampna
634 5285 761 5352 passus,
779 5266 923 5330 fremens
947 5264 1100 5330 dentibus
1121 5265 1291 5330 sollicitius
1310 5265 1406 5329 solito
1421 5285 1511 5328 arma
1530 5271 1623 5351 parat
1641 5271 1674 5327 et
1693 5263 1827 5329 insidias

96 5407 121 5448 ω
172 5367 409 5448 machinaturl’,
433 5367 474 5432 ad
496 5375 631 5434 veterna
654 5368 776 5433 fraudis
792 5369 964 5433 astutiamc
979 5367 1119 5453 denique
1139 5368 1346 5450 recurrendo,
1369 5375 1406 5433 ut
1422 5389 1480 5434 eos
1497 5388 1578 5452 quos
1596 5367 1694 5432 armis
1715 5367 1828 5453 nequit

284 5527 293 5532 -
302 5527 597 5535 --——-.-—.--—--

282 5625 305 5692 ¹)
323 5627 421 5680 calidus
439 5625 471 5678 Β.
552 5627 575 5692 1’)
593 5632 750 5684 machinator
767 5630 799 5683 Β.
894 5627 916 5694 ⁰)
934 5630 1030 5681 astutia
1048 5627 1080 5682 R.

280 5730 342 5784 Rea.
360 5731 441 5782 Posr.
459 5731 478 5784 1.
