4590 6366
446 381 508 442 554
1028 379 1076 433 EX
1095 379 1271 435 causetur
1288 381 1327 434 IX
1345 378 1526 436 austerae

443 550 593 615 insinuet.
618 589 659 600 —
682 551 833 632 Sequitur
861 551 984 631 cedula,
1013 554 1050 616 iu
1080 573 1144 634 qua
1168 575 1255 634 papa
1284 555 1426 634 expauit,
1457 553 1571 635 quibas
1600 550 1829 615 mnditiouibus
1848 568 1925 629 pax
1951 545 1993 607 ¹in
2020 543 2121 608 Terra

448 653 570 721 Sancta
591 654 796 741 refuntanda
817 658 868 722 sit.
1739 652 1834 730 1235,
1858 651 1948 730 Sept.
1974 651 2033 714 22.

550 771 634 846 tiraq.
653 775 703 828 IX
718 777 787 847 Κεφ.
812 776 867 829 Vol.
889 775 921 845 V,
942 780 1063 844 71-72;
1082 777 1145 832 Lib.
1164 777 1220 840 IX,
1238 780 1297 831 230
1315 784 1340 832 ct
1358 783 1420 832 231.

551 860 688 926 Potttast,
707 862 776 932 Ray.
795 867 895 918 10020.

1262 1055 1289 1122 I.

599 1194 640 1270 F.
668 1195 970 1273 Romanorum
996 1200 1257 1292 imperatori
1283 1222 1460 1292 semper
1486 1202 1690 1292 auguste,
1718 1197 1958 1272 Ierusalem

1006 1327 1048 1394 et
1072 1321 1221 1394 Sicilie
1249 1321 1341 1413 regi
1370 1320 1551 1393 illustri.

560 1464 707 1550 Dignum
731 1467 820 1533 illius
844 1471 982 1535 assumit
1004 1471 1131 1534 animus
1155 1469 1327 1555 gaudium,
1360 1471 1415 1554 qui
1448 1491 1484 1534 se
1514 1468 1720 1533 brachiomm
1744 1466 1868 1530 viribus
1899 1464 1942 1529 ab
1974 1465 2121 1529 aliorum

449 1567 549 1632 sentit
572 1568 817 1654 impugnatione
841 1574 1011 1653 munitum,
1036 1580 1070 1638 et
1093 1574 1332 1638 firmamentum
1356 1579 1433 1637 tnnc
1449 1572 1604 1636 decorum
1629 1571 1779 1648 efficitur,
1802 1591 1874 1633 eum
1899 1570 1993 1649 lune,
2019 1589 2121 1654 quam

448 1690 514 1733 non
543 1670 692 1736 obhrscat
723 1674 873 1760 eclipsis,
904 1676 1005 1741 radiis
1036 1678 1226 1742 illustratur.
1257 1677 1392 1752 .P0rro,
1423 1677 1451 1740 si
1479 1675 1649 1740 brachium
1676 1674 1872 1738 destituatur
1903 1674 2060 1760 potentia
2085 1681 2120 1737 et

448 1773 528 1836 luna
550 1782 683 1860 propter
705 1784 865 1844 terrarum
881 1780 1009 1845 obicem
1027 1781 1144 1846 solaris
1168 1781 1210 1844 sit
1226 1781 1356 1845 luminis
1374 1779 1536 1844 beneficio
1554 1779 1704 1864 spoliata,
1726 1798 1802 1864 pars
1826 1784 1938 1842 cetera
1962 1777 2117 1864 corporis

449 1875 635 1961 iniquorum
658 1880 785 1946 iniuriis
801 1889 835 1946 et
855 1883 989 1948 iacturis
1008 1885 1184 1970 exponitur
1207 1890 1241 1948 et
1263 1884 1327 1948 celi
1349 1883 1452 1948 iacies
1478 1883 1584 1947 noctis
1601 1889 1749 1968 tempore
1766 1882 1992 1966 denigratur⁸.
2038 1882 2120 1946 Hiis

453 1980 576 2044 etenim
606 1982 848 2052 inductionibus
877 1988 1008 2068 moniti,
1040 1988 1102 2052 hiis
1136 1989 1237 2054 etiam
1264 1987 1445 2051 rationibus
1479 1987 1629 2067 excitati,
1661 1992 1697 2050 ut
1726 1992 1892 2070 magestas
1923 1986 2120 2070 augmentis

452 2091 614 2168 angeatur
636 2096 777 2173 augusta
798 2090 968 2172 felicibus,
996 2099 1032 2155 ut
1061 2091 1102 2156 ad
1136 2093 1207 2157 eius
1231 2091 1419 2155 mandatnm
1441 2091 1576 2156 rebellis
1600 2089 1732 2169 redeat,
1760 2088 1791 2154 ei
1821 2087 1973 2154 subditus
1998 2095 2122 2176 pareat

453 2192 488 2251 et
521 2187 584 2253 sibi
619 2189 778 2257 barbarus
814 2194 857 2258 sit
894 2195 1081 2274 subiectus,
1117 2196 1259 2260 ferventi
1293 2194 1456 2260 desiderio
1489 2195 1656 2282 cupimus;
1691 2200 1724 2258 et
1757 2192 1907 2258 residens
1942 2194 1978 2258 in
2009 2193 2122 2258 nostri

454 2292 598 2375 pectoris
622 2302 749 2360 secreto
773 2298 978 2384 propositum
1002 2319 1041 2363 eo
1072 2299 1228 2364 libentius
1258 2299 1443 2363 actionibus
1476 2299 1698 2384 explicamus,
1729 2318 1792 2381 quo
1819 2297 1936 2360 fortius
1960 2297 1997 2361 in
2020 2297 2119 2361 exal-

450 2395 576 2460 tatione
600 2397 738 2485 imperii,
763 2400 850 2486 qnod
865 2401 1014 2466 defensio
1030 2409 1082 2467 est
1098 2403 1278 2490 apostolice
1303 2402 1391 2467 sedis
1415 2409 1448 2467 et
1463 2401 1642 2482 brachium,
1666 2398 1865 2465 sublimatur
1880 2406 1913 2464 et
1930 2399 2122 2464 honoratur

451 2498 603 2581 ecclesia,
628 2521 691 2585 qno
708 2502 920 2589 dampnosius
944 2505 978 2568 in
1000 2506 1116 2591 ipsius,
1141 2505 1227 2590 quod
1250 2515 1301 2570 est
1318 2505 1462 2570 ecclesio
1480 2505 1660 2591 speculum,
1684 2503 1897 2589 depressione
1914 2504 2120 2590 opprimitur

452 2606 486 2664 et
518 2600 560 2664 ab
591 2601 735 2669 hostium
771 2614 919 2672 remanet
947 2610 1232 2694 persecutionibus
1261 2609 1443 2676 indefensa.
1504 2608 1590 2673 Sane
1625 2630 1699 2672 cum
1729 2608 1807 2671 olim
1838 2608 1922 2671 sicut
1951 2609 2123 2672 asseritur

452 2702 540 2768 cives
560 2705 774 2774 Acconenses
799 2712 996 2777 excellentie
1020 2719 1075 2777 tue
1099 2712 1241 2778 rebelles
1265 2714 1409 2778 existere
1441 2721 1538 2798 teque
1568 2713 1661 2796 regni
1682 2712 1939 2775 Ierosolimitani
1962 2733 2121 2798 presum-

450 2809 597 2894 psissent
618 2810 743 2876 iuribus
768 2815 921 2899 spoliare,
949 2817 1129 2882 venerabili
1151 2817 1244 2881 fratri
1265 2824 1377 2881 nostro
1402 2816 1698 2901 ..archiepiscopo
1717 2814 1911 2896 Ravennati,
1934 2815 1977 2878 ad
2001 2823 2121 2902 partes

454 2911 528 2976 illas
552 2916 772 2999 personaliter
794 2916 982 3000 accedenti,
1011 2920 1202 3005 apostolicis
1232 2918 1382 2984 dedimus
1413 2920 1533 2983 litteris
1562 2919 1597 2982 in
1628 2917 1822 2999 mandatis¹,
1854 2925 1889 2983 ut
1920 2939 1996 2998 eos,-
2028 2918 2123 3003 quod

454 3015 593 3080 somnam
629 3019 720 3104 pacis
753 3021 838 3086 iuter
872 3029 905 3087 te
937 3045 975 3088 ae
999 3024 1073 3089 illos
1106 3023 1326 3088 mediantibus
1361 3023 1543 3088 venerabili
1577 3022 1678 3088 fratre
1714 3030 1826 3090 nostro
1857 3069 1893 3086 ..
1925 3022 2124 3109 patriarcha

458 3116 689 3186 Antiocheno²
719 3131 753 3188 et
776 3123 897 3190 dilecto
920 3127 987 3192 lilio
1018 3175 1050 3191 ..
1075 3127 1232 3212 magistro
1256 3125 1371 3190 domus
1394 3125 1670 3190 Teutonicomm³
1693 3132 1864 3190 tractatam
1887 3125 2123 3206 observarent,

456 3219 638 3306 induceret,
662 3226 806 3312 alioquin
823 3228 941 3310 omnia,
964 3230 1072 3314 quoad
1089 3230 1138 3293 ius
1155 3229 1376 3315 possessionis
1394 3235 1428 3293 et
1443 3229 1665 3315 proprietatis,
1689 3230 1722 3293 in
1747 3249 1821 3294 eum
1839 3233 1969 3309 statum,
1994 3229 2029 3293 in
2053 3251 2123 3314 quo

457 3330 533 3391 ante
558 3333 662 3392 ortam
685 3327 882 3396 discordiam
911 3333 998 3397 inter
1020 3331 1216 3396 Riceardum
1240 3332 1463 3417 Filangerinm
1495 3335 1732 3398 marescalcum
1755 3339 1846 3398 tuum
1870 3339 1903 3398 et
1924 3332 2058 3398 nobiles
2086 3339 2122 3398 st

457 3427 599 3494 barones
622 3434 716 3518 regni
739 3436 878 3520 predicti
902 3443 935 3501 et
959 3437 1047 3500 cives
1072 3435 1206 3500 eosdem
1230 3436 1334 3501 fuisse
1358 3443 1552 3516 noscuntur,
1583 3437 1777 3502 auctoritate
1806 3443 1919 3501 nostra
1941 3436 2123 3516 reducens,

457 3533 715 3600 contradictores
746 3545 780 3602 et
810 3540 954 3605 rebelles
983 3559 1123 3604 censura
1155 3540 1381 3604 ecelesiastica
1413 3540 1614 3605 coherceret.
1660 3541 1742 3620 Qui,
1773 3547 1948 3626 antequam
1979 3539 2045 3604 sibi
2077 3540 2123 3604 de

455 3634 605 3720 predicte
637 3640 748 3724 pacis,
783 3663 880 3726 quam
919 3642 998 3706 dicti
1031 3642 1243 3708 Acconenses
1276 3643 1415 3729 probare
1450 3643 1624 3724 volebant,
1658 3643 1763 3707 forma
1796 3649 1976 3722 constaret,
2012 3645 2124 3708 nostri

456 3738 602 3805 mandati
632 3742 745 3808 ordine
776 3767 841 3810 non
869 3752 1015 3828 servato,
1046 3746 1275 3811 celsitudinem
1304 3753 1393 3811 tuam
1422 3753 1456 3810 et
1486 3746 1632 3811 nobilem
1659 3748 1763 3812 virum
1787 3746 1970 3812 Conradum
2003 3755 2123 3812 natum

457 3851 550 3907 tuum
583 3845 624 3909 ad
658 3846 806 3932 predicta
836 3849 999 3930 restituit,
1034 3857 1067 3914 et
1099 3850 1185 3936 quod
1214 3852 1303 3916 cives
1339 3857 1372 3915 et
1407 3849 1524 3914 sindici
1555 3851 1767 3916 Acconenses
1798 3851 1924 3937 prelato
1952 3848 2121 3916 Riceardo

458 3950 659 4014 marescalco
683 3957 739 4014 tuo
765 3957 798 4016 et
820 3952 969 4016 eiusdem
991 3954 1060 4021 nati
1083 3956 1214 4018 nomine
1238 3975 1276 4018 ac
1299 3955 1372 4018 aliis
1395 3953 1531 4034 baiulis,
1555 3974 1636 4039 quos
1659 3954 1705 4018 ibi
1728 3977 1787 4040 pro
1810 3962 1957 4039 tempore
1980 3952 2123 4018 duxeris

458 4051 669 4134 statuendos,
691 4054 726 4117 in
749 4055 955 4122 ordinatione
979 4063 1160 4122 castrorum
1184 4065 1218 4121 et
1242 4057 1447 4132 officialium,
1470 4059 1682 4143 perceptione
1706 4057 1890 4122 reddituum
1914 4063 1948 4121 at
1968 4058 2123 4122 omnium

458 4155 597 4220 aliorum
632 4157 767 4237 iuriam,
802 4179 864 4244 que
899 4160 934 4224 in
968 4161 1040 4247 ipso
1070 4183 1172 4246 regno
1208 4160 1249 4224 ad
1281 4181 1394 4245 regem
1422 4159 1463 4224 de
1492 4161 1627 4246 antiqua
1655 4167 1689 4225 et
1715 4166 1849 4247 optenta
1877 4160 2122 4226 consuetudine

459 4268 611 4346 spectare
648 4269 845 4344 noscuntur,
879 4263 1054 4345 obediant,
1088 4287 1149 4336 nec
1179 4285 1244 4328 non
1281 4263 1343 4350 ipsi
1373 4284 1411 4327 ac
1441 4263 1569 4328 nobiles
1599 4265 1692 4348 regni
1722 4263 1868 4329 eiusdem
1898 4263 2123 4328 communiam

458 4361 650 4446 dissolvant,
675 4386 866 4452 campanam
889 4367 1056 4455 deponant
1079 4375 1113 4433 et
1136 4374 1310 4433 amoveant
1332 4369 1482 4432 consules
1507 4375 1541 4432 et
1563 4369 1752 4454 capitaneos
1775 4368 1817 4433 ab
1841 4370 1889 4434 eis
1912 4375 1986 4456 post
2010 4375 2122 4432 ortam

459 4465 655 4532 discordiam
686 4468 870 4552 ordinatos,
906 4493 943 4536 ac
978 4473 1081 4558 ipsius
1116 4473 1210 4556 regni
1243 4472 1479 4558 proprietatem
1514 4470 1555 4535 ad
1585 4471 1707 4536 dietum
1735 4471 1920 4537 Conradum
1948 4473 2121 4559 pertinere

460 4569 649 4634 diffiniendo
673 4570 835 4648 decrevit;
859 4575 963 4640 ateis
988 4598 1045 4641 sne
1069 4575 1256 4639 diffinitioni
1278 4596 1394 4661 parere
1417 4573 1615 4656 nolentibus,
1639 4576 1673 4638 in
1696 4575 1862 4640 civitatem
1883 4575 2122 4641 Acconensem

460 4673 625 4738 interdicti
656 4682 690 4741 et
716 4677 751 4741 in
780 4677 923 4744 sindicos
953 4680 1175 4765 predictorum
1204 4680 1324 4744 civium
1352 4686 1385 4744 et
1414 4678 1573 4743 nobilium
1597 4686 1630 4743 et
1659 4679 1819 4743 maiorum
1848 4680 2020 4744 consulum
2042 4681 2122 4743 uni-

459 4778 627 4842 versitatis
650 4783 854 4847 Acconensis
878 4805 916 4848 ac
940 4807 1053 4850 eornm
1083 4786 1231 4850 fautores
1261 4793 1294 4850 et
1324 4783 1527 4848 consiliarios
1557 4784 1906 4848 excommunicationis
1934 4784 2122 4850 sententias

460 4883 690 4968 promulgavit.

572 4985 667 5060 Quod
697 5011 769 5054 enm
798 4989 840 5054 ad
870 5000 1016 5057 nostram
1047 4992 1196 5057 notitiam
1226 4993 1451 5080 pervenisset,
1479 5013 1556 5071 nos,
1585 4990 1795 5056 attendentes
1818 4990 1905 5076 quod
1933 5011 2006 5056 cum
2036 4991 2124 5056 inibi

460 5090 665 5156 diversorum
698 5095 818 5159 rituum
854 5096 1058 5162 habitatores
1092 5097 1250 5176 existant,
1284 5096 1324 5162 de
1361 5097 1449 5162 facili
1482 5103 1569 5161 terre
1602 5095 1691 5159 illins
1724 5093 1875 5158 homines
1905 5094 1946 5158 ab
1976 5097 2123 5162 ecclesie

461 5195 608 5262 Romane
632 5199 697 5262 ritu
726 5200 920 5266 recederent
946 5207 980 5266 et
1006 5223 1066 5287 per
1094 5201 1157 5266 hoe
1188 5202 1401 5267 inficerentur
1428 5201 1574 5266 heretica
1607 5199 1786 5285 pravitate,
1818 5219 1855 5263 ac
1887 5198 1928 5262 ob
1958 5197 1991 5261 id
2014 5198 2124 5265 Terre

462 5300 600 5382 Sancte,
634 5324 693 5388 pro
727 5325 791 5388 qua
824 5304 1001 5369 multomm
1036 5305 1270 5370 catholicorum
1306 5305 1464 5390 sangnine
1492 5304 1565 5367 tuso
1597 5303 1738 5367 eeclesia
1766 5301 1832 5366 Dei
1861 5302 2123 5370 innumerabiles

566 5563 588 5630 ¹)
605 5566 763 5632 denignctur
780 5565 812 5619 R.

567 5683 595 5753 1)
616 5682 659 5751 Os.
677 5699 704 5738 u.
724 5687 786 5739 594.
855 5685 884 5753 2)
902 5685 1022 5740 Albcrto.
1091 5685 1120 5756 3)
1139 5685 1307 5741 Hermanno.
