4448 6420
331 372 339 384 *
435 417 494 480 186
1020 411 1068 465 EX
1087 408 1243 466 HONORII
1261 410 1302 465 III
1319 409 1499 465 nnalsnno

430 587 571 652 dictores
596 593 658 651 etc.
681 585 837 670 Alioquin
859 605 1051 671 processum
1073 581 1300 646 iamdictorum
1324 584 1470 669 episcopi
1494 590 1527 648 et
1553 585 1752 671 collegarum
1776 584 1926 650 eiusdem
1949 586 2087 667 faciatis,

431 691 516 754 sicut
539 695 590 754 est
606 690 732 769 iustus,
763 688 998 752 inviolabiliter
1020 686 1198 751 observari.
1243 685 1342 751 Dicta
1365 708 1442 752 vero
1468 687 1500 751 S.
1525 689 1679 752 restituta
1706 688 1747 752 ad
1775 689 1922 774 regimen
1946 689 2087 771 abbatie,

430 795 460 858 si
482 815 554 857 earn
581 792 773 856 inveneritis
802 791 991 855 infamatam
1023 789 1108 876 apud
1137 789 1240 853 bonos
1272 795 1305 854 et
1331 812 1450 875 graves
1473 791 1514 856 de
1543 791 1777 877 dilapidatione
1809 813 1847 856 ac
1870 793 1961 871 aliis,
1991 815 2087 879 super

430 897 548 982 quibus
572 896 746 982 impetrata
768 894 829 958 fuit
845 894 1012 978 inquisitio
1036 898 1149 957 contra
1173 913 1257 972 eam,
1280 893 1313 955 in
1336 894 1556 978 inquisitionis
1580 895 1713 979 negotio
1737 897 1824 960 circa
1848 917 1923 960 eam
1937 897 2086 983 primitus

430 1021 469 1064 ac
492 999 610 1064 deinde
634 999 721 1062 circa
744 1018 873 1063 sorores
897 1003 931 1061 et
954 997 1034 1060 alias
1058 1016 1215 1082 personas
1239 996 1342 1081 ipsius
1367 999 1558 1062 monasterii
1581 999 1815 1084 procedentes,
1842 999 1929 1084 quod
1953 1000 2083 1063 canoni-

431 1123 502 1166 cum
539 1101 650 1183 fuerit,
690 1101 841 1164 statuatis
875 1106 908 1164 et
944 1100 1091 1180 faciatis,
1130 1097 1217 1182 quod
1250 1101 1429 1164 statueritis
1467 1107 1527 1166 etc.
1584 1101 1782 1166 Utrumlibet
1817 1107 1928 1166 autem
1960 1102 2087 1166 illamm

430 1225 600 1269 remanere
625 1205 799 1289 eontigerit
822 1204 1038 1284 abbatissam,
1068 1202 1230 1266 revocetis
1255 1203 1417 1288 legittime
1441 1204 1482 1268 ad
1505 1205 1555 1268 ius
1579 1210 1612 1268 et
1643 1207 1878 1291 proprietatem
1899 1205 2089 1270 monasterii

431 1306 592 1394 sepedicti
615 1328 670 1388 ea,
702 1328 765 1391 que
797 1306 838 1371 de
862 1306 957 1370 bonis
980 1307 1083 1392 ipsius
1107 1305 1299 1369 inveneritis
1323 1306 1466 1370 alienata
1489 1307 1603 1370 illicite
1627 1307 1680 1370 rel
1703 1306 1872 1388 distracta,
1904 1307 2001 1373 etde
2025 1329 2087 1372 non

432 1411 615 1476 alienandis
638 1411 861 1497 inposterum
885 1411 1051 1497 recipiatis
1074 1410 1115 1474 ab
1141 1431 1180 1474 ea
1202 1409 1354 1473 idoneam
1378 1412 1579 1488 cautionem,
1611 1412 1710 1475 nullis
1739 1412 1857 1476 litteris
1882 1409 2086 1475 obstantibus

431 1514 547 1577 harum
576 1519 691 1578 tenore
721 1515 820 1578 tacito
852 1535 872 1577 a
903 1512 982 1577 sede
1019 1513 1201 1598 apostolica
1230 1514 1423 1598 impetratis.
1490 1514 1585 1589 Quod
1616 1515 1644 1578 si
1673 1536 1738 1579 non
1767 1536 1880 1580 omnes
1910 1521 1990 1590 etc.;
2023 1535 2085 1578 non

432 1617 583 1682 obstante
612 1616 697 1701 quod
720 1617 795 1696 tibi,
820 1618 920 1681 frater
943 1616 1194 1696 Ildesemensis,
1219 1637 1293 1680 esse
1322 1615 1441 1680 dicitur
1463 1617 1504 1681 ab
1534 1617 1716 1703 apostolica
1739 1617 1817 1683 sede
1840 1617 2017 1698 indultum,
2045 1638 2084 1681 ne

433 1720 473 1784 de
497 1720 604 1784 causis
628 1720 669 1784 ab
693 1741 733 1784 ea
754 1720 815 1784 tibi
839 1720 988 1784 comissis
1013 1739 1212 1804 cognoscere
1236 1720 1378 1782 tenearis
1402 1720 1534 1785 invitus.

541 1838 619 1904 Dat.
642 1840 796 1906 Lateran.
820 1839 903 1904 XIX
925 1840 1000 1904 Kal.
1024 1838 1239 1925 Septembris,
1263 1859 1348 1903 anno
1371 1860 1467 1904 nono.

1222 2273 1309 2347 959.

542 2368 730 2462 Honorias
752 2396 819 2461 ΠΙ
833 2417 921 2478 papa
942 2395 1120 2485 [Oiataro]
1140 2397 1209 2478 rapi
1231 2395 1403 2462 Bohcmiac
1427 2401 1533 2462 notam
1551 2396 1642 2481 facit,
1665 2415 1696 2460 sc
1718 2395 1855 2477 capitato
1880 2393 2035 2476 Properas-i
2054 2393 2090 2457 de

435 2503 579 2566 electione
596 2497 704 2582 futuri
725 2500 859 2580 episcopi
880 2501 1054 2580 scripsisse,
1077 2520 1204 2580 eamque
1225 2501 1386 2579 bortatur,
1416 2503 1452 2562 at
1474 2501 1509 2563 ia
1531 2500 1586 2564 hoc
1607 2501 1665 2577 cia,
1688 2501 1717 2562 ai
1739 2519 1815 2580 opas
1836 2499 1949 2579 faerit,
1972 2497 2088 2578 regium

437 2606 578 2688 savorem
599 2603 771 2682 impendat.
1767 2604 1861 2679 1224,
1886 2599 1951 2665 Oct.
1976 2605 2006 2664 7.
2122 2643 2126 2656 .

538 2705 612 2760 Hora.
629 2705 687 2759 ΙΙΙ
700 2704 768 2774 Ray.
792 2703 849 2757 Vol.
866 2702 898 2768 V,
918 2707 949 2764 6,·
969 2703 1029 2757 Lib.
1049 2704 1105 2768 IX,
1123 2709 1168 2760 25.

538 2791 675 2855 Pottbast,
694 2790 763 2858 Bao.
784 2792 867 2843 7306.

968 2971 978 2990 .
1007 2972 1016 2990 .
1042 2916 1220 2992 illustri
1243 2919 1336 3012 regi
1363 2919 1554 2992 Boemie.

548 3064 644 3139 Quod
668 3083 769 3150 super
790 3063 1017 3128 ecclesiastica
1049 3063 1202 3128 libertate
1229 3065 1361 3149 longam
1389 3064 1534 3128 habuisti
1562 3083 1635 3126 eum
1663 3060 1749 3126 bone
1777 3062 1934 3126 memorie
1957 3059 2090 3126 Andrea

435 3168 595 3253 Progensi
618 3166 795 3252 episcopol
817 3168 1033 3250 questionem,
1055 3188 1121 3230 non
1143 3173 1209 3231 tam
1233 3168 1361 3252 culpam
1384 3174 1493 3231 mama
1515 3186 1611 3250 quam
1634 3166 1771 3229 aliorum
1793 3164 1919 3228 malitia
1940 3171 1973 3229 te
1996 3164 2038 3229 ad
2060 3163 2092 3228 id

437 3271 546 3355 pravis
570 3269 837 3354 suggestionibus
860 3269 1066 3333 incitantium
1089 3269 1253 3333 credimus
1277 3271 1439 3350 evenisse,
1463 3291 1536 3333 cnm
1551 3269 1813 3333 intellexerimus
1836 3273 1906 3331 turn
1929 3289 1989 3352 per
2011 3268 2092 3331 alios

438 3379 507 3436 tum
530 3372 717 3458 specialiter
738 3392 798 3455 per
813 3369 970 3436 dilectum
991 3373 1093 3436 lilium
1111 3379 1258 3436 nostrum
1274 3369 1497 3458 G[regorium]
1515 3371 1556 3436 de
1574 3370 1774 3451 Crescentio,
1800 3369 1911 3434 Sancti
1927 3369 2092 3434 Theodori

436 3475 607 3540 diaconum
633 3473 840 3553 cardinalem,
864 3475 1015 3558 quicum
1039 3475 1073 3537 in
1096 3496 1198 3558 regno
1222 3481 1277 3539 tuo
1300 3476 1442 3558 gesserit
1463 3475 1638 3560 legationis
1662 3471 1821 3552 officium,
1845 3472 1980 3559 plenius
2004 3479 2092 3536 tuam

332 3637 333 3642 ,
436 3578 674 3662 benignitatem
697 3577 839 3660 agnovit,
863 3583 904 3654 te,
930 3577 1015 3640 sieut
1035 3598 1148 3661 regem
1171 3576 1275 3656 decet,
1298 3584 1504 3642 mansuetum
1526 3577 1648 3641 habere
1669 3577 1812 3640 animum
1835 3583 1870 3640 et
1891 3576 2088 3639 elementem

437 3703 475 3744 ac
510 3681 608 3745 etiam
643 3679 805 3744 libertatis
839 3679 1082 3759 ecclesiastiea,
1119 3680 1184 3742 nisi
1224 3686 1377 3764 quantum
1414 3681 1536 3767 pateris
1569 3687 1601 3744 te
1635 3681 1743 3743 aliena
1776 3679 1924 3743 subverti
1958 3678 2092 3757 malitia,

439 3784 625 3849 zelatorem.
687 3782 769 3847 Cum
804 3783 904 3866 igitur
943 3781 1058 3847 eodem
1096 3783 1250 3868 episcopo
1285 3785 1384 3848 rebus
1422 3785 1571 3848 humanis
1606 3787 1760 3868 exempto
1799 3803 1857 3867 pro
1897 3779 2094 3845 celebranda

437 3887 598 3952 electione
621 3887 722 3952 futuri
751 3886 914 3974 pontificis
938 3887 1079 3972 capitulo
1103 3887 1263 3971 Pragensi
1294 3888 1541 3973 scripserimus,
1573 3891 1669 3972 prout
1696 3890 1834 3972 pensato
1865 3904 1973 3948 rorum
2008 3889 2093 3946 statu

436 3989 577 4054 vidimus
611 3990 785 4076 expedire,
821 3990 1034 4054 serenitatem
1068 3994 1156 4052 tuam
1191 3989 1358 4054 hortamur
1392 3990 1548 4054 attentius
1583 3996 1617 4053 et
1643 3987 1837 4051 fiducialiter
1868 3985 2093 4072 deprecamur,

437 4099 597 4177 quatenus
620 4093 654 4155 in
677 4092 738 4157 hoc
763 4091 821 4167 eis,
846 4092 874 4156 si
897 4113 978 4177 opus
1003 4091 1110 4170 fuerit,
1134 4092 1180 4154 ita
1203 4092 1330 4176 regium
1346 4091 1490 4156 favorem
1514 4090 1694 4176 impendas,
1718 4088 1900 4154 cohibendo
1925 4088 2090 4172 regaliter,
2147 4128 2150 4135 ι
2182 4138 2187 4139 ff

438 4195 466 4258 si
489 4196 562 4280 quis
592 4194 676 4259 forte
707 4193 906 4257 difficultatis
935 4193 1140 4257 obstaculum
1170 4215 1336 4280 opponere
1367 4201 1594 4280 attemptaret,
1625 4191 1712 4277 quod
1743 4191 1874 4256 salubre
1905 4190 2092 4254 mandatnm

405 4389 408 4396 Ι
437 4304 584 4361 nostrum
609 4298 750 4362 celerem
779 4305 998 4382 consequatur
1028 4297 1197 4377 effectum,
1230 4304 1264 4362 et
1290 4319 1349 4361 nos
1380 4297 1588 4361 devotionem
1616 4295 1740 4381 regiam
1773 4294 1890 4359 merito
1914 4292 2091 4358 debeamus

436 4401 471 4463 in
494 4398 635 4464 Domino
660 4400 898 4467 commendare.

549 4519 626 4584 Dat.
648 4520 803 4586 Lateran.
826 4521 930 4586 Nonis
954 4521 1121 4602 Octubris,
1145 4541 1229 4586 anno
1252 4542 1347 4586 nono.

1059 4748 1470 4757 -------

1216 4957 1301 5029 260.

546 5046 733 5140 Homerus
748 5075 815 5141 ΙΙΙ
823 5097 912 5157 papa
930 5079 1079 5160 magistro
1101 5082 1131 5142 et
1148 5078 1306 5158 fratribus
1319 5078 1485 5158 hospitatis
1510 5076 1547 5140 ia
1569 5097 1647 5140 acco
1667 5075 1814 5140 suburbio
1828 5075 1968 5140 Mcterssi
1988 5073 2094 5138 sotto

438 5199 470 5245 se
491 5181 640 5259 inhibere,
662 5199 702 5244 aa
724 5179 878 5260 hospitate
899 5185 928 5244 et
950 5182 1030 5245 bona
1052 5183 1119 5245 cius
1142 5181 1279 5246 aliorum
1301 5203 1394 5263 qaam
1411 5201 1590 5261 pauperum
1613 5179 1722 5244 usibus
1743 5178 1940 5258 &maeatas

1737 5284 1832 5358 1224,
1855 5281 1936 5346 Nov.
1958 5281 2010 5344 22.

541 5350 615 5405 noa.
634 5349 691 5403 111
705 5349 772 5420 aaa.
795 5349 852 5403 vor.
876 5349 905 5416 r,
924 5355 973 5416 12,·
991 5351 1053 5404 ne.
1073 5351 1128 5414 rx,
1148 5355 1191 5404 aa.

540 5433 615 5489 Bibl.
634 5434 750 5491 Potrici.
771 5435 844 5489 Hora.
864 5435 921 5489 III
936 5435 992 5506 Ep.
1010 5435 1073 5490 Lib.
1091 5437 1147 5501 IX,
1164 5455 1192 5490 a.
1211 5440 1258 5491 28.

541 5675 567 5741 1)
586 5674 717 5729 Mortuus
735 5675 937 5740 cot122l,lul.
958 5679 1003 5730 30.
1264 5677 1287 5744 ¹)
1305 5681 1351 5746 leq.
1369 5680 1410 5730 vet
1426 5695 1471 5745 por
1489 5693 1510 5727 c.
1530 5684 1546 5728 t
1565 5678 1605 5728 acl
1621 5676 1697 5742 culpa
1714 5683 1766 5726 tua.

2134 3594 2156 3632 tt
