4538 6426
761 371 960 426 EPISTOLAE
978 371 1167 426 SELEC'I'AE.
1202 371 1277 423 1217.
1808 379 1848 439 25

301 542 497 627 Plerumque
514 541 749 610 dissimulanda
766 552 842 608 sunt
857 544 996 630 quedam
1020 551 1052 608 ct
1074 543 1115 607 ad
1134 535 1264 628 tempus
1281 544 1532 609 conniventibus
1550 547 1653 611 oculis
1670 547 1848 624 toleranda,

193 668 256 730 que
280 651 417 730 possunt
440 643 586 708 scandali
609 646 788 738 materiam
803 647 972 722 suscitare,
996 668 1068 711 eum
1092 652 1124 710 et
1135 645 1269 710 Veritas
1286 646 1358 731 ipsa
1374 645 1514 730 quedam
1531 649 1647 712 feccrit
1664 671 1706 714 ex
1721 656 1847 736 tempe-

194 749 300 812 rantia
323 748 476 832 equitatis
500 769 557 833 pro
581 748 713 812 vitando
737 749 890 813 scandalo
914 749 1100 813 Iudeorum.
1147 749 1233 813 Sane
1257 771 1360 836 nuper
1383 771 1426 814 ex
1450 771 1488 814 eo
1512 750 1597 835 quod
1619 753 1712 817 vobis
1728 754 1848 818 nostris

194 851 343 915 dedimus
365 852 485 916 litteris
509 853 542 915 in
564 850 741 927 mandatis,
775 852 835 915 sub
858 873 943 939 pena
971 853 1060 916 mille
1093 851 1248 916 librarum
1277 858 1310 916 et
1340 852 1603 917 interminatione
1631 856 1847 920 anathematis

129 959 141 994 ⁵
194 953 404 1040 iniungendo,
427 962 464 1019 ut
486 961 598 1019 eontra
619 956 761 1019 vasallos
785 955 924 1020 ecclesie
941 975 1005 1018 non
1026 953 1249 1041 procederetis
1265 953 1429 1018 hostiliter
1449 955 1483 1019 in
1506 956 1654 1020 exercitu
1677 959 1847 1040 senatoris,

194 1056 282 1121 idem
315 1064 447 1122 senator
480 1064 514 1122 et
546 1057 634 1122 cives
668 1057 807 1122 Romani
834 1059 978 1142 graviter
1005 1065 1081 1121 sunt
1108 1057 1275 1134 commoti,
1310 1063 1531 1143 proponentes
1563 1059 1650 1144 quod
1672 1061 1848 1125 utilitatem

194 1159 344 1223 videmur
365 1159 530 1245 publicam
559 1158 734 1244 impedire,
770 1181 841 1224 curn
866 1160 980 1239 iidem,
1015 1160 1099 1224 sicut
1131 1165 1299 1238 asserunt,
1333 1180 1527 1244 quamquam
1561 1182 1620 1226 nos
1648 1164 1846 1227 eontrarium

194 1262 385 1341 sentiamus,
409 1268 522 1325 contra
545 1283 601 1326 eos
625 1269 750 1326 tautum
773 1263 806 1326 in
830 1263 1040 1348 expeditione
1063 1261 1251 1349 procedant,
1281 1263 1336 1347 qui
1359 1284 1531 1342 annonam,
1554 1285 1617 1349 que
1641 1272 1750 1350 potest
1771 1288 1846 1352 pro-

194 1365 293 1429 ficere
322 1365 491 1428 succursui
513 1365 613 1429 Terre
643 1365 779 1446 Sancte,
807 1365 848 1430 ad
876 1373 986 1452 partes
1017 1366 1217 1430 transferunt
1240 1366 1379 1444 alienas,
1409 1373 1442 1430 et
1471 1366 1526 1450 qui
1553 1365 1702 1450 publicos
1730 1367 1846 1454 depre-

117 1487 142 1522 u
196 1467 327 1530 datores
348 1468 486 1530 viarum
520 1467 682 1552 recipiunt
715 1474 749 1532 et
782 1468 965 1532 defensant.
1017 1467 1176 1532 Nolentcs
1201 1468 1300 1551 igitur
1323 1466 1409 1552 quod
1438 1467 1526 1531 idem
1549 1474 1681 1531 senator
1703 1477 1736 1533 et
1759 1471 1846 1534 cives

193 1570 367 1654 presertim
390 1570 452 1634 hoc
476 1577 623 1656 tempore
647 1578 760 1634 contra
782 1592 841 1634 nos
865 1578 899 1634 et
920 1591 979 1634 ves
1002 1572 1172 1635 materiam
1202 1570 1346 1634 habeant
1367 1571 1597 1650 murmurandi,
1621 1571 1847 1658 indempnitati

193 1693 323 1757 quoquc
346 1693 384 1736 ac
407 1673 481 1758 paci
497 1680 604 1737 vestre
621 1695 680 1758 pro
696 1674 819 1737 malitia
836 1675 992 1758 temporis
1012 1672 1230 1758 providentes,
1254 1672 1491 1737 dissimulando
1511 1674 1739 1759 permittimus,
1761 1675 1847 1759 quod

195 1795 269 1838 eum
292 1796 334 1838 cx
355 1781 448 1860 parte
472 1774 549 1838 dicti
573 1776 731 1839 senatoris
754 1776 881 1840 fueritis
905 1776 1071 1860 requisiti,
1095 1775 1265 1839 dumtaxat
1287 1776 1320 1838 in
1338 1774 1464 1839 duobus
1487 1775 1617 1840 casibus
1642 1777 1846 1862 supradictis,

194 1897 361 1961 quousque
385 1898 485 1962 super
505 1877 567 1942 hoc
590 1899 610 1942 a
632 1877 726 1942 uobis
751 1878 945 1942 contrariam
966 1879 1156 1964 receperitis
1178 1879 1366 1954 iussionem,
1394 1879 1441 1942 eis
1464 1879 1667 1943 moderatum
1689 1882 1846 1946 auxilium

116 1999 140 2034 1⁵
196 1979 383 2044 conferatis.

303 2079 378 2146 Det.
401 2081 557 2146 Lateran.
582 2080 631 2145 VI
653 2081 731 2146 Idus
755 2081 845 2163 Maii,
870 2083 1078 2181 pontificatus
1101 2083 1205 2147 nostri
1227 2103 1312 2146 anno
1335 2082 1451 2169 primo.

816 2345 1229 2352 ——m

994 2669 1053 2742 32.

308 2782 494 2880 Honoras
509 2816 576 2880 111
578 2837 668 2897 papa
682 2815 883 2900 [Eherltardc
895 2815 954 2899 ΙΙ]
968 2815 1195 2895 archiepiscopo
1207 2815 1434 2898 Salebarpeasi
1447 2817 1586 2897 mandat,
1602 2822 1637 2882 at
1654 2819 1847 2884 Wolchcram

193 2917 387 2994 ramaaclvam,
404 2939 493 2999 qao-m
503 2939 559 2983 sac
574 2919 706 2983 arbitrio
718 2920 754 2982 ia
770 2919 910 2982 abbatem
925 2917 1107 2982 atmmsterii
1119 2917 1387 2982 svraettLamberti
1397 2919 1434 2983 de
1448 2920 1626 2984 Kariathia
1649 2921 1846 3000 benedicerit,

190 3041 328 3101 prorsas
341 3025 480 3085 amoveat
500 3045 521 3086 a
530 3021 719 3100 praelatura
741 3041 809 3098 saa,
832 3025 861 3085 et
875 3021 1054 3098 sententias,
1078 3041 1157 3101 qliae
1179 3023 1214 3083 ia
1229 3021 1452 3085 subdiaconum
1474 3027 1503 3086 et
1519 3023 1669 3104 quosdam
1683 3025 1848 3090 monachos

113 3159 140 3194 20
196 3123 334 3187 eiusdem
348 3125 529 3188 manasterii
538 3125 793 3206 proculcaverit,
815 3126 883 3189 siae
904 3123 1090 3208 difficaltate
1104 3125 1233 3202 relaxet,
1257 3145 1325 3188 cam
1340 3127 1562 3190 amaseam
1576 3126 1659 3190 atad
1672 3127 1847 3192 imotedt'ate

195 3226 241 3290 ad
261 3227 439 3293 amanam
461 3229 618 3293 ecelesiam
639 3227 764 3323 dicatur
779 3228 947 3308 pertinere.
1505 3233 1598 3309 1217,
1621 3229 1706 3311 Sept.
1730 3236 1759 3295 1.

302 3345 376 3401 Hos.
395 3347 453 3400 ΙΙΙ
467 3345 535 3415 Res.
560 3346 615 3400 Vol.
635 3348 659 3414 Ι,
678 3354 733 3415 rar,
752 3352 819 3408 152,·
838 3337 908 3399 Lib(
920 3345 964 3412 ΙΙ,
984 3351 1041 3399 era.

653 3525 1394 3682 ArchiepisedpoSalzburgensi.
1462 3666 1465 3672 ,

308 3740 398 3804 Intra
420 3740 453 3804 in
478 3741 663 3806 cubiculum
686 3739 792 3805 cordis
815 3739 873 3817 tui,
898 3745 931 3802 et
952 3738 998 3801 ibi
1014 3738 1189 3822 diligenter
1204 3738 1370 3822 interroga
1385 3738 1606 3825 temetipsum,
1629 3745 1738 3804 utrum
1761 3762 1845 3824 equo

117 3882 143 3914 a
199 3843 308 3906 animo
332 3844 523 3925 sustineres,
554 3867 594 3909 ea
615 3844 675 3908 tibi
697 3866 717 3908 a
739 3842 804 3907 tuis
826 3841 966 3906 subditis
989 3842 1060 3906 lieri
1083 3861 1144 3926 que
1173 3841 1267 3904 uobis
1290 3841 1361 3926 ipse
1385 3841 1502 3906 iecisti.
1549 3838 1749 3906 sicutenim
1773 3841 1846 3906 W.²

199 3945 378 4010 monachus
407 3947 596 4011 monasterii
630 3947 734 4010 sancti
762 3945 931 4009 Lamberti
963 3944 1003 4009 de
1034 3943 1226 4022 Kariathia,
1262 3943 1348 4028 quod
1376 3943 1561 4008 immediate
1597 3944 1638 4009 ad
1665 3943 1846 4009 Romanam

199 4049 373 4113 ecclesiam
406 4049 525 4113 dieitur
548 4050 731 4134 pertinere,
766 4047 886 4111 dudum
916 4046 1102 4111 sua‘uobis
1129 4046 1263 4131 querela
1295 4047 1504 4126 monstravit,
1539 4054 1592 4126 tu,
1628 4068 1726 4112 causa
1758 4049 1845 4113 clec-

198 4150 323 4214 tionum
350 4152 510 4216 factarum
539 4152 579 4216 de
607 4153 680 4237 ipso
715 4157 748 4215 et
771 4150 949 4214 Wolehero
983 4149 1142 4213 monacho
1174 4150 1207 4212 iu
1240 4149 1437 4212 monasterio
1468 4156 1646 4214 memorato
1681 4151 1844 4236 pendente

200 4275 310 4316 coram
333 4305 341 4319 .
365 4303 373 4317 .
397 4253 514 4318 abbate
545 4254 585 4318 de
608 4254 704 4318 Runa
732 4261 765 4317 et
795 4252 1019 4316 ccuiudicibus
1048 4252 1119 4316 eius
1148 4273 1168 4315 a
1196 4250 1273 4315 sede
1302 4251 1483 4337 apostolica
1505 4250 1684 4336 delegatis,
1716 4274 1790 4317 eum
1813 4255 1846 4318 in

118 4395 146 4426 ..t
200 4357 342 4421 ccclesia
371 4358 443 4443 capi
471 4357 639 4442 tyrannica
667 4357 795 4421 feritate
825 4356 948 4433 fecisti,
984 4361 1017 4418 et
1045 4355 1077 4417 in
1107 4374 1271 4417 carcerem
1306 4353 1430 4418 retrudi
1458 4354 1602 4437 graviter
1631 4354 1845 4435 vulneratum,

200 4460 342 4523 ecclesia
373 4460 445 4546 ipsa
479 4461 572 4544 equis
607 4467 640 4524 et
668 4460 765 4523 rebus
801 4460 874 4522 aliis
906 4459 1059 4544 spoliata,
1094 4463 1130 4520 ut
1160 4458 1207 4520 sic
1236 4457 1352 4520 saltem
1383 4477 1402 4518 a
1428 4456 1508 4520 iuris
1540 4457 1591 4520 sui
1619 4458 1846 4542 prosecutiouc

200 4561 360 4626 desistore
391 4569 581 4646 cogeretur;
616 4584 679 4647 quo
713 4564 811 4627 etiarn
846 4563 893 4626 sic
926 4561 1058 4626 detento
1095 4581 1154 4646 pro
1185 4557 1384 4643 corrigendis
1417 4558 1486 4622 eius
1518 4559 1728 4637 excessibus,
1765 4581 1846 4646 quos

199 4665 372 4730 insinuasti
396 4687 469 4730 esse
493 4667 599 4731 varios
623 4673 656 4730 ct
684 4665 897 4751 multiplices,
931 4664 1030 4728 tacito
1059 4662 1146 4747 quod
1174 4662 1376 4726 detineretur
1404 4662 1437 4724 iu
1461 4662 1619 4741 maculis,
1648 4664 1846 4749 apostolicas

198 4769 326 4832 litteras
349 4769 543 4855 impetrasti,
565 4775 602 4832 ut
618 4789 727 4833 earum
748 4769 918 4832 occasione
940 4767 1107 4830 desevircs
1127 4765 1263 4828 liberius
1286 4765 1320 4828 in
1343 4763 1493 4828 eundern.
1538 4765 1639 4830 Porro
1664 4787 1737 4830 cum
1759 4766 1847 4832 idem

118 4929 123 4942 ,
199 4877 443 4957 procuratorem
467 4891 560 4934 suum
587 4869 627 4933 ad
649 4878 737 4933 tuam
758 4870 917 4954 synodum
938 4867 1156 4946 destinasset,
1186 4864 1459 4930 contradicturum
1488 4887 1530 4930 ne
1560 4889 1660 4932 causa
1681 4868 1846 4954 pendente

199 4974 361 5060 prelatum
392 4972 605 5037 Wolcherum
640 4971 853 5037 benediceres
888 4972 921 5035 iu
952 4971 1122 5048 abbatem,
1153 4977 1188 5033 tu
1222 4969 1450 5032 nichilominus
1482 4976 1557 5054 post
1589 4971 1845 5057 appellationem

199 5077 241 5139 ab
276 5076 348 5161 ipso
380 5083 591 5161 procuratore
626 5076 773 5160 legitime
805 5075 1033 5162 interpositam
1067 5073 1177 5152 illum,
1206 5073 1264 5136 lite
1295 5071 1400 5136 adhuc
1435 5072 1599 5158 existente
1635 5073 1695 5136 sub
1729 5072 1845 5153 iudico,

199 5179 233 5242 in
264 5178 416 5242 abbatem
445 5177 641 5245 benedicere
670 5179 913 5265 presumpsisti,
943 5185 976 5244 et
1004 5178 1039 5241 in
1067 5182 1310 5262 procuratorem
1339 5173 1527 5238 iamdictam
1554 5175 1644 5239 nulla
1667 5175 1846 5240 monitione

199 5283 361 5368 premissa
383 5283 729 5348 excommunicationis
752 5284 948 5349 sententiam
971 5283 1188 5369 promulgare,
1211 5280 1334 5344 faciens
1356 5279 1464 5365 ipsum
1488 5277 1529 5342 de
1558 5277 1683 5363 synodo
1707 5278 1848 5364 turpiter

120 5421 146 5458 a
202 5385 276 5464 eici,
299 5391 332 5449 et
355 5405 374 5448 a
397 5385 612 5450 servientibus
634 5387 714 5467 tuis,
745 5387 824 5451 licet
846 5393 934 5451 esset
957 5384 1193 5463 subdiaconus,
1223 5381 1395 5445 inhoneste
1424 5380 1568 5444 tractari.
1612 5379 1666 5444 Ad
1687 5381 1749 5446 hec
1772 5401 1845 5446 cum

308 5639 333 5706 l)
358 5639 496 5694 Walteras
514 5642 674 5696 vocatura
692 5658 732 5710 ep.
752 5647 793 5696 39.

305 5745 367 5796 aro.
384 5747 464 5796 chr.
482 5747 501 5796 L
