4448 6420
470 409 529 471 188
1054 399 1102 454 EX
1119 397 1277 454 HONORII
1295 395 1336 450 III
1353 395 1534 452 anelstno

467 577 554 642 Item
578 598 652 642 cum
680 577 781 642 iudex
802 577 856 642 vel
883 575 1040 641 iudicissa
1062 574 1102 639 de
1134 593 1219 638 novo
1244 571 1428 637 efficientur
1456 572 1488 636 in
1512 573 1583 658 ipso
1607 593 1708 658 regno
1732 573 1801 638 sive
1824 572 1972 638 iudicatu
1994 573 2122 639 Kalari-

467 686 561 763 tano,
590 680 630 745 ed
657 681 781 746 curiam
803 679 985 745 Romanam
1014 678 1243 766 personaliter·
1263 674 1423 740 accedent
1444 676 1499 740 vel
1528 677 1727 763 sollempnes
1755 677 1886 742 nuntios
1909 677 2122 743 destinabunt

467 783 553 848 infra
568 783 709 871 spatium
731 782 868 848 duorum
883 783 1045 848 mensium
1068 802 1088 845 a
1109 781 1162 844 die
1186 800 1244 844 sue
1265 777 1433 863 dignitatis
1450 779 1686 865 incipientium,
1709 801 1768 867 pro
1792 781 1913 845 vexillo
1936 781 1970 845 in
1994 781 2122 867 signum

469 886 605 952 dominii
631 908 651 951 a
678 886 757 953 seda
786 887 966 973 apostolice
996 885 1163 950 humiliter
1193 880 1382 947 obtinendo.
1432 882 1517 946 Item
1544 903 1695 966 guerram
1724 890 1757 948 et
1786 904 1900 970 pacem
1929 883 2052 949 facient
2081 883 2122 948 ad

468 983 658 1054 mandatum
680 990 784 1076 ipsius
808 991 949 1055 ecclesie
973 995 1086 1054 contra
1107 987 1278 1052 universos
1301 993 1335 1050 et
1365 986 1511 1070 singulos
1534 1007 1593 1072 par
1616 986 1800 1051 Sardiniam
1828 989 2041 1070 constitutos,
2069 991 2123 1074 qni

469 1092 552 1156 forte
575 1093 683 1176 aliquo
706 1099 853 1178 ternpore
871 1098 1063 1178 presument
1085 1090 1149 1176 ipsi
1165 1089 1306 1154 ecclesie
1328 1087 1362 1152 in
1385 1089 1495 1173 aliquo
1512 1089 1681 1154 rebellare.
1724 1089 1810 1155 Item
1832 1092 1915 1155 nulli
1938 1097 2124 1156 statuentur

469 1195 512 1258 ad
534 1195 713 1261 custodiam
737 1202 917 1260 castrorum
939 1195 992 1259 vel
1016 1193 1139 1258 arcium
1162 1193 1266 1278 ipsius
1290 1193 1384 1277 regni
1407 1193 1476 1256 sive
1499 1192 1661 1257 iudicatus
1684 1192 1881 1274 Kalaritani,
1912 1196 1992 1280 quin
2021 1197 2124 1282 primo

469 1298 578 1363 iurant
600 1298 769 1379 honorem,
793 1299 966 1364 libertates
991 1305 1024 1362 et
1047 1297 1119 1362 iura
1142 1295 1291 1360 eiusdem
1317 1295 1456 1361 ecclesie
1480 1317 1539 1382 per
1563 1297 1671 1360 omnia
1694 1303 1728 1362 et
1749 1297 1783 1361 in
1806 1298 1957 1362 omnibns
1980 1298 2073 1362 firma
2095 1305 2127 1362 et

472 1401 600 1466 illibate
622 1401 794 1466 bonafide
819 1423 857 1466 ac
881 1403 950 1466 sine
981 1400 1094 1464 fraude
1119 1421 1260 1464 servare.
1306 1399 1446 1485 Insuper
1475 1406 1585 1463 autem
1614 1406 1650 1464 ut
1680 1399 1742 1464 hcc
1765 1401 1873 1464 omnia
1902 1401 2125 1488 inposterum

472 1503 567 1568 firme
589 1510 819 1590 permaneant,
853 1503 962 1589 obligo
992 1525 1044 1568 me
1073 1523 1230 1588 meosque
1259 1501 1400 1568 heredes
1429 1501 1471 1566 ad
1498 1523 1618 1588 penam
1645 1502 1760 1568 decem
1789 1505 1914 1569 milium
1940 1527 2124 1570 marcarum

472 1595 609 1694 argenti,
634 1609 662 1672 si
686 1615 798 1672 contra
820 1607 968 1693 predicta
989 1608 1043 1672 vel
1066 1607 1197 1693 aliquod
1217 1607 1442 1694 predictorum
1463 1627 1524 1693 per
1545 1627 1597 1672 me
1620 1606 1675 1671 vel
1697 1628 1787 1672 meos
1810 1607 1950 1674 heredes
1975 1610 2045 1674 sive
2068 1631 2126 1695 per

471 1711 613 1795 aliquem
636 1710 832 1775 submissam
853 1731 1029 1797 personam
1058 1717 1205 1796 tempore
1235 1711 1343 1795 aliquo
1366 1711 1480 1774 venire
1509 1710 1695 1796 temptabo,
1723 1716 1758 1774 et
1785 1732 1872 1797 pena
1901 1712 2011 1776 solute
2039 1712 2125 1779 idem

472 1814 629 1900 seriptum
650 1814 781 1900 plenam
804 1813 973 1878 obtineata
993 1814 1191 1878 firmitatem.
1244 1813 1369 1878 Verum
1392 1813 1433 1878 ad
1460 1813 1617 1878 maiorem
1639 1815 1826 1878 firmitatem
1847 1815 1951 1901 ipsius
1976 1817 2126 1897 ecclesie,

473 1917 634 2002 corporali
656 1938 676 1980 a
697 1937 750 1982 me
773 1917 955 2010 iuramento
978 1917 1116 2003 prestito
1139 1915 1181 1981 de
1203 1915 1360 2003 predictis
1384 1916 1533 1980 omnibus
1556 1915 1786 1998 observandis,
1808 1939 1945 2003 presens
1970 1919 2126 2006 scriptum

2172 1523 2190 1562 lo

472 2019 537 2084 leci
566 2018 685 2085 exinde
713 2018 785 2084 fieri
810 2024 878 2084 tam
906 2020 995 2085 bulle
1018 2019 1111 2114 regni
1133 2018 1319 2083 Kalaritani
1341 2018 1410 2084 sive
1434 2019 1596 2084 iudicatus
1620 2041 1717 2104 quam
1745 2019 1844 2104 sigilli
1872 2022 1997 2108 proprii
2019 2023 2124 2086 muni·
2184 2047 2190 2084 ι

473 2121 561 2187 mine
585 2121 785 2189 roboretum.

581 2241 703 2308 Actum
725 2243 759 2306 in
783 2242 929 2308 inferiori
953 2262 1082 2307 camere
1104 2241 1219 2328 palatii
1241 2241 1439 2306 venerabilis
1468 2242 1570 2328 patris
1595 2292 1603 2308 .
1627 2290 1635 2306 .
1658 2243 1899 2331 archiepiscopi
1920 2237 2127 2311 Kalaritani¹

473 2344 560 2432 apud
590 2345 711 2410 Villam
740 2345 859 2410 Sancte
888 2344 1027 2428 Cecilie,
1061 2345 1270 2432 presentibus
1304 2346 1460 2430 magistro
1488 2343 1635 2410 Iohanne
1669 2347 1836 2432 preposito
1865 2347 2127 2436 Foripopulensi,

472 2449 666 2536 presbytero
681 2448 896 2516 Benevenuto
919 2455 1048 2514 rectore
1072 2449 1215 2514 ecclesie
1232 2449 1336 2513 sancti
1352 2447 1549 2513 Michahelis
1564 2447 1882 2515 Lambertaticorum
1895 2450 2126 2534 Bononiensis,

473 2553 632 2638 magistro
654 2552 837 2618 Benedicto
861 2550 999 2618 Cortese
1023 2553 1143 2618 clerico
1166 2551 1289 2616 domini
1311 2551 1448 2616 Ranerii
1471 2551 1589 2617 Sancte
1612 2551 1716 2618 Maris
1746 2553 1780 2616 in
1803 2551 1972 2618 Cosmidin
1996 2555 2125 2621 diaconi
2172 2601 2182 2614 .

475 2656 666 2732 cardinalis;
696 2656 863 2721 nobilibus
891 2655 970 2720 viris
992 2655 1163 2720 Bonitacio
1194 2676 1350 2741 germano
1381 2656 1485 2742 ipsius
1510 2653 1632 2720 domini
1656 2655 1824 2720 Gottilridi
1852 2657 1954 2742 legati
1978 2656 2147 2724 Sardinia⁴

475 2765 509 2824 et
533 2758 677 2842 Corsiae,
701 2765 735 2825 et
756 2758 898 2824 Reontio
921 2759 1133 2844 Fortiguorra
1155 2757 1367 2824 Urbevetano
1390 2758 1561 2823 militibus.

582 2879 678 2943 Anno
711 2878 845 2943 Domini
878 2880 982 2944 nostri
1016 2879 1189 2944 millesimo
1221 2877 1445 2944 ducentesimo
1475 2877 1600 2959 XXIV,
1628 2877 1804 2944 indictione
1831 2879 2042 2964 duodecima,
2077 2883 2127 2946 ΠΙ

474 2981 586 3046 Nonas
608 2981 768 3048 Decemb.
790 2981 999 3069 pontificatus
1023 2981 1146 3046 domini
1168 2980 1308 3046 Honorii
1330 3002 1414 3067 pape
1437 2979 1489 3044 111
1511 3002 1596 3045 enno
1618 3002 1715 3046 nono.

1094 3261 1505 3270 ——--—-.-—-

1258 3521 1344 3595 ibt.

584 3631 772 3726 Honorias
802 3660 865 3725 ιη
891 3681 982 3744 papa
1003 3660 1210 3745 [narrem]
1233 3661 1439 3742 patriarchae
1460 3662 1678 3745 squameae·
1702 3662 1957 3743 praeponerem
1984 3663 2124 3727 aereae
2170 3686 2180 3723 ι

477 3765 679 3832 (liodetcesc's
701 3765 868 3842 committit,
890 3767 927 3826 at
945 3763 1027 3828 banc
1048 3764 1206 3828 ecclesiam
1228 3768 1337 3830 contra
1358 3765 1568 3849 callecorum
1590 3766 1764 3848 nequitiam
1785 3764 1943 3850 defendat.

1794 3872 1889 3952 1224,
1911 3867 1988 3934 neo.
2012 3871 2042 3932 7.

579 3953 653 4008 Hoc.
672 3955 728 4007 ΙΙΙ
741 3951 809 4022 Rea.
833 3952 890 4006 Vol.
914 3951 1011 4019 1217,
1028 3952 1091 4007 Lib.
1109 3952 1165 4018 IX,
1185 3956 1231 4007 88.

974 4223 982 4240 .
1011 4222 1020 4240 .
1048 4167 1304 4260 patriarche
1330 4166 1634 4260 Aquilegensi.

584 4315 670 4389 Quia
695 4314 816 4380 mundo
842 4315 950 4401 posito
980 4315 1015 4379 in
1042 4316 1185 4402 maligno
1214 4317 1310 4381 multi
1338 4338 1359 4380 a
1389 4338 1447 4381 sua
1478 4315 1627 4381 excecati
1655 4315 1781 4380 malitia
1807 4314 1893 4380 inter
1920 4321 2069 4380 sanctum
2096 4320 2129 4380 et

476 4418 647 4506 profanum
680 4418 813 4483 minime
847 4417 1087 4500 discernentes,
1125 4426 1216 4484 tento
1252 4417 1294 4483 ad
1328 4418 1485 4505 rapienda
1516 4419 1604 4483 bona
1638 4418 1864 4484 ecclesiastica
1895 4419 2128 4484 irreverentius

475 4520 643 4607 improbas
665 4543 781 4586 manus
804 4520 1000 4602 extendunt,
1030 4527 1152 4607 quanto
1180 4523 1320 4588 rariores
1353 4521 1538 4604 inveniunt,
1570 4522 1625 4607 qui
1656 4543 1789 4587 causam
1819 4522 1961 4587 ecclesie
1984 4523 2129 4607 allegent

476 4621 594 4706 gladiis
618 4629 732 4688 contre
747 4645 815 4703 eos,
839 4623 976 4688 interest
997 4630 1118 4706 nostra,
1141 4631 1178 4689 ut
1202 4631 1315 4690 contre
1337 4625 1553 4711 malignorum
1569 4625 1750 4710 nequitiam
1771 4625 1931 4689 iustorum
1946 4626 2129 4711 potentiam

476 4747 695 4811 opponamus,
723 4748 766 4790 ne
794 4725 920 4812 virgam
949 4733 1158 4813 peccatorum
1190 4749 1289 4815 super
1319 4733 1442 4792 sortem
1471 4728 1631 4792 iustorum
1653 4727 1822 4793 videamur
1844 4728 2048 4814 relinquere,
2077 4727 2131 4813 qni

477 4836 628 4894 tenemur
656 4829 819 4917 corripere
848 4829 1012 4914 inquietos
1041 4837 1075 4895 et
1105 4832 1330 4917 pusillanimes
1361 4831 1533 4897 consolari.
1580 4829 1666 4896 Sene
1697 4829 1808 4895 dilecti
1838 4831 1896 4894 filii
1920 4879 1927 4896 .
1953 4881 1961 4897 .
1984 4830 2129 4897 decanus

478 4938 511 4998 et
534 4932 712 5018 capitulum
736 4929 968 4998 Civitatansis²
991 4934 1132 4999 ecclesie
1160 4941 1215 4999 tue
1240 4933 1382 4998 diocesis
1410 4933 1505 4998 nobis
1528 4934 1695 5000 humiliter
1718 4935 1962 5021 supplicarunt,
1992 4941 2030 4998 ut
2058 4955 2131 4998 curn

478 5033 594 5101 cedem
618 5035 761 5101 ecclesia
783 5037 817 5100 in
839 5035 946 5101 medio
971 5039 1064 5121 quasi
1088 5038 1270 5102 catulorum
1292 5038 1423 5102 leonum
1446 5037 1613 5122 exposite,
1637 5038 1780 5121 quinon
1804 5037 1966 5117 contenti,
1989 5036 2076 5121 quod
2098 5037 2132 5100 in

477 5139 574 5203 bonis
598 5139 670 5204 eius
692 5138 907 5225 prodigaliter
928 5139 1170 5221 debachantur,
1199 5140 1263 5205 nisi
1292 5162 1332 5206 ea
1361 5140 1490 5226 rapiant
1510 5147 1547 5204 ut
1574 5139 1753 5227 predones,
1783 5138 1866 5205 adeo
1895 5140 2061 5205 laceretur
2090 5139 2131 5203 ab

477 5241 525 5306 eis
556 5241 682 5307 iniuriis
719 5247 754 5307 et
782 5243 924 5328 rapinis,
960 5241 1047 5328 quod
1080 5242 1240 5308 diminute
1269 5244 1303 5308 in
1331 5244 1480 5330 pluribus
1511 5244 1626 5308 timeat
1655 5242 1869 5330 irreparabile
1898 5243 2130 5309 detrimentum

1031 5419 1114 5426 ...ο-ο-

572 5533 605 5600 a)
624 5537 755 5589 obtineant
772 5537 804 5588 R.

581 5672 607 5742 1)
626 5671 763 5726 Mariani.
833 5673 861 5744 2)
880 5672 978 5728 civitae
997 5672 1136 5738 Austra'ce,
1158 5672 1287 5728 Otcidale.
