<?xml version="1.0" encoding="UTF-8"?>
<!DOCTYPE html PUBLIC "-//W3C//DTD XHTML 1.0 Transitional//EN"
    "http://www.w3.org/TR/xhtml1/DTD/xhtml1-transitional.dtd">
<html xmlns="http://www.w3.org/1999/xhtml" xml:lang="en" lang="en">
 <head>
  <title>
</title>
<meta http-equiv="Content-Type" content="text/html;charset=utf-8" />
  <meta name='ocr-system' content='tesseract 3.04.00' />
  <meta name='ocr-capabilities' content='ocr_page ocr_carea ocr_par ocr_line ocrx_word'/>
</head>
<body>
  <div class='ocr_page' id='page_1' title='image "./monumentagerman00peipgoog/monumentagerman00peipgoog_0306.png"; bbox 0 0 4524 6412; ppageno 0'>
   <div class='ocr_carea' id='block_1_1' title="bbox 737 367 1825 446">
    <p class='ocr_par' dir='ltr' id='par_1_1' title="bbox 737 367 1825 446">
     <span class='ocr_line' id='line_1_1' title="bbox 737 367 1825 446; baseline 0.017 -18"><span class='ocrx_word' id='word_1_1' title='bbox 737 367 936 430; x_wconf 67' lang='lat' dir='ltr'><strong>malarouta</strong></span> <span class='ocrx_word' id='word_1_2' title='bbox 953 367 1142 430; x_wconf 73' lang='lat' dir='ltr'><strong>subucula.</strong></span> <span class='ocrx_word' id='word_1_3' title='bbox 1180 371 1256 432; x_wconf 79' lang='lat' dir='ltr'><strong>raet.</strong></span> <span class='ocrx_word' id='word_1_4' title='bbox 1762 379 1825 446; x_wconf 83' lang='lat'><strong>283</strong></span> 
     </span>
    </p>
   </div>
   <div class='ocr_carea' id='block_1_2' title="bbox 106 543 1825 1053">
    <p class='ocr_par' dir='ltr' id='par_1_2' title="bbox 106 543 1825 1053">
     <span class='ocr_line' id='line_1_2' title="bbox 170 543 1824 637; baseline 0.003 -24"><span class='ocrx_word' id='word_1_5' title='bbox 170 545 269 613; x_wconf 90' lang='lat' dir='ltr'><strong>tantis</strong></span> <span class='ocrx_word' id='word_1_6' title='bbox 298 543 467 614; x_wconf 80' lang='lat' dir='ltr'><strong>laboribus</strong></span> <span class='ocrx_word' id='word_1_7' title='bbox 496 548 684 614; x_wconf 82' lang='lat' dir='ltr'><strong>exsufflatis</strong></span> <span class='ocrx_word' id='word_1_8' title='bbox 713 553 748 613; x_wconf 93' lang='lat' dir='ltr'><strong>et</strong></span> <span class='ocrx_word' id='word_1_9' title='bbox 775 547 936 613; x_wconf 83' lang='lat' dir='ltr'>inutiliter</span> <span class='ocrx_word' id='word_1_10' title='bbox 967 548 1014 613; x_wconf 91' lang='lat' dir='ltr'><strong>sic</strong></span> <span class='ocrx_word' id='word_1_11' title='bbox 1043 549 1215 615; x_wconf 79' lang='lat' dir='ltr'><strong>exhaustis</strong></span> <span class='ocrx_word' id='word_1_12' title='bbox 1244 555 1349 616; x_wconf 92' lang='lat' dir='ltr'><strong>totum</strong></span> <span class='ocrx_word' id='word_1_13' title='bbox 1381 548 1617 618; x_wconf 81' lang='lat' dir='ltr'><strong>dissolveretur</strong></span> <span class='ocrx_word' id='word_1_14' title='bbox 1645 553 1824 637; x_wconf 83' lang='lat' dir='ltr'><strong>negotium,</strong></span> 
     </span>
     <span class='ocr_line' id='line_1_3' title="bbox 170 651 1824 740; baseline 0.003 -23"><span class='ocrx_word' id='word_1_15' title='bbox 170 651 257 739; x_wconf 94' lang='lat' dir='ltr'><strong>quod</strong></span> <span class='ocrx_word' id='word_1_16' title='bbox 279 652 423 718; x_wconf 89' lang='lat' dir='ltr'><strong>humeris</strong></span> <span class='ocrx_word' id='word_1_17' title='bbox 446 653 543 717; x_wconf 92' lang='lat' dir='ltr'><strong>huius</strong></span> <span class='ocrx_word' id='word_1_18' title='bbox 567 653 724 739; x_wconf 88' lang='lat' dir='ltr'><strong>principis</strong></span> <span class='ocrx_word' id='word_1_19' title='bbox 748 659 823 739; x_wconf 92' lang='lat' dir='ltr'><strong>post</strong></span> <span class='ocrx_word' id='word_1_20' title='bbox 838 651 1018 715; x_wconf 82' lang='lat' dir='ltr'><strong>Romanam</strong></span> <span class='ocrx_word' id='word_1_21' title='bbox 1043 653 1218 717; x_wconf 90' lang='lat' dir='ltr'><strong>ecelesiam</strong></span> <span class='ocrx_word' id='word_1_22' title='bbox 1234 653 1446 740; x_wconf 77' lang='lat' dir='ltr'><strong>principalius</strong></span> <span class='ocrx_word' id='word_1_23' title='bbox 1468 655 1688 738; x_wconf 79' lang='lat' dir='ltr'><strong>incumbebat,</strong></span> <span class='ocrx_word' id='word_1_24' title='bbox 1711 657 1824 722; x_wconf 92' lang='lat' dir='ltr'><strong>habito</strong></span> 
     </span>
     <span class='ocr_line' id='line_1_4' title="bbox 172 746 1825 845; baseline 0.003 -26"><span class='ocrx_word' id='word_1_25' title='bbox 172 756 314 842; x_wconf 93' lang='lat' dir='ltr'><strong>plurium</strong></span> <span class='ocrx_word' id='word_1_26' title='bbox 344 746 574 843; x_wconf 88' lang='lat' dir='ltr'><strong>episcopomm</strong></span> <span class='ocrx_word' id='word_1_27' title='bbox 604 763 637 821; x_wconf 93' lang='lat' dir='ltr'><strong>et</strong></span> <span class='ocrx_word' id='word_1_28' title='bbox 665 756 803 820; x_wconf 89' lang='lat' dir='ltr'><strong>aliorum</strong></span> <span class='ocrx_word' id='word_1_29' title='bbox 834 754 1029 841; x_wconf 70' lang='lat' dir='ltr'><strong>proborumr</strong></span> <span class='ocrx_word' id='word_1_30' title='bbox 1059 757 1201 821; x_wconf 91' lang='lat' dir='ltr'><strong>virorum</strong></span> <span class='ocrx_word' id='word_1_31' title='bbox 1232 758 1383 838; x_wconf 89' lang='lat' dir='ltr'><strong>consilio,</strong></span> <span class='ocrx_word' id='word_1_32' title='bbox 1414 757 1456 823; x_wconf 91' lang='lat' dir='ltr'><strong>de</strong></span> <span class='ocrx_word' id='word_1_33' title='bbox 1487 759 1751 845; x_wconf 87' lang='lat' dir='ltr'><strong>contingentibus</strong></span> <span class='ocrx_word' id='word_1_34' title='bbox 1779 761 1825 824; x_wconf 92' lang='lat' dir='ltr'><strong>nil</strong></span> 
     </span>
     <span class='ocr_line' id='line_1_5' title="bbox 173 859 1823 949; baseline 0.002 -26"><span class='ocrx_word' id='word_1_35' title='bbox 173 860 346 939; x_wconf 89' lang='lat' dir='ltr'><strong>omittens,</strong></span> <span class='ocrx_word' id='word_1_36' title='bbox 383 860 606 925; x_wconf 89' lang='lat' dir='ltr'><strong>venerabilem</strong></span> <span class='ocrx_word' id='word_1_37' title='bbox 644 859 777 924; x_wconf 90' lang='lat' dir='ltr'><strong>fratrem</strong></span> <span class='ocrx_word' id='word_1_38' title='bbox 811 865 958 923; x_wconf 89' lang='lat' dir='ltr'><strong>nestrum</strong></span> <span class='ocrx_word' id='word_1_39' title='bbox 992 859 1147 924; x_wconf 91' lang='lat' dir='ltr'><strong>Petrum¹</strong></span> <span class='ocrx_word' id='word_1_40' title='bbox 1181 860 1406 926; x_wconf 89' lang='lat' dir='ltr'><strong>Albanensem</strong></span> <span class='ocrx_word' id='word_1_41' title='bbox 1446 863 1637 949; x_wconf 90' lang='lat' dir='ltr'><strong>episcopum</strong></span> <span class='ocrx_word' id='word_1_42' title='bbox 1672 870 1706 927; x_wconf 93' lang='lat' dir='ltr'><strong>et</strong></span> <span class='ocrx_word' id='word_1_43' title='bbox 1738 861 1823 927; x_wconf 90' lang='lat' dir='ltr'><strong>bone</strong></span> 
     </span>
     <span class='ocr_line' id='line_1_6' title="bbox 106 961 1825 1053; baseline 0.005 -31"><span class='ocrx_word' id='word_1_44' title='bbox 106 985 118 1022; x_wconf 81' lang='lat' dir='ltr'><strong>c</strong></span> <span class='ocrx_word' id='word_1_45' title='bbox 172 961 327 1027; x_wconf 88' lang='lat' dir='ltr'><strong>memorie</strong></span> <span class='ocrx_word' id='word_1_46' title='bbox 345 962 370 1026; x_wconf 95' lang='grc' dir='ltr'><strong>Ι.</strong></span> <span class='ocrx_word' id='word_1_47' title='bbox 387 962 473 1026; x_wconf 89' lang='lat' dir='ltr'><strong>tituli</strong></span> <span class='ocrx_word' id='word_1_48' title='bbox 496 961 608 1029; x_wconf 84' lang='lat' dir='ltr'><strong>Sancti</strong></span> <span class='ocrx_word' id='word_1_49' title='bbox 622 964 755 1028; x_wconf 86' lang='lat' dir='ltr'><strong>Martini</strong></span> <span class='ocrx_word' id='word_1_50' title='bbox 774 963 1003 1050; x_wconf 85' lang='lat' dir='ltr'><strong>presbyterum</strong></span> <span class='ocrx_word' id='word_1_51' title='bbox 1026 964 1222 1030; x_wconf 79' lang='lat' dir='ltr'><strong>cardinalem</strong></span> <span class='ocrx_word' id='word_1_52' title='bbox 1244 964 1286 1029; x_wconf 96' lang='lat' dir='ltr'><strong>ad</strong></span> <span class='ocrx_word' id='word_1_53' title='bbox 1306 965 1464 1031; x_wconf 91' lang='lat' dir='ltr'><strong>firmanda</strong></span> <span class='ocrx_word' id='word_1_54' title='bbox 1486 987 1536 1048; x_wconf 88' lang='lat' dir='ltr'><strong>ea,</strong></span> <span class='ocrx_word' id='word_1_55' title='bbox 1560 987 1622 1051; x_wconf 91' lang='lat' dir='ltr'><strong>que</strong></span> <span class='ocrx_word' id='word_1_56' title='bbox 1646 967 1825 1053; x_wconf 91' lang='lat' dir='ltr'><strong>imperator</strong></span> 
     </span>
    </p>
   </div>
   <div class='ocr_carea' id='block_1_3' title="bbox 171 1065 1922 1156">
    <p class='ocr_par' dir='ltr' id='par_1_3' title="bbox 171 1065 1922 1156">
     <span class='ocr_line' id='line_1_7' title="bbox 171 1065 1922 1156; baseline 0.003 -27"><span class='ocrx_word' id='word_1_57' title='bbox 171 1086 229 1151; x_wconf 92' lang='lat' dir='ltr'><strong>pre</strong></span> <span class='ocrx_word' id='word_1_58' title='bbox 253 1066 358 1130; x_wconf 89' lang='lat' dir='ltr'><strong>erucis</strong></span> <span class='ocrx_word' id='word_1_59' title='bbox 389 1065 547 1152; x_wconf 88' lang='lat' dir='ltr'><strong>obsequio</strong></span> <span class='ocrx_word' id='word_1_60' title='bbox 571 1075 770 1153; x_wconf 88' lang='lat' dir='ltr'><strong>spontaneus</strong></span> <span class='ocrx_word' id='word_1_61' title='bbox 794 1065 1021 1153; x_wconf 84' lang='lat' dir='ltr'><strong>promittebat,</strong></span> <span class='ocrx_word' id='word_1_62' title='bbox 1044 1068 1236 1134; x_wconf 91' lang='lat' dir='ltr'><strong>transmisit.</strong></span> <span class='ocrx_word' id='word_1_63' title='bbox 1281 1067 1428 1154; x_wconf 79' lang='lat' dir='ltr'><strong>Cumque</strong></span> <span class='ocrx_word' id='word_1_64' title='bbox 1451 1068 1539 1156; x_wconf 92' lang='lat' dir='ltr'><strong>apud</strong></span> <span class='ocrx_word' id='word_1_65' title='bbox 1561 1068 1717 1134; x_wconf 84' lang='lat' dir='ltr'><strong>Sanctum</strong></span> <span class='ocrx_word' id='word_1_66' title='bbox 1741 1069 1824 1135; x_wconf 82' lang='lat' dir='ltr'><strong>Gar·</strong></span> <span class='ocrx_word' id='word_1_67' title='bbox 1921 1081 1922 1092; x_wconf 62' lang='lat'>¹</span> 
     </span>
    </p>
   </div>
   <div class='ocr_carea' id='block_1_4' title="bbox 108 1169 1828 5174">
    <p class='ocr_par' dir='ltr' id='par_1_4' title="bbox 169 1169 1826 2484">
     <span class='ocr_line' id='line_1_8' title="bbox 171 1169 1826 1259; baseline 0.004 -27"><span class='ocrx_word' id='word_1_68' title='bbox 171 1189 302 1232; x_wconf 90' lang='lat' dir='ltr'><strong>manum</strong></span> <span class='ocrx_word' id='word_1_69' title='bbox 325 1189 398 1233; x_wconf 91' lang='lat' dir='ltr'><strong>cum</strong></span> <span class='ocrx_word' id='word_1_70' title='bbox 421 1169 568 1255; x_wconf 92' lang='lat' dir='ltr'><strong>pluribus</strong></span> <span class='ocrx_word' id='word_1_71' title='bbox 591 1169 786 1235; x_wconf 82' lang='lat' dir='ltr'><strong>Alamannia</strong></span> <span class='ocrx_word' id='word_1_72' title='bbox 809 1169 1012 1255; x_wconf 92' lang='lat' dir='ltr'><strong>principibus</strong></span> <span class='ocrx_word' id='word_1_73' title='bbox 1042 1171 1165 1255; x_wconf 89' lang='lat' dir='ltr'><strong>pariter</strong></span> <span class='ocrx_word' id='word_1_74' title='bbox 1197 1172 1460 1254; x_wconf 82' lang='lat' dir='ltr'><strong>convenissent²,</strong></span> <span class='ocrx_word' id='word_1_75' title='bbox 1489 1173 1667 1259; x_wconf 90' lang='lat' dir='ltr'><strong>imperator</strong></span> <span class='ocrx_word' id='word_1_76' title='bbox 1694 1173 1826 1258; x_wconf 90' lang='lat' dir='ltr'><strong>propria</strong></span> 
     </span>
     <span class='ocr_line' id='line_1_9' title="bbox 171 1271 1825 1362; baseline 0.002 -26"><span class='ocrx_word' id='word_1_77' title='bbox 171 1293 269 1336; x_wconf 89' lang='lat' dir='ltr'><strong>manu</strong></span> <span class='ocrx_word' id='word_1_78' title='bbox 302 1273 438 1360; x_wconf 72' lang='lat' dir='ltr'><strong>iuravit,</strong></span> <span class='ocrx_word' id='word_1_79' title='bbox 471 1271 559 1358; x_wconf 94' lang='lat' dir='ltr'><strong>quod</strong></span> <span class='ocrx_word' id='word_1_80' title='bbox 592 1272 667 1337; x_wconf 91' lang='lat' dir='ltr'><strong>inde</strong></span> <span class='ocrx_word' id='word_1_81' title='bbox 703 1272 743 1336; x_wconf 93' lang='lat' dir='ltr'><strong>ad</strong></span> <span class='ocrx_word' id='word_1_82' title='bbox 775 1272 960 1352; x_wconf 87' lang='lat' dir='ltr'><strong>biennium,</strong></span> <span class='ocrx_word' id='word_1_83' title='bbox 995 1272 1028 1336; x_wconf 94' lang='lat' dir='ltr'><strong>id</strong></span> <span class='ocrx_word' id='word_1_84' title='bbox 1055 1279 1106 1338; x_wconf 92' lang='lat' dir='ltr'><strong>est</strong></span> <span class='ocrx_word' id='word_1_85' title='bbox 1139 1274 1173 1338; x_wconf 89' lang='lat' dir='ltr'><strong>in</strong></span> <span class='ocrx_word' id='word_1_86' title='bbox 1202 1275 1355 1360; x_wconf 88' lang='lat' dir='ltr'><strong>passagio</strong></span> <span class='ocrx_word' id='word_1_87' title='bbox 1383 1276 1528 1360; x_wconf 84' lang='lat' dir='ltr'><strong>Augusti</strong></span> <span class='ocrx_word' id='word_1_88' title='bbox 1561 1275 1712 1362; x_wconf 81' lang='lat' dir='ltr'><strong>proximo</strong></span> <span class='ocrx_word' id='word_1_89' title='bbox 1740 1296 1825 1341; x_wconf 94' lang='lat' dir='ltr'><strong>nunc</strong></span> 
     </span>
     <span class='ocr_line' id='line_1_10' title="bbox 171 1373 1824 1458; baseline 0.003 -20"><span class='ocrx_word' id='word_1_90' title='bbox 171 1374 449 1454; x_wconf 77' lang='lat' dir='ltr'><strong>transacti„omni</strong></span> <span class='ocrx_word' id='word_1_91' title='bbox 473 1377 687 1441; x_wconf 86' lang='lat' dir='ltr'><strong>excusatione</strong></span> <span class='ocrx_word' id='word_1_92' title='bbox 711 1396 749 1439; x_wconf 91' lang='lat' dir='ltr'><strong>ac</strong></span> <span class='ocrx_word' id='word_1_93' title='bbox 772 1373 929 1439; x_wconf 89' lang='lat' dir='ltr'><strong>dilatione</strong></span> <span class='ocrx_word' id='word_1_94' title='bbox 953 1376 1159 1440; x_wconf 86' lang='lat' dir='ltr'><strong>cessantibus</strong></span> <span class='ocrx_word' id='word_1_95' title='bbox 1183 1377 1421 1458; x_wconf 86' lang='lat' dir='ltr'><strong>transfretaret,</strong></span> <span class='ocrx_word' id='word_1_96' title='bbox 1444 1379 1534 1443; x_wconf 89' lang='lat' dir='ltr'><strong>mille</strong></span> <span class='ocrx_word' id='word_1_97' title='bbox 1557 1379 1679 1443; x_wconf 91' lang='lat' dir='ltr'><strong>milites</strong></span> <span class='ocrx_word' id='word_1_98' title='bbox 1702 1378 1824 1443; x_wconf 88' lang='lat' dir='ltr'><strong>ibidem</strong></span> 
     </span>
     <span class='ocr_line' id='line_1_11' title="bbox 171 1477 1824 1566; baseline 0.001 -22"><span class='ocrx_word' id='word_1_99' title='bbox 171 1500 231 1566; x_wconf 90' lang='lat' dir='ltr'><strong>per</strong></span> <span class='ocrx_word' id='word_1_100' title='bbox 255 1478 425 1545; x_wconf 88' lang='lat' dir='ltr'><strong>biennium</strong></span> <span class='ocrx_word' id='word_1_101' title='bbox 454 1484 582 1546; x_wconf 89' lang='lat' dir='ltr'><strong>teneret</strong></span> <span class='ocrx_word' id='word_1_102' title='bbox 609 1477 650 1543; x_wconf 90' lang='lat' dir='ltr'><strong>ad</strong></span> <span class='ocrx_word' id='word_1_103' title='bbox 679 1498 773 1542; x_wconf 90' lang='lat' dir='ltr'><strong>suum</strong></span> <span class='ocrx_word' id='word_1_104' title='bbox 803 1478 836 1542; x_wconf 91' lang='lat' dir='ltr'><strong>in</strong></span> <span class='ocrx_word' id='word_1_105' title='bbox 867 1477 1033 1563; x_wconf 89' lang='lat' dir='ltr'><strong>obsequiis</strong></span> <span class='ocrx_word' id='word_1_106' title='bbox 1061 1478 1165 1544; x_wconf 83' lang='lat' dir='ltr'><strong>Terre</strong></span> <span class='ocrx_word' id='word_1_107' title='bbox 1196 1479 1332 1560; x_wconf 86' lang='lat' dir='ltr'><strong>Sancte,</strong></span> <span class='ocrx_word' id='word_1_108' title='bbox 1371 1487 1503 1546; x_wconf 90' lang='lat' dir='ltr'><strong>centum</strong></span> <span class='ocrx_word' id='word_1_109' title='bbox 1536 1482 1627 1546; x_wconf 90' lang='lat' dir='ltr'><strong>milia</strong></span> <span class='ocrx_word' id='word_1_110' title='bbox 1655 1481 1824 1546; x_wconf 91' lang='lat' dir='ltr'><strong>unciarum</strong></span> 
     </span>
     <span class='ocr_line' id='line_1_12' title="bbox 170 1580 1826 1670; baseline 0.001 -23"><span class='ocrx_word' id='word_1_111' title='bbox 170 1583 241 1647; x_wconf 90' lang='lat' dir='ltr'><strong>auri</strong></span> <span class='ocrx_word' id='word_1_112' title='bbox 274 1581 308 1646; x_wconf 90' lang='lat' dir='ltr'><strong>in</strong></span> <span class='ocrx_word' id='word_1_113' title='bbox 342 1581 485 1666; x_wconf 91' lang='lat' dir='ltr'><strong>quinque</strong></span> <span class='ocrx_word' id='word_1_114' title='bbox 519 1581 684 1667; x_wconf 86' lang='lat' dir='ltr'><strong>passagiis</strong></span> <span class='ocrx_word' id='word_1_115' title='bbox 720 1581 869 1667; x_wconf 85' lang='lat' dir='ltr'><strong>proximo</strong></span> <span class='ocrx_word' id='word_1_116' title='bbox 905 1587 982 1644; x_wconf 92' lang='lat' dir='ltr'><strong>tunc</strong></span> <span class='ocrx_word' id='word_1_117' title='bbox 1017 1580 1135 1645; x_wconf 89' lang='lat' dir='ltr'><strong>futuris</strong></span> <span class='ocrx_word' id='word_1_118' title='bbox 1169 1581 1246 1646; x_wconf 93' lang='lat' dir='ltr'><strong>illuc</strong></span> <span class='ocrx_word' id='word_1_119' title='bbox 1279 1581 1461 1649; x_wconf 90' lang='lat' dir='ltr'><strong>destinaret</strong></span> <span class='ocrx_word' id='word_1_120' title='bbox 1493 1584 1591 1649; x_wconf 88' lang='lat' dir='ltr'><strong>certis</strong></span> <span class='ocrx_word' id='word_1_121' title='bbox 1628 1583 1826 1670; x_wconf 87' lang='lat' dir='ltr'><strong>assignanda</strong></span> 
     </span>
     <span class='ocr_line' id='line_1_13' title="bbox 170 1682 1823 1774; baseline 0.001 -24"><span class='ocrx_word' id='word_1_122' title='bbox 170 1685 335 1771; x_wconf 88' lang='lat' dir='ltr'><strong>personis;</strong></span> <span class='ocrx_word' id='word_1_123' title='bbox 363 1691 397 1748; x_wconf 91' lang='lat' dir='ltr'><strong>et</strong></span> <span class='ocrx_word' id='word_1_124' title='bbox 418 1691 495 1749; x_wconf 90' lang='lat' dir='ltr'><strong>tunc</strong></span> <span class='ocrx_word' id='word_1_125' title='bbox 518 1683 700 1749; x_wconf 89' lang='lat' dir='ltr'><strong>cardinales</strong></span> <span class='ocrx_word' id='word_1_126' title='bbox 730 1682 869 1769; x_wconf 90' lang='lat' dir='ltr'><strong>predicti</strong></span> <span class='ocrx_word' id='word_1_127' title='bbox 897 1682 937 1748; x_wconf 92' lang='lat' dir='ltr'><strong>dc</strong></span> <span class='ocrx_word' id='word_1_128' title='bbox 961 1684 1167 1769; x_wconf 89' lang='lat' dir='ltr'><strong>imperatoris</strong></span> <span class='ocrx_word' id='word_1_129' title='bbox 1193 1706 1331 1750; x_wconf 87' lang='lat' dir='ltr'><strong>assensu</strong></span> <span class='ocrx_word' id='word_1_130' title='bbox 1354 1686 1387 1750; x_wconf 94' lang='lat' dir='ltr'><strong>in</strong></span> <span class='ocrx_word' id='word_1_131' title='bbox 1411 1687 1481 1752; x_wconf 89' lang='lat' dir='ltr'><strong>eius</strong></span> <span class='ocrx_word' id='word_1_132' title='bbox 1505 1696 1701 1774; x_wconf 89' lang='lat' dir='ltr'><strong>conspectu,</strong></span> <span class='ocrx_word' id='word_1_133' title='bbox 1733 1688 1823 1773; x_wconf 91' lang='lat' dir='ltr'><strong>priu-</strong></span> 
     </span>
     <span class='ocr_line' id='line_1_14' title="bbox 170 1787 1825 1875; baseline 0.002 -24"><span class='ocrx_word' id='word_1_134' title='bbox 170 1789 278 1874; x_wconf 92' lang='lat' dir='ltr'><strong>cipum</strong></span> <span class='ocrx_word' id='word_1_135' title='bbox 301 1808 339 1852; x_wconf 90' lang='lat' dir='ltr'><strong>ac</strong></span> <span class='ocrx_word' id='word_1_136' title='bbox 361 1787 474 1873; x_wconf 90' lang='lat' dir='ltr'><strong>populi</strong></span> <span class='ocrx_word' id='word_1_137' title='bbox 496 1787 747 1867; x_wconf 88' lang='lat' dir='ltr'><strong>circumstantis,</strong></span> <span class='ocrx_word' id='word_1_138' title='bbox 771 1787 969 1851; x_wconf 88' lang='lat' dir='ltr'><strong>seutentiam</strong></span> <span class='ocrx_word' id='word_1_139' title='bbox 993 1789 1341 1854; x_wconf 82' lang='lat' dir='ltr'><strong>excommunicationis</strong></span> <span class='ocrx_word' id='word_1_140' title='bbox 1365 1789 1496 1875; x_wconf 89' lang='lat' dir='ltr'><strong>publice</strong></span> <span class='ocrx_word' id='word_1_141' title='bbox 1519 1791 1714 1856; x_wconf 90' lang='lat' dir='ltr'><strong>auctoritate</strong></span> <span class='ocrx_word' id='word_1_142' title='bbox 1738 1790 1825 1856; x_wconf 88' lang='lat' dir='ltr'><strong>sedis</strong></span> 
     </span>
     <span class='ocr_line' id='line_1_15' title="bbox 169 1889 1826 1979; baseline 0.001 -23"><span class='ocrx_word' id='word_1_143' title='bbox 169 1890 349 1978; x_wconf 89' lang='lat' dir='ltr'><strong>apostolice</strong></span> <span class='ocrx_word' id='word_1_144' title='bbox 383 1890 603 1976; x_wconf 90' lang='lat' dir='ltr'><strong>protulerunt,</strong></span> <span class='ocrx_word' id='word_1_145' title='bbox 637 1891 671 1954; x_wconf 94' lang='lat' dir='ltr'><strong>in</strong></span> <span class='ocrx_word' id='word_1_146' title='bbox 705 1910 801 1974; x_wconf 89' lang='lat' dir='ltr'><strong>quam</strong></span> <span class='ocrx_word' id='word_1_147' title='bbox 835 1889 996 1956; x_wconf 89' lang='lat' dir='ltr'><strong>incideret</strong></span> <span class='ocrx_word' id='word_1_148' title='bbox 1029 1892 1222 1977; x_wconf 90' lang='lat' dir='ltr'><strong>imperator,</strong></span> <span class='ocrx_word' id='word_1_149' title='bbox 1258 1893 1285 1955; x_wconf 91' lang='lat' dir='ltr'><strong>si</strong></span> <span class='ocrx_word' id='word_1_150' title='bbox 1316 1893 1426 1957; x_wconf 87' lang='lat' dir='ltr'><strong>forsan</strong></span> <span class='ocrx_word' id='word_1_151' title='bbox 1460 1893 1494 1957; x_wconf 92' lang='lat' dir='ltr'><strong>in</strong></span> <span class='ocrx_word' id='word_1_152' title='bbox 1527 1893 1635 1979; x_wconf 90' lang='lat' dir='ltr'><strong>aliquo</strong></span> <span class='ocrx_word' id='word_1_153' title='bbox 1670 1893 1826 1958; x_wconf 87' lang='lat' dir='ltr'><strong>deficeret</strong></span> 
     </span>
     <span class='ocr_line' id='line_1_16' title="bbox 172 1992 1826 2081; baseline 0.001 -23"><span class='ocrx_word' id='word_1_154' title='bbox 172 1993 400 2080; x_wconf 91' lang='lat' dir='ltr'><strong>predictorum.</strong></span> <span class='ocrx_word' id='word_1_155' title='bbox 456 1992 623 2077; x_wconf 90' lang='lat' dir='ltr'><strong>Obligevit</strong></span> <span class='ocrx_word' id='word_1_156' title='bbox 654 2014 689 2057; x_wconf 92' lang='lat' dir='ltr'><strong>se</strong></span> <span class='ocrx_word' id='word_1_157' title='bbox 718 1993 854 2078; x_wconf 88' lang='lat' dir='ltr'><strong>insuper</strong></span> <span class='ocrx_word' id='word_1_158' title='bbox 881 1993 1058 2079; x_wconf 89' lang='lat' dir='ltr'><strong>imperator</strong></span> <span class='ocrx_word' id='word_1_159' title='bbox 1085 1992 1126 2057; x_wconf 89' lang='lat' dir='ltr'><strong>ad</strong></span> <span class='ocrx_word' id='word_1_160' title='bbox 1157 2000 1288 2058; x_wconf 91' lang='lat' dir='ltr'><strong>centum</strong></span> <span class='ocrx_word' id='word_1_161' title='bbox 1315 1995 1484 2059; x_wconf 87' lang='lat' dir='ltr'><strong>calendrae</strong></span> <span class='ocrx_word' id='word_1_162' title='bbox 1521 2001 1554 2059; x_wconf 92' lang='lat' dir='ltr'><strong>et</strong></span> <span class='ocrx_word' id='word_1_163' title='bbox 1589 1996 1826 2081; x_wconf 83' lang='lat' dir='ltr'><strong>quinquaginta</strong></span> 
     </span>
     <span class='ocr_line' id='line_1_17' title="bbox 170 2094 1825 2184; baseline 0 -23"><span class='ocrx_word' id='word_1_164' title='bbox 170 2097 285 2180; x_wconf 87' lang='lat' dir='ltr'><strong>galeas</strong></span> <span class='ocrx_word' id='word_1_165' title='bbox 314 2094 480 2160; x_wconf 89' lang='lat' dir='ltr'><strong>ducendas</strong></span> <span class='ocrx_word' id='word_1_166' title='bbox 513 2102 546 2160; x_wconf 92' lang='lat' dir='ltr'><strong>et</strong></span> <span class='ocrx_word' id='word_1_167' title='bbox 574 2094 733 2160; x_wconf 90' lang='lat' dir='ltr'><strong>tenendas</strong></span> <span class='ocrx_word' id='word_1_168' title='bbox 762 2095 895 2160; x_wconf 90' lang='lat' dir='ltr'><strong>biennio</strong></span> <span class='ocrx_word' id='word_1_169' title='bbox 928 2095 1016 2161; x_wconf 92' lang='lat' dir='ltr'><strong>ultra</strong></span> <span class='ocrx_word' id='word_1_170' title='bbox 1044 2117 1149 2176; x_wconf 90' lang='lat' dir='ltr'><strong>mara,</strong></span> <span class='ocrx_word' id='word_1_171' title='bbox 1181 2118 1220 2161; x_wconf 90' lang='lat' dir='ltr'><strong>ac</strong></span> <span class='ocrx_word' id='word_1_172' title='bbox 1256 2096 1344 2182; x_wconf 93' lang='lat' dir='ltr'><strong>quod</strong></span> <span class='ocrx_word' id='word_1_173' title='bbox 1373 2098 1507 2184; x_wconf 90' lang='lat' dir='ltr'><strong>insuper</strong></span> <span class='ocrx_word' id='word_1_174' title='bbox 1534 2097 1661 2162; x_wconf 91' lang='lat' dir='ltr'><strong>duobus</strong></span> <span class='ocrx_word' id='word_1_175' title='bbox 1692 2098 1825 2162; x_wconf 92' lang='lat' dir='ltr'><strong>milibus</strong></span> 
     </span>
     <span class='ocr_line' id='line_1_18' title="bbox 171 2199 1826 2283; baseline -0.001 -17"><span class='ocrx_word' id='word_1_176' title='bbox 171 2200 310 2266; x_wconf 91' lang='lat' dir='ltr'><strong>militum</strong></span> <span class='ocrx_word' id='word_1_177' title='bbox 332 2199 520 2283; x_wconf 87' lang='lat' dir='ltr'><strong>passagium</strong></span> <span class='ocrx_word' id='word_1_178' title='bbox 543 2199 641 2264; x_wconf 88' lang='lat' dir='ltr'><strong>certis</strong></span> <span class='ocrx_word' id='word_1_179' title='bbox 666 2199 813 2262; x_wconf 88' lang='lat' dir='ltr'><strong>terminis</strong></span> <span class='ocrx_word' id='word_1_180' title='bbox 842 2199 1031 2283; x_wconf 89' lang='lat' dir='ltr'><strong>largiretur,</strong></span> <span class='ocrx_word' id='word_1_181' title='bbox 1061 2199 1094 2262; x_wconf 90' lang='lat' dir='ltr'><strong>in</strong></span> <span class='ocrx_word' id='word_1_182' title='bbox 1124 2199 1265 2264; x_wconf 90' lang='lat' dir='ltr'><strong>animam</strong></span> <span class='ocrx_word' id='word_1_183' title='bbox 1296 2221 1387 2264; x_wconf 91' lang='lat' dir='ltr'><strong>suam</strong></span> <span class='ocrx_word' id='word_1_184' title='bbox 1416 2201 1515 2264; x_wconf 89' lang='lat' dir='ltr'><strong>iurari</strong></span> <span class='ocrx_word' id='word_1_185' title='bbox 1543 2200 1669 2266; x_wconf 87' lang='lat' dir='ltr'><strong>faciens</strong></span> <span class='ocrx_word' id='word_1_186' title='bbox 1698 2221 1734 2265; x_wconf 91' lang='lat' dir='ltr'><strong>sc</strong></span> <span class='ocrx_word' id='word_1_187' title='bbox 1762 2201 1826 2265; x_wconf 88' lang='lat' dir='ltr'><strong>ista</strong></span> 
     </span>
     <span class='ocr_line' id='line_1_19' title="bbox 171 2301 1826 2389; baseline -0.001 -21"><span class='ocrx_word' id='word_1_188' title='bbox 171 2323 233 2388; x_wconf 91' lang='lat' dir='ltr'><strong>que</strong></span> <span class='ocrx_word' id='word_1_189' title='bbox 261 2301 466 2388; x_wconf 88' lang='lat' dir='ltr'><strong>prediximus</strong></span> <span class='ocrx_word' id='word_1_190' title='bbox 493 2301 720 2387; x_wconf 87' lang='lat' dir='ltr'><strong>impletumm,</strong></span> <span class='ocrx_word' id='word_1_191' title='bbox 749 2306 782 2364; x_wconf 89' lang='lat' dir='ltr'><strong>ct</strong></span> <span class='ocrx_word' id='word_1_192' title='bbox 811 2307 927 2386; x_wconf 82' lang='lat' dir='ltr'><strong>sponte</strong></span> <span class='ocrx_word' id='word_1_193' title='bbox 957 2302 1166 2367; x_wconf 89' lang='lat' dir='ltr'><strong>consentiens</strong></span> <span class='ocrx_word' id='word_1_194' title='bbox 1194 2302 1227 2366; x_wconf 93' lang='lat' dir='ltr'><strong>in</strong></span> <span class='ocrx_word' id='word_1_195' title='bbox 1256 2304 1363 2389; x_wconf 89' lang='lat' dir='ltr'><strong>ipsum</strong></span> <span class='ocrx_word' id='word_1_196' title='bbox 1394 2309 1428 2367; x_wconf 94' lang='lat' dir='ltr'><strong>et</strong></span> <span class='ocrx_word' id='word_1_197' title='bbox 1454 2323 1593 2388; x_wconf 89' lang='lat' dir='ltr'><strong>regnum</strong></span> <span class='ocrx_word' id='word_1_198' title='bbox 1624 2325 1718 2369; x_wconf 90' lang='lat' dir='ltr'><strong>suum</strong></span> <span class='ocrx_word' id='word_1_199' title='bbox 1748 2303 1826 2369; x_wconf 90' lang='lat' dir='ltr'><strong>ferri</strong></span> 
     </span>
     <span class='ocr_line' id='line_1_20' title="bbox 172 2403 957 2484; baseline -0.001 -14"><span class='ocrx_word' id='word_1_200' title='bbox 172 2406 378 2484; x_wconf 88' lang='lat' dir='ltr'><strong>sententiam,</strong></span> <span class='ocrx_word' id='word_1_201' title='bbox 402 2404 431 2468; x_wconf 91' lang='lat' dir='ltr'><strong>si</strong></span> <span class='ocrx_word' id='word_1_202' title='bbox 451 2404 514 2469; x_wconf 91' lang='lat' dir='ltr'><strong>hec</strong></span> <span class='ocrx_word' id='word_1_203' title='bbox 536 2425 601 2469; x_wconf 93' lang='lat' dir='ltr'><strong>non</strong></span> <span class='ocrx_word' id='word_1_204' title='bbox 624 2403 748 2468; x_wconf 87' lang='lat' dir='ltr'><strong>fuerint</strong></span> <span class='ocrx_word' id='word_1_205' title='bbox 772 2404 957 2470; x_wconf 89' lang='lat' dir='ltr'><strong>observata.</strong></span> 
     </span>
    </p>

    <p class='ocr_par' dir='ltr' id='par_1_5' title="bbox 108 2506 1828 4964">
     <span class='ocr_line' id='line_1_21' title="bbox 281 2506 1825 2594; baseline 0 -21"><span class='ocrx_word' id='word_1_206' title='bbox 281 2509 431 2584; x_wconf 83' lang='lat' dir='ltr'><strong>Qualiter</strong></span> <span class='ocrx_word' id='word_1_207' title='bbox 458 2515 568 2573; x_wconf 90' lang='lat' dir='ltr'><strong>autem</strong></span> <span class='ocrx_word' id='word_1_208' title='bbox 597 2508 658 2574; x_wconf 91' lang='lat' dir='ltr'><strong>hoc</strong></span> <span class='ocrx_word' id='word_1_209' title='bbox 689 2508 888 2594; x_wconf 85' lang='lat' dir='ltr'><strong>impleverit,</strong></span> <span class='ocrx_word' id='word_1_210' title='bbox 920 2506 1109 2572; x_wconf 89' lang='lat' dir='ltr'><strong>advertatis.</strong></span> <span class='ocrx_word' id='word_1_211' title='bbox 1158 2508 1243 2573; x_wconf 90' lang='lat' dir='ltr'><strong>Nam</strong></span> <span class='ocrx_word' id='word_1_212' title='bbox 1272 2529 1346 2573; x_wconf 91' lang='lat' dir='ltr'><strong>oum</strong></span> <span class='ocrx_word' id='word_1_213' title='bbox 1373 2507 1414 2573; x_wconf 90' lang='lat' dir='ltr'><strong>ad</strong></span> <span class='ocrx_word' id='word_1_214' title='bbox 1442 2509 1513 2574; x_wconf 88' lang='lat' dir='ltr'><strong>eius</strong></span> <span class='ocrx_word' id='word_1_215' title='bbox 1541 2509 1747 2594; x_wconf 85' lang='lat' dir='ltr'><strong>frequentem</strong></span> <span class='ocrx_word' id='word_1_216' title='bbox 1774 2509 1825 2573; x_wconf 90' lang='lat' dir='ltr'><strong>in-</strong></span> 
     </span>
     <span class='ocr_line' id='line_1_22' title="bbox 172 2611 1825 2696; baseline -0.001 -19"><span class='ocrx_word' id='word_1_217' title='bbox 172 2613 326 2677; x_wconf 87' lang='lat' dir='ltr'><strong>stantiam</strong></span> <span class='ocrx_word' id='word_1_218' title='bbox 353 2611 456 2676; x_wconf 89' lang='lat' dir='ltr'><strong>multa</strong></span> <span class='ocrx_word' id='word_1_219' title='bbox 485 2611 786 2696; x_wconf 90' lang='lat' dir='ltr'><strong>crucesignatorum</strong></span> <span class='ocrx_word' id='word_1_220' title='bbox 814 2611 904 2675; x_wconf 90' lang='lat' dir='ltr'><strong>milia</strong></span> <span class='ocrx_word' id='word_1_221' title='bbox 932 2631 991 2696; x_wconf 91' lang='lat' dir='ltr'><strong>per</strong></span> <span class='ocrx_word' id='word_1_222' title='bbox 1013 2611 1359 2677; x_wconf 84' lang='lat' dir='ltr'><strong>excommunicationis</strong></span> <span class='ocrx_word' id='word_1_223' title='bbox 1383 2611 1580 2676; x_wconf 90' lang='lat' dir='ltr'><strong>sententiam</strong></span> <span class='ocrx_word' id='word_1_224' title='bbox 1604 2617 1768 2678; x_wconf 88' lang='lat' dir='ltr'><strong>coarctata</strong></span> <span class='ocrx_word' id='word_1_225' title='bbox 1791 2612 1825 2676; x_wconf 92' lang='lat' dir='ltr'><strong>in</strong></span> 
     </span>
     <span class='ocr_line' id='line_1_23' title="bbox 170 2712 1824 2802; baseline -0.001 -22"><span class='ocrx_word' id='word_1_226' title='bbox 170 2716 310 2802; x_wconf 89' lang='lat' dir='ltr'><strong>termino</strong></span> <span class='ocrx_word' id='word_1_227' title='bbox 340 2714 504 2779; x_wconf 89' lang='lat' dir='ltr'><strong>destinato</strong></span> <span class='ocrx_word' id='word_1_228' title='bbox 534 2713 575 2778; x_wconf 90' lang='lat' dir='ltr'><strong>ad</strong></span> <span class='ocrx_word' id='word_1_229' title='bbox 602 2720 731 2800; x_wconf 91' lang='lat' dir='ltr'><strong>portum</strong></span> <span class='ocrx_word' id='word_1_230' title='bbox 759 2712 938 2779; x_wconf 88' lang='lat' dir='ltr'><strong>Brundusii</strong></span> <span class='ocrx_word' id='word_1_231' title='bbox 967 2721 1215 2801; x_wconf 88' lang='lat' dir='ltr'><strong>properassent,</strong></span> <span class='ocrx_word' id='word_1_232' title='bbox 1244 2715 1322 2800; x_wconf 89' lang='lat' dir='ltr'><strong>qnia</strong></span> <span class='ocrx_word' id='word_1_233' title='bbox 1353 2715 1492 2800; x_wconf 89' lang='lat' dir='ltr'><strong>gratiam</strong></span> <span class='ocrx_word' id='word_1_234' title='bbox 1525 2736 1617 2780; x_wconf 91' lang='lat' dir='ltr'><strong>suam</strong></span> <span class='ocrx_word' id='word_1_235' title='bbox 1645 2715 1824 2801; x_wconf 89' lang='lat' dir='ltr'><strong>imperator</strong></span> 
     </span>
     <span class='ocr_line' id='line_1_24' title="bbox 172 2816 1825 2904; baseline -0.002 -19"><span class='ocrx_word' id='word_1_236' title='bbox 172 2820 379 2885; x_wconf 83' lang='lat' dir='ltr'><strong>subtraxerat</strong></span> <span class='ocrx_word' id='word_1_237' title='bbox 409 2817 596 2882; x_wconf 88' lang='lat' dir='ltr'><strong>civitatibus</strong></span> <span class='ocrx_word' id='word_1_238' title='bbox 624 2817 692 2882; x_wconf 91' lang='lat' dir='ltr'><strong>fere</strong></span> <span class='ocrx_word' id='word_1_239' title='bbox 725 2816 875 2882; x_wconf 88' lang='lat' dir='ltr'><strong>omnibus</strong></span> <span class='ocrx_word' id='word_1_240' title='bbox 908 2818 942 2890; x_wconf 86' lang='lat' dir='ltr'><strong>in</strong></span> <span class='ocrx_word' id='word_1_241' title='bbox 975 2816 1133 2903; x_wconf 81' lang='lat' dir='ltr'><strong>portubus</strong></span> <span class='ocrx_word' id='word_1_242' title='bbox 1163 2818 1365 2898; x_wconf 86' lang='lat' dir='ltr'><strong>constitutis,</strong></span> <span class='ocrx_word' id='word_1_243' title='bbox 1400 2816 1506 2883; x_wconf 73' lang='lat' dir='ltr'><strong>idemb</strong></span> <span class='ocrx_word' id='word_1_244' title='bbox 1542 2839 1562 2882; x_wconf 91' lang='lat' dir='ltr'><strong>a</strong></span> <span class='ocrx_word' id='word_1_245' title='bbox 1591 2817 1825 2904; x_wconf 90' lang='lat' dir='ltr'><strong>predecessore</strong></span> 
     </span>
     <span class='ocr_line' id='line_1_25' title="bbox 172 2919 1825 3007; baseline -0.002 -19"><span class='ocrx_word' id='word_1_246' title='bbox 172 2929 283 2987; x_wconf 89' lang='lat' dir='ltr'><strong>nestro</strong></span> <span class='ocrx_word' id='word_1_247' title='bbox 317 2943 355 2986; x_wconf 90' lang='lat' dir='ltr'><strong>ac</strong></span> <span class='ocrx_word' id='word_1_248' title='bbox 389 2920 483 2984; x_wconf 89' lang='lat' dir='ltr'><strong>nobis</strong></span> <span class='ocrx_word' id='word_1_249' title='bbox 517 2920 720 3004; x_wconf 91' lang='lat' dir='ltr'><strong>frequentius</strong></span> <span class='ocrx_word' id='word_1_250' title='bbox 753 2921 914 2996; x_wconf 90' lang='lat' dir='ltr'><strong>monitus,</strong></span> <span class='ocrx_word' id='word_1_251' title='bbox 947 2927 985 2984; x_wconf 91' lang='lat' dir='ltr'><strong>nt</strong></span> <span class='ocrx_word' id='word_1_252' title='bbox 1020 2919 1196 3005; x_wconf 89' lang='lat' dir='ltr'><strong>diligenter</strong></span> <span class='ocrx_word' id='word_1_253' title='bbox 1228 2928 1359 3007; x_wconf 86' lang='lat' dir='ltr'><strong>pararet</strong></span> <span class='ocrx_word' id='word_1_254' title='bbox 1386 2922 1496 2986; x_wconf 91' lang='lat' dir='ltr'><strong>omnia</strong></span> <span class='ocrx_word' id='word_1_255' title='bbox 1528 2928 1561 2986; x_wconf 90' lang='lat' dir='ltr'><strong>et</strong></span> <span class='ocrx_word' id='word_1_256' title='bbox 1588 2919 1731 2986; x_wconf 88' lang='lat' dir='ltr'><strong>fideliter</strong></span> <span class='ocrx_word' id='word_1_257' title='bbox 1762 2942 1825 3006; x_wconf 92' lang='lat' dir='ltr'><strong>que</strong></span> 
     </span>
     <span class='ocr_line' id='line_1_26' title="bbox 108 3023 1825 3112; baseline -0.002 -22"><span class='ocrx_word' id='word_1_258' title='bbox 108 3061 120 3098; x_wconf 59' lang='lat' dir='ltr'><strong>f,</strong></span> <span class='ocrx_word' id='word_1_259' title='bbox 174 3024 394 3112; x_wconf 87' lang='lat' dir='ltr'><strong>spoponderat</strong></span> <span class='ocrx_word' id='word_1_260' title='bbox 409 3023 614 3109; x_wconf 87' lang='lat' dir='ltr'><strong>adimpleret,</strong></span> <span class='ocrx_word' id='word_1_261' title='bbox 637 3023 708 3108; x_wconf 88' lang='lat' dir='ltr'><strong>ipsc</strong></span> <span class='ocrx_word' id='word_1_262' title='bbox 725 3023 869 3087; x_wconf 90' lang='lat' dir='ltr'><strong>omnium</strong></span> <span class='ocrx_word' id='word_1_263' title='bbox 885 3023 1130 3108; x_wconf 90' lang='lat' dir='ltr'><strong>promissorum,</strong></span> <span class='ocrx_word' id='word_1_264' title='bbox 1154 3045 1217 3108; x_wconf 91' lang='lat' dir='ltr'><strong>que</strong></span> <span class='ocrx_word' id='word_1_265' title='bbox 1240 3024 1421 3110; x_wconf 89' lang='lat' dir='ltr'><strong>apostolica</strong></span> <span class='ocrx_word' id='word_1_266' title='bbox 1444 3023 1515 3088; x_wconf 91' lang='lat' dir='ltr'><strong>sedi</strong></span> <span class='ocrx_word' id='word_1_267' title='bbox 1539 3031 1573 3089; x_wconf 91' lang='lat' dir='ltr'><strong>et</strong></span> <span class='ocrx_word' id='word_1_268' title='bbox 1588 3025 1825 3109; x_wconf 86' lang='lat' dir='ltr'><strong>crucesignatis</strong></span> 
     </span>
     <span class='ocr_line' id='line_1_27' title="bbox 173 3125 1826 3215; baseline -0.001 -23"><span class='ocrx_word' id='word_1_269' title='bbox 173 3150 233 3215; x_wconf 93' lang='lat' dir='ltr'><strong>per</strong></span> <span class='ocrx_word' id='word_1_270' title='bbox 254 3129 380 3192; x_wconf 92' lang='lat' dir='ltr'><strong>litteras</strong></span> <span class='ocrx_word' id='word_1_271' title='bbox 405 3148 481 3191; x_wconf 92' lang='lat' dir='ltr'><strong>suas</strong></span> <span class='ocrx_word' id='word_1_272' title='bbox 500 3125 625 3190; x_wconf 89' lang='lat' dir='ltr'><strong>fecerat</strong></span> <span class='ocrx_word' id='word_1_273' title='bbox 646 3125 687 3191; x_wconf 93' lang='lat' dir='ltr'><strong>da</strong></span> <span class='ocrx_word' id='word_1_274' title='bbox 713 3127 888 3212; x_wconf 89' lang='lat' dir='ltr'><strong>sponsione</strong></span> <span class='ocrx_word' id='word_1_275' title='bbox 911 3126 1066 3213; x_wconf 89' lang='lat' dir='ltr'><strong>passagii,</strong></span> <span class='ocrx_word' id='word_1_276' title='bbox 1090 3127 1353 3191; x_wconf 82' lang='lat' dir='ltr'><strong>necessariorum</strong></span> <span class='ocrx_word' id='word_1_277' title='bbox 1376 3133 1410 3190; x_wconf 92' lang='lat' dir='ltr'><strong>et</strong></span> <span class='ocrx_word' id='word_1_278' title='bbox 1432 3127 1547 3207; x_wconf 92' lang='lat' dir='ltr'><strong>victus,</strong></span> <span class='ocrx_word' id='word_1_279' title='bbox 1572 3132 1605 3191; x_wconf 93' lang='lat' dir='ltr'><strong>et</strong></span> <span class='ocrx_word' id='word_1_280' title='bbox 1628 3147 1686 3191; x_wconf 92' lang='lat' dir='ltr'><strong>sne</strong></span> <span class='ocrx_word' id='word_1_281' title='bbox 1710 3126 1826 3190; x_wconf 91' lang='lat' dir='ltr'><strong>salutis</strong></span> 
     </span>
     <span class='ocr_line' id='line_1_28' title="bbox 172 3229 1827 3316; baseline -0.002 -20"><span class='ocrx_word' id='word_1_282' title='bbox 172 3233 359 3310; x_wconf 90' lang='lat' dir='ltr'><strong>immemor,</strong></span> <span class='ocrx_word' id='word_1_283' title='bbox 393 3229 517 3295; x_wconf 90' lang='lat' dir='ltr'><strong>tamdiu</strong></span> <span class='ocrx_word' id='word_1_284' title='bbox 550 3229 583 3292; x_wconf 93' lang='lat' dir='ltr'><strong>in</strong></span> <span class='ocrx_word' id='word_1_285' title='bbox 611 3229 707 3293; x_wconf 89' lang='lat' dir='ltr'><strong>estivi</strong></span> <span class='ocrx_word' id='word_1_286' title='bbox 734 3230 872 3294; x_wconf 89' lang='lat' dir='ltr'><strong>fervoris</strong></span> <span class='ocrx_word' id='word_1_287' title='bbox 902 3229 1052 3294; x_wconf 89' lang='lat' dir='ltr'><strong>incendio</strong></span> <span class='ocrx_word' id='word_1_288' title='bbox 1085 3229 1118 3292; x_wconf 90' lang='lat' dir='ltr'><strong>in</strong></span> <span class='ocrx_word' id='word_1_289' title='bbox 1149 3230 1285 3314; x_wconf 90' lang='lat' dir='ltr'><strong>regiona</strong></span> <span class='ocrx_word' id='word_1_290' title='bbox 1315 3230 1430 3294; x_wconf 89' lang='lat' dir='ltr'><strong>mortis</strong></span> <span class='ocrx_word' id='word_1_291' title='bbox 1461 3235 1494 3294; x_wconf 91' lang='lat' dir='ltr'><strong>et</strong></span> <span class='ocrx_word' id='word_1_292' title='bbox 1522 3229 1607 3294; x_wconf 88' lang='lat' dir='ltr'><strong>acris</strong></span> <span class='ocrx_word' id='word_1_293' title='bbox 1640 3230 1827 3316; x_wconf 91' lang='lat' dir='ltr'><strong>corruptela</strong></span> 
     </span>
     <span class='ocr_line' id='line_1_29' title="bbox 172 3331 1828 3418; baseline -0.001 -21"><span class='ocrx_word' id='word_1_294' title='bbox 172 3333 312 3400; x_wconf 90' lang='lat' dir='ltr'><strong>detinuit</strong></span> <span class='ocrx_word' id='word_1_295' title='bbox 335 3333 516 3398; x_wconf 82' lang='lat' dir='ltr'><strong>exercitum</strong></span> <span class='ocrx_word' id='word_1_296' title='bbox 540 3331 771 3413; x_wconf 86' lang='lat' dir='ltr'><strong>Christianum,</strong></span> <span class='ocrx_word' id='word_1_297' title='bbox 795 3332 883 3418; x_wconf 93' lang='lat' dir='ltr'><strong>quod</strong></span> <span class='ocrx_word' id='word_1_298' title='bbox 904 3353 969 3396; x_wconf 91' lang='lat' dir='ltr'><strong>nen</strong></span> <span class='ocrx_word' id='word_1_299' title='bbox 993 3333 1097 3396; x_wconf 84' lang='lat' dir='ltr'><strong>solum</strong></span> <span class='ocrx_word' id='word_1_300' title='bbox 1120 3351 1240 3416; x_wconf 90' lang='lat' dir='ltr'><strong>magna</strong></span> <span class='ocrx_word' id='word_1_301' title='bbox 1262 3353 1338 3418; x_wconf 88' lang='lat' dir='ltr'><strong>pars</strong></span> <span class='ocrx_word' id='word_1_302' title='bbox 1360 3331 1478 3417; x_wconf 90' lang='lat' dir='ltr'><strong>plebis,</strong></span> <span class='ocrx_word' id='word_1_303' title='bbox 1502 3353 1616 3398; x_wconf 88' lang='lat' dir='ltr'><strong>varum</strong></span> <span class='ocrx_word' id='word_1_304' title='bbox 1639 3332 1738 3397; x_wconf 89' lang='lat' dir='ltr'><strong>etiam</strong></span> <span class='ocrx_word' id='word_1_305' title='bbox 1761 3352 1828 3396; x_wconf 90' lang='lat' dir='ltr'><strong>non</strong></span> 
     </span>
     <span class='ocr_line' id='line_1_30' title="bbox 172 3432 1826 3523; baseline -0.001 -22"><span class='ocrx_word' id='word_1_306' title='bbox 172 3436 303 3501; x_wconf 89' lang='lat' dir='ltr'><strong>modica</strong></span> <span class='ocrx_word' id='word_1_307' title='bbox 330 3434 505 3501; x_wconf 91' lang='lat' dir='ltr'><strong>multitudo</strong></span> <span class='ocrx_word' id='word_1_308' title='bbox 533 3434 690 3499; x_wconf 90' lang='lat' dir='ltr'><strong>nobilium</strong></span> <span class='ocrx_word' id='word_1_309' title='bbox 721 3442 754 3500; x_wconf 92' lang='lat' dir='ltr'><strong>et</strong></span> <span class='ocrx_word' id='word_1_310' title='bbox 781 3440 969 3520; x_wconf 89' lang='lat' dir='ltr'><strong>magnatum</strong></span> <span class='ocrx_word' id='word_1_311' title='bbox 1000 3434 1203 3523; x_wconf 89' lang='lat' dir='ltr'><strong>pestilentia,</strong></span> <span class='ocrx_word' id='word_1_312' title='bbox 1232 3434 1303 3498; x_wconf 91' lang='lat' dir='ltr'><strong>sitis</strong></span> <span class='ocrx_word' id='word_1_313' title='bbox 1327 3432 1494 3514; x_wconf 89' lang='lat' dir='ltr'><strong>ariditate,</strong></span> <span class='ocrx_word' id='word_1_314' title='bbox 1526 3433 1652 3498; x_wconf 89' lang='lat' dir='ltr'><strong>ardoris</strong></span> <span class='ocrx_word' id='word_1_315' title='bbox 1673 3433 1826 3499; x_wconf 90' lang='lat' dir='ltr'><strong>incendio</strong></span> 
     </span>
     <span class='ocr_line' id='line_1_31' title="bbox 172 3536 1826 3626; baseline -0.004 -20"><span class='ocrx_word' id='word_1_316' title='bbox 172 3563 210 3606; x_wconf 89' lang='lat' dir='ltr'><strong>ae</strong></span> <span class='ocrx_word' id='word_1_317' title='bbox 232 3540 343 3606; x_wconf 89' lang='lat' dir='ltr'><strong>multis</strong></span> <span class='ocrx_word' id='word_1_318' title='bbox 365 3538 686 3606; x_wconf 88' lang='lat' dir='ltr'><strong>incommoditatibus</strong></span> <span class='ocrx_word' id='word_1_319' title='bbox 709 3540 880 3626; x_wconf 79' lang='lat' dir='ltr'><strong>expiravit.</strong></span> <span class='ocrx_word' id='word_1_320' title='bbox 926 3538 1018 3603; x_wconf 90' lang='lat' dir='ltr'><strong>Inter</strong></span> <span class='ocrx_word' id='word_1_321' title='bbox 1047 3560 1128 3625; x_wconf 90' lang='lat' dir='ltr'><strong>quos</strong></span> <span class='ocrx_word' id='word_1_322' title='bbox 1158 3537 1351 3603; x_wconf 90' lang='lat' dir='ltr'><strong>defecerunt</strong></span> <span class='ocrx_word' id='word_1_323' title='bbox 1379 3537 1500 3602; x_wconf 90' lang='lat' dir='ltr'><strong>nobilis</strong></span> <span class='ocrx_word' id='word_1_324' title='bbox 1524 3538 1573 3600; x_wconf 90' lang='lat' dir='ltr'><strong>vir</strong></span> <span class='ocrx_word' id='word_1_325' title='bbox 1595 3536 1826 3622; x_wconf 85' lang='lat' dir='ltr'><strong>antegravius³</strong></span> 
     </span>
     <span class='ocr_line' id='line_1_32' title="bbox 173 3638 1827 3732; baseline -0.004 -22"><span class='ocrx_word' id='word_1_326' title='bbox 173 3653 206 3710; x_wconf 91' lang='lat' dir='ltr'><strong>et</strong></span> <span class='ocrx_word' id='word_1_327' title='bbox 229 3645 402 3732; x_wconf 89' lang='lat' dir='ltr'><strong>episcopus</strong></span> <span class='ocrx_word' id='word_1_328' title='bbox 425 3643 646 3729; x_wconf 88' lang='lat' dir='ltr'><strong>Augustansis</strong></span> <span class='ocrx_word' id='word_1_329' title='bbox 657 3643 680 3707; x_wconf 88' lang='lat'><strong>⁴.</strong></span> <span class='ocrx_word' id='word_1_330' title='bbox 724 3643 807 3707; x_wconf 90' lang='lat' dir='ltr'><strong>Pars</strong></span> <span class='ocrx_word' id='word_1_331' title='bbox 830 3664 909 3708; x_wconf 91' lang='lat' dir='ltr'><strong>vero</strong></span> <span class='ocrx_word' id='word_1_332' title='bbox 935 3663 1001 3706; x_wconf 91' lang='lat' dir='ltr'><strong>non</strong></span> <span class='ocrx_word' id='word_1_333' title='bbox 1029 3643 1163 3706; x_wconf 90' lang='lat' dir='ltr'><strong>minima</strong></span> <span class='ocrx_word' id='word_1_334' title='bbox 1194 3640 1382 3706; x_wconf 87' lang='lat' dir='ltr'><strong>infirmitate</strong></span> <span class='ocrx_word' id='word_1_335' title='bbox 1410 3646 1546 3725; x_wconf 89' lang='lat' dir='ltr'><strong>gravata</strong></span> <span class='ocrx_word' id='word_1_336' title='bbox 1573 3638 1765 3724; x_wconf 91' lang='lat' dir='ltr'><strong>regrediens</strong></span> <span class='ocrx_word' id='word_1_337' title='bbox 1793 3639 1827 3703; x_wconf 91' lang='lat' dir='ltr'><strong>in</strong></span> 
     </span>
     <span class='ocr_line' id='line_1_33' title="bbox 172 3741 1827 3833; baseline -0.004 -21"><span class='ocrx_word' id='word_1_338' title='bbox 172 3748 234 3812; x_wconf 92' lang='lat' dir='ltr'><strong>viis</strong></span> <span class='ocrx_word' id='word_1_339' title='bbox 257 3754 291 3813; x_wconf 90' lang='lat' dir='ltr'><strong>et</strong></span> <span class='ocrx_word' id='word_1_340' title='bbox 314 3748 415 3828; x_wconf 90' lang='lat' dir='ltr'><strong>silvis,</strong></span> <span class='ocrx_word' id='word_1_341' title='bbox 437 3746 613 3830; x_wconf 90' lang='lat' dir='ltr'><strong>montibus,</strong></span> <span class='ocrx_word' id='word_1_342' title='bbox 636 3747 782 3833; x_wconf 91' lang='lat' dir='ltr'><strong>planitiis</strong></span> <span class='ocrx_word' id='word_1_343' title='bbox 806 3754 839 3811; x_wconf 91' lang='lat' dir='ltr'><strong>et</strong></span> <span class='ocrx_word' id='word_1_344' title='bbox 862 3746 1027 3832; x_wconf 88' lang='lat' dir='ltr'><strong>speluncis</strong></span> <span class='ocrx_word' id='word_1_345' title='bbox 1051 3744 1206 3810; x_wconf 92' lang='lat' dir='ltr'><strong>occubuit</strong></span> <span class='ocrx_word' id='word_1_346' title='bbox 1227 3745 1292 3809; x_wconf 89' lang='lat' dir='ltr'><strong>iam</strong></span> <span class='ocrx_word' id='word_1_347' title='bbox 1315 3750 1482 3831; x_wconf 83' lang='lat' dir='ltr'><strong>exparte.</strong></span> <span class='ocrx_word' id='word_1_348' title='bbox 1528 3741 1615 3807; x_wconf 84' lang='lat' dir='ltr'><strong>Sane</strong></span> <span class='ocrx_word' id='word_1_349' title='bbox 1630 3742 1748 3828; x_wconf 89' lang='lat' dir='ltr'><strong>reliqui</strong></span> <span class='ocrx_word' id='word_1_350' title='bbox 1771 3743 1827 3806; x_wconf 83' lang='lat' dir='ltr'><strong>vix</strong></span> 
     </span>
     <span class='ocr_line' id='line_1_34' title="bbox 173 3844 1827 3938; baseline -0.004 -23"><span class='ocrx_word' id='word_1_351' title='bbox 173 3851 380 3938; x_wconf 89' lang='lat' dir='ltr'><strong>imperatoris</strong></span> <span class='ocrx_word' id='word_1_352' title='bbox 403 3849 538 3914; x_wconf 90' lang='lat' dir='ltr'><strong>obtenta</strong></span> <span class='ocrx_word' id='word_1_353' title='bbox 563 3850 713 3931; x_wconf 89' lang='lat' dir='ltr'><strong>licentia,</strong></span> <span class='ocrx_word' id='word_1_354' title='bbox 744 3850 822 3913; x_wconf 91' lang='lat' dir='ltr'><strong>licet</strong></span> <span class='ocrx_word' id='word_1_355' title='bbox 843 3849 954 3933; x_wconf 90' lang='lat' dir='ltr'><strong>galae,</strong></span> <span class='ocrx_word' id='word_1_356' title='bbox 985 3846 1137 3913; x_wconf 90' lang='lat' dir='ltr'><strong>calendrc</strong></span> <span class='ocrx_word' id='word_1_357' title='bbox 1171 3868 1209 3912; x_wconf 94' lang='lat' dir='ltr'><strong>ac</strong></span> <span class='ocrx_word' id='word_1_358' title='bbox 1236 3868 1336 3912; x_wconf 88' lang='lat' dir='ltr'><strong>naves</strong></span> <span class='ocrx_word' id='word_1_359' title='bbox 1367 3846 1567 3911; x_wconf 90' lang='lat' dir='ltr'><strong>sufficientes</strong></span> <span class='ocrx_word' id='word_1_360' title='bbox 1590 3844 1631 3909; x_wconf 92' lang='lat' dir='ltr'><strong>ad</strong></span> <span class='ocrx_word' id='word_1_361' title='bbox 1654 3846 1827 3909; x_wconf 85' lang='lat' dir='ltr'><strong>transitum</strong></span> 
     </span>
     <span class='ocr_line' id='line_1_35' title="bbox 174 3948 1827 4037; baseline -0.003 -21"><span class='ocrx_word' id='word_1_362' title='bbox 174 3953 372 4034; x_wconf 89' lang='lat' dir='ltr'><strong>victualium,</strong></span> <span class='ocrx_word' id='word_1_363' title='bbox 394 3952 563 4016; x_wconf 91' lang='lat' dir='ltr'><strong>hominum</strong></span> <span class='ocrx_word' id='word_1_364' title='bbox 580 3957 613 4017; x_wconf 92' lang='lat' dir='ltr'><strong>at</strong></span> <span class='ocrx_word' id='word_1_365' title='bbox 627 3972 798 4037; x_wconf 91' lang='lat' dir='ltr'><strong>equorum,</strong></span> <span class='ocrx_word' id='word_1_366' title='bbox 821 3958 857 4015; x_wconf 93' lang='lat' dir='ltr'><strong>ut</strong></span> <span class='ocrx_word' id='word_1_367' title='bbox 872 3952 1077 4036; x_wconf 89' lang='lat' dir='ltr'><strong>promiserat,</strong></span> <span class='ocrx_word' id='word_1_368' title='bbox 1100 3971 1165 4015; x_wconf 91' lang='lat' dir='ltr'><strong>non</strong></span> <span class='ocrx_word' id='word_1_369' title='bbox 1181 3949 1345 4030; x_wconf 89' lang='lat' dir='ltr'><strong>adessent,</strong></span> <span class='ocrx_word' id='word_1_370' title='bbox 1368 3949 1402 4014; x_wconf 92' lang='lat' dir='ltr'><strong>in</strong></span> <span class='ocrx_word' id='word_1_371' title='bbox 1417 3949 1503 4015; x_wconf 89' lang='lat' dir='ltr'><strong>festo</strong></span> <span class='ocrx_word' id='word_1_372' title='bbox 1519 3956 1629 4012; x_wconf 91' lang='lat' dir='ltr'><strong>tamen</strong></span> <span class='ocrx_word' id='word_1_373' title='bbox 1646 3948 1827 4012; x_wconf 89' lang='lat' dir='ltr'><strong>nativitatis</strong></span> 
     </span>
     <span class='ocr_line' id='line_1_36' title="bbox 109 4050 1826 4140; baseline -0.005 -18"><span class='ocrx_word' id='word_1_374' title='bbox 109 4095 120 4132; x_wconf 41' lang='grc' dir='ltr'><strong>ᾗ</strong></span> <span class='ocrx_word' id='word_1_375' title='bbox 173 4057 270 4122; x_wconf 89' lang='lat' dir='ltr'><strong>beate</strong></span> <span class='ocrx_word' id='word_1_376' title='bbox 282 4055 430 4140; x_wconf 84' lang='lat' dir='ltr'><strong>Virginis</strong></span> <span class='ocrx_word' id='word_1_377' title='bbox 442 4057 464 4136; x_wconf 80' lang='lat'><strong>⁵,</strong></span> <span class='ocrx_word' id='word_1_378' title='bbox 487 4076 561 4120; x_wconf 91' lang='lat' dir='ltr'><strong>cum</strong></span> <span class='ocrx_word' id='word_1_379' title='bbox 576 4055 641 4119; x_wconf 85' lang='lat' dir='ltr'><strong>ianr</strong></span> <span class='ocrx_word' id='word_1_380' title='bbox 657 4055 814 4140; x_wconf 89' lang='lat' dir='ltr'><strong>temporis</strong></span> <span class='ocrx_word' id='word_1_381' title='bbox 831 4055 991 4118; x_wconf 86' lang='lat' dir='ltr'><strong>instantia</strong></span> <span class='ocrx_word' id='word_1_382' title='bbox 1006 4054 1201 4133; x_wconf 90' lang='lat' dir='ltr'><strong>immineret,</strong></span> <span class='ocrx_word' id='word_1_383' title='bbox 1224 4059 1261 4117; x_wconf 91' lang='lat' dir='ltr'><strong>ut</strong></span> <span class='ocrx_word' id='word_1_384' title='bbox 1276 4074 1377 4118; x_wconf 89' lang='lat' dir='ltr'><strong>naves</strong></span> <span class='ocrx_word' id='word_1_385' title='bbox 1400 4075 1420 4117; x_wconf 91' lang='lat' dir='ltr'><strong>a</strong></span> <span class='ocrx_word' id='word_1_386' title='bbox 1437 4051 1663 4116; x_wconf 86' lang='lat' dir='ltr'><strong>transmarinis</strong></span> <span class='ocrx_word' id='word_1_387' title='bbox 1678 4050 1826 4137; x_wconf 87' lang='lat' dir='ltr'><strong>partibus</strong></span> 
     </span>
     <span class='ocr_line' id='line_1_37' title="bbox 174 4151 1827 4245; baseline -0.005 -22"><span class='ocrx_word' id='word_1_388' title='bbox 174 4160 356 4245; x_wconf 89' lang='lat' dir='ltr'><strong>inciperent</strong></span> <span class='ocrx_word' id='word_1_389' title='bbox 385 4179 550 4240; x_wconf 91' lang='lat' dir='ltr'><strong>remeare,</strong></span> <span class='ocrx_word' id='word_1_390' title='bbox 579 4159 707 4223; x_wconf 90' lang='lat' dir='ltr'><strong>sulcare</strong></span> <span class='ocrx_word' id='word_1_391' title='bbox 737 4158 841 4222; x_wconf 87' lang='lat' dir='ltr'><strong>maria</strong></span> <span class='ocrx_word' id='word_1_392' title='bbox 863 4157 1074 4237; x_wconf 89' lang='lat' dir='ltr'><strong>inchoarunt,</strong></span> <span class='ocrx_word' id='word_1_393' title='bbox 1104 4177 1140 4220; x_wconf 91' lang='lat' dir='ltr'><strong>se</strong></span> <span class='ocrx_word' id='word_1_394' title='bbox 1163 4177 1222 4242; x_wconf 89' lang='lat' dir='ltr'><strong>pro</strong></span> <span class='ocrx_word' id='word_1_395' title='bbox 1245 4156 1376 4221; x_wconf 87' lang='lat' dir='ltr'><strong>nomiae</strong></span> <span class='ocrx_word' id='word_1_396' title='bbox 1399 4155 1476 4220; x_wconf 93' lang='lat' dir='ltr'><strong>Iesu</strong></span> <span class='ocrx_word' id='word_1_397' title='bbox 1500 4153 1624 4219; x_wconf 80' lang='lat' dir='ltr'><strong>Christi</strong></span> <span class='ocrx_word' id='word_1_398' title='bbox 1647 4151 1827 4217; x_wconf 91' lang='lat' dir='ltr'><strong>discrimini</strong></span> 
     </span>
     <span class='ocr_line' id='line_1_38' title="bbox 173 4255 1827 4348; baseline -0.004 -22"><span class='ocrx_word' id='word_1_399' title='bbox 173 4263 430 4343; x_wconf 88' lang='lat' dir='ltr'><strong>committentes,</strong></span> <span class='ocrx_word' id='word_1_400' title='bbox 456 4283 495 4326; x_wconf 89' lang='lat' dir='ltr'><strong>ae</strong></span> <span class='ocrx_word' id='word_1_401' title='bbox 525 4260 697 4327; x_wconf 87' lang='lat' dir='ltr'><strong>credentes</strong></span> <span class='ocrx_word' id='word_1_402' title='bbox 721 4261 952 4348; x_wconf 87' lang='lat' dir='ltr'><strong>imperatorem</strong></span> <span class='ocrx_word' id='word_1_403' title='bbox 983 4261 1131 4325; x_wconf 87' lang='lat' dir='ltr'><strong>cominus</strong></span> <span class='ocrx_word' id='word_1_404' title='bbox 1154 4279 1268 4324; x_wconf 90' lang='lat' dir='ltr'><strong>eorum</strong></span> <span class='ocrx_word' id='word_1_405' title='bbox 1291 4259 1466 4343; x_wconf 88' lang='lat' dir='ltr'><strong>vestigium</strong></span> <span class='ocrx_word' id='word_1_406' title='bbox 1489 4263 1688 4323; x_wconf 86' lang='lat' dir='ltr'><strong>secuturum.</strong></span> <span class='ocrx_word' id='word_1_407' title='bbox 1733 4255 1827 4319; x_wconf 92' lang='lat' dir='ltr'><strong>Idem</strong></span> 
     </span>
     <span class='ocr_line' id='line_1_39' title="bbox 173 4359 1826 4451; baseline -0.004 -23"><span class='ocrx_word' id='word_1_408' title='bbox 173 4387 251 4431; x_wconf 91' lang='lat' dir='ltr'><strong>varo</strong></span> <span class='ocrx_word' id='word_1_409' title='bbox 273 4365 438 4430; x_wconf 90' lang='lat' dir='ltr'><strong>evacuatis</strong></span> <span class='ocrx_word' id='word_1_410' title='bbox 461 4364 744 4451; x_wconf 89' lang='lat' dir='ltr'><strong>promissionibus,</strong></span> <span class='ocrx_word' id='word_1_411' title='bbox 767 4364 871 4451; x_wconf 88' lang='lat' dir='ltr'><strong>ruptis</strong></span> <span class='ocrx_word' id='word_1_412' title='bbox 887 4364 1026 4428; x_wconf 90' lang='lat' dir='ltr'><strong>vinculis</strong></span> <span class='ocrx_word' id='word_1_413' title='bbox 1042 4362 1160 4448; x_wconf 88' lang='lat' dir='ltr'><strong>quibus</strong></span> <span class='ocrx_word' id='word_1_414' title='bbox 1176 4361 1351 4427; x_wconf 89' lang='lat' dir='ltr'><strong>tenebatur</strong></span> <span class='ocrx_word' id='word_1_415' title='bbox 1373 4361 1537 4441; x_wconf 90' lang='lat' dir='ltr'><strong>astrictus,</strong></span> <span class='ocrx_word' id='word_1_416' title='bbox 1560 4360 1686 4424; x_wconf 90' lang='lat' dir='ltr'><strong>calcato</strong></span> <span class='ocrx_word' id='word_1_417' title='bbox 1708 4359 1826 4423; x_wconf 91' lang='lat' dir='ltr'><strong>timore</strong></span> 
     </span>
     <span class='ocr_line' id='line_1_40' title="bbox 174 4461 1826 4553; baseline -0.004 -21"><span class='ocrx_word' id='word_1_418' title='bbox 174 4467 299 4548; x_wconf 92' lang='lat' dir='ltr'><strong>divino,</strong></span> <span class='ocrx_word' id='word_1_419' title='bbox 328 4473 515 4553; x_wconf 88' lang='lat' dir='ltr'><strong>contempta</strong></span> <span class='ocrx_word' id='word_1_420' title='bbox 543 4466 729 4532; x_wconf 88' lang='lat' dir='ltr'><strong>reverentia</strong></span> <span class='ocrx_word' id='word_1_421' title='bbox 757 4465 835 4531; x_wconf 90' lang='lat' dir='ltr'><strong>Iesu</strong></span> <span class='ocrx_word' id='word_1_422' title='bbox 865 4465 1006 4546; x_wconf 79' lang='lat' dir='ltr'><strong>Christi,</strong></span> <span class='ocrx_word' id='word_1_423' title='bbox 1037 4485 1177 4531; x_wconf 89' lang='lat' dir='ltr'><strong>censura</strong></span> <span class='ocrx_word' id='word_1_424' title='bbox 1210 4464 1435 4530; x_wconf 89' lang='lat' dir='ltr'><strong>ecclesiastiea</strong></span> <span class='ocrx_word' id='word_1_425' title='bbox 1462 4463 1637 4549; x_wconf 88' lang='lat' dir='ltr'><strong>vilipensa,</strong></span> <span class='ocrx_word' id='word_1_426' title='bbox 1670 4461 1826 4527; x_wconf 91' lang='lat' dir='ltr'><strong>derelicto</strong></span> 
     </span>
     <span class='ocr_line' id='line_1_41' title="bbox 176 4563 1826 4654; baseline -0.005 -18"><span class='ocrx_word' id='word_1_427' title='bbox 176 4571 325 4636; x_wconf 88' lang='lat' dir='ltr'><strong>exercitu</strong></span> <span class='ocrx_word' id='word_1_428' title='bbox 353 4569 554 4648; x_wconf 89' lang='lat' dir='ltr'><strong>Christiano,</strong></span> <span class='ocrx_word' id='word_1_429' title='bbox 589 4568 741 4654; x_wconf 85' lang='lat' dir='ltr'><strong>exposita</strong></span> <span class='ocrx_word' id='word_1_430' title='bbox 777 4567 964 4634; x_wconf 90' lang='lat' dir='ltr'><strong>infidelibus</strong></span> <span class='ocrx_word' id='word_1_431' title='bbox 998 4567 1099 4632; x_wconf 83' lang='lat' dir='ltr'><strong>Terra</strong></span> <span class='ocrx_word' id='word_1_432' title='bbox 1127 4566 1263 4647; x_wconf 87' lang='lat' dir='ltr'><strong>Sancta,</strong></span> <span class='ocrx_word' id='word_1_433' title='bbox 1300 4566 1473 4631; x_wconf 88' lang='lat' dir='ltr'><strong>devotione</strong></span> <span class='ocrx_word' id='word_1_434' title='bbox 1506 4565 1618 4652; x_wconf 92' lang='lat' dir='ltr'><strong>populi</strong></span> <span class='ocrx_word' id='word_1_435' title='bbox 1649 4563 1826 4630; x_wconf 89' lang='lat' dir='ltr'><strong>Christiani</strong></span> 
     </span>
     <span class='ocr_line' id='line_1_42' title="bbox 174 4669 1828 4758; baseline -0.004 -20"><span class='ocrx_word' id='word_1_436' title='bbox 174 4675 321 4754; x_wconf 90' lang='lat' dir='ltr'><strong>abiecta,</strong></span> <span class='ocrx_word' id='word_1_437' title='bbox 350 4674 383 4738; x_wconf 90' lang='lat' dir='ltr'><strong>in</strong></span> <span class='ocrx_word' id='word_1_438' title='bbox 415 4693 510 4738; x_wconf 89' lang='lat' dir='ltr'><strong>suum</strong></span> <span class='ocrx_word' id='word_1_439' title='bbox 536 4678 571 4736; x_wconf 91' lang='lat' dir='ltr'><strong>et</strong></span> <span class='ocrx_word' id='word_1_440' title='bbox 599 4672 699 4736; x_wconf 90' lang='lat' dir='ltr'><strong>totius</strong></span> <span class='ocrx_word' id='word_1_441' title='bbox 730 4670 989 4737; x_wconf 88' lang='lat' dir='ltr'><strong>Christianitatis</strong></span> <span class='ocrx_word' id='word_1_442' title='bbox 1021 4671 1229 4758; x_wconf 89' lang='lat' dir='ltr'><strong>opprobrium</strong></span> <span class='ocrx_word' id='word_1_443' title='bbox 1259 4677 1438 4735; x_wconf 90' lang='lat' dir='ltr'><strong>retrorsum</strong></span> <span class='ocrx_word' id='word_1_444' title='bbox 1471 4669 1566 4751; x_wconf 87' lang='lat' dir='ltr'><strong>abiit,</strong></span> <span class='ocrx_word' id='word_1_445' title='bbox 1601 4675 1758 4735; x_wconf 88' lang='lat' dir='ltr'><strong>attractus</strong></span> <span class='ocrx_word' id='word_1_446' title='bbox 1794 4673 1828 4731; x_wconf 90' lang='lat' dir='ltr'><strong>et</strong></span> 
     </span>
     <span class='ocr_line' id='line_1_43' title="bbox 174 4771 1827 4861; baseline -0.004 -20"><span class='ocrx_word' id='word_1_447' title='bbox 174 4778 305 4842; x_wconf 88' lang='lat' dir='ltr'><strong>illectus</strong></span> <span class='ocrx_word' id='word_1_448' title='bbox 320 4775 363 4841; x_wconf 90' lang='lat' dir='ltr'><strong>ad</strong></span> <span class='ocrx_word' id='word_1_449' title='bbox 378 4781 554 4843; x_wconf 87' lang='lat' dir='ltr'><strong>consuetas</strong></span> <span class='ocrx_word' id='word_1_450' title='bbox 572 4774 708 4840; x_wconf 89' lang='lat' dir='ltr'><strong>delicias</strong></span> <span class='ocrx_word' id='word_1_451' title='bbox 731 4776 824 4861; x_wconf 91' lang='lat' dir='ltr'><strong>regni</strong></span> <span class='ocrx_word' id='word_1_452' title='bbox 843 4776 903 4856; x_wconf 92' lang='lat' dir='ltr'><strong>sui,</strong></span> <span class='ocrx_word' id='word_1_453' title='bbox 926 4774 1144 4840; x_wconf 90' lang='lat' dir='ltr'><strong>abiectionem</strong></span> <span class='ocrx_word' id='word_1_454' title='bbox 1168 4772 1294 4838; x_wconf 78' lang='lat' dir='ltr'><strong>cordisc</strong></span> <span class='ocrx_word' id='word_1_455' title='bbox 1316 4773 1367 4837; x_wconf 93' lang='lat' dir='ltr'><strong>sui</strong></span> <span class='ocrx_word' id='word_1_456' title='bbox 1384 4772 1508 4838; x_wconf 89' lang='lat' dir='ltr'><strong>frivolis</strong></span> <span class='ocrx_word' id='word_1_457' title='bbox 1524 4771 1792 4837; x_wconf 83' lang='lat' dir='ltr'><strong>excusationibus</strong></span> <span class='ocrx_word' id='word_1_458' title='bbox 1804 4771 1827 4852; x_wconf 81' lang='lat'><strong>⁸,</strong></span> 
     </span>
     <span class='ocr_line' id='line_1_44' title="bbox 174 4879 702 4964; baseline -0.008 -18"><span class='ocrx_word' id='word_1_459' title='bbox 174 4888 212 4946; x_wconf 88' lang='lat' dir='ltr'><strong>ut</strong></span> <span class='ocrx_word' id='word_1_460' title='bbox 234 4880 361 4962; x_wconf 90' lang='lat' dir='ltr'><strong>dicitur,</strong></span> <span class='ocrx_word' id='word_1_461' title='bbox 386 4880 532 4964; x_wconf 89' lang='lat' dir='ltr'><strong>gestiens</strong></span> <span class='ocrx_word' id='word_1_462' title='bbox 555 4879 702 4964; x_wconf 89' lang='lat' dir='ltr'><strong>palliare.</strong></span> 
     </span>
    </p>

    <p class='ocr_par' dir='ltr' id='par_1_6' title="bbox 177 4975 1828 5174">
     <span class='ocr_line' id='line_1_45' title="bbox 282 4975 1825 5065; baseline -0.005 -19"><span class='ocrx_word' id='word_1_463' title='bbox 282 4981 454 5048; x_wconf 87' lang='lat' dir='ltr'><strong>Attendite</strong></span> <span class='ocrx_word' id='word_1_464' title='bbox 478 4988 512 5048; x_wconf 91' lang='lat' dir='ltr'><strong>et</strong></span> <span class='ocrx_word' id='word_1_465' title='bbox 534 4981 660 5062; x_wconf 88' lang='lat' dir='ltr'><strong>videte,</strong></span> <span class='ocrx_word' id='word_1_466' title='bbox 692 4982 720 5046; x_wconf 92' lang='lat' dir='ltr'><strong>si</strong></span> <span class='ocrx_word' id='word_1_467' title='bbox 744 4987 796 5047; x_wconf 88' lang='lat' dir='ltr'><strong>est</strong></span> <span class='ocrx_word' id='word_1_468' title='bbox 817 4981 911 5047; x_wconf 90' lang='lat' dir='ltr'><strong>dolor</strong></span> <span class='ocrx_word' id='word_1_469' title='bbox 933 4981 1019 5046; x_wconf 90' lang='lat' dir='ltr'><strong>sieut</strong></span> <span class='ocrx_word' id='word_1_470' title='bbox 1040 4980 1133 5044; x_wconf 92' lang='lat' dir='ltr'><strong>dolor</strong></span> <span class='ocrx_word' id='word_1_471' title='bbox 1155 4979 1336 5065; x_wconf 88' lang='lat' dir='ltr'><strong>apostolice</strong></span> <span class='ocrx_word' id='word_1_472' title='bbox 1361 4976 1469 5057; x_wconf 92' lang='lat' dir='ltr'><strong>sedis,</strong></span> <span class='ocrx_word' id='word_1_473' title='bbox 1491 4977 1604 5041; x_wconf 89' lang='lat' dir='ltr'><strong>matris</strong></span> <span class='ocrx_word' id='word_1_474' title='bbox 1628 4982 1754 5056; x_wconf 88' lang='lat' dir='ltr'><strong>vestra,</strong></span> <span class='ocrx_word' id='word_1_475' title='bbox 1778 4975 1825 5039; x_wconf 89' lang='lat' dir='ltr'><strong>sic</strong></span> 
     </span>
     <span class='ocr_line' id='line_1_46' title="bbox 177 5077 1828 5174; baseline -0.008 -22"><span class='ocrx_word' id='word_1_476' title='bbox 177 5087 352 5153; x_wconf 90' lang='lat' dir='ltr'><strong>crudeliter</strong></span> <span class='ocrx_word' id='word_1_477' title='bbox 375 5093 410 5152; x_wconf 93' lang='lat' dir='ltr'><strong>et</strong></span> <span class='ocrx_word' id='word_1_478' title='bbox 430 5088 530 5152; x_wconf 89' lang='lat' dir='ltr'><strong>toties</strong></span> <span class='ocrx_word' id='word_1_479' title='bbox 553 5086 690 5174; x_wconf 89' lang='lat' dir='ltr'><strong>decepte</strong></span> <span class='ocrx_word' id='word_1_480' title='bbox 713 5107 734 5150; x_wconf 98' lang='lat' dir='ltr'><strong>a</strong></span> <span class='ocrx_word' id='word_1_481' title='bbox 755 5086 834 5166; x_wconf 87' lang='lat' dir='ltr'><strong>filio,</strong></span> <span class='ocrx_word' id='word_1_482' title='bbox 858 5087 890 5150; x_wconf 90' lang='lat' dir='ltr'><strong>in</strong></span> <span class='ocrx_word' id='word_1_483' title='bbox 914 5107 977 5171; x_wconf 94' lang='lat' dir='ltr'><strong>quo</strong></span> <span class='ocrx_word' id='word_1_484' title='bbox 1001 5086 1166 5150; x_wconf 90' lang='lat' dir='ltr'><strong>locaverat</strong></span> <span class='ocrx_word' id='word_1_485' title='bbox 1188 5083 1222 5145; x_wconf 91' lang='lat' dir='ltr'><strong>in</strong></span> <span class='ocrx_word' id='word_1_486' title='bbox 1245 5082 1307 5146; x_wconf 90' lang='lat' dir='ltr'><strong>hoc</strong></span> <span class='ocrx_word' id='word_1_487' title='bbox 1330 5082 1416 5146; x_wconf 89' lang='lat' dir='ltr'><strong>facto</strong></span> <span class='ocrx_word' id='word_1_488' title='bbox 1432 5079 1584 5144; x_wconf 90' lang='lat' dir='ltr'><strong>fiduciam</strong></span> <span class='ocrx_word' id='word_1_489' title='bbox 1608 5079 1679 5165; x_wconf 89' lang='lat' dir='ltr'><strong>spei</strong></span> <span class='ocrx_word' id='word_1_490' title='bbox 1702 5098 1771 5158; x_wconf 90' lang='lat' dir='ltr'><strong>sue,</strong></span> <span class='ocrx_word' id='word_1_491' title='bbox 1794 5077 1828 5139; x_wconf 88' lang='lat' dir='ltr'><strong>in</strong></span> 
     </span>
    </p>
   </div>
   <div class='ocr_carea' id='block_1_5' title="bbox 281 5341 1326 5415">
    <p class='ocr_par' dir='ltr' id='par_1_7' title="bbox 281 5341 1326 5415">
     <span class='ocr_line' id='line_1_47' title="bbox 281 5341 1326 5415; baseline -0.018 -6"><span class='ocrx_word' id='word_1_492' title='bbox 281 5347 304 5413; x_wconf 80' lang='lat'><strong>⁸)</strong></span> <span class='ocrx_word' id='word_1_493' title='bbox 323 5348 531 5415; x_wconf 66' lang='lat' dir='ltr'><strong>Pfflbylflwrum</strong></span> <span class='ocrx_word' id='word_1_494' title='bbox 548 5345 632 5414; x_wconf 67' lang='lat' dir='ltr'><strong>Roya-</strong></span> <span class='ocrx_word' id='word_1_495' title='bbox 729 5344 753 5412; x_wconf 81' lang='grc'><strong>1’)</strong></span> <span class='ocrx_word' id='word_1_496' title='bbox 772 5355 798 5398; x_wconf 85' lang='lat' dir='ltr'><strong>et</strong></span> <span class='ocrx_word' id='word_1_497' title='bbox 815 5347 881 5398; x_wconf 89' lang='lat' dir='ltr'><strong>idem</strong></span> <span class='ocrx_word' id='word_1_498' title='bbox 900 5347 985 5414; x_wconf 70' lang='lat' dir='ltr'><strong>Rapa.</strong></span> <span class='ocrx_word' id='word_1_499' title='bbox 1070 5341 1092 5410; x_wconf 81' lang='lat'><strong>⁸)</strong></span> <span class='ocrx_word' id='word_1_500' title='bbox 1110 5343 1224 5410; x_wconf 86' lang='lat' dir='ltr'><strong>corporis</strong></span> <span class='ocrx_word' id='word_1_501' title='bbox 1242 5341 1326 5408; x_wconf 74' lang='lat' dir='ltr'><strong>Rapo.</strong></span> 
     </span>
    </p>
   </div>
   <div class='ocr_carea' id='block_1_6' title="bbox 176 5469 1828 5726">
    <p class='ocr_par' dir='ltr' id='par_1_8' title="bbox 176 5469 1828 5726">
     <span class='ocr_line' id='line_1_48' title="bbox 280 5469 1828 5552; baseline -0.01 -15"><span class='ocrx_word' id='word_1_502' title='bbox 280 5485 306 5550; x_wconf 83' lang='lat' dir='ltr'><strong>l)</strong></span> <span class='ocrx_word' id='word_1_503' title='bbox 323 5483 415 5538; x_wconf 73' lang='lat' dir='ltr'><strong>minua</strong></span> <span class='ocrx_word' id='word_1_504' title='bbox 427 5486 505 5547; x_wconf 85' lang='lat' dir='ltr'><strong>recte,</strong></span> <span class='ocrx_word' id='word_1_505' title='bbox 524 5482 604 5536; x_wconf 82' lang='lat' dir='ltr'><strong>imaro</strong></span> <span class='ocrx_word' id='word_1_506' title='bbox 619 5483 761 5552; x_wconf 73' lang='lat' dir='ltr'><strong>Pelagium</strong></span> <span class='ocrx_word' id='word_1_507' title='bbox 773 5487 799 5537; x_wconf 83' lang='lat' dir='ltr'><strong>et</strong></span> <span class='ocrx_word' id='word_1_508' title='bbox 812 5481 945 5549; x_wconf 77' lang='lat' dir='ltr'><strong>Gaulum,-</strong></span> <span class='ocrx_word' id='word_1_509' title='bbox 963 5482 999 5551; x_wconf 76' lang='lat' dir='ltr'><strong>cs.</strong></span> <span class='ocrx_word' id='word_1_510' title='bbox 1011 5497 1039 5536; x_wconf 84' lang='lat' dir='ltr'><strong>n.</strong></span> <span class='ocrx_word' id='word_1_511' title='bbox 1051 5483 1116 5534; x_wconf 79' lang='lat'><em>276.</em></span> <span class='ocrx_word' id='word_1_512' title='bbox 1150 5478 1177 5546; x_wconf 75' lang='lat'><strong>2)</strong></span> <span class='ocrx_word' id='word_1_513' title='bbox 1196 5481 1275 5540; x_wconf 72' lang='lat'><strong>1225,</strong></span> <span class='ocrx_word' id='word_1_514' title='bbox 1293 5473 1415 5541; x_wconf 80' lang='lat' dir='ltr'><strong>1u1.25;</strong></span> <span class='ocrx_word' id='word_1_515' title='bbox 1433 5473 1586 5542; x_wconf 60' lang='lat' dir='ltr'><strong>etlam.</strong></span> <span class='ocrx_word' id='word_1_516' title='bbox 1615 5471 1644 5541; x_wconf 80' lang='lat'><strong>3)</strong></span> <span class='ocrx_word' id='word_1_517' title='bbox 1662 5469 1828 5525; x_wconf 76' lang='lat' dir='ltr'><strong>Lsulowicas</strong></span> 
     </span>
     <span class='ocr_line' id='line_1_49' title="bbox 176 5556 1826 5639; baseline -0.009 -15"><span class='ocrx_word' id='word_1_518' title='bbox 176 5571 350 5639; x_wconf 69' lang='lat' dir='ltr'><strong>lardpraofas</strong></span> <span class='ocrx_word' id='word_1_519' title='bbox 373 5569 552 5638; x_wconf 72' lang='lat' dir='ltr'><strong>Thurbrpiae,</strong></span> <span class='ocrx_word' id='word_1_520' title='bbox 570 5575 695 5624; x_wconf 76' lang='lat' dir='ltr'><strong>martana</strong></span> <span class='ocrx_word' id='word_1_521' title='bbox 713 5568 787 5638; x_wconf 84' lang='lat' dir='ltr'><strong>Sept.</strong></span> <span class='ocrx_word' id='word_1_522' title='bbox 806 5575 846 5623; x_wconf 89' lang='lat'><strong>11.</strong></span> <span class='ocrx_word' id='word_1_523' title='bbox 915 5569 943 5638; x_wconf 81' lang='lat'><strong>4)</strong></span> <span class='ocrx_word' id='word_1_524' title='bbox 963 5565 1135 5637; x_wconf 71' lang='lat' dir='ltr'><strong>sigefridus.</strong></span> <span class='ocrx_word' id='word_1_525' title='bbox 1203 5564 1231 5630; x_wconf 80' lang='lat'><strong>5)</strong></span> <span class='ocrx_word' id='word_1_526' title='bbox 1251 5564 1325 5631; x_wconf 73' lang='lat' dir='ltr'><strong>Sept.</strong></span> <span class='ocrx_word' id='word_1_527' title='bbox 1346 5564 1372 5614; x_wconf 83' lang='grc'><strong>8.</strong></span> <span class='ocrx_word' id='word_1_528' title='bbox 1443 5563 1470 5628; x_wconf 80' lang='lat' dir='ltr'><strong>c)</strong></span> <span class='ocrx_word' id='word_1_529' title='bbox 1489 5560 1521 5612; x_wconf 79' lang='lat' dir='ltr'><strong>dc</strong></span> <span class='ocrx_word' id='word_1_530' title='bbox 1538 5556 1633 5612; x_wconf 86' lang='lat' dir='ltr'><strong>morbo</strong></span> <span class='ocrx_word' id='word_1_531' title='bbox 1650 5556 1826 5627; x_wconf 79' lang='lat' dir='ltr'><strong>imperatoria</strong></span> 
     </span>
     <span class='ocr_line' id='line_1_50' title="bbox 176 5655 830 5726; baseline -0.002 -16"><span class='ocrx_word' id='word_1_532' title='bbox 176 5659 213 5726; x_wconf 81' lang='lat' dir='ltr'><strong>cs.</strong></span> <span class='ocrx_word' id='word_1_533' title='bbox 239 5656 427 5710; x_wconf 79' lang='lat' dir='ltr'><strong>ll&#39;inkelmmm</strong></span> <span class='ocrx_word' id='word_1_534' title='bbox 447 5655 543 5710; x_wconf 83' lang='lat' dir='ltr'><strong>Fried.</strong></span> <span class='ocrx_word' id='word_1_535' title='bbox 561 5655 605 5718; x_wconf 87' lang='lat'><strong>11,</strong></span> <span class='ocrx_word' id='word_1_536' title='bbox 621 5672 651 5724; x_wconf 88' lang='lat' dir='ltr'><strong>p.</strong></span> <span class='ocrx_word' id='word_1_537' title='bbox 673 5657 830 5709; x_wconf 76' lang='lat' dir='ltr'><strong>sao-336.</strong></span> 
     </span>
    </p>
   </div>
   <div class='ocr_carea' id='block_1_7' title="bbox 1515 5740 1624 5802">
    <p class='ocr_par' dir='ltr' id='par_1_9' title="bbox 1515 5740 1624 5802">
     <span class='ocr_line' id='line_1_51' title="bbox 1515 5740 1624 5802; baseline -0.018 -8"><span class='ocrx_word' id='word_1_538' title='bbox 1515 5791 1523 5802; x_wconf 71' lang='grc'><em>,</em></span> <span class='ocrx_word' id='word_1_539' title='bbox 1548 5740 1624 5794; x_wconf 60' lang='lat'><strong>336*</strong></span> 
     </span>
    </p>
   </div>
   <div class='ocr_carea' id='block_1_8' title="bbox 0 0 2271 6404">
    <p class='ocr_par' dir='ltr' id='par_1_10' title="bbox 0 0 2271 6404">
     <span class='ocr_line' id='line_1_52' title="bbox 0 0 2271 6404; baseline 0 0"><span class='ocrx_word' id='word_1_540' title='bbox 0 0 2271 6404; x_wconf 95' lang='lat' dir='ltr'><strong> </strong></span> 
     </span>
    </p>
   </div>
  </div>
 </body>
</html>
