4590 6366
985 317 1032 378 EX
1051 313 1227 377 sanemur
1245 315 1286 374 IX
1303 310 1486 372 armanno

574 539 805 618 Universis
832 537 1044 614 fidelibus
1071 532 1243 608 nostris
1268 551 1346 623 per
1373 525 1597 604 Sabiniam
1624 517 1899 599 constitutis.

517 693 600 758 Oum
632 699 702 756 tota
734 697 823 756 terra
852 688 987 754 Sabinis
1021 687 1100 751 iuris
1136 691 1170 749 et
1203 681 1413 772 proprietatis
1443 679 1534 744 beati
1563 677 1654 742 Petri
1686 677 1823 756 existat,
1854 675 1896 740 de
1928 674 2080 739 fratrum.

409 807 596 864 nostrorum
620 796 757 861 oonsilio
780 794 927 880 presenti
952 790 1187 876 constitutione
1211 787 1391 864 sancimus,
1422 790 1458 846 ut
1480 783 1514 846 in
1539 803 1578 846 ea
1601 781 1726 844 nullum
1752 787 1895 844 castrum
1921 777 2073 842 edificari

287 937 294 952 ·
410 903 464 968 vel
487 901 670 966 reedificari
693 899 733 964 de
757 905 866 962 cetero
890 897 999 960 valeat
1021 895 1146 978 absque
1170 889 1258 956 sedis
1280 888 1461 975 apostoliae
1485 885 1618 950 licentia
1641 882 1793 968 speciali,
1826 882 1887 948 sub
1911 881 2068 946 intermi-

411 1006 543 1069 natione
566 1003 783 1067 anathematis
807 1008 840 1065 et
869 1022 955 1086 pena
985 999 1075 1062 mille
1105 997 1262 1060 librarum
1286 991 1515 1057 edificantibus
1538 1010 1576 1053 ac
1599 988 1716 1073 viginti
1739 986 1876 1070 singulis
1900 984 2067 1070 operariis

413 1107 592 1171 districtius
617 1106 824 1184 inhibentes,
854 1125 895 1168 ne
919 1105 992 1188 quis
1016 1108 1131 1165 contra
1154 1104 1278 1163 statuta
1299 1089 1488 1160 huiusmodi
1510 1093 1622 1157 venire
1646 1097 1824 1178 presumat.
1868 1088 1961 1152 Nulli
1987 1108 2070 1172 ergo

412 1217 524 1276 nostre
547 1209 791 1274 constitutionis
815 1213 849 1271 et
871 1205 1078 1270 inhibitionis
1102 1210 1164 1267 etc.
1211 1201 1247 1265 si
1270 1200 1342 1286 quis
1368 1205 1478 1262 autem
1502 1203 1564 1260 etc.

520 1328 595 1394 Dat.
619 1335 656 1394 ut
679 1349 786 1415 supra.

1039 1459 1450 1473 -—,-—...—-...-

1193 1722 1280 1796 634.

529 1842 702 1960 Quattuor
717 1866 862 1948 epistolae
877 1864 914 1930 de
928 1864 1049 1946 foedere
1065 1865 1148 1929 inter
1163 1863 1332 1928 Alutinum
1343 1861 1506 1926 soldanum
1520 1858 1624 1924 Iconii
1639 1863 1668 1923 et
1681 1859 1867 1942 Greporium
1879 1856 1938 1922 IX
1953 1878 2076 1939 papam

417 1972 573 2038 ineundo:
595 1974 631 2050 1)
653 1969 813 2036 Soldanus
834 1970 942 2034 scribit
959 1990 1072 2050 papae,
1093 1987 1124 2032 se
1146 1967 1190 2032 ad
1211 1987 1279 2033 eum
1294 1965 1468 2030 Iohannem
1489 1964 1527 2029 de
1553 1963 1664 2030 Gabra
1684 1962 1836 2027 hominem
1854 1961 2076 2029 Christianum

418 2079 546 2154 mittere,
569 2075 620 2140 cui
641 2074 677 2138 in
700 2073 850 2150 omnibus,
874 2072 1027 2154 quidquid
1049 2073 1167 2137 locutus
1184 2070 1299 2156 fuerit,
1319 2069 1432 2134 eredat.
1470 2071 1565 2145 1234,
1586 2067 1671 2130 Mai.
1715 2065 2001 2151 milidunenses
2025 2064 2078 2128 Io-

419 2180 537 2244 hannis
558 2179 595 2242 de
612 2177 731 2255 Gabra,
754 2177 809 2256 qui
831 2176 914 2240 inter
934 2176 1001 2240 ulia
1022 2175 1169 2254 declarat,
1192 2175 1351 2237 doctinam
1372 2191 1464 2236 sunm
1481 2176 1633 2252 paratum
1654 2189 1718 2235 esse
1737 2169 1934 2235 Christianos
1956 2169 2078 2245 inuare,

420 2287 456 2347 ul
483 2281 657 2346 Ierusalem
686 2284 715 2343 et
744 2297 848 2342 omnes
882 2283 983 2342 terras
1010 2281 1206 2358 recuperent,
1237 2295 1316 2359 quas
1344 2280 1476 2355 tempore
1504 2273 1655 2340 Suladini
1685 2273 1859 2336 herbuemnt.
1915 2276 1951 2352 3)
1982 2271 2080 2351 Papa

420 2385 551 2450 soldano
571 2388 679 2446 notum
697 2380 792 2465 facit,
822 2401 853 2444 so
876 2380 1050 2446 Iohannem
1072 2381 1109 2445 dc
1134 2381 1245 2446 Gabra
1268 2380 1417 2444 nuntium
1440 2379 1507 2441 eires
1538 2381 1567 2440 et
1589 2378 1712 2441 litteras
1733 2376 1887 2439 laetanter
1908 2376 2078 2454 recepisse·

422 2489 480 2552 cito
501 2485 630 2550 nuntios
652 2504 683 2548 se
705 2483 897 2548 directurum
926 2503 1003 2561 esse,
1033 2485 1088 2564 qui
1103 2484 1234 2564 plenius
1254 2482 1471 2563 respondeant.
1516 2481 1615 2558 1235,
1638 2479 1739 2543 Mart.
1761 2481 1815 2546 20.
1860 2480 1896 2560 4)
1919 2477 2010 2541 ldern
2032 2477 2079 2542 ud

422 2589 551 2654 eundem
573 2587 697 2665 scribit,
719 2607 752 2651 se
771 2586 945 2652 Iohannem
966 2588 1003 2651 de
1028 2587 1139 2653 Gabra
1160 2587 1204 2650 ad
1221 2586 1422 2651 Fridericum
1442 2585 1658 2648 Ronmnorum
1677 2583 1894 2662 imperatorem
1913 2582 2081 2660 remittere,

423 2693 479 2774 qui
500 2693 529 2755 ei
550 2688 672 2773 repredi
693 2689 831 2769 cupienti
852 2689 888 2754 de
910 2689 1013 2753 reditu
1035 2689 1174 2754 moenum
1190 2687 1364 2768 provideat.
1409 2687 1503 2764 1235,
1525 2686 1627 2753 Mart.
1650 2687 1703 2750 20.

530 2806 610 2876 Grep.
624 2807 674 2860 IX
689 2806 760 2877 Rep.
779 2807 842 2862 Lib.
858 2808 946 2874 VIII,
963 2813 1027 2875 443,
1044 2813 1108 2874 477,
1126 2811 1208 2874 479³,
1225 2811 1290 2862 478.
1303 2839 1338 2849 -
1351 2807 1406 2876 Ep.
1426 2808 1450 2873 Ι,
1470 2809 1507 2859 ΙΙ
1522 2812 1547 2860 et
1566 2807 1621 2858 ΙΙΙ
1635 2804 1739 2858 edimus
1757 2819 1791 2856 ea
1809 2803 1901 2874 Bapn.
1921 2803 1994 2857 Anu.
2015 2805 2081 2858 eccl.

427 2915 452 2950 a.
472 2899 552 2963 1235,
571 2898 587 2959 a
606 2897 723 2948 sr-so.

531 2980 568 3034 N.
589 2981 643 3031 III
657 2995 701 3048 ap.
720 2979 857 3045 Potthast,
876 2979 945 3048 Rep.
965 2983 1048 3034 9866.

1240 3153 1267 3217 Ι.

882 3281 1063 3369 [Littera
1090 3281 1141 3352 ad
1171 3280 1394 3352 dominum
1422 3269 1625 3369 papam]b

539 3425 775 3492 Sanctissime²
799 3434 833 3492 at
859 3429 986 3514 angelis
1012 3429 1137 3512 equalis
1164 3428 1413 3512 archiepiscope
1436 3445 1553 3509 magne
1576 3423 1682 3489 Rome
1706 3431 1739 3488 et
1761 3445 1878 3510 magne
1901 3447 1989 3512 papa
2013 3448 2087 3491 orn·

431 3529 521 3592 nium
543 3550 603 3615 per
625 3531 737 3596 orbem
757 3537 915 3596 terrarum
932 3531 1204 3624 Christianorum,
1228 3529 1412 3609 Alatinus2,
1436 3549 1573 3611 magnus
1591 3528 1747 3592 soldanus
1763 3527 1866 3592 Iconii
1883 3537 1917 3593 et
1934 3537 2087 3616 potestas

432 3632 576 3696 omnium
592 3641 751 3699 terrarum
773 3656 833 3721 per
849 3636 1009 3699 orientem
1033 3643 1066 3698 et
1083 3634 1372 3720 septentrionalem
1386 3633 1514 3716 plagam
1536 3631 1748 3695 existentium
1772 3639 1805 3694 et
1821 3653 1937 3717 magne
1955 3633 2089 3719 Cappa-

432 3734 536 3816 docis,
560 3759 633 3801 cum
649 3739 764 3804 salute.
810 3738 952 3803 Notitiae
970 3739 1137 3803 sanctitati
1159 3745 1227 3818 tue,
1249 3735 1336 3822 quod
1354 3736 1419 3798 iam
1437 3733 1559 3797 dudum
1573 3734 1800 3820 disposueram
1822 3756 1924 3800 unum
1946 3757 2087 3822 magna—

433 3844 499 3902 tem
523 3840 699 3904 vassallum
731 3862 840 3905 meum
869 3841 911 3904 ad
937 3849 1080 3906 vestram
1109 3843 1239 3906 mittere
1273 3839 1479 3904 sanctitatem
1511 3837 1552 3901 ad
1580 3838 1812 3923 exponendum
1833 3839 1926 3904 vobis
1956 3840 2087 3904 affecti-

435 3963 529 4005 onem
553 3950 708 4025 nostram,
733 3965 829 4029 quam
854 3965 933 4028 erga
950 3953 1091 4009 vestram
1108 3946 1251 4029 gerimus
1274 3943 1490 4023 sanctitatem,
1514 3949 1547 4006 st
1569 3941 1611 4005 ad
1634 3942 1838 4006 tractandum
1861 3943 1947 4008 inter
1970 3943 2088 4008 ambos

434 4045 610 4108 amicitiam
634 4053 667 4110 et
689 4068 804 4132 pacem
828 4053 861 4112 et
884 4046 925 4111 ad
941 4046 1201 4134 disperdendum
1220 4054 1253 4112 et
1270 4045 1505 4110 destruendum
1520 4045 1706 4122 inimicum3
1730 4046 1787 4110 sed
1803 4055 1938 4135 propter
1952 4049 2089 4134 longam

434 4147 521 4211 viam
543 4170 798 4234 guerrarumque
821 4150 1025 4233 discrimina,
1057 4159 1091 4216 et
1114 4153 1191 4237 quia
1221 4172 1285 4215 non
1314 4171 1418 4236 pauca
1446 4170 1548 4234 regna
1572 4148 1724 4213 adiacent
1753 4149 1917 4215 intervos
1949 4157 2089 4232 etnos,

435 4272 500 4314 non
522 4252 663 4316 vidimus
687 4275 762 4318 esse
786 4260 892 4318 tutum
915 4255 1057 4339 aliquem
1080 4261 1267 4340 magnatem
1290 4254 1456 4318 hominem
1479 4253 1662 4334 destinare,
1684 4275 1725 4318 ne
1749 4254 1884 4318 amalis
1908 4261 1942 4318 et
1965 4255 2086 4320 invidis

544 4512 566 4577 ¹)
584 4514 621 4563 ita
639 4515 749 4566 correxit
766 4513 882 4566 Perteius
895 4533 946 4581 pro
964 4513 1016 4567 478
1034 4535 1075 4582 ap.
1095 4517 1181 4583 Rapa.
1264 4513 1287 4580 ⁶)
1306 4515 1369 4567 haee
1385 4516 1518 4581 inscriptio
1537 4515 1605 4567 deest
1623 4533 1666 4581 ap.
1685 4515 1770 4582 Rapa

542 4643 568 4711 1)
593 4646 707 4713 With-en,
727 4648 824 4703 Geseh.
843 4647 892 4702 der
910 4649 1029 4706 Kreurr.
1048 4653 1066 4705 l.
1084 4650 1133 4716 VI,
1147 4667 1177 4718 p.
1192 4653 1254 4716 562,
1271 4652 1326 4703 not.
1339 4654 1375 4704 25
1394 4649 1465 4703 haue
1484 4650 1627 4718 epistolam
1645 4655 1715 4703 certe
1733 4649 1859 4719 spuriam
1876 4667 1932 4705 esse
1949 4649 2025 4718 dicit,
2041 4651 2092 4706 sed

438 4729 538 4794 neseio,
557 4746 612 4798 qua
630 4731 663 4786 de
682 4748 769 4788 eausa
788 4752 848 4787 earn
864 4735 894 4788 in
912 4739 993 4790 omia
1006 4738 1104 4805 fictam
1122 4751 1181 4790 esse
1199 4736 1332 4790 dicamus.
1369 4736 1434 4789 Non
1451 4737 1564 4789 multum
1581 4734 1713 4790 soldanus
1731 4738 1819 4803 offert.
1854 4736 1961 4791 Auctor
1978 4737 2090 4805 quidem

447 4813 522 4868 Vitae
541 4813 621 4884 Grep.
635 4817 692 4884 IX,
708 4834 753 4887 ap.
773 4820 923 4889 Muratori,
942 4823 1009 4878 Iter.
1028 4823 1091 4875 Ital.
1110 4821 1158 4875 SS.
1177 4827 1195 4875 t.
1214 4824 1269 4874 ΙΙΙ
1278 4839 1348 4891 pars
1367 4824 1391 4888 I,
1408 4839 1435 4890 p.
1455 4825 1526 4888 580,
1542 4826 1644 4876 narrat
1660 4838 1720 4874 enm
1734 4824 1903 4892 promisisse,
1921 4837 1951 4876 se
1970 4820 2090 4878 Christi·

439 4916 511 4954 anae
535 4901 680 4972 relipionls
701 4905 835 4961 culturam
857 4908 1025 4974 subiturum,
1055 4908 1103 4962 ssd
1123 4925 1211 4976 neque
1233 4909 1264 4961 in
1286 4908 1387 4962 litteris
1411 4909 1471 4962 eius
1491 4924 1578 4976 neque
1600 4907 1631 4960 in
1653 4907 1874 4962 nuntiationibus
1898 4909 2034 4963 Iohannis
2055 4910 2089 4964 de

441 4985 539 5043 Gabra
556 4989 606 5042 hoc
623 4990 730 5058 lepitur.
766 4994 802 5047 Id
819 5011 902 5050 unum
919 4995 1051 5050 soldanus
1067 5000 1158 5063 rapat,
1175 4999 1206 5048 ut
1220 5011 1301 5063 papa
1318 4993 1356 5048 ad
1372 4994 1472 5062 foedus
1491 5009 1551 5048 eum
1571 4992 1738 5048 Christianis
1755 4996 1831 5063 repat
1844 4995 2094 5066 Hierosolymitani

440 5075 596 5142 faciendum
610 5085 707 5146 partes
726 5079 889 5151 interponat.
927 5082 1059 5150 Epistola
1077 5081 1150 5134 inter
1165 5081 1237 5134 alias
1254 5081 1356 5135 mensis
1375 5080 1458 5134 Febr.
1476 5081 1506 5132 in
1524 5080 1590 5148 Rep.
1609 5081 1699 5134 relata
1722 5083 1772 5147 est,
1794 5082 1982 5135 nuntiationes
1999 5089 2092 5136 antem

441 5164 577 5217 Iohannis
596 5162 629 5217 de
643 5163 742 5219 Gabra
761 5173 787 5220 et
803 5183 939 5237 responsa
953 5184 1048 5236 papae
1062 5167 1294 5236 postmortem
1312 5184 1346 5220 ea
1364 5182 1418 5236 quo
1435 5165 1579 5234 probabile
1598 5171 1637 5221 est
1650 5185 1756 5238 papam
1775 5169 1915 5238 epistolam
1931 5170 2007 5223 illam
2019 5169 2092 5240 Rep.

441 5248 527 5301 inseri
544 5249 670 5316 iussisse,
687 5268 747 5304 curn
766 5253 834 5320 quid
850 5267 1036 5320 responsurus
1055 5254 1101 5318 sit,
1118 5253 1238 5305 nondum
1256 5251 1338 5306 sciret
1356 5259 1381 5305 et
1399 5252 1545 5305 adventurn
1557 5255 1650 5306 nuntii¹
1668 5261 1834 5323 aspectaret,
1852 5257 1900 5324 qui
1918 5256 1955 5309 ad
1972 5258 2090 5324 impera-

442 5339 525 5387 torem
539 5335 631 5402 primo
650 5334 771 5390 directus
792 5340 933 5408 epistolam
946 5338 1140 5406 praemiserat.
1176 5338 1212 5391 Id
1230 5338 1310 5393 etiarn
1323 5339 1529 5392 animadvertas
1541 5340 1702 5408 scriptorem
1720 5341 1749 5394 in
1767 5341 1862 5408 linpna
1876 5343 1981 5395 Latina
1998 5343 2091 5398 minus
2146 5353 2174 5391 ⁴⁰

440 5424 580 5478 seruatum
601 5420 691 5488 fuisse
713 5423 825 5491 eiusque
847 5424 941 5478 stilum
966 5424 1001 5477 ab
1025 5442 1081 5480 usu
1102 5427 1197 5479 curiae
1222 5426 1393 5494 aliquantum
1417 5425 1538 5491 defferre.
1577 5424 1717 5480 Credimus
1741 5427 1832 5495 ipitur
1849 5428 1991 5496 epistotam
2009 5446 2027 5482 a
2047 5433 2092 5482 Io·

441 5507 538 5646 lrapppl
551 5504 702 5646 deddGabra
726 5510 843 5563 ‘homine
863 5508 1043 5564 Christiano’
1065 5519 1210 5566 ramolam
1227 5518 1252 5566 et
1269 5529 1288 5566 a
1306 5510 1423 5565 soldano
1442 5511 1625 5580 approbatam
1650 5517 1676 5566 et
1699 5511 1850 5583 sipillatam
1874 5529 1940 5568 esse.
2011 5515 2038 5582 2)
2058 5516 2095 5571 Id

443 5609 471 5647 es
539 5608 571 5646 ae
611 5608 647 5646 m.
