4576 6390
448 417 510 482 448
810 461 814 464 .
1025 399 1075 470 ‘nn
1094 416 1268 472 cascomr
1286 417 1324 498 rx
1343 417 1524 472 ascrsvso

449 610 515 654 uno
538 589 700 654 Dominus
725 588 920 674 acquirendo
944 589 1054 674 gladio
1076 591 1296 670 mentionem,
1327 589 1391 654 duo
1414 591 1448 654 in
1471 590 1588 656 eodem
1610 592 1682 655 loco
1706 592 1854 677 protinus
1878 592 1946 656 sint
1970 595 2107 670 ostensi,

294 713 349 756 uuo.
363 718 431 767 aras.
450 692 725 778 respondentibus
748 679 812 756 hiis
835 692 1017 777 quibusda
1041 693 1169 757 mistica
1191 693 1391 758 mercatione
1414 693 1521 758 fuerat
1544 694 1755 778 imperatum:
1786 693 1889 775 ,Ecce
1912 695 2018 780 gladii
2042 696 2106 761 duo

449 796 528 877 hic’,
556 795 679 875 idest,
703 817 768 860 non
791 796 844 860 hic
868 818 952 861 unus
976 803 1010 861 et
1032 797 1115 861 alius
1139 796 1218 860 alibi
1246 803 1336 876 sunt,
1367 804 1418 861 set
1440 797 1493 861 hic
1520 797 1553 860 iu
1579 819 1644 861 uno
1667 799 1757 877 loco,
1787 798 1944 864 videlicet
1968 808 2107 886 propter

294 899 658 985 Luc.1o‚4s.uuumquod
681 906 731 965 est
753 901 995 981 necessarium,
1027 900 1068 964 ad
1094 906 1197 964 totum
1222 900 1404 979 hominem,
1435 901 1490 985 qui
1513 923 1556 965 cx
1578 900 1704 965 duabus
1728 907 1880 966 constans
1905 903 2104 967 substantiis

447 1003 489 1067 ad
511 1002 575 1067 duo
599 1003 731 1068 diversa
752 1003 874 1082 nititur,
899 1002 1138 1088 corrigendum.
1182 1003 1267 1066 Nam
1290 1009 1415 1067 rectum
1437 1002 1529 1067 Deus
1553 1003 1718 1068 hominem
1743 1004 1902 1084 condidit,
1927 1013 1980 1070 set
2005 1007 2103 1070 innu-
2167 1032 2179 1067 s

449 1106 548 1170 meris
571 1106 643 1192 ipse
667 1128 702 1170 se
726 1105 950 1192 questionibus
974 1106 1163 1191 implicavit,
1187 1112 1220 1171 et
1243 1105 1319 1169 dum
1342 1107 1400 1169 uui
1415 1106 1585 1192 perunius
1600 1105 1766 1170 interdicti
1783 1107 1968 1172 custodiam
1985 1131 2106 1195 parere

447 1210 578 1289 voluitr,
602 1230 676 1272 curn
695 1209 851 1273 subiectis
866 1208 1015 1272 omnibus
1038 1229 1124 1272 nunc
1148 1208 1229 1293 pari,
1251 1228 1337 1272 nunc
1360 1207 1487 1294 impari,
1512 1209 1672 1294 superiori
1687 1211 1802 1292 rarius,
1827 1212 1938 1297 sepius
1956 1212 2106 1277 infcriori

447 1324 551 1378 marte
575 1312 753 1392 contendit,
778 1319 829 1377 set
852 1313 880 1376 si
896 1312 937 1376 ad
960 1312 1124 1377 hominem
1141 1311 1250 1376 Deum
1267 1312 1320 1376 vel
1344 1332 1418 1376 sero
1443 1313 1653 1393 convertitur,
1676 1335 1735 1399 per
1759 1335 1843 1394 eum,
1866 1315 1921 1399 qui
1945 1315 2105 1380 mundum

447 1415 541 1496 vicit,
565 1417 709 1480 omnium
732 1415 926 1480 dominatur.
972 1415 1154 1501 Propterea
1177 1436 1254 1480 vera
1276 1416 1335 1479 lux
1358 1435 1419 1498 quc
1443 1422 1514 1480 erat
1536 1417 1702 1501 apparuit,
1725 1423 1762 1480 ut
1784 1438 1914 1482 omnem
1937 1419 2105 1484 illuminet

446 1519 612 1584 hominem
634 1520 853 1583 voluntarium
877 1526 910 1584 et
931 1519 1099 1584 humiliter
1121 1519 1339 1605 penitentem,
1373 1525 1406 1582 et
1435 1519 1509 1604 plus
1539 1519 1572 1583 in
1600 1517 1753 1584 divitiasb
1776 1541 1834 1584 sue
1863 1541 1926 1605 qne
1951 1519 2027 1605 ipsa
2050 1529 2103 1586 est
2156 1545 2180 1582 ro

446 1621 602 1686 bonitatis
625 1621 835 1703 habundans,
865 1643 938 1685 cum
972 1623 1115 1686 nesciret
1137 1622 1234 1685 homo
1258 1620 1335 1705 quid
1358 1628 1502 1707 peteret,
1534 1623 1623 1687 misit
1646 1624 1796 1708 spiritum
1820 1631 1970 1688 sanctum
1994 1647 2103 1706 suum,

448 1726 503 1810 qui
530 1746 589 1811 pro
619 1726 795 1810 gemitibus
825 1725 1099 1790 inenarrabilibus
1127 1726 1328 1810 imploraret.
1381 1724 1456 1788 Hoc
1484 1724 1603 1789 edocta
1629 1727 1790 1791 catholica
1815 1733 1921 1791 mater
1956 1729 2103 1792 ecclesia

448 1829 550 1912 gestit
571 1828 695 1909 adhuc,
730 1835 766 1892 ut
793 1830 899 1915 pariat
928 1829 963 1892 in
992 1828 1123 1893 deserto
1146 1829 1319 1912 gentilium
1348 1829 1418 1892 sola
1441 1834 1636 1914 conceptum
1662 1829 1768 1913 gratia
1798 1829 1930 1915 pietatis
1954 1831 2101 1896 maxime

274 1956 358 2000 arsa.
374 1961 428 2009 gre.
448 1937 696 2012 sacramentum,
719 1932 804 2016 quod
822 1933 1064 1998 manifestatum
1084 1954 1192 2009 carne,
1217 1932 1429 1996 iustificatum
1450 1933 1576 2017 spiritu,
1600 1953 1762 2018 apparens
1781 1931 1919 2016 augelis,
1943 1933 2101 2018 gentibus

445 2034 663 2119 predicatum,
696 2035 817 2099 mundo
841 2035 1016 2116 creditum,
1044 2036 1079 2099 in
1107 2036 1212 2120 gloria
1240 2042 1292 2100 est
1322 2042 1535 2120 assumptum.
1588 2035 1628 2098 In
1652 2036 1722 2100 celo
1747 2034 1811 2098 iam
1836 2035 1944 2116 sedet,
1976 2038 2034 2121 qui
2057 2037 2099 2102 de

446 2139 658 2202 conversione
681 2159 742 2202 nos
766 2145 946 2218 ammonet,
978 2139 1070 2203 cuius
1099 2146 1254 2222 gerentes
1281 2139 1315 2202 in
1343 2138 1439 2203 terris
1463 2138 1571 2202 vicem
1598 2139 1677 2202 licet
1699 2138 1867 2218 immeriti,
1896 2160 1971 2203 cum
1994 2141 2100 2204 simus

294 2265 357 2307 nom.
373 2271 425 2318 arr.
446 2242 649 2332 sapientibus
674 2248 707 2306 et
729 2241 963 2328 insipientibus
987 2240 1166 2322 debitores,
1191 2241 1277 2306 sicut
1299 2242 1365 2306 iam
1387 2239 1513 2327 pridem
1536 2240 1599 2321 eis,
1624 2240 1679 2325 qui
1694 2246 1762 2304 tam
1779 2240 1934 2305 distantia
1950 2242 2101 2306 cordium

445 2365 542 2429 quam
574 2345 719 2409 locorum
751 2345 849 2429 louge
879 2351 970 2425 sunt,
1005 2365 1121 2430 pacem
1149 2343 1375 2428 evangelizare
1406 2343 1606 2422 curavimus,
1638 2344 1685 2407 sic
1716 2351 1749 2408 et
1784 2343 1863 2424 hiis,
1899 2345 1955 2428 qui
1983 2366 2100 2432 prope,

442 2447 580 2511 verbum
603 2447 751 2527 Domini,
775 2447 861 2532 quod
884 2468 949 2511 non
973 2454 1024 2512 est
1047 2447 1254 2533 aliquatenus
1277 2446 1463 2532 alligatum,
1488 2447 1681 2512 subtrahere
1703 2468 1769 2511 nou
1793 2447 1961 2513 debemus.
2007 2449 2100 2522 Quo-

443 2551 530 2615 circa
553 2550 594 2616 de
617 2552 796 2616 serenitate
812 2558 869 2615 tua
886 2552 920 2615 in
937 2551 998 2615 hac
1015 2557 1108 2637 parte
1123 2551 1330 2637 potissimum
1352 2551 1564 2630 confidentes,
1588 2551 1792 2636 imperialem
1810 2551 2098 2617 mansuetudinem
2151 2583 2175 2621 so

444 2654 622 2740 rogandam
645 2654 798 2718 duximus
816 2661 849 2718 et
865 2653 1067 2735 hortandam,
1092 2654 1244 2738 quatinus
1260 2653 1459 2733 sarracenis,
1483 2654 1539 2739 qui
1556 2653 1740 2739 Capitinate
1756 2654 1929 2720 Luceriam
1950 2656 2101 2719 incolunt

444 2765 478 2822 et
499 2758 651 2822 Italicum
674 2757 806 2843 ydioma
827 2778 892 2821 non
915 2756 1123 2822 mediocriter
1145 2763 1182 2821 ut
1205 2758 1309 2822 fertur
1331 2757 1529 2842 intelligunt,
1552 2780 1611 2842 per
1631 2764 1703 2822 tuas
1723 2758 1849 2821 litteras
1866 2758 2003 2822 firmiter
2019 2758 2098 2823 dare

445 2861 568 2926 debeas
590 2862 626 2925 in
648 2859 826 2941 mandatis,
849 2866 886 2925 ut
908 2859 1027 2925 iratres
1051 2859 1174 2925 ordinis
1197 2860 1456 2940 Predicatorum,
1482 2861 1572 2947 pacis
1595 2862 1745 2946 angelos,
1769 2883 1850 2946 quos
1872 2861 1914 2925 ad
1938 2883 1996 2926 eos
2022 2884 2098 2926 cum

444 2965 681 3030 exhortationis
704 2964 805 3030 verbo
828 2963 1009 3048 dirigimus,
1033 2964 1066 3027 in
1088 2985 1170 3050 pace
1194 2964 1391 3049 suscipiant,
1414 2965 1580 3050 patienter
1603 2963 1736 3029 audiant
1759 2971 1792 3030 et
1815 2965 1995 3051 prudenter
2019 2966 2098 3048 hiis,

444 3089 507 3153 que
530 3089 589 3153 pro
613 3090 673 3133 sua
696 3069 800 3133 salute
824 3074 1060 3154 proponuntur,
1082 3067 1264 3132 intendant.
1312 3068 1347 3132 si
1369 3069 1454 3133 forte
1477 3074 1573 3154 pater
1594 3069 1753 3132 luminum
1770 3076 1881 3133 nostre
1897 3069 2098 3134 misereatur

289 3170 608 3257 1.10n.1‚c.aspiciens
631 3171 823 3236 intentionis
846 3173 1010 3254 affectum,
1033 3173 1166 3257 populo,
1189 3172 1245 3256 qui
1268 3172 1301 3234 in
1324 3172 1470 3236 tenebris
1485 3173 1639 3250 ambulat,
1662 3192 1774 3236 verum
1797 3172 1908 3236 lumen
1931 3172 2097 3254 ostendat,

445 3280 479 3338 et
502 3275 530 3338 si
552 3274 638 3360 quod
660 3295 680 3338 a
703 3275 797 3338 nobis
827 3275 860 3338 in
889 3275 1119 3340 benedictione
1150 3275 1368 3360 plantabitur,
1399 3275 1546 3360 potentie
1573 3281 1628 3338 tue
1657 3274 1823 3338 favoribus
1852 3275 2024 3359 irrigetur:
2055 3275 2097 3339 ad

289 3405 308 3442 1.
323 3399 371 3441 cor.
386 3406 406 3452 a,
442 3399 544 3442 uuum
566 3401 609 3443 ex
630 3379 693 3442 hoc
716 3378 887 3443 nobiscum
910 3377 1061 3464 proficias
1086 3379 1238 3441 meritum
1266 3376 1352 3462 apud
1376 3399 1465 3456 eum,
1498 3377 1553 3461 qui
1584 3379 1673 3441 solus
1702 3377 1816 3441 tribuit
1843 3378 2096 3458 incrementum,

318 3457 377 3496 Μ’
441 3483 517 3565 quia
539 3482 594 3567 qui
616 3482 743 3568 plantat
765 3487 799 3546 et
821 3481 877 3566 qui
900 3482 994 3566 rigat,
1016 3501 1116 3544 unum
1141 3486 1218 3543 sunt
1240 3480 1272 3542 in
1291 3481 1385 3544 unius
1405 3479 1596 3543 intentionis
1610 3481 1739 3545 affectu.
1785 3480 1867 3545 Cum
1884 3481 1986 3565 igitur
2009 3482 2098 3566 quod

355 3593 356 3596 ’
439 3587 480 3650 ab
505 3585 752 3671 evangelizante
775 3586 958 3672 plantatur,
982 3584 1038 3648 ille
1062 3584 1147 3668 riget
1169 3584 1317 3670 proprie,
1342 3583 1397 3669 qui
1418 3583 1578 3669 baptizat,
1602 3591 1635 3648 et
1656 3584 1718 3648 hoc
1741 3584 1890 3648 ultimum
1912 3585 1946 3647 in
1969 3586 2095 3649 carnali
2148 3612 2173 3649 so

438 3690 543 3755 adhuc
567 3689 775 3754 multitudine
799 3689 984 3753 consumari
1007 3688 1077 3752 sine
1101 3687 1203 3772 gladii
1225 3688 1404 3751 materialis
1426 3686 1613 3752 adiectione
1637 3688 1691 3750 vix
1714 3688 1837 3766 valeat,
1865 3693 1898 3752 te
1920 3709 1981 3773 per
2005 3710 2094 3770 eum,

438 3795 494 3880 qui
515 3795 630 3858 Iouam
653 3793 767 3858 indicti
796 3814 892 3857 casus
923 3793 1031 3856 oneris
1060 3791 1242 3876 lugientem
1269 3811 1330 3876 per
1360 3791 1576 3869 elementum,
1612 3811 1675 3874 quo
1709 3811 1744 3854 se
1775 3790 1911 3876 putabat
1940 3791 2095 3870 evadere,

438 3901 570 3978 terruit,
601 3919 639 3962 ac
661 3898 753 3962 velut
784 3896 950 3981 ergastulo
975 3895 1115 3959 carceris
1138 3896 1185 3958 ita
1206 3895 1307 3980 piscis
1331 3901 1445 3958 ventre
1477 3895 1656 3974 conclusit,
1686 3900 1719 3958 et
1747 3895 1950 3958 innumeram
1980 3897 2094 3959 multi-

437 4000 584 4065 tudinem
600 4000 742 4064 Niuiven
762 3999 949 4063 exterminii
972 3997 1218 4062 denuntiatione
1242 3995 1417 4078 convertit,
1440 3997 1609 4062 hortantes
1632 3997 1836 4082 imperialem
1859 3997 2095 4062 excellentiam

438 4103 664 4188 imploramus,
694 4102 846 4187 quatinus
869 4102 904 4165 in
927 4122 981 4181 ea,
1012 4122 1109 4186 quam
1136 4101 1196 4165 tibi
1227 4122 1286 4164 rex
1313 4121 1429 4184 regum
1453 4106 1485 4164 et
1508 4099 1658 4164 dominus
1681 4099 1917 4165 dominantium
1941 4103 2092 4176 contulit,
2146 4136 2171 4174 ³5

437 4212 603 4292 potestate
631 4205 814 4292 predictum
844 4211 900 4269 tue
936 4203 1070 4268 ditionis
1099 4205 1273 4290 populum,
1312 4211 1426 4290 aperte
1455 4203 1648 4290 perditionis
1680 4225 1790 4270 errore
1821 4203 2014 4289 deceptum,
2050 4205 2092 4268 ad

439 4308 697 4393 regenerationis
722 4315 755 4373 et
777 4307 998 4373 renovationis
1021 4308 1186 4371 lavacrum
1210 4307 1494 4371 exhortationibus
1523 4307 1667 4371 attrahas
1691 4313 1724 4371 et
1750 4314 1875 4371 terrore
1899 4308 2091 4393 compellas,

438 4413 533 4497 quia⁰
555 4420 631 4477 tunc
655 4411 718 4476 erit
740 4433 852 4476 eorum
875 4411 1072 4476 fructuosior
1087 4411 1248 4491 servitus,
1272 4431 1345 4473 cum
1367 4410 1428 4474 tibi
1452 4416 1486 4474 et
1509 4411 1557 4474 eis
1580 4409 1679 4474 fuerit
1700 4410 1792 4475 Deus
1815 4431 1910 4474 unus.

545 4531 622 4596 Dat.
645 4532 806 4618 Anagnis,
829 4531 879 4596 Vl
900 4531 975 4597 Kal.
1000 4531 1090 4618 Sept.
1116 4528 1213 4618 [anno
1236 4529 1348 4618 Vllll.

1060 4777 1395 4784 mm
1399 4776 1471 4783 .-..-.-

1218 5000 1304 5076 554.

542 5114 732 5226 Gregorius
758 5139 814 5207 IX
841 5161 928 5222 papo
956 5137 1160 5225 [Burcordo]
1183 5137 1362 5221 praeposito
1393 5137 1504 5205 Sancti
1533 5137 1644 5204 ‚Blasii
1674 5139 1709 5204 ic
1736 5136 1918 5218 Brunswic,
1952 5160 2023 5205 cum
2054 5141 2091 5206 ia
2144 5166 2171 5204 so

432 5247 696 5326 archiepiscopum
718 5245 1016 5328 Mapdcbarqcosem
1046 5245 1158 5308 electas
1186 5245 1240 5322 stt,
1271 5244 1478 5324 dispensative
1501 5243 1806 5308 odalricistrationcm
1828 5243 1923 5307 basias
1944 5245 2091 5310 ccclesiae

432 5349 576 5414 concedit.
1722 5349 1815 5422 1233,
1839 5345 1922 5426 Sept.
1945 5349 1998 5410 22.

538 5464 1317 5550 mqmmmmmmumasax

538 5712 562 5782 ¹)
581 5731 617 5764 aa
635 5712 734 5764 noluit?
815 5709 838 5776 ¹²)
855 5711 892 5761 ira
910 5710 948 5773 a·
965 5727 1002 5760 aa
1020 5711 1132 5763 divitiis?
1212 5709 1233 5776 ⁰)
1252 5727 1329 5778 quam
1348 5709 1379 5764 a.
1464 5708 1485 5777 α)
1502 5729 1569 5763 auno
1588 5713 1637 5761 VII
1655 5711 1722 5763 daca
1739 5711 1767 5764 ic
1784 5711 1815 5764 Β.
