4448 6420
301 18 362 82 182
890 10 937 68 hx
955 11 1114 68 HONORII
1133 9 1171 64 lll
1191 9 1369 64 REGIS'lau

298 188 376 254 Iesu
398 189 530 254 Christo
554 189 723 254 servitium
747 188 917 254 exhibere.
963 187 1008 251 Ut
1030 193 1139 251 autem
1170 191 1204 248 tu
1235 191 1268 248 at
1299 183 1421 248 subditi
1452 183 1499 246 tui
1527 188 1588 247 etc.
1616 189 1652 246 ut
1680 182 1714 247 iu
1744 199 1810 246 aar·
1835 226 1898 269 *a

300 295 447 374 recitari,
480 295 587 358 sciens
617 293 703 379 quod
731 313 906 379 personam
932 299 1022 356 tuam
1051 292 1178 354 sincera
1206 289 1238 352 in
1261 288 1403 353 Domino
1427 288 1564 350 caritate
1588 286 1768 370 diligimus,
1802 292 1835 350 et
1859 308 1957 372 super

299 396 364 462 fide
393 419 431 461 ac
462 397 637 462 devotione
670 403 726 460 tua
754 396 928 481 plurimum
959 395 992 457 in
1015 393 1157 457 Domino
1187 390 1449 476 congaudemus,
1480 391 1601 475 parati,
1635 391 1668 452 in
1695 391 1954 475 quibuscumque

301 502 483 586 oportuerit
506 507 538 566 et
561 501 723 580 decuerit,
756 499 817 563 tibi
840 499 1021 584 apostolice
1052 497 1141 562 sedis
1169 497 1314 560 savorem
1339 503 1371 560 et
1394 496 1533 578 gratiam
1556 495 1731 579 impertiri,
1765 515 1826 557 uec
1851 495 1954 558 solum

300 605 359 668 tibi
383 610 434 668 set
457 605 557 669 etiam
579 625 637 690 pro
660 609 693 667 tc
717 603 792 681 tuis,
816 602 934 687 quibus
952 601 1103 665 omnibus
1128 607 1160 664 ct
1185 599 1372 684 specialiter
1395 598 1496 662 nobili
1511 599 1581 662 viro
1599 593 1736 684 Slanxe]
1761 599 1876 684 nepoti
1899 605 1955 662 tuo
2004 621 2014 659 a

301 708 394 771 iuxta
417 706 569 772 devotam
591 707 783 792 petitionem
806 713 895 769 tuam
919 704 1185 768 benedictionem
1208 701 1422 789 apostolicam
1446 700 1632 785 elargimur.

409 826 485 893 Dat.
508 835 545 891 ut
568 847 676 913 supra.

1090 1173 1175 1246 255.

415 1287 603 1379 Honorias
627 1314 691 1378 III
707 1335 797 1394 papa
822 1313 1021 1398 F[riderieo]
1048 1312 1261 1376 Romanorum
1290 1313 1474 1393 imperatori
1504 1313 1693 1377 comprendat
1723 1313 1765 1378 R.
1788 1315 1826 1378 de
1851 1314 1957 1380 Ortaa.

304 1417 487 1501 rrroaaeham
509 1418 546 1481 de
568 1438 662 1500 reparo
684 1419 750 1482 cias
772 1416 949 1494 oriaadraa,
972 1436 1061 1496 quera
1082 1417 1269 1480 sarmatario
1293 1415 1486 1480 Palsaueasi
1502 1417 1706 1496 praefecerat.

408 1605 481 1660 rra.
500 1605 558 1658 ιι]
573 1605 640 1676 acy.
667 1605 722 1658 ror.
740 1604 795 1671 rr,
814 1608 883 1664 rea·
902 1605 963 1657 aaa.
989 1603 1072 1668 rur,
1091 1607 1153 1656 aaa.
1210 1625 1211 1628 κ
1600 1521 1694 1602 1224,
1718 1520 1794 1585 lan.
1820 1525 1872 1586 10·
2005 1552 2024 1589 a

398 1799 439 1873 F.
467 1799 771 1872 Romanorum
798 1797 1056 1888 imperatori
1083 1819 1260 1888 semper
1287 1800 1479 1887 augusto
1508 1800 1549 1869 et
1575 1798 1673 1889 regi
1699 1798 1865 1872 Sicilie.

414 1948 496 2013 Cum
520 1946 552 2012 S.
577 1946 738 2031 quondam
768 1946 888 2011 abbate
918 1947 1109 2010 monasterii
1132 1944 1366 2008 Pulsanensisl
1395 1944 1533 2023 cedente
1561 1946 1710 2030 regimini
1739 1947 1889 2028 abbatie,
1921 1951 1958 2015 R.

305 2051 345 2116 de
380 2050 514 2117 Orton.a
544 2049 740 2114 monachum
777 2049 817 2114 de
852 2071 953 2135 regno
987 2056 1042 2113 tuo
1077 2047 1231 2112 videlicet
1262 2048 1449 2124 oriundum,
1483 2050 1586 2112 virum
1620 2051 1731 2136 utique
1765 2051 1959 2132 litteratura,

304 2155 462 2239 religione
497 2175 536 2219 ac
563 2153 737 2240 prudentia
768 2153 1074 2232 commendabilem,
1108 2151 1297 2216 duxerimus
1333 2151 1596 2216 substituendum
1629 2154 1751 2236 eidem,
1787 2165 1957 2243 sperantes
2006 2187 2024 2222 a

304 2258 392 2343 quod
413 2259 647 2322 monasterium
670 2259 776 2343 ipsum
798 2279 857 2344 per
880 2258 952 2322 cius
975 2255 1167 2320 industriam
1191 2262 1224 2320 et
1247 2256 1471 2341 spiritualibus
1496 2264 1529 2321 et
1552 2261 1787 2345 temporalibus
1812 2263 1960 2348 proficiet

304 2363 531 2442 incrementis,
567 2363 778 2426 serenitatem
813 2367 902 2425 tuam
936 2366 1061 2424 attento
1097 2359 1275 2444 rogandam
1311 2360 1464 2424 duximus
1499 2367 1531 2425 et
1562 2362 1772 2444 monendam,
1808 2367 1958 2450 quatinus

304 2467 422 2551 ipsum,
445 2466 501 2550 qni
523 2465 584 2529 tibi
600 2465 707 2530 fidelis
731 2471 782 2528 est
806 2471 838 2528 et
855 2463 1004 2544 devotus,
1028 2463 1153 2528 habens
1169 2465 1366 2550 propensius
1383 2464 1654 2546 commendatum,
1679 2467 1725 2530 sic
1750 2489 1826 2532 eum
1849 2469 1959 2534 favore

305 2569 483 2654 imperialis
519 2569 624 2654 gratie
656 2569 880 2655 prosequaris,
916 2568 1002 2652 quod
1038 2590 1148 2633 curam
1182 2569 1348 2632 commissi
1384 2569 1447 2632 sibi
1481 2569 1648 2652 regiminis
1682 2569 1893 2637 laudabiliter
1928 2581 1959 2638 et

305 2672 431 2736 utiliter
457 2673 566 2737 valeat
596 2693 766 2751 exercere,
801 2678 901 2755 tuque
931 2693 990 2757 per
1017 2673 1162 2737 favorem
1192 2672 1256 2735 sibi
1287 2671 1470 2735 exhibitum
1500 2673 1703 2757 complacere
1728 2674 1852 2739 debeas
1876 2675 1959 2761 Regi
2004 2707 2024 2738 a

305 2795 430 2859 regum.

413 2895 489 2961 Dat.
512 2896 665 2962 Lateran.
688 2893 788 2958 XVII
811 2895 885 2960 Kal.
909 2896 997 2978 Iulii,
1021 2919 1106 2962 anno
1129 2903 1255 2961 octavo.

1093 3364 1179 3438 556.

417 3475 604 3569 Henetus
619 3503 686 3568 ΙΙΙ
690 3525 781 3586 papa
795 3504 978 3589 [Rcrardo]
993 3503 1195 3569 Messaaeasi
1209 3510 1239 3569 ct
1257 3505 1442 3592 [laudeni]
1456 3505 1576 3590 Rapina
1591 3507 1831 3592 archiepiscopis
1846 3515 1959 3592 scribit,

304 3625 335 3669 se
357 3608 543 3686 cessavisse,
577 3609 659 3689 qaod
679 3609 715 3671 iu
738 3608 857 3689 acpotio
878 3607 1063 3692 [Harduiai
1086 3607 1145 3692 Il]
1167 3609 1300 3689 episcopi
1327 3609 1572 3690 Cephaladeasis
1593 3612 1657 3675 viee
1680 3613 1801 3694 infiraa
1821 3615 1959 3701 [Laecae]

305 3709 528 3790 archiepiscopi
559 3711 723 3776 Crrseutiai
756 3711 854 3774 abbas
887 3711 999 3776 Sancti
1030 3712 1172 3791 Spiritus
1203 3712 1240 3776 de
1269 3711 1427 3776 Paraarmo
1458 3716 1488 3774 at
1519 3713 1737 3779 thesaurarius
1772 3717 1959 3782 Cuseatiaus
2005 3739 2024 3773 a

305 3814 431 3892 eperiat
454 3814 556 3894 cisque
577 3814 718 3890 arrarrdat,
740 3818 776 3876 at
788 3818 954 3894 postquam
975 3813 1056 3876 idem
1078 3816 1236 3894 episcopas
1257 3816 1297 3878 ab
1311 3817 1495 3895 inperatore
1507 3816 1652 3896 plenarie
1672 3818 1771 3898 farer-it
1791 3823 1960 3898 restitutas,

305 3916 334 3976 si
356 3915 492 3978 viderint
514 3935 582 3979 eum
604 3935 669 3980 csse
692 3919 800 3980 riuulo
820 3918 857 3981 ele
879 3917 1106 3997 dilapidatiouc
1128 3923 1310 3998 suspectum,
1334 3920 1363 3982 ci
1386 3918 1591 3983 coadiutorem
1610 3921 1806 4000 provideant.

1618 4027 1711 4102 1224,
1734 4024 1799 4090 Iul.
1824 4029 1875 4090 10.

411 4102 485 4154 Hau.
504 4102 563 4156 ΙΙΙ
578 4103 646 4174 Rep.
670 4103 972 4174 V01.1V‚2os,·Lia.
997 4104 1082 4172 VIII,
1102 4109 1163 4159 516.

411 4189 545 4258 Potthast,
564 4189 631 4259 Rep.
654 4195 733 4245 7726.

591 4439 599 4456 .
629 4440 638 4457 .
666 4383 941 4457 Messanensi
970 4390 1012 4457 et
1040 4440 1048 4457 .
1078 4440 1087 4458 .
1116 4384 1285 4477 Regino
1314 4386 1677 4478 archiepiscopis

415 4527 562 4613 Rogatus
598 4531 675 4596 olim
708 4554 727 4596 a
761 4533 856 4596 nobis
892 4538 925 4596 et
959 4533 1114 4598 fratribus
1146 4535 1266 4599 nostris
1301 4536 1488 4600 carissimus
1517 4536 1550 4599 in
1580 4535 1710 4600 Christo
1738 4537 1825 4600 illius
1854 4544 1963 4602 noster

307 4630 517 4712 Fredericus,
551 4633 773 4699 Romanorum
807 4637 986 4722 imperator
1021 4659 1151 4722 semper
1186 4645 1347 4722 augustus
1384 4645 1417 4703 ct
1447 4661 1506 4702 rex
1541 4638 1668 4718 Sicilie,
1702 4646 1739 4703 ut
1773 4642 1961 4705 restitueret

307 4733 530 4798 venerabilem
546 4736 679 4802 fratrem
695 4745 842 4802 nostrum
858 4787 865 4801 .
884 4787 891 4800 .
909 4738 1194 4824 cephaludensem
1211 4741 1410 4826 episcopum,
1434 4762 1530 4826 quem
1547 4743 1745 4827 spoliaverat
1766 4745 1907 4808 ecclesia
1929 4749 1961 4806 et

307 4837 381 4901 aliis
410 4837 505 4901 bonis
533 4841 615 4918 suis,
647 4863 682 4904 se
712 4841 745 4905 id
772 4841 875 4907 libere
899 4843 1058 4906 facturum
1086 4844 1160 4906 viva
1187 4865 1266 4908 voce
1289 4844 1448 4929 promisit.
1493 4843 1589 4908 Unde
1619 4847 1824 4932 perscripta
1851 4855 1961 4910 nostra
2006 4869 2014 4908 r

307 4940 532 5005 insudavimus
560 4944 745 5008 venerabili
773 4946 866 5009 fratri
893 4953 1004 5010 nostro
1032 4995 1071 5011 ..
1104 4947 1351 5033 archiepiscopo
1383 4947 1579 5027 Cusentino,
1611 4954 1646 5012 ut
1675 4951 1895 5034 personaliter
1922 4949 1961 5012 ad

412 5167 435 5232 ⁸)
453 5169 533 5218 Orsen
551 5169 582 5219 h.

411 5305 437 5372 1)
458 5303 581 5356 Pulsatae
594 5319 684 5373 prope
708 5303 861 5360 Tarentum.
