4524 6412
417 381 479 450 294
746 451 747 454 Ἴ
1000 373 1047 434 EX
1066 371 1241 434 GREGORII
1259 367 1297 429 IX
1316 367 1497 430 nectareo

419 556 558 623 ecclesie
574 556 608 620 in
631 577 691 620 sua
706 554 898 642 prevaleant
917 554 1074 635 vanitate,
1100 552 1211 619 sedin
1232 550 1394 638 pravitate
1416 550 1525 636 potius
1548 548 1779 630 evanescant¹,
1804 547 1881 634 quia
1898 554 2071 636 quantum-

419 681 546 748 cunque
570 659 717 724 facinora
738 665 912 744 prenotata
941 677 1000 721 nos
1023 661 1192 736 moveant,
1222 654 1394 741 potissime
1423 661 1533 718 temen
1562 674 1623 716 nec
1650 653 1814 717 immerito
1845 653 2072 734 exhorremus,

421 785 517 849 quam
555 762 641 827 idem
676 760 864 827 Fridericus
902 781 1033 845 semper
1068 761 1210 824 minatur
1250 763 1283 821 et
1323 756 1548 822 indesinenter
1585 756 1778 840 exequitur,
1823 755 2071 842 depressionem

419 867 645 932 ecclesiastice
674 865 853 942 libertatis,
883 885 955 928 oum
984 870 1081 928 antea
1108 863 1224 942 etiam,
1258 861 1442 945 ubicunque
1471 860 1586 924 habuit
1612 865 1826 944 potestatem,
1850 860 2008 924 ecclesias
2040 867 2074 932 et

419 970 661 1036 ecclesiasticas
683 989 841 1056 personas
865 989 1013 1032 necnon
1036 967 1170 1048 viduas,
1202 966 1366 1052 orphanos
1390 973 1424 1030 et
1447 965 1588 1052 pupillos
1612 984 1653 1028 ex
1676 961 1837 1027 industria
1860 963 2072 1028 conculcarit.

419 1071 529 1145 Quare
551 1079 699 1158 potestas
721 1070 907 1158 huiusmodi
931 1092 996 1135 non
1020 1071 1150 1136 dilatari
1174 1068 1232 1135 sed
1255 1069 1418 1161 decurtari
1441 1075 1595 1134 meretur.

528 1173 580 1239 Ad
610 1175 672 1241 hec
699 1196 741 1240 ne
773 1175 865 1240 falsis
896 1175 1081 1239 rumoribus
1108 1195 1167 1237 vos
1199 1173 1424 1238 circumveniri
1454 1171 1640 1256 contingat,
1670 1172 1827 1236 noveritis
1850 1170 1936 1256 quod
1966 1170 2074 1235 dictus

420 1277 607 1343 Fridericus
644 1299 709 1342 non
755 1279 828 1343 sine
873 1277 997 1342 fraudis
1041 1277 1228 1361 excogitate
1267 1281 1452 1340 commento
1490 1274 1714 1339 venerabilem
1750 1275 1885 1339 fratrem
1925 1281 2075 1339 nostrum

422 1430 456 1446 ..
479 1381 661 1447 Barensem
684 1381 969 1468 archiepiscopum
992 1388 1025 1446 ct
1048 1381 1230 1445 Henricum
1254 1381 1406 1444 comitem
1422 1379 1620 1444 Maliensem
1643 1377 1684 1443 ad
1706 1386 1850 1444 nostram
1873 1379 2076 1465 presentiam

421 1484 630 1564 destinavit2,
654 1485 802 1550 scribens
826 1483 922 1549 nobis
945 1491 982 1549 ut
1004 1485 1053 1549 eis
1077 1485 1252 1569 benignam
1277 1483 1479 1548 audientiam
1502 1483 1731 1568 preberemus,
1756 1483 1899 1547 scientes
1924 1481 2010 1568 quod
2034 1481 2075 1545 ad

422 1586 625 1653 tractandam
648 1587 854 1652 concordiam
878 1609 953 1652 cum
978 1589 1119 1653 ecclesie
1140 1589 1304 1675 prefatum
1326 1586 1532 1672 Raynaldum
1560 1593 1805 1673 procuratorem
1836 1587 2078 1673 reliqueratet

422 1690 528 1755 adhuc
551 1691 684 1755 volebat
712 1712 771 1777 per
803 1712 877 1754 eum
905 1690 1020 1754 haberi
1048 1698 1234 1756 tractatum.
1292 1690 1336 1754 Et
1363 1692 1454 1754 licet*
1472 1689 1654 1754 certissime
1684 1688 1889 1770 crederetur,
1918 1688 2006 1774 quod
2036 1687 2078 1752 ad

423 1793 642 1859 deludendam
665 1795 805 1860 ecclesie
828 1795 976 1859 Romane
999 1796 1191 1881 patientiam
1215 1801 1390 1873 venerunt,
1423 1793 1654 1858 nichilominus
1684 1800 1795 1858 tamen
1817 1793 1960 1878 benigne
1983 1792 2078 1858 audi-

423 1898 529 1962 vimus
563 1918 754 1982 quecunque
788 1919 972 1985 proponere
1008 1898 1191 1963 voluerunt.
1258 1897 1301 1961 Et
1335 1897 1412 1982 quia
1446 1896 1637 1962 mandatum
1675 1896 1763 1962 aliud
1801 1918 1866 1961 non
1899 1896 2078 1977 habebant,

424 1999 653 2087 respondimus
686 1999 772 2085 quod
806 2000 911 2065 dictus
945 2001 1136 2086 Raynaldus
1177 2022 1242 2065 non
1277 2006 1436 2064 tractator
1472 2001 1563 2085 pacis
1600 1999 1661 2065 sed
1692 2000 1797 2065 factus
1831 2007 1902 2064 erat
1935 2000 2077 2065 ecclesie
2119 1983 2127 1998 ”

424 2111 624 2191 persecutor,
647 2103 733 2169 unde
757 2112 916 2170 tractatus
940 2106 1216 2171 reconciliationis
1242 2125 1316 2168 cum
1340 2125 1380 2168 co
1403 2102 1520 2168 haberi
1542 2125 1603 2168 nec
1626 2109 1756 2189 poterat
1777 2125 1839 2168 nec
1862 2103 2022 2178 debebat;
2046 2110 2080 2167 et

423 2207 475 2271 his
498 2207 545 2271 ita
567 2206 663 2272 dictis
686 2209 835 2294 protinus
853 2207 1013 2288 abierunt,
1037 2209 1135 2272 variis
1158 2206 1300 2273 nocendi
1324 2206 1429 2272 modis
1452 2207 1584 2272 interim
1607 2208 1648 2272 ab
1672 2207 1788 2274 ecdem
1805 2207 1975 2293 Raynaldo
2000 2228 2079 2272 con-

425 2311 575 2377 cinnatis.
620 2303 818 2377 Hee'autcm
835 2313 927 2377 vobis
944 2313 1127 2394 scribimus,
1154 2333 1195 2376 ne
1218 2311 1302 2376 falsa
1318 2333 1376 2396 pro
1392 2311 1479 2375 veris
1495 2311 1587 2375 vobis
1609 2332 1629 2375 a
1644 2311 1828 2396 maliloquis
1851 2318 2080 2397 suggerantur.

424 2414 470 2479 Ut
503 2415 603 2499 igitur
633 2420 787 2499 tanquam
817 2415 887 2479 veri
917 2415 975 2479 filii
1004 2415 1100 2478 matri
1122 2421 1232 2479 vestre
1262 2413 1403 2478 fideliter
1430 2413 1670 2498 obsequentes,
1703 2413 1956 2501 incomparabile
1986 2414 2082 2480 vohis

425 2519 577 2583 meritum
600 2517 687 2605 apud
702 2517 810 2583 Deum
834 2524 867 2582 et
889 2518 1039 2583 homines
1064 2517 1270 2604 comparetis,
1293 2518 1541 2582 universitatem
1557 2524 1700 2583 vestram
1723 2519 1902 2584 affectuose
1925 2538 2079 2602 rogamus

425 2627 459 2686 et
481 2641 651 2688 monemus
675 2628 815 2702 attente,
840 2642 899 2707 per
922 2622 1104 2708 apostolica
1126 2621 1220 2686 vobis
1245 2623 1368 2709 scripta
1390 2622 1594 2702 mandantes,
1618 2623 1770 2708 quatinus
1793 2623 1890 2687 nullis
1914 2622 2080 2707 suggesti-

426 2724 543 2789 onibus
566 2725 737 2810 petiemini
758 2746 817 2790 vos
841 2722 969 2803 seduci,
993 2725 1166 2809 quominus
1189 2725 1388 2793 incoelesie
1411 2724 1558 2789 Romane
1582 2724 1775 2808 devotione,
1799 2729 1833 2792 in
1855 2748 1919 2812 qua
1942 2725 2081 2791 radicati

426 2833 460 2893 et
481 2827 609 2892 fundati
632 2829 723 2909 estis,
746 2827 945 2892 inflexibiles
969 2828 1168 2914 persistatis,
1191 2835 1226 2892 ut
1250 2828 1304 2912 qui
1327 2828 1471 2892 libenter
1493 2829 1526 2892 in
1549 2830 1669 2894 vestris
1692 2830 1845 2896 laudibus
1868 2830 2083 2920 delectamur,

427 2931 459 2994 in
483 2939 591 2995 vestre
614 2931 892 3017 magnanimitatis
916 2933 1101 2996 constantia
1128 2933 1327 3017 gloriantes,
1358 2933 1582 2998 sinceritatem
1604 2941 1748 2999 vestram
1771 2935 1878 3019 dignis
1902 2935 2083 3000 debeamus

425 3033 581 3118 prosequi
604 3034 785 3100 actionibus
808 3033 998 3118 gratiarum.

535 3152 612 3218 Dat.
635 3154 776 3236 Perusii,
799 3155 834 3218 II
858 3153 933 3218 Kal.
956 3154 1160 3238 Decembris,
1184 3157 1391 3243 pontificatus
1417 3144 1521 3224 nostri
1543 3180 1628 3224 anno
1652 3159 1696 3223 Il.

1051 3401 1460 3410 -——-—--—-.——.——.-.

1216 3647 1321 3728 377„

536 3751 727 3862 Grauius
749 3781 804 3847 IX
821 3803 910 3864 papo
931 3785 1081 3866 episcopis
1108 3785 1238 3850 Tusciae
1255 3786 1420 3866 praecipit,
1444 3787 1479 3848 at
1500 3783 1708 3870 Rayraatdam
1730 3791 1759 3851 et
1780 3787 1975 3870 Bertotdnm,
1995 3792 2085 3872 filios

428 3883 583 3965 parendum
608 3884 747 3949 Conradi
769 3885 857 3950 dacis
880 3887 1057 3968 spoletani,
1087 3893 1116 3952 ct
1138 3889 1282 3974 fautores
1304 3909 1408 3953 coriam
1431 3891 1707 3954 excommunicates
1728 3893 1905 3957 solemniter
1925 3896 2083 3962 arcsrticat.

1751 3999 1844 4075 1228,
1869 3995 1942 4062 Dec.
1965 4002 1995 4062 3.

533 4071 617 4142 (lisy,
635 4073 685 4126 IX
701 4073 770 4143 Rep.
794 4074 850 4128 Vol.
868 4075 894 4144 I,
914 4079 964 4141 94;
982 4076 1045 4130 Lib.
1065 4076 1108 4140 ΙΙ,
1128 4079 1172 4130 67.

532 4158 667 4223 Petebant,
686 4158 753 4230 Rcy.
774 4162 858 4214 8286.

508 4347 756 4442 Gregorius
783 4356 859 4428 etc.
888 4354 1113 4429 universis
1141 4354 1365 4446 episcopis
1392 4377 1472 4447 per
1497 4357 1699 4431 Tusciam
1727 4360 2001 4434 constitutis.

538 4498 592 4562 Ad
628 4507 771 4564 vestram
810 4502 973 4568 credimus
1012 4505 1163 4569 notitiam
1203 4506 1411 4590 pervenisse,
1452 4509 1591 4592 qualiter
1627 4528 1687 4572 nos
1729 4511 2084 4576 excommunicavimus

431 4600 635 4666 Fridericum
658 4603 780 4668 dictum
803 4605 1036 4692 imperatorem
1059 4615 1093 4673 et
1121 4629 1235 4674 omues
1259 4616 1373 4674 contra
1393 4608 1574 4675 Romanam
1598 4612 1772 4676 ecclesiam
1793 4608 1941 4680 faventes
1965 4614 2083 4679 eidem.

431 4703 556 4768 Verum
579 4704 768 4791 Raynaldus
792 4717 825 4774 et
848 4711 1039 4793 Bertcldus,
1069 4713 1129 4776 filii
1152 4714 1315 4796 quondam
1344 4713 1435 4781 ducis
1460 4716 1623 4798 Conradi,
1652 4738 1725 4782 cum
1753 4718 1908 4785 invadere
1936 4722 2085 4806 ceperint

432 4807 574 4872 ecclesie
618 4810 867 4895 patrimonium,
913 4817 1260 4883 excommunicationis
1307 4819 1504 4884 sententiam
1549 4820 1776 4902 incurrerunt,
1820 4829 1955 4909 propter
1997 4822 2086 4908 quod

431 4912 595 4976 universis
624 4919 657 4977 et
687 4913 825 5000 singulis
855 4916 1035 4983 districtius
1068 4919 1247 5002 inibemus,
1280 4943 1321 4987 ne
1357 4923 1542 5006 consilium,
1562 4907 1731 4990 'auxilium
1760 4932 1817 4991 aut
1846 4927 1991 4994 favorem
2019 4928 2084 4992 illis

432 5014 635 5101 impendant,
659 5038 732 5082 cum
749 5022 1143 5088 excommunicaverimus
1160 5045 1273 5090 omnes
1291 5047 1405 5091 eorum
1421 5028 1635 5110 consiliarios,
1659 5030 1848 5095 auxiliarios
1872 5037 1906 5096 et
1928 5031 2085 5113 fautores,

542 5192 693 5199 -..-....-.-.—
704 5193 727 5200 ..-
738 5195 841 5200 ——-..-.

889 5197 1303 5207 -—-..--..-.-...-.--——-—...‚-..-
1314 5203 1365 5208 —-
1371 5204 1797 5212 —-...---.-..-.—..—.-..-.-—----.
1920 5208 1981 5214 -—-

536 5307 563 5372 1)
582 5307 702 5377 Extant,
739 5317 770 5364 ut
805 5317 894 5367 monci
922 5313 1234 5386 Hunilam-Brittones,
1264 5318 1294 5371 in
1320 5318 1431 5386 chest.
1460 5336 1487 5374 n.
1516 5324 1553 5374 70
1581 5321 1688 5376 litterae
1721 5321 1851 5392 Grepcrit
1880 5322 2086 5395 archipiscopo

2131 2541 2156 2578 ²0

433 5389 638 5448 Mediolanensi
654 5400 680 5448 et
698 5397 886 5468 suffrapuneis
903 5399 963 5454 cius
980 5399 1115 5456 directae:
1141 5403 1203 5458 Dat.
1223 5404 1345 5469 Perusii,
1366 5404 1391 5458 X
1411 5405 1471 5460 Kal.
1492 5406 1650 5460 Decembris
1668 5425 1733 5462 ann.
1752 5409 1778 5462 Il
1803 5409 1888 5477 [Noc.
1906 5413 1967 5480 22J,
1985 5411 2085 5481 quibua
2138 5435 2165 5474 ω

431 5477 559 5543 conridet,
585 5485 615 5534 ut
634 5479 761 5536 subsidia
779 5484 961 5554 stipendiario
978 5490 1113 5544 ecercitui
1129 5505 1180 5545 sue
1197 5492 1360 5547 nriaistrcnt.
1437 5493 1466 5561 2)
1484 5494 1587 5562 Apitur
1604 5500 1635 5548 ut
1652 5495 1763 5550 videtur
1780 5495 1814 5549 dc
1832 5496 1977 5564 tapetium,
2004 5515 2086 5566 qaam

431 5563 633 5708 iuppegotortdet
644 5571 752 5707 AchIeppc
771 5571 808 5623 ad
821 5587 928 5640 popam
945 5574 1022 5629 misit
1033 5593 1167 5646 quamque
1179 5584 1366 5640 commeruerat
1378 5577 1545 5634 Bernartius
1563 5579 1765 5636 thscururias
1782 5581 1812 5634 in
1827 5582 1902 5636 ceu.
1918 5583 2003 5638 earu.
2021 5584 2087 5654 Tyr.

433 5667 473 5705 e.
521 5666 641 5708 aare..
741 5672 793 5725 ,p
812 5661 873 5712 418.
