4524 6412
410 396 471 455 270
988 391 1035 444 Ex
1054 390 1228 444 GREGORJII
1247 391 1285 443 lll
1304 390 1483 444 REGISTRO

410 564 562 630 auferunt
585 565 817 651 sempiternam
840 565 914 646 hiis,
938 586 1017 649 qnos
1041 564 1143 628 inficit
1165 563 1254 628 dicta
1276 564 1385 645 labes,
1409 570 1442 629 et
1465 586 1523 630 eos
1546 565 1641 650 penis
1664 566 1872 652 sempiternis
1896 564 2060 630 addicunt.

410 668 480 733 Vos
508 689 603 749 vcro,
636 669 721 733 sicut
750 667 932 732 audivimus
964 667 1005 731 ab
1034 667 1107 730 aliis
1139 674 1172 731 et
1202 667 1330 753 experti
1354 689 1464 732 sumus
1489 667 1663 754 aliquando
1687 689 1746 754 per
1777 669 1967 754 nosipsos,
1995 688 2061 732 non

236 789 391 840 ramnum.
410 771 538 836 sincere
553 772 695 835 nitimini
710 771 904 836 medicinam
919 770 1041 835 morbis
1057 769 1213 834 adhibere
1229 769 1393 855 predictis,
1417 777 1468 835 set
1490 791 1564 834 eum
1586 770 1743 855 seriptum
1766 772 1821 835 sit:
1846 769 2058 835 ‘Maledictus

410 876 465 960 qui
487 875 556 960 agit
579 897 660 962 opus
676 874 811 940 Domini
825 875 1057 960 negligenter',
1081 895 1138 938 vos
1155 894 1220 937 non
1235 874 1340 937 solum
1355 874 1563 958 negligenter
1583 875 1617 939 in
1634 874 1855 961 predictorum
1871 874 2059 939 morborum

410 979 577 1044 curatione
606 978 783 1065 proceditis
813 985 864 1043 set
895 979 993 1042 etiam
1023 975 1262 1057 fraudulenter,
1294 976 1443 1042 ledentes
1474 976 1587 1042 fraude
1617 977 1805 1041 huiusmodi
1830 977 2059 1061 vosmetipsos,
2114 1006 2125 1042 r

258 1095 322 1138 ncta
339 1102 391 1148 rus.
409 1080 456 1144 ita
488 1088 524 1146 ut
557 1081 649 1145 vobis
684 1080 831 1167 adaptari
864 1081 968 1166 possit
1003 1081 1060 1144 illa
1097 1081 1260 1144 sententia
1294 1079 1492 1144 Salomonis:
1527 1079 1755 1144 ‘Insidiantnr‘
1791 1081 1895 1165 iuquit
1929 1084 2061 1144 ‘contra

410 1185 602 1269 sanguinem
625 1205 719 1249 suum
742 1193 775 1249 et
797 1184 929 1248 fraudes
953 1190 1067 1248 contra
1089 1206 1164 1248 suas
1188 1185 1313 1247 animas
1337 1185 1540 1248 moliuntnr’.
1588 1183 1670 1247 Cum
1693 1185 1781 1248 enim
1802 1185 1856 1248 vel
1877 1189 2060 1249 vestrorum

410 1287 694 1351 exhortationibus
717 1289 916 1373 prelatorum
932 1289 985 1352 vel
1009 1288 1199 1373 apostolicis
1215 1286 1524 1352 comminationibus
1541 1286 1730 1351 excitamini
1753 1284 1794 1350 ad
1816 1285 2060 1372 procedendum

410 1396 523 1454 contra
537 1389 715 1455 hereticam
730 1391 924 1476 pravitatem
948 1391 1001 1455 vel
1023 1391 1064 1455 ad
1081 1390 1267 1455 faciendum
1283 1389 1405 1474 aliquid
1427 1390 1461 1453 iu
1484 1389 1630 1455 favorem
1646 1390 1871 1454 ecclesiastice
1886 1389 2060 1466 libertatis,

409 1513 467 1556 vos
491 1493 584 1577 quasi
608 1491 649 1555 ad
672 1493 801 1557 oculum
824 1495 1020 1572 servientes,
1054 1517 1091 1559 ac
1115 1494 1284 1558 studentes
1308 1495 1417 1579 potius
1440 1493 1560 1557 famam
1583 1500 1726 1558 vestram
1749 1494 1935 1558 hominibus
1959 1513 2056 1578 quam

409 1602 553 1686 vestram
575 1596 648 1660 Deo
672 1597 906 1661 conscientiam
929 1598 1176 1678 commendare,
1198 1597 1307 1662 facitis
1332 1603 1454 1661 statuta
1476 1603 1589 1661 nostra
1609 1596 1650 1661 de
1674 1595 1879 1681 expellendis
1902 1596 2059 1661 hereticis

411 1706 444 1764 et
467 1719 579 1763 eorum
598 1698 781 1763 fautoribus
805 1699 978 1785 puniendis
1002 1723 1061 1766 nee
1084 1723 1150 1765 uon
1174 1701 1215 1765 de
1239 1699 1464 1765 conservanda
1486 1700 1712 1764 ecclesiastica
1734 1699 1899 1780 libertate,
1922 1700 2059 1784 ipsaque

411 1808 534 1866 statuta
555 1803 804 1888 superficialiter
827 1813 1046 1890 exequentes,
1076 1806 1239 1870 hereticos
1262 1806 1351 1890 ipsos
1374 1827 1394 1868 a
1416 1805 1535 1869 finibus
1558 1805 1676 1868 vestris
1701 1803 1883 1888 expellitis,
1908 1801 1963 1887 qui
1985 1806 2060 1887 post

411 1911 539 1993 tempus
562 1905 725 1970 modicum
748 1915 964 1988 revertuntur,
988 1930 1122 1994 vosque,
1146 1909 1239 1993 quasi
1261 1908 1352 1972 Deus
1377 1913 1487 1972 vestra
1509 1907 1614 1993 possit
1636 1907 1758 1970 astutia
1780 1904 1918 1985 irrideri,
1941 1903 1975 1967 id
1998 1903 2059 1967 sub

411 2007 668 2074 dissimulatione
692 2011 848 2074 transitis.
895 2010 1080 2096 Siquando
1104 2032 1180 2074 vero
1205 2011 1253 2075 eis
1276 2010 1328 2074 vel
1351 2031 1464 2074 eorum
1486 2009 1667 2074 fautoribus
1696 2008 1918 2094 pecuniariam
1940 2026 2059 2093 penam
2126 2034 2138 2070 r

411 2110 572 2195 infligitis,
607 2118 663 2175 aut
693 2113 781 2177 illam
818 2135 882 2178 non
915 2114 1051 2179 aufertis
1080 2113 1221 2190 eisdem,
1254 2121 1310 2177 aut
1339 2112 1379 2176 ad
1408 2114 1510 2177 solam
1540 2107 1981 2198 apparentiamaufereutes
2012 2109 2061 2174 eis

412 2214 558 2278 clanculo
586 2216 774 2299 restituitis,
807 2225 840 2281 et
867 2218 913 2282 sic
945 2217 984 2282 de
1012 2217 1205 2304 impunitate
1237 2239 1370 2281 securos
1401 2217 1433 2281 in
1464 2237 1523 2280 sua
1551 2215 1676 2279 malitia
1703 2214 1874 2280 roboratis.
1926 2213 1965 2276 In
1985 2212 2060 2277 ¹fine

412 2338 540 2403 quoque
563 2325 745 2384 vestrorum
769 2321 890 2406 ponitis
914 2327 1124 2402 statutorum,
1154 2328 1190 2384 ut
1212 2327 1408 2406 potestates,
1432 2319 1609 2385 consiliarii
1633 2317 1788 2399 addendi,
1817 2315 1985 2382 minuendi
2008 2323 2059 2379 at-

412 2440 475 2503 que
497 2421 644 2485 mutandi
665 2423 802 2487 liberam
830 2424 974 2488 habeant
1002 2430 1210 2509 potestatem.
1255 2423 1415 2488 Pretextu
1438 2423 1529 2487 euius
1557 2422 1691 2507 capituli
1715 2427 1892 2486 evacuatur
1919 2425 1953 2484 et
1975 2417 2062 2484 redit

410 2522 445 2586 in
467 2522 638 2605 nichilum,
665 2525 818 2610 quiequid
840 2547 899 2612 pro
922 2525 985 2590 fide
1010 2526 1170 2590 catholica
1192 2527 1245 2589 vel
1268 2526 1493 2590 ecclesiastiea
1519 2525 1672 2589 libertate
1701 2523 1808 2587 fuerat
1836 2523 2059 2602 constitutum,
2113 2557 2119 2573 ι

412 2627 514 2690 etita
541 2627 755 2709 factumest,
786 2629 871 2712 quod
899 2650 964 2693 nou
995 2630 1065 2694 siue
1093 2650 1212 2714 magno
1242 2628 1348 2693 cerdis
1378 2628 1489 2693 dolore
1518 2628 1706 2706 referimus,
1734 2633 1770 2691 ut
1800 2626 1946 2691 heretice
1976 2625 2061 2689 labis

412 2729 555 2810 morbus,
579 2751 715 2816 serpens
730 2732 887 2816 paulatim
910 2738 946 2795 ut
962 2753 1088 2812 cancer,
1106 2732 1310 2818 provinciam
1325 2739 1467 2797 vestram
1483 2732 1552 2797 fere
1575 2737 1677 2795 totam
1693 2730 1853 2810 infecerit,
1877 2737 1911 2793 et
1925 2729 2061 2792 libertas

413 2833 638 2898 ecclesiastica
668 2855 753 2919 pene
784 2835 915 2920 penitus
947 2835 1106 2899 subversa
1134 2836 1176 2898 sit
1206 2836 1238 2899 in
1267 2834 1382 2900 eadem
1411 2841 1444 2899 et
1467 2834 1507 2898 ab
1533 2835 1602 2898 eius
1626 2833 1744 2897 linibus
1772 2833 1955 2918 emigrarit,
1988 2851 2062 2895 eum

261 2961 324 3003 caru.
339 2963 393 3012 ars.
412 2935 549 3000 heretici
571 2936 636 2998 iam
658 2957 724 3000 non
745 2938 860 3023 vulpes
882 2939 1024 3003 latentes
1042 2938 1171 3002 vineam
1195 2938 1412 3002 demoliantur
1427 2937 1642 3018 Dominicam,
1668 2943 1719 3000 set
1741 2937 1834 3022 qnasi
1857 2936 1933 3020 equi
1955 2935 2062 3020 parati

413 3036 454 3100 ad
481 3038 620 3122 prelium
647 3047 836 3124 presumant
863 3041 1038 3106 manifeste
1069 3041 1238 3125 insurgere
1268 3048 1381 3104 contra
1411 3061 1497 3120 eam,
1525 3041 1559 3104 in
1589 3038 1784 3123 quibusdam
1818 3039 1898 3102 locis
1928 3039 2059 3124 publice
2113 3071 2138 3106 -ς,

277 3172 313 3214 p,
327 3179 394 3226 Μ,
413 3139 622 3225 predicando,
646 3147 679 3206 et
701 3143 795 3226 quasi
819 3143 902 3206 tauri
925 3143 1011 3208 inter
1033 3164 1149 3207 vaccas
1172 3144 1381 3228 populorum,
1405 3143 1491 3207 inter
1513 3142 1667 3206 videlicet
1691 3141 1902 3206 seductibiles
1926 3141 2061 3222 animas,

413 3240 566 3307 ducatum
588 3244 715 3329 gregis,
739 3244 815 3308 dum
839 3246 1011 3332 episcopos
1040 3268 1075 3310 sc
1099 3245 1266 3332 appellare
1289 3250 1496 3331 presumunt,
1519 3251 1643 3310 temere
1666 3244 1862 3329 usurpando.
1909 3242 2061 3307 Libertas

412 3365 489 3409 vero
523 3346 748 3412 ecelesiastica
783 3349 865 3414 adeo
900 3351 986 3415 inter
1019 3371 1077 3413 vos
1108 3349 1267 3414 subversa
1298 3369 1372 3414 esse
1406 3349 1524 3413 dicitur
1557 3355 1589 3412 et
1622 3369 1752 3424 eversa,
1786 3353 1823 3411 ut
1854 3367 1919 3411 non
1955 3347 2063 3411 solum

412 3450 625 3515 ecelesiarum
659 3452 846 3518 hominibus
883 3461 935 3519 set
969 3454 1068 3519 ctiam
1105 3454 1184 3539 ipsis
1220 3452 1369 3517 ecclesiis
1404 3459 1437 3518 et
1459 3452 1609 3538 personis
1643 3449 1877 3517 ecclesiasticis
1910 3449 2060 3530 collecte,

412 3553 513 3634 tallie,
537 3555 670 3638 angarie
693 3577 730 3620 ιο
754 3558 946 3643 parangarie
970 3558 1178 3642 imponantur
1201 3577 1221 3619 a
1242 3555 1346 3636 laicis,
1370 3561 1403 3619 et
1424 3554 1624 3640 respondere
1643 3561 1801 3639 cogantur
1823 3552 1883 3617 sub
1907 3552 2059 3616 examine

411 3654 528 3720 iudicis
552 3658 718 3739 secularis,
740 3682 821 3745 quos
845 3662 944 3726 etiam
966 3683 1030 3726 uon
1052 3661 1209 3726 veremini
1231 3660 1364 3746 publico
1387 3659 1494 3723 banne
1519 3658 1670 3724 subicere
1693 3680 1731 3723 ac
1753 3656 1916 3722 interdum
1939 3655 2061 3721 carceri

412 3761 608 3846 mancipare.
668 3761 731 3836 Qui
761 3771 871 3831 autem
901 3767 954 3831 vel
986 3765 1128 3830 nondum
1163 3785 1295 3850 prorsus
1331 3763 1472 3827 ecclesie
1501 3763 1726 3827 reverenciam
1754 3760 1960 3836 abiecerunt,
1996 3761 2060 3840 vel,

411 3863 497 3948 quod
520 3865 629 3930 verius
653 3873 713 3948 est,
736 3870 850 3934 volunt
872 3891 936 3934 non
960 3870 1121 3935 abiecisse
1137 3868 1251 3948 videri,
1274 3868 1381 3932 banno
1405 3888 1563 3953 personas
1587 3864 1772 3930 huiusmodi
1795 3885 1860 3928 non
1884 3863 2060 3944 subiciunt,

412 3973 463 4031 set
492 3966 520 4031 si
555 3968 706 4035 clericale
741 3973 947 4059 privilegium
977 3974 1158 4059 allegantes
1191 3993 1300 4036 coram
1330 3972 1378 4036 eis
1409 3976 1572 4036 rennuunt
1605 3968 1823 4055 respondere,
1853 3968 1905 4032 *eis
1939 3973 2061 4052 negant

329 4155 331 4158 .
411 4069 588 4154 iusticiam,
619 4094 692 4138 cum
715 4074 755 4141 de
779 4077 871 4141 laicis
894 4085 1150 4163 conqueruntur,
1177 4077 1323 4163 ipsisque
1346 4077 1456 4158 laicis,
1486 4097 1527 4141 ne
1549 4077 1615 4139 illis
1639 4075 1879 4140 communicent
1906 4073 1939 4136 in
1970 4092 2058 4136 com·
2126 4103 2138 4140 ι

410 4174 543 4238 merciis
572 4176 687 4243 aliisve
718 4180 960 4262 contractibus,
989 4181 1204 4262 interdicunt,
1232 4187 1266 4246 et
1298 4181 1344 4244 sie
1371 4201 1455 4245 nove
1485 4179 1636 4265 potencie
1664 4198 1784 4264 genere
1814 4176 1891 4241 laici
1922 4175 2059 4240 elericos

412 4276 649 4361 quodammodo
680 4284 980 4364 excommunicant,
1013 4306 1086 4348 cum
1114 4286 1195 4371 ipsis
1224 4284 1471 4364 communicari,
1506 4291 1541 4347 ut
1569 4283 1726 4363 diximus,
1761 4303 1826 4345 non
1860 4279 2059 4366 permittant.

412 4379 550 4446 Faciunt
587 4389 710 4450 statuta
743 4387 842 4450 etiam
878 4409 977 4473 super
1012 4387 1167 4470 decimis,
1202 4395 1236 4454 et
1270 4393 1457 4473 contempta
1490 4387 1564 4471 lege
1594 4386 1704 4450 divina
1732 4385 1879 4451 subditos
1909 4404 1985 4447 suos
2019 4381 2059 4447 ad

412 4505 585 4549 usurarum
608 4488 811 4554 solucionem
834 4512 953 4576 cogere
977 4513 1042 4555 non
1065 4499 1235 4573 verentur,
1259 4513 1396 4577 quorum
1418 4490 1548 4577 quidam
1572 4491 1717 4558 intente
1741 4487 1935 4554 temeritatis
1957 4484 2059 4550 auda·

412 4588 496 4652 ciam
518 4598 753 4677 proruperunt,
776 4601 812 4658 ut
835 4593 868 4658 in
891 4595 984 4676 illos,
1008 4596 1063 4680 qui
1087 4603 1200 4659 contra
1222 4595 1387 4659 usurarios
1410 4595 1537 4658 litteras
1560 4594 1734 4679 impetrant
1756 4591 1970 4678 apostolicas,
1994 4609 2058 4652 non
2130 4619 2131 4624 ¹

412 4692 476 4754 sint
506 4693 602 4757 veriti
633 4701 777 4760 statuere
807 4704 930 4761 certam
958 4719 1085 4783 penam.
1144 4696 1299 4782 Nunquid
1327 4696 1477 4778 creditis,
1507 4696 1592 4782 quod
1620 4697 1713 4761 Deus
1742 4697 1805 4759 ista
1833 4714 1900 4757 non
1929 4692 2060 4756 videat?

411 4793 565 4879 Nunquid
582 4797 724 4878 creditis,
747 4799 833 4883 quod
850 4799 911 4865 hee
926 4801 1023 4880 mala,
1047 4801 1109 4863 uisi
1127 4800 1347 4880 correxeritis,
1372 4822 1503 4886 semper
1518 4801 1678 4886 impunita
1694 4800 1880 4885 relinquat?
1925 4797 2060 4861 Patiens

411 4897 543 4980 quidem
567 4910 618 4964 est
639 4900 751 4982 Deus,
775 4909 808 4967 et
830 4902 886 4967 diu
909 4924 1098 4988 perversos,
1122 4911 1158 4966 ut
1180 4902 1221 4966 ad
1244 4904 1351 4988 ipsum
1374 4908 1588 4985 revertantur,
1611 4909 1775 4989 expectat.
1822 4901 1887 4966 Sed
1909 4900 1975 4980 illi,
2005 4899 2060 4984 qui

412 4999 541 5066 divitias
577 5004 648 5068 eius
683 5006 941 5091 longanimitatis
977 5014 1208 5092 contempnere
1249 5028 1314 5070 nou
1349 5007 1539 5088 formidant,
1578 5006 1639 5071 sibi
1673 5008 1755 5071 iram
1789 5006 1822 5069 iu
1860 5005 1913 5069 die
1948 5002 2060 5067 iudicii

411 5105 643 5172 thesaurizant.
677 5175 682 5198 ,
709 5109 761 5173 Ab
796 5109 858 5174 hoe
892 5109 1068 5175 metuendo
1102 5109 1274 5191 thesauro,
1313 5111 1368 5196 qui
1402 5112 1627 5176 confusionem
1662 5099 1818 5196 perpetue
1855 5107 2057 5195 paupertatis
2124 5141 2136 5176 ι,

411 5209 549 5292 inducit,
582 5233 640 5278 vos
664 5235 855 5299 preservare
880 5214 973 5278 iuxta
995 5213 1094 5279 efficii
1117 5214 1220 5278 nostri
1244 5211 1388 5280 debitum
1413 5222 1618 5299 satagentes,
1650 5213 1896 5278 universitatem
1919 5218 2061 5276 vestram

410 5334 596 5396 monemus,
625 5337 778 5401 rogamus
811 5325 844 5383 et
873 5319 1082 5384 obsecramus
1111 5319 1143 5382 in
1172 5318 1302 5383 domino
1333 5320 1411 5384 Iesu
1434 5317 1580 5400 Christo,
1611 5340 1649 5383 ac
1678 5340 1737 5405 per
1765 5317 1945 5404 apostolica
1967 5314 2060 5379 vobis

411 5417 533 5503 scripta
555 5419 765 5505 precipiendo
788 5421 997 5503 mandamus,
1030 5429 1190 5509 quatenus
1215 5422 1256 5486 ad
1278 5421 1385 5487 Deum
1408 5422 1569 5487 habentes
1592 5443 1673 5507 puro
1697 5420 1794 5486 corde
1817 5426 2004 5505 respectum
2028 5422 2061 5482 et

410 5521 607 5584 transitoriis
623 5528 747 5605 eterna,
769 5530 805 5588 ut
827 5526 989 5606 convenit,
1011 5525 1227 5611 preferentes,
1250 5526 1379 5590 omissis
1403 5525 1589 5591 huiusmodi
1611 5525 1879 5590 adinventionum
1895 5523 2058 5602 versutiis,

410 5623 528 5708 quibus
551 5623 659 5691 nullos
682 5628 788 5713 magis
811 5625 962 5713 decipitis
987 5649 1082 5712 quam
1100 5651 1157 5694 vos
1180 5630 1280 5716 ipsos,
1304 5651 1343 5694 ea
1366 5651 1428 5715 que
1452 5637 1566 5694 contra
1585 5631 1747 5697 hereticos
1771 5639 1804 5696 et
1826 5629 1997 5695 eredentes
2020 5653 2058 5694 ac
