<?xml version="1.0" encoding="UTF-8"?>
<!DOCTYPE html PUBLIC "-//W3C//DTD XHTML 1.0 Transitional//EN"
    "http://www.w3.org/TR/xhtml1/DTD/xhtml1-transitional.dtd">
<html xmlns="http://www.w3.org/1999/xhtml" xml:lang="en" lang="en">
 <head>
  <title>
</title>
<meta http-equiv="Content-Type" content="text/html;charset=utf-8" />
  <meta name='ocr-system' content='tesseract 3.04.00' />
  <meta name='ocr-capabilities' content='ocr_page ocr_carea ocr_par ocr_line ocrx_word'/>
</head>
<body>
  <div class='ocr_page' id='page_1' title='image "./monumentagerman00peipgoog/monumentagerman00peipgoog_0390.png"; bbox 0 0 4604 6420; ppageno 0'>
   <div class='ocr_carea' id='block_1_1' title="bbox 391 353 1869 474">
    <p class='ocr_par' dir='ltr' id='par_1_1' title="bbox 391 353 1869 474">
     <span class='ocr_line' id='line_1_1' title="bbox 391 353 1869 474; baseline 0.013 -21"><span class='ocrx_word' id='word_1_1' title='bbox 391 353 407 392; x_wconf 39' lang='lat' dir='ltr'>x</span> <span class='ocrx_word' id='word_1_2' title='bbox 783 404 984 470; x_wconf 80' lang='lat' dir='ltr'><strong>EPISTOLAE</strong></span> <span class='ocrx_word' id='word_1_3' title='bbox 1002 405 1192 462; x_wconf 71' lang='lat' dir='ltr'>sanaem.</span> <span class='ocrx_word' id='word_1_4' title='bbox 1230 409 1304 462; x_wconf 83' lang='lat'>1231.</span> <span class='ocrx_word' id='word_1_5' title='bbox 1577 405 1578 408; x_wconf 27' lang='lat'>¹</span> <span class='ocrx_word' id='word_1_6' title='bbox 1808 412 1869 474; x_wconf 84' lang='grc'>367</span> 
     </span>
    </p>
   </div>
   <div class='ocr_carea' id='block_1_2' title="bbox 293 632 1793 731">
    <p class='ocr_par' dir='ltr' id='par_1_2' title="bbox 293 632 1793 731">
     <span class='ocr_line' id='line_1_2' title="bbox 293 632 1793 731; baseline 0.006 -27"><span class='ocrx_word' id='word_1_7' title='bbox 293 688 301 704; x_wconf 96' lang='grc'><strong>.</strong></span> <span class='ocrx_word' id='word_1_8' title='bbox 332 689 340 706; x_wconf 94' lang='grc'><strong>.</strong></span> <span class='ocrx_word' id='word_1_9' title='bbox 369 632 559 726; x_wconf 68' lang='lat' dir='ltr'>Reginoa</span> <span class='ocrx_word' id='word_1_10' title='bbox 586 640 626 709; x_wconf 89' lang='lat' dir='ltr'>et</span> <span class='ocrx_word' id='word_1_11' title='bbox 654 692 663 710; x_wconf 93' lang='lat'><strong>.</strong></span> <span class='ocrx_word' id='word_1_12' title='bbox 693 693 702 709; x_wconf 89' lang='lat'><strong>.</strong></span> <span class='ocrx_word' id='word_1_13' title='bbox 731 637 952 710; x_wconf 82' lang='lat' dir='ltr'>Brixiensi</span> <span class='ocrx_word' id='word_1_14' title='bbox 980 637 1202 731; x_wconf 84' lang='lat' dir='ltr'>episcopis</span> <span class='ocrx_word' id='word_1_15' title='bbox 1229 641 1271 709; x_wconf 90' lang='lat' dir='ltr'>et</span> <span class='ocrx_word' id='word_1_16' title='bbox 1298 693 1306 711; x_wconf 92' lang='lat'><strong>.</strong></span> <span class='ocrx_word' id='word_1_17' title='bbox 1336 693 1345 710; x_wconf 89' lang='lat'><strong>.</strong></span> <span class='ocrx_word' id='word_1_18' title='bbox 1374 638 1515 711; x_wconf 87' lang='lat' dir='ltr'>electo</span> <span class='ocrx_word' id='word_1_19' title='bbox 1542 639 1793 713; x_wconf 84' lang='lat' dir='ltr'>Mantuano.</span> 
     </span>
    </p>
   </div>
   <div class='ocr_carea' id='block_1_3' title="bbox 144 782 1876 3357">
    <p class='ocr_par' dir='ltr' id='par_1_3' title="bbox 216 782 1872 1078">
     <span class='ocr_line' id='line_1_3' title="bbox 325 782 1872 872; baseline 0.002 -27"><span class='ocrx_word' id='word_1_20' title='bbox 325 782 408 846; x_wconf 88' lang='lat' dir='ltr'>Cum</span> <span class='ocrx_word' id='word_1_21' title='bbox 439 785 581 849; x_wconf 88' lang='lat' dir='ltr'>societas</span> <span class='ocrx_word' id='word_1_22' title='bbox 610 785 809 851; x_wconf 88' lang='lat' dir='ltr'>Lombardie</span> <span class='ocrx_word' id='word_1_23' title='bbox 841 787 936 850; x_wconf 91' lang='lat' dir='ltr'>nobis</span> <span class='ocrx_word' id='word_1_24' title='bbox 967 792 1001 849; x_wconf 89' lang='lat' dir='ltr'>et</span> <span class='ocrx_word' id='word_1_25' title='bbox 1035 786 1175 850; x_wconf 90' lang='lat' dir='ltr'>ecclesie</span> <span class='ocrx_word' id='word_1_26' title='bbox 1206 785 1353 851; x_wconf 89' lang='lat' dir='ltr'>Romano</span> <span class='ocrx_word' id='word_1_27' title='bbox 1389 792 1538 872; x_wconf 91' lang='lat' dir='ltr'>tempore</span> <span class='ocrx_word' id='word_1_28' title='bbox 1571 786 1779 851; x_wconf 79' lang='lat' dir='ltr'>necessitatis</span> <span class='ocrx_word' id='word_1_29' title='bbox 1814 785 1872 850; x_wconf 87' lang='lat' dir='ltr'>ad-</span> 
     </span>
     <span class='ocr_line' id='line_1_4' title="bbox 217 884 1872 974; baseline 0.002 -26"><span class='ocrx_word' id='word_1_30' title='bbox 217 884 352 966; x_wconf 89' lang='lat' dir='ltr'>heserit,</span> <span class='ocrx_word' id='word_1_31' title='bbox 376 887 460 951; x_wconf 91' lang='lat' dir='ltr'>etin</span> <span class='ocrx_word' id='word_1_32' title='bbox 479 889 569 974; x_wconf 83' lang='lat' dir='ltr'>pacis</span> <span class='ocrx_word' id='word_1_33' title='bbox 589 888 700 954; x_wconf 86' lang='lat' dir='ltr'>federe</span> <span class='ocrx_word' id='word_1_34' title='bbox 718 890 880 954; x_wconf 90' lang='lat' dir='ltr'>internos</span> <span class='ocrx_word' id='word_1_35' title='bbox 904 896 938 954; x_wconf 89' lang='lat' dir='ltr'>et</span> <span class='ocrx_word' id='word_1_36' title='bbox 958 890 1162 954; x_wconf 90' lang='lat' dir='ltr'>carissimum</span> <span class='ocrx_word' id='word_1_37' title='bbox 1179 889 1212 952; x_wconf 92' lang='lat' dir='ltr'>in</span> <span class='ocrx_word' id='word_1_38' title='bbox 1229 887 1360 953; x_wconf 80' lang='lat' dir='ltr'>Christo</span> <span class='ocrx_word' id='word_1_39' title='bbox 1376 889 1477 953; x_wconf 90' lang='lat' dir='ltr'>lilium</span> <span class='ocrx_word' id='word_1_40' title='bbox 1494 895 1642 954; x_wconf 90' lang='lat' dir='ltr'>nostrum</span> <span class='ocrx_word' id='word_1_41' title='bbox 1660 889 1872 967; x_wconf 85' lang='lat' dir='ltr'>Fridericum‚</span> 
     </span>
     <span class='ocr_line' id='line_1_5' title="bbox 216 990 1872 1078; baseline 0.001 -24"><span class='ocrx_word' id='word_1_42' title='bbox 216 990 440 1056; x_wconf 85' lang='lat' dir='ltr'>Rornanorum</span> <span class='ocrx_word' id='word_1_43' title='bbox 473 993 704 1078; x_wconf 80' lang='lat' dir='ltr'>imperatorem</span> <span class='ocrx_word' id='word_1_44' title='bbox 738 994 898 1057; x_wconf 84' lang='lat' dir='ltr'>illustrem</span> <span class='ocrx_word' id='word_1_45' title='bbox 933 1013 1064 1078; x_wconf 86' lang='lat' dir='ltr'>semper</span> <span class='ocrx_word' id='word_1_46' title='bbox 1099 998 1292 1078; x_wconf 90' lang='lat' dir='ltr'>augustum,</span> <span class='ocrx_word' id='word_1_47' title='bbox 1325 991 1505 1056; x_wconf 82' lang='lat' dir='ltr'>Ierusalem</span> <span class='ocrx_word' id='word_1_48' title='bbox 1540 999 1573 1057; x_wconf 90' lang='lat' dir='ltr'>et</span> <span class='ocrx_word' id='word_1_49' title='bbox 1604 992 1715 1056; x_wconf 82' lang='lat' dir='ltr'>Sicilie</span> <span class='ocrx_word' id='word_1_50' title='bbox 1749 1013 1872 1076; x_wconf 87' lang='lat' dir='ltr'>regem,</span> 
     </span>
    </p>

    <p class='ocr_par' dir='ltr' id='par_1_4' title="bbox 152 1093 1875 2112">
     <span class='ocr_line' id='line_1_6' title="bbox 152 1093 1873 1183; baseline 0.001 -26"><span class='ocrx_word' id='word_1_51' title='bbox 152 1113 164 1150; x_wconf 73' lang='lat' dir='ltr'>s</span> <span class='ocrx_word' id='word_1_52' title='bbox 217 1093 392 1159; x_wconf 87' lang='lat' dir='ltr'>reformate</span> <span class='ocrx_word' id='word_1_53' title='bbox 418 1096 484 1160; x_wconf 89' lang='lat' dir='ltr'>sint</span> <span class='ocrx_word' id='word_1_54' title='bbox 512 1096 615 1183; x_wconf 89' lang='lat' dir='ltr'>ipsius</span> <span class='ocrx_word' id='word_1_55' title='bbox 646 1096 814 1161; x_wconf 89' lang='lat' dir='ltr'>societatis</span> <span class='ocrx_word' id='word_1_56' title='bbox 837 1096 986 1160; x_wconf 91' lang='lat' dir='ltr'>homines</span> <span class='ocrx_word' id='word_1_57' title='bbox 1009 1095 1121 1160; x_wconf 93' lang='lat' dir='ltr'>taliter</span> <span class='ocrx_word' id='word_1_58' title='bbox 1143 1095 1387 1182; x_wconf 88' lang='lat' dir='ltr'>comprehensi,</span> <span class='ocrx_word' id='word_1_59' title='bbox 1419 1093 1533 1180; x_wconf 91' lang='lat' dir='ltr'>utqui</span> <span class='ocrx_word' id='word_1_60' title='bbox 1562 1115 1620 1159; x_wconf 91' lang='lat' dir='ltr'>eos</span> <span class='ocrx_word' id='word_1_61' title='bbox 1641 1116 1700 1181; x_wconf 93' lang='lat' dir='ltr'>pro</span> <span class='ocrx_word' id='word_1_62' title='bbox 1724 1116 1763 1160; x_wconf 91' lang='lat' dir='ltr'>eo</span> <span class='ocrx_word' id='word_1_63' title='bbox 1787 1095 1873 1180; x_wconf 92' lang='lat' dir='ltr'>quod</span> 
     </span>
     <span class='ocr_line' id='line_1_7' title="bbox 216 1197 1873 1285; baseline 0 -23"><span class='ocrx_word' id='word_1_64' title='bbox 216 1197 312 1264; x_wconf 90' lang='lat' dir='ltr'>nobis</span> <span class='ocrx_word' id='word_1_65' title='bbox 335 1197 535 1264; x_wconf 88' lang='lat' dir='ltr'>adheserunt</span> <span class='ocrx_word' id='word_1_66' title='bbox 565 1199 755 1278; x_wconf 83' lang='lat' dir='ltr'>offenderit,</span> <span class='ocrx_word' id='word_1_67' title='bbox 783 1200 951 1264; x_wconf 86' lang='lat' dir='ltr'>offendere</span> <span class='ocrx_word' id='word_1_68' title='bbox 974 1197 1156 1262; x_wconf 80' lang='lat' dir='ltr'>Romanam</span> <span class='ocrx_word' id='word_1_69' title='bbox 1188 1198 1363 1262; x_wconf 88' lang='lat' dir='ltr'>ecelesiam</span> <span class='ocrx_word' id='word_1_70' title='bbox 1395 1202 1578 1283; x_wconf 88' lang='lat' dir='ltr'>reputetur:</span> <span class='ocrx_word' id='word_1_71' title='bbox 1609 1199 1693 1263; x_wconf 92' lang='lat' dir='ltr'>sieut</span> <span class='ocrx_word' id='word_1_72' title='bbox 1722 1205 1873 1285; x_wconf 88' lang='lat' dir='ltr'>optamus</span> 
     </span>
     <span class='ocr_line' id='line_1_8' title="bbox 218 1300 1872 1391; baseline 0.001 -26"><span class='ocrx_word' id='word_1_73' title='bbox 218 1323 258 1366; x_wconf 89' lang='lat' dir='ltr'>ea</span> <span class='ocrx_word' id='word_1_74' title='bbox 281 1323 344 1386; x_wconf 93' lang='lat' dir='ltr'>que</span> <span class='ocrx_word' id='word_1_75' title='bbox 367 1300 408 1366; x_wconf 90' lang='lat' dir='ltr'>ad</span> <span class='ocrx_word' id='word_1_76' title='bbox 432 1302 669 1368; x_wconf 81' lang='lat' dir='ltr'>firmamentum</span> <span class='ocrx_word' id='word_1_77' title='bbox 693 1305 784 1391; x_wconf 90' lang='lat' dir='ltr'>pacis</span> <span class='ocrx_word' id='word_1_78' title='bbox 807 1305 994 1389; x_wconf 88' lang='lat' dir='ltr'>pertineant</span> <span class='ocrx_word' id='word_1_79' title='bbox 1016 1304 1081 1388; x_wconf 88' lang='lat' dir='ltr'>agi,</span> <span class='ocrx_word' id='word_1_80' title='bbox 1105 1303 1152 1367; x_wconf 92' lang='lat' dir='ltr'>sie</span> <span class='ocrx_word' id='word_1_81' title='bbox 1175 1302 1232 1366; x_wconf 93' lang='lat' dir='ltr'>illa</span> <span class='ocrx_word' id='word_1_82' title='bbox 1248 1301 1365 1387; x_wconf 92' lang='lat' dir='ltr'>quibus</span> <span class='ocrx_word' id='word_1_83' title='bbox 1381 1322 1496 1388; x_wconf 91' lang='lat' dir='ltr'>pacem</span> <span class='ocrx_word' id='word_1_84' title='bbox 1520 1302 1619 1387; x_wconf 87' lang='lat' dir='ltr'>longa</span> <span class='ocrx_word' id='word_1_85' title='bbox 1634 1301 1872 1368; x_wconf 83' lang='lat' dir='ltr'>deliberatione</span> 
     </span>
     <span class='ocr_line' id='line_1_9' title="bbox 219 1402 1872 1492; baseline 0 -24"><span class='ocrx_word' id='word_1_86' title='bbox 219 1406 434 1492; x_wconf 79' lang='lat' dir='ltr'>completam,</span> <span class='ocrx_word' id='word_1_87' title='bbox 463 1405 550 1490; x_wconf 93' lang='lat' dir='ltr'>quod</span> <span class='ocrx_word' id='word_1_88' title='bbox 573 1405 666 1471; x_wconf 92' lang='lat' dir='ltr'>Deus</span> <span class='ocrx_word' id='word_1_89' title='bbox 690 1414 831 1486; x_wconf 89' lang='lat' dir='ltr'>avertat,</span> <span class='ocrx_word' id='word_1_90' title='bbox 860 1407 976 1472; x_wconf 80' lang='lat' dir='ltr'>violari</span> <span class='ocrx_word' id='word_1_91' title='bbox 1000 1406 1222 1490; x_wconf 89' lang='lat' dir='ltr'>contingeret,</span> <span class='ocrx_word' id='word_1_92' title='bbox 1250 1404 1399 1468; x_wconf 89' lang='lat' dir='ltr'>volumus</span> <span class='ocrx_word' id='word_1_93' title='bbox 1423 1403 1590 1468; x_wconf 86' lang='lat' dir='ltr'>declinari.</span> <span class='ocrx_word' id='word_1_94' title='bbox 1635 1402 1803 1492; x_wconf 84' lang='lat' dir='ltr'>Experto</span> <span class='ocrx_word' id='word_1_95' title='bbox 1828 1406 1872 1468; x_wconf 93' lang='lat' dir='ltr'>si-</span> 
     </span>
     <span class='ocr_line' id='line_1_10' title="bbox 218 1507 1875 1596; baseline 0 -24"><span class='ocrx_word' id='word_1_96' title='bbox 218 1509 349 1594; x_wconf 90' lang='lat' dir='ltr'>quidem</span> <span class='ocrx_word' id='word_1_97' title='bbox 373 1509 580 1596; x_wconf 91' lang='lat' dir='ltr'>imperatoris</span> <span class='ocrx_word' id='word_1_98' title='bbox 603 1512 751 1577; x_wconf 89' lang='lat' dir='ltr'>eiusdem</span> <span class='ocrx_word' id='word_1_99' title='bbox 775 1513 897 1576; x_wconf 91' lang='lat' dir='ltr'>nostris</span> <span class='ocrx_word' id='word_1_100' title='bbox 920 1518 972 1575; x_wconf 89' lang='lat' dir='ltr'>est</span> <span class='ocrx_word' id='word_1_101' title='bbox 994 1531 1099 1596; x_wconf 85' lang='lat' dir='ltr'>nuper</span> <span class='ocrx_word' id='word_1_102' title='bbox 1121 1508 1256 1573; x_wconf 91' lang='lat' dir='ltr'>auribus</span> <span class='ocrx_word' id='word_1_103' title='bbox 1280 1509 1483 1588; x_wconf 90' lang='lat' dir='ltr'>intimatum,</span> <span class='ocrx_word' id='word_1_104' title='bbox 1514 1507 1601 1592; x_wconf 93' lang='lat' dir='ltr'>quod</span> <span class='ocrx_word' id='word_1_105' title='bbox 1623 1507 1711 1573; x_wconf 91' lang='lat' dir='ltr'>idem</span> <span class='ocrx_word' id='word_1_106' title='bbox 1734 1507 1875 1573; x_wconf 84' lang='lat' dir='ltr'>intendit</span> 
     </span>
     <span class='ocr_line' id='line_1_11' title="bbox 220 1610 1873 1699; baseline -0.001 -24"><span class='ocrx_word' id='word_1_107' title='bbox 220 1611 343 1677; x_wconf 90' lang='lat' dir='ltr'>habere</span> <span class='ocrx_word' id='word_1_108' title='bbox 367 1615 522 1698; x_wconf 89' lang='lat' dir='ltr'>generale</span> <span class='ocrx_word' id='word_1_109' title='bbox 547 1615 745 1699; x_wconf 91' lang='lat' dir='ltr'>colloquium</span> <span class='ocrx_word' id='word_1_110' title='bbox 769 1636 841 1679; x_wconf 88' lang='lat' dir='ltr'>eum</span> <span class='ocrx_word' id='word_1_111' title='bbox 864 1613 966 1678; x_wconf 92' lang='lat' dir='ltr'>nobili</span> <span class='ocrx_word' id='word_1_112' title='bbox 988 1614 1059 1676; x_wconf 86' lang='lat' dir='ltr'>viro</span> <span class='ocrx_word' id='word_1_113' title='bbox 1078 1661 1085 1676; x_wconf 90' lang='lat'><strong>.</strong></span> <span class='ocrx_word' id='word_1_114' title='bbox 1102 1661 1110 1675; x_wconf 89' lang='lat'>.</span> <span class='ocrx_word' id='word_1_115' title='bbox 1127 1618 1204 1675; x_wconf 90' lang='lat' dir='ltr'>nato</span> <span class='ocrx_word' id='word_1_116' title='bbox 1227 1633 1286 1676; x_wconf 92' lang='lat' dir='ltr'>suo</span> <span class='ocrx_word' id='word_1_117' title='bbox 1302 1611 1440 1696; x_wconf 90' lang='lat' dir='ltr'>aliisque</span> <span class='ocrx_word' id='word_1_118' title='bbox 1457 1611 1662 1697; x_wconf 90' lang='lat' dir='ltr'>principibus</span> <span class='ocrx_word' id='word_1_119' title='bbox 1678 1610 1873 1675; x_wconf 85' lang='lat' dir='ltr'>Alamannia</span> 
     </span>
     <span class='ocr_line' id='line_1_12' title="bbox 218 1712 1873 1803; baseline -0.001 -25"><span class='ocrx_word' id='word_1_120' title='bbox 218 1716 250 1778; x_wconf 95' lang='lat' dir='ltr'>in</span> <span class='ocrx_word' id='word_1_121' title='bbox 275 1715 422 1800; x_wconf 89' lang='lat' dir='ltr'>partibus</span> <span class='ocrx_word' id='word_1_122' title='bbox 438 1716 646 1796; x_wconf 85' lang='lat' dir='ltr'>Lombardie,</span> <span class='ocrx_word' id='word_1_123' title='bbox 669 1718 864 1803; x_wconf 88' lang='lat' dir='ltr'>promittens</span> <span class='ocrx_word' id='word_1_124' title='bbox 887 1723 999 1780; x_wconf 91' lang='lat' dir='ltr'>nostro</span> <span class='ocrx_word' id='word_1_125' title='bbox 1024 1715 1160 1779; x_wconf 86' lang='lat' dir='ltr'>oonsilio</span> <span class='ocrx_word' id='word_1_126' title='bbox 1185 1735 1220 1778; x_wconf 90' lang='lat' dir='ltr'>se</span> <span class='ocrx_word' id='word_1_127' title='bbox 1243 1735 1389 1794; x_wconf 90' lang='lat' dir='ltr'>usurum,</span> <span class='ocrx_word' id='word_1_128' title='bbox 1413 1713 1579 1798; x_wconf 81' lang='lat' dir='ltr'>nichilque</span> <span class='ocrx_word' id='word_1_129' title='bbox 1603 1713 1764 1778; x_wconf 82' lang='lat' dir='ltr'>facturum</span> <span class='ocrx_word' id='word_1_130' title='bbox 1787 1712 1873 1798; x_wconf 93' lang='lat' dir='ltr'>quod</span> 
     </span>
     <span class='ocr_line' id='line_1_13' title="bbox 218 1815 1874 1907; baseline -0.001 -26"><span class='ocrx_word' id='word_1_131' title='bbox 218 1817 252 1882; x_wconf 91' lang='lat' dir='ltr'>in</span> <span class='ocrx_word' id='word_1_132' title='bbox 275 1817 522 1904; x_wconf 83' lang='lat' dir='ltr'>derogationem</span> <span class='ocrx_word' id='word_1_133' title='bbox 545 1821 636 1907; x_wconf 89' lang='lat' dir='ltr'>pacis</span> <span class='ocrx_word' id='word_1_134' title='bbox 660 1822 798 1898; x_wconf 87' lang='lat' dir='ltr'>existat,</span> <span class='ocrx_word' id='word_1_135' title='bbox 831 1820 1005 1884; x_wconf 89' lang='lat' dir='ltr'>ecelesiam</span> <span class='ocrx_word' id='word_1_136' title='bbox 1035 1819 1088 1882; x_wconf 86' lang='lat' dir='ltr'>vel</span> <span class='ocrx_word' id='word_1_137' title='bbox 1117 1817 1266 1881; x_wconf 93' lang='lat' dir='ltr'>eiusdem</span> <span class='ocrx_word' id='word_1_138' title='bbox 1294 1817 1461 1882; x_wconf 89' lang='lat' dir='ltr'>societatis</span> <span class='ocrx_word' id='word_1_139' title='bbox 1492 1816 1643 1882; x_wconf 90' lang='lat' dir='ltr'>homines</span> <span class='ocrx_word' id='word_1_140' title='bbox 1667 1815 1874 1895; x_wconf 81' lang='lat' dir='ltr'>offendendo,</span> 
     </span>
     <span class='ocr_line' id='line_1_14' title="bbox 219 1920 1872 2012; baseline -0.001 -27"><span class='ocrx_word' id='word_1_141' title='bbox 219 1923 425 1989; x_wconf 87' lang='lat' dir='ltr'>exhibiturus</span> <span class='ocrx_word' id='word_1_142' title='bbox 453 1926 646 2012; x_wconf 90' lang='lat' dir='ltr'>possibilem</span> <span class='ocrx_word' id='word_1_143' title='bbox 674 1933 709 1990; x_wconf 90' lang='lat' dir='ltr'>et</span> <span class='ocrx_word' id='word_1_144' title='bbox 735 1925 907 1990; x_wconf 89' lang='lat' dir='ltr'>honestam</span> <span class='ocrx_word' id='word_1_145' title='bbox 937 1922 978 1987; x_wconf 88' lang='lat' dir='ltr'>de</span> <span class='ocrx_word' id='word_1_146' title='bbox 1006 1921 1183 1986; x_wconf 86' lang='lat' dir='ltr'>securitate</span> <span class='ocrx_word' id='word_1_147' title='bbox 1212 1921 1398 1992; x_wconf 92' lang='lat' dir='ltr'>hominibus</span> <span class='ocrx_word' id='word_1_148' title='bbox 1428 1921 1598 1984; x_wconf 89' lang='lat' dir='ltr'>societatis</span> <span class='ocrx_word' id='word_1_149' title='bbox 1626 1920 1774 2006; x_wconf 91' lang='lat' dir='ltr'>predicte</span> <span class='ocrx_word' id='word_1_150' title='bbox 1797 1940 1872 2005; x_wconf 93' lang='lat' dir='ltr'>pre-</span> 
     </span>
     <span class='ocr_line' id='line_1_15' title="bbox 220 2023 1873 2112; baseline -0.002 -22"><span class='ocrx_word' id='word_1_151' title='bbox 220 2027 353 2107; x_wconf 88' lang='lat' dir='ltr'>standa,</span> <span class='ocrx_word' id='word_1_152' title='bbox 386 2049 482 2112; x_wconf 91' lang='lat' dir='ltr'>quam</span> <span class='ocrx_word' id='word_1_153' title='bbox 511 2029 618 2094; x_wconf 92' lang='lat' dir='ltr'>eidem</span> <span class='ocrx_word' id='word_1_154' title='bbox 642 2029 918 2106; x_wconf 88' lang='lat' dir='ltr'>consuluerimus,</span> <span class='ocrx_word' id='word_1_155' title='bbox 949 2025 1144 2090; x_wconf 87' lang='lat' dir='ltr'>cautionem.</span> <span class='ocrx_word' id='word_1_156' title='bbox 1188 2025 1347 2089; x_wconf 88' lang='lat' dir='ltr'>Nolentes</span> <span class='ocrx_word' id='word_1_157' title='bbox 1377 2024 1478 2109; x_wconf 89' lang='lat' dir='ltr'>igitur</span> <span class='ocrx_word' id='word_1_158' title='bbox 1505 2025 1606 2088; x_wconf 90' lang='lat' dir='ltr'>ullam</span> <span class='ocrx_word' id='word_1_159' title='bbox 1629 2023 1699 2088; x_wconf 89' lang='lat' dir='ltr'>dari</span> <span class='ocrx_word' id='word_1_160' title='bbox 1722 2024 1873 2108; x_wconf 86' lang='lat' dir='ltr'>cuiquam</span> 
     </span>
    </p>

    <p class='ocr_par' dir='ltr' id='par_1_5' title="bbox 156 2125 1874 2218">
     <span class='ocr_line' id='line_1_16' title="bbox 156 2125 1874 2218; baseline -0.003 -24"><span class='ocrx_word' id='word_1_161' title='bbox 156 2174 160 2184; x_wconf 83' lang='lat'><em>·</em></span> <span class='ocrx_word' id='word_1_162' title='bbox 221 2132 390 2196; x_wconf 90' lang='lat' dir='ltr'>materiam</span> <span class='ocrx_word' id='word_1_163' title='bbox 421 2133 635 2218; x_wconf 88' lang='lat' dir='ltr'>malignandi,</span> <span class='ocrx_word' id='word_1_164' title='bbox 667 2131 858 2198; x_wconf 89' lang='lat' dir='ltr'>discretioni</span> <span class='ocrx_word' id='word_1_165' title='bbox 889 2137 998 2196; x_wconf 88' lang='lat' dir='ltr'>vestre</span> <span class='ocrx_word' id='word_1_166' title='bbox 1033 2150 1093 2214; x_wconf 90' lang='lat' dir='ltr'>per</span> <span class='ocrx_word' id='word_1_167' title='bbox 1123 2127 1305 2214; x_wconf 90' lang='lat' dir='ltr'>apostoliea</span> <span class='ocrx_word' id='word_1_168' title='bbox 1328 2127 1449 2213; x_wconf 87' lang='lat' dir='ltr'>scripta</span> <span class='ocrx_word' id='word_1_169' title='bbox 1476 2125 1686 2206; x_wconf 89' lang='lat' dir='ltr'>mandamus,</span> <span class='ocrx_word' id='word_1_170' title='bbox 1721 2127 1874 2212; x_wconf 86' lang='lat' dir='ltr'>quatinus</span> 
     </span>
    </p>

    <p class='ocr_par' dir='ltr' id='par_1_6' title="bbox 187 2227 1875 2426">
     <span class='ocr_line' id='line_1_17' title="bbox 187 2227 1875 2318; baseline -0.004 -19"><span class='ocrx_word' id='word_1_171' title='bbox 187 2245 189 2248; x_wconf 86' lang='grc'><strong>’</strong></span> <span class='ocrx_word' id='word_1_172' title='bbox 220 2227 452 2316; x_wconf 84' lang='lat' dir='ltr'>convenientes</span> <span class='ocrx_word' id='word_1_173' title='bbox 475 2236 507 2300; x_wconf 93' lang='lat' dir='ltr'>in</span> <span class='ocrx_word' id='word_1_174' title='bbox 531 2258 631 2301; x_wconf 90' lang='lat' dir='ltr'>unum</span> <span class='ocrx_word' id='word_1_175' title='bbox 653 2236 792 2301; x_wconf 89' lang='lat' dir='ltr'>dilectos</span> <span class='ocrx_word' id='word_1_176' title='bbox 815 2235 900 2300; x_wconf 89' lang='lat' dir='ltr'>filios</span> <span class='ocrx_word' id='word_1_177' title='bbox 924 2240 1068 2299; x_wconf 90' lang='lat' dir='ltr'>rectores</span> <span class='ocrx_word' id='word_1_178' title='bbox 1092 2232 1260 2297; x_wconf 87' lang='lat' dir='ltr'>societatis</span> <span class='ocrx_word' id='word_1_179' title='bbox 1284 2232 1404 2318; x_wconf 90' lang='lat' dir='ltr'>ipsius,</span> <span class='ocrx_word' id='word_1_180' title='bbox 1428 2251 1528 2316; x_wconf 90' lang='lat' dir='ltr'>super</span> <span class='ocrx_word' id='word_1_181' title='bbox 1550 2228 1703 2294; x_wconf 89' lang='lat' dir='ltr'>cautione</span> <span class='ocrx_word' id='word_1_182' title='bbox 1727 2228 1875 2316; x_wconf 88' lang='lat' dir='ltr'>predicta</span> 
     </span>
     <span class='ocr_line' id='line_1_18' title="bbox 220 2331 1874 2426; baseline -0.004 -24"><span class='ocrx_word' id='word_1_183' title='bbox 220 2346 254 2402; x_wconf 93' lang='lat' dir='ltr'>et</span> <span class='ocrx_word' id='word_1_184' title='bbox 276 2339 349 2403; x_wconf 90' lang='lat' dir='ltr'>aliis</span> <span class='ocrx_word' id='word_1_185' title='bbox 373 2344 515 2404; x_wconf 89' lang='lat' dir='ltr'>tractatu</span> <span class='ocrx_word' id='word_1_186' title='bbox 537 2361 611 2404; x_wconf 91' lang='lat' dir='ltr'>eum</span> <span class='ocrx_word' id='word_1_187' title='bbox 635 2341 683 2404; x_wconf 94' lang='lat' dir='ltr'>eis</span> <span class='ocrx_word' id='word_1_188' title='bbox 706 2340 879 2426; x_wconf 89' lang='lat' dir='ltr'>prehabito</span> <span class='ocrx_word' id='word_1_189' title='bbox 902 2337 1069 2422; x_wconf 82' lang='lat' dir='ltr'>diligenti,</span> <span class='ocrx_word' id='word_1_190' title='bbox 1092 2357 1226 2401; x_wconf 91' lang='lat' dir='ltr'>monere</span> <span class='ocrx_word' id='word_1_191' title='bbox 1250 2356 1288 2399; x_wconf 90' lang='lat' dir='ltr'>ae</span> <span class='ocrx_word' id='word_1_192' title='bbox 1311 2332 1467 2398; x_wconf 88' lang='lat' dir='ltr'>inducere</span> <span class='ocrx_word' id='word_1_193' title='bbox 1491 2332 1692 2419; x_wconf 77' lang='lat' dir='ltr'>procuretis,</span> <span class='ocrx_word' id='word_1_194' title='bbox 1723 2353 1765 2396; x_wconf 90' lang='lat' dir='ltr'>ne</span> <span class='ocrx_word' id='word_1_195' title='bbox 1788 2331 1874 2416; x_wconf 94' lang='lat' dir='ltr'>quod</span> 
     </span>
    </p>

    <p class='ocr_par' dir='ltr' id='par_1_7' title="bbox 162 2433 1875 2632">
     <span class='ocr_line' id='line_1_19' title="bbox 162 2433 1873 2529; baseline -0.005 -23"><span class='ocrx_word' id='word_1_196' title='bbox 162 2438 174 2449; x_wconf 74' lang='grc'><strong>“</strong></span> <span class='ocrx_word' id='word_1_197' title='bbox 220 2441 328 2506; x_wconf 89' lang='lat' dir='ltr'>eidem</span> <span class='ocrx_word' id='word_1_198' title='bbox 359 2440 400 2506; x_wconf 90' lang='lat' dir='ltr'>ad</span> <span class='ocrx_word' id='word_1_199' title='bbox 423 2442 485 2506; x_wconf 92' lang='lat' dir='ltr'>hoe</span> <span class='ocrx_word' id='word_1_200' title='bbox 508 2443 777 2528; x_wconf 91' lang='lat' dir='ltr'>impedimentum</span> <span class='ocrx_word' id='word_1_201' title='bbox 800 2443 966 2529; x_wconf 89' lang='lat' dir='ltr'>patiantur</span> <span class='ocrx_word' id='word_1_202' title='bbox 989 2441 1124 2529; x_wconf 91' lang='lat' dir='ltr'>opponi,</span> <span class='ocrx_word' id='word_1_203' title='bbox 1152 2439 1212 2503; x_wconf 91' lang='lat' dir='ltr'>sed</span> <span class='ocrx_word' id='word_1_204' title='bbox 1236 2437 1357 2502; x_wconf 89' lang='lat' dir='ltr'>dietum</span> <span class='ocrx_word' id='word_1_205' title='bbox 1380 2437 1525 2502; x_wconf 92' lang='lat' dir='ltr'>nobilem</span> <span class='ocrx_word' id='word_1_206' title='bbox 1549 2442 1582 2500; x_wconf 89' lang='lat' dir='ltr'>et</span> <span class='ocrx_word' id='word_1_207' title='bbox 1610 2435 1708 2514; x_wconf 79' lang='lat' dir='ltr'>alios,</span> <span class='ocrx_word' id='word_1_208' title='bbox 1737 2433 1873 2498; x_wconf 89' lang='lat' dir='ltr'>adeius</span> 
     </span>
     <span class='ocr_line' id='line_1_20' title="bbox 220 2536 1875 2632; baseline -0.005 -24"><span class='ocrx_word' id='word_1_209' title='bbox 220 2552 355 2630; x_wconf 91' lang='lat' dir='ltr'>propter</span> <span class='ocrx_word' id='word_1_210' title='bbox 377 2545 439 2610; x_wconf 93' lang='lat' dir='ltr'>hoc</span> <span class='ocrx_word' id='word_1_211' title='bbox 462 2547 662 2632; x_wconf 89' lang='lat' dir='ltr'>presentiam</span> <span class='ocrx_word' id='word_1_212' title='bbox 684 2546 872 2625; x_wconf 84' lang='lat' dir='ltr'>venientes,</span> <span class='ocrx_word' id='word_1_213' title='bbox 904 2545 1009 2610; x_wconf 90' lang='lat' dir='ltr'>libere</span> <span class='ocrx_word' id='word_1_214' title='bbox 1033 2565 1071 2608; x_wconf 91' lang='lat' dir='ltr'>ae</span> <span class='ocrx_word' id='word_1_215' title='bbox 1095 2550 1250 2628; x_wconf 89' lang='lat' dir='ltr'>tanquam</span> <span class='ocrx_word' id='word_1_216' title='bbox 1272 2542 1360 2606; x_wconf 85' lang='lat' dir='ltr'>viros</span> <span class='ocrx_word' id='word_1_217' title='bbox 1383 2540 1537 2628; x_wconf 90' lang='lat' dir='ltr'>pacificos</span> <span class='ocrx_word' id='word_1_218' title='bbox 1562 2560 1622 2624; x_wconf 89' lang='lat' dir='ltr'>per</span> <span class='ocrx_word' id='word_1_219' title='bbox 1642 2536 1875 2602; x_wconf 85' lang='lat' dir='ltr'>Lombardiam</span> 
     </span>
    </p>

    <p class='ocr_par' dir='ltr' id='par_1_8' title="bbox 144 2640 1876 3149">
     <span class='ocr_line' id='line_1_21' title="bbox 144 2640 1874 2735; baseline -0.004 -25"><span class='ocrx_word' id='word_1_220' title='bbox 144 2698 155 2710; x_wconf 89' lang='lat'>.</span> <span class='ocrx_word' id='word_1_221' title='bbox 223 2649 362 2714; x_wconf 90' lang='lat' dir='ltr'>transire</span> <span class='ocrx_word' id='word_1_222' title='bbox 387 2655 454 2713; x_wconf 91' lang='lat' dir='ltr'>tam</span> <span class='ocrx_word' id='word_1_223' title='bbox 478 2649 585 2714; x_wconf 93' lang='lat' dir='ltr'>eundo</span> <span class='ocrx_word' id='word_1_224' title='bbox 608 2670 704 2734; x_wconf 88' lang='lat' dir='ltr'>quam</span> <span class='ocrx_word' id='word_1_225' title='bbox 736 2649 904 2715; x_wconf 90' lang='lat' dir='ltr'>redeundo</span> <span class='ocrx_word' id='word_1_226' title='bbox 927 2649 1135 2735; x_wconf 89' lang='lat' dir='ltr'>permittant,</span> <span class='ocrx_word' id='word_1_227' title='bbox 1166 2647 1212 2710; x_wconf 89' lang='lat' dir='ltr'>ita</span> <span class='ocrx_word' id='word_1_228' title='bbox 1241 2643 1328 2730; x_wconf 91' lang='lat' dir='ltr'>quod</span> <span class='ocrx_word' id='word_1_229' title='bbox 1356 2644 1479 2708; x_wconf 91' lang='lat' dir='ltr'>nullam</span> <span class='ocrx_word' id='word_1_230' title='bbox 1511 2642 1695 2706; x_wconf 88' lang='lat' dir='ltr'>sustineant</span> <span class='ocrx_word' id='word_1_231' title='bbox 1721 2640 1874 2704; x_wconf 90' lang='lat' dir='ltr'>iniuriam</span> 
     </span>
     <span class='ocr_line' id='line_1_22' title="bbox 222 2744 1873 2840; baseline -0.005 -23"><span class='ocrx_word' id='word_1_232' title='bbox 222 2754 275 2818; x_wconf 87' lang='lat' dir='ltr'>vel</span> <span class='ocrx_word' id='word_1_233' title='bbox 299 2753 472 2828; x_wconf 79' lang='lat' dir='ltr'>offensam3</span> <span class='ocrx_word' id='word_1_234' title='bbox 501 2754 633 2840; x_wconf 87' lang='lat' dir='ltr'>proviso</span> <span class='ocrx_word' id='word_1_235' title='bbox 656 2775 697 2818; x_wconf 91' lang='lat' dir='ltr'>ne</span> <span class='ocrx_word' id='word_1_236' title='bbox 721 2754 750 2816; x_wconf 91' lang='lat' dir='ltr'>si</span> <span class='ocrx_word' id='word_1_237' title='bbox 772 2753 844 2818; x_wconf 89' lang='lat' dir='ltr'>eius</span> <span class='ocrx_word' id='word_1_238' title='bbox 868 2751 1067 2837; x_wconf 89' lang='lat' dir='ltr'>colloquium</span> <span class='ocrx_word' id='word_1_239' title='bbox 1089 2771 1150 2837; x_wconf 88' lang='lat' dir='ltr'>per</span> <span class='ocrx_word' id='word_1_240' title='bbox 1171 2749 1263 2836; x_wconf 91' lang='lat' dir='ltr'>ipsos</span> <span class='ocrx_word' id='word_1_241' title='bbox 1286 2754 1401 2813; x_wconf 89' lang='lat' dir='ltr'>contra</span> <span class='ocrx_word' id='word_1_242' title='bbox 1428 2753 1578 2813; x_wconf 90' lang='lat' dir='ltr'>nostrum</span> <span class='ocrx_word' id='word_1_243' title='bbox 1601 2744 1773 2809; x_wconf 89' lang='lat' dir='ltr'>consilium</span> <span class='ocrx_word' id='word_1_244' title='bbox 1796 2765 1873 2809; x_wconf 89' lang='lat' dir='ltr'>con-</span> 
     </span>
     <span class='ocr_line' id='line_1_23' title="bbox 222 2846 1876 2943; baseline -0.006 -23"><span class='ocrx_word' id='word_1_245' title='bbox 222 2857 366 2943; x_wconf 89' lang='lat' dir='ltr'>tingeret</span> <span class='ocrx_word' id='word_1_246' title='bbox 388 2855 496 2920; x_wconf 91' lang='lat' dir='ltr'>minus</span> <span class='ocrx_word' id='word_1_247' title='bbox 525 2854 660 2943; x_wconf 86' lang='lat' dir='ltr'>provide</span> <span class='ocrx_word' id='word_1_248' title='bbox 684 2856 850 2942; x_wconf 87' lang='lat' dir='ltr'>impediri,</span> <span class='ocrx_word' id='word_1_249' title='bbox 877 2855 967 2942; x_wconf 90' lang='lat' dir='ltr'>pacis</span> <span class='ocrx_word' id='word_1_250' title='bbox 990 2853 1159 2938; x_wconf 91' lang='lat' dir='ltr'>negotium</span> <span class='ocrx_word' id='word_1_251' title='bbox 1181 2851 1332 2916; x_wconf 86' lang='lat' dir='ltr'>videatur</span> <span class='ocrx_word' id='word_1_252' title='bbox 1352 2871 1413 2936; x_wconf 92' lang='lat' dir='ltr'>per</span> <span class='ocrx_word' id='word_1_253' title='bbox 1435 2870 1493 2914; x_wconf 90' lang='lat' dir='ltr'>eos</span> <span class='ocrx_word' id='word_1_254' title='bbox 1515 2855 1549 2913; x_wconf 90' lang='lat' dir='ltr'>et</span> <span class='ocrx_word' id='word_1_255' title='bbox 1571 2846 1679 2933; x_wconf 90' lang='lat' dir='ltr'>quoad</span> <span class='ocrx_word' id='word_1_256' title='bbox 1700 2867 1758 2912; x_wconf 90' lang='lat' dir='ltr'>eos</span> <span class='ocrx_word' id='word_1_257' title='bbox 1781 2848 1876 2932; x_wconf 91' lang='lat' dir='ltr'>quasi</span> 
     </span>
     <span class='ocr_line' id='line_1_24' title="bbox 222 2949 1875 3044; baseline -0.007 -19"><span class='ocrx_word' id='word_1_258' title='bbox 222 2959 370 3025; x_wconf 88' lang='lat' dir='ltr'>studiose</span> <span class='ocrx_word' id='word_1_259' title='bbox 384 2958 531 3024; x_wconf 82' lang='lat' dir='ltr'>dissolri.</span> <span class='ocrx_word' id='word_1_260' title='bbox 576 2958 661 3032; x_wconf 84' lang='lat' dir='ltr'>Quia</span> <span class='ocrx_word' id='word_1_261' title='bbox 676 2981 754 3024; x_wconf 88' lang='lat' dir='ltr'>vero</span> <span class='ocrx_word' id='word_1_262' title='bbox 770 2959 877 3024; x_wconf 88' lang='lat' dir='ltr'>dietus</span> <span class='ocrx_word' id='word_1_263' title='bbox 893 2959 1071 3044; x_wconf 91' lang='lat' dir='ltr'>imperator</span> <span class='ocrx_word' id='word_1_264' title='bbox 1085 2955 1239 3042; x_wconf 89' lang='lat' dir='ltr'>proponit</span> <span class='ocrx_word' id='word_1_265' title='bbox 1254 2955 1439 3019; x_wconf 87' lang='lat' dir='ltr'>accelerare</span> <span class='ocrx_word' id='word_1_266' title='bbox 1457 2952 1666 3040; x_wconf 91' lang='lat' dir='ltr'>colloquium,</span> <span class='ocrx_word' id='word_1_267' title='bbox 1688 2949 1875 3014; x_wconf 89' lang='lat' dir='ltr'>mandatum</span> 
     </span>
     <span class='ocr_line' id='line_1_25' title="bbox 222 3056 1876 3149; baseline -0.007 -21"><span class='ocrx_word' id='word_1_268' title='bbox 222 3069 370 3128; x_wconf 89' lang='lat' dir='ltr'>nostrum</span> <span class='ocrx_word' id='word_1_269' title='bbox 386 3064 507 3128; x_wconf 87' lang='lat' dir='ltr'>curetis</span> <span class='ocrx_word' id='word_1_270' title='bbox 524 3062 704 3149; x_wconf 89' lang='lat' dir='ltr'>adimplere</span> <span class='ocrx_word' id='word_1_271' title='bbox 721 3063 883 3140; x_wconf 87' lang='lat' dir='ltr'>celeriter,</span> <span class='ocrx_word' id='word_1_272' title='bbox 906 3067 1016 3126; x_wconf 89' lang='lat' dir='ltr'>tamen</span> <span class='ocrx_word' id='word_1_273' title='bbox 1039 3066 1144 3139; x_wconf 89' lang='lat' dir='ltr'>caute,</span> <span class='ocrx_word' id='word_1_274' title='bbox 1169 3077 1242 3124; x_wconf 86' lang='lat' dir='ltr'>eum</span> <span class='ocrx_word' id='word_1_275' title='bbox 1265 3058 1327 3123; x_wconf 88' lang='lat' dir='ltr'>hec</span> <span class='ocrx_word' id='word_1_276' title='bbox 1350 3057 1460 3122; x_wconf 89' lang='lat' dir='ltr'>omnia</span> <span class='ocrx_word' id='word_1_277' title='bbox 1477 3056 1616 3122; x_wconf 90' lang='lat' dir='ltr'>velimus</span> <span class='ocrx_word' id='word_1_278' title='bbox 1639 3074 1714 3120; x_wconf 92' lang='lat' dir='ltr'>esse</span> <span class='ocrx_word' id='word_1_279' title='bbox 1738 3059 1876 3132; x_wconf 88' lang='lat' dir='ltr'>secreta,</span> 
     </span>
    </p>

    <p class='ocr_par' dir='ltr' id='par_1_9' title="bbox 146 3157 1876 3357">
     <span class='ocr_line' id='line_1_26' title="bbox 146 3157 1876 3253; baseline -0.006 -22"><span class='ocrx_word' id='word_1_280' title='bbox 146 3193 163 3223; x_wconf 86' lang='lat'>··</span> <span class='ocrx_word' id='word_1_281' title='bbox 223 3165 319 3231; x_wconf 91' lang='lat' dir='ltr'>nobis</span> <span class='ocrx_word' id='word_1_282' title='bbox 348 3165 413 3231; x_wconf 91' lang='lat' dir='ltr'>cito</span> <span class='ocrx_word' id='word_1_283' title='bbox 444 3173 478 3231; x_wconf 89' lang='lat' dir='ltr'>et</span> <span class='ocrx_word' id='word_1_284' title='bbox 505 3165 646 3231; x_wconf 88' lang='lat' dir='ltr'>fideliter</span> <span class='ocrx_word' id='word_1_285' title='bbox 675 3165 880 3253; x_wconf 85' lang='lat' dir='ltr'>rescripturi,</span> <span class='ocrx_word' id='word_1_286' title='bbox 915 3162 1069 3250; x_wconf 87' lang='lat' dir='ltr'>quiequid</span> <span class='ocrx_word' id='word_1_287' title='bbox 1100 3183 1199 3248; x_wconf 90' lang='lat' dir='ltr'>super</span> <span class='ocrx_word' id='word_1_288' title='bbox 1228 3161 1290 3226; x_wconf 89' lang='lat' dir='ltr'>hoe</span> <span class='ocrx_word' id='word_1_289' title='bbox 1318 3160 1512 3226; x_wconf 81' lang='lat' dir='ltr'>inveneritis</span> <span class='ocrx_word' id='word_1_290' title='bbox 1543 3157 1631 3245; x_wconf 91' lang='lat' dir='ltr'>apud</span> <span class='ocrx_word' id='word_1_291' title='bbox 1658 3179 1730 3238; x_wconf 87' lang='lat' dir='ltr'>eos,</span> <span class='ocrx_word' id='word_1_292' title='bbox 1762 3162 1800 3222; x_wconf 90' lang='lat' dir='ltr'>ut</span> <span class='ocrx_word' id='word_1_293' title='bbox 1826 3157 1876 3221; x_wconf 93' lang='lat' dir='ltr'>in-</span> 
     </span>
     <span class='ocr_line' id='line_1_27' title="bbox 224 3259 1772 3357; baseline -0.006 -23"><span class='ocrx_word' id='word_1_294' title='bbox 224 3270 409 3335; x_wconf 90' lang='lat' dir='ltr'>sinuatione</span> <span class='ocrx_word' id='word_1_295' title='bbox 433 3275 543 3334; x_wconf 88' lang='lat' dir='ltr'>vestra</span> <span class='ocrx_word' id='word_1_296' title='bbox 566 3275 720 3356; x_wconf 88' lang='lat' dir='ltr'>suscepta</span> <span class='ocrx_word' id='word_1_297' title='bbox 743 3269 908 3357; x_wconf 89' lang='lat' dir='ltr'>possimus</span> <span class='ocrx_word' id='word_1_298' title='bbox 930 3267 1068 3353; x_wconf 87' lang='lat' dir='ltr'>negocio</span> <span class='ocrx_word' id='word_1_299' title='bbox 1091 3265 1274 3353; x_wconf 87' lang='lat' dir='ltr'>providere,</span> <span class='ocrx_word' id='word_1_300' title='bbox 1298 3265 1382 3330; x_wconf 89' lang='lat' dir='ltr'>sieut</span> <span class='ocrx_word' id='word_1_301' title='bbox 1405 3262 1504 3328; x_wconf 87' lang='lat' dir='ltr'>fuerit</span> <span class='ocrx_word' id='word_1_302' title='bbox 1525 3259 1772 3348; x_wconf 82' lang='lat' dir='ltr'>providendum.</span> 
     </span>
    </p>
   </div>
   <div class='ocr_carea' id='block_1_4' title="bbox 331 3384 1462 3476">
    <p class='ocr_par' dir='ltr' id='par_1_10' title="bbox 331 3384 1462 3476">
     <span class='ocr_line' id='line_1_28' title="bbox 331 3384 1462 3476; baseline -0.006 -21"><span class='ocrx_word' id='word_1_303' title='bbox 331 3390 419 3456; x_wconf 89' lang='lat' dir='ltr'>Data</span> <span class='ocrx_word' id='word_1_304' title='bbox 440 3389 555 3471; x_wconf 87' lang='lat' dir='ltr'>Reate,</span> <span class='ocrx_word' id='word_1_305' title='bbox 579 3391 611 3454; x_wconf 89' lang='lat' dir='ltr'><strong>V</strong></span> <span class='ocrx_word' id='word_1_306' title='bbox 633 3391 709 3457; x_wconf 89' lang='lat' dir='ltr'>Kal.</span> <span class='ocrx_word' id='word_1_307' title='bbox 732 3390 847 3456; x_wconf 91' lang='lat' dir='ltr'>Oetob.</span> <span class='ocrx_word' id='word_1_308' title='bbox 872 3388 1081 3476; x_wconf 85' lang='lat' dir='ltr'>pontificatus</span> <span class='ocrx_word' id='word_1_309' title='bbox 1103 3387 1207 3452; x_wconf 91' lang='lat' dir='ltr'>nostri</span> <span class='ocrx_word' id='word_1_310' title='bbox 1231 3406 1315 3451; x_wconf 89' lang='lat' dir='ltr'>anno</span> <span class='ocrx_word' id='word_1_311' title='bbox 1338 3384 1462 3471; x_wconf 91' lang='lat' dir='ltr'>quinto.</span> 
     </span>
    </p>
   </div>
   <div class='ocr_carea' id='block_1_5' title="bbox 1009 3823 1097 3897">
    <p class='ocr_par' dir='ltr' id='par_1_11' title="bbox 1009 3823 1097 3897">
     <span class='ocr_line' id='line_1_29' title="bbox 1009 3823 1097 3897; baseline -0.057 0"><span class='ocrx_word' id='word_1_312' title='bbox 1009 3823 1097 3897; x_wconf 78' lang='lat'>455.</span> 
     </span>
    </p>
   </div>
   <div class='ocr_carea' id='block_1_6' title="bbox 225 3939 1878 4257">
    <p class='ocr_par' dir='ltr' id='par_1_12' title="bbox 225 3939 1878 4257">
     <span class='ocr_line' id='line_1_30' title="bbox 333 3939 1878 4052; baseline -0.011 -18"><span class='ocrx_word' id='word_1_313' title='bbox 333 3939 524 4052; x_wconf 65' lang='lat' dir='ltr'>Gregorius</span> <span class='ocrx_word' id='word_1_314' title='bbox 552 3968 609 4032; x_wconf 90' lang='lat' dir='ltr'>IX</span> <span class='ocrx_word' id='word_1_315' title='bbox 634 3987 721 4048; x_wconf 81' lang='lat' dir='ltr'>papa</span> <span class='ocrx_word' id='word_1_316' title='bbox 750 3967 920 4032; x_wconf 76' lang='lat' dir='ltr'>rectoribus</span> <span class='ocrx_word' id='word_1_317' title='bbox 946 3965 1101 4030; x_wconf 79' lang='lat' dir='ltr'>societatis</span> <span class='ocrx_word' id='word_1_318' title='bbox 1126 3961 1334 4028; x_wconf 70' lang='lat' dir='ltr'>lombardiae</span> <span class='ocrx_word' id='word_1_319' title='bbox 1366 3960 1513 4037; x_wconf 82' lang='lat' dir='ltr'>mandat,</span> <span class='ocrx_word' id='word_1_320' title='bbox 1546 3960 1582 4021; x_wconf 84' lang='lat' dir='ltr'>at</span> <span class='ocrx_word' id='word_1_321' title='bbox 1613 3956 1766 4032; x_wconf 84' lang='lat' dir='ltr'>audient,</span> <span class='ocrx_word' id='word_1_322' title='bbox 1799 3975 1878 4036; x_wconf 84' lang='lat' dir='ltr'>qaae</span> 
     </span>
     <span class='ocr_line' id='line_1_31' title="bbox 225 4060 1878 4154; baseline -0.008 -18"><span class='ocrx_word' id='word_1_323' title='bbox 225 4073 375 4154; x_wconf 73' lang='lat' dir='ltr'>Reginae,</span> <span class='ocrx_word' id='word_1_324' title='bbox 397 4071 594 4135; x_wconf 80' lang='lat' dir='ltr'>Mutinensis</span> <span class='ocrx_word' id='word_1_325' title='bbox 608 4074 638 4135; x_wconf 88' lang='lat' dir='ltr'>et</span> <span class='ocrx_word' id='word_1_326' title='bbox 651 4071 837 4135; x_wconf 77' lang='lat' dir='ltr'>Briaierrar‘s</span> <span class='ocrx_word' id='word_1_327' title='bbox 858 4070 992 4151; x_wconf 80' lang='lat' dir='ltr'>episcopi</span> <span class='ocrx_word' id='word_1_328' title='bbox 1014 4068 1176 4133; x_wconf 77' lang='lat' dir='ltr'>etelectus</span> <span class='ocrx_word' id='word_1_329' title='bbox 1189 4064 1394 4129; x_wconf 78' lang='lat' dir='ltr'>Mantuanos</span> <span class='ocrx_word' id='word_1_330' title='bbox 1417 4063 1458 4126; x_wconf 83' lang='lat' dir='ltr'>iis</span> <span class='ocrx_word' id='word_1_331' title='bbox 1477 4065 1665 4143; x_wconf 81' lang='lat' dir='ltr'>proponant,</span> <span class='ocrx_word' id='word_1_332' title='bbox 1688 4064 1718 4124; x_wconf 90' lang='lat' dir='ltr'>et</span> <span class='ocrx_word' id='word_1_333' title='bbox 1739 4060 1878 4124; x_wconf 82' lang='lat' dir='ltr'>celeriter</span> 
     </span>
     <span class='ocr_line' id='line_1_32' title="bbox 226 4166 1541 4257; baseline -0.008 -17"><span class='ocrx_word' id='word_1_334' title='bbox 226 4193 409 4257; x_wconf 82' lang='lat' dir='ltr'>responsam</span> <span class='ocrx_word' id='word_1_335' title='bbox 429 4174 511 4252; x_wconf 83' lang='lat' dir='ltr'>dent,</span> <span class='ocrx_word' id='word_1_336' title='bbox 533 4195 594 4256; x_wconf 81' lang='lat' dir='ltr'>qao</span> <span class='ocrx_word' id='word_1_337' title='bbox 614 4175 657 4238; x_wconf 82' lang='lat' dir='ltr'>tis</span> <span class='ocrx_word' id='word_1_338' title='bbox 678 4173 848 4238; x_wconf 75' lang='lat' dir='ltr'>salubriter</span> <span class='ocrx_word' id='word_1_339' title='bbox 866 4173 967 4254; x_wconf 83' lang='lat' dir='ltr'>possit</span> <span class='ocrx_word' id='word_1_340' title='bbox 981 4169 1153 4254; x_wconf 70' lang='lat' dir='ltr'>movideri.</span> <span class='ocrx_word' id='word_1_341' title='bbox 1201 4166 1253 4252; x_wconf 77' lang='lat' dir='ltr'>Of.</span> <span class='ocrx_word' id='word_1_342' title='bbox 1276 4187 1309 4233; x_wconf 82' lang='lat' dir='ltr'>a.</span> <span class='ocrx_word' id='word_1_343' title='bbox 1332 4167 1398 4230; x_wconf 79' lang='lat'>452</span> <span class='ocrx_word' id='word_1_344' title='bbox 1418 4169 1448 4231; x_wconf 90' lang='lat' dir='ltr'>ct</span> <span class='ocrx_word' id='word_1_345' title='bbox 1467 4167 1541 4231; x_wconf 73' lang='lat'>454.</span> 
     </span>
    </p>
   </div>
   <div class='ocr_carea' id='block_1_7' title="bbox 330 4267 1792 4415">
    <p class='ocr_par' dir='ltr' id='par_1_13' title="bbox 330 4267 1792 4415">
     <span class='ocr_line' id='line_1_33' title="bbox 841 4267 1792 4355; baseline -0.011 -16"><span class='ocrx_word' id='word_1_346' title='bbox 841 4344 846 4355; x_wconf 31' lang='lat'>⁸</span> <span class='ocrx_word' id='word_1_347' title='bbox 1516 4270 1610 4345; x_wconf 84' lang='lat'>1231,</span> <span class='ocrx_word' id='word_1_348' title='bbox 1633 4267 1718 4347; x_wconf 77' lang='lat' dir='ltr'>Sept.</span> <span class='ocrx_word' id='word_1_349' title='bbox 1740 4267 1792 4329; x_wconf 83' lang='lat'>27.</span> 
     </span>
     <span class='ocr_line' id='line_1_34' title="bbox 330 4343 1007 4415; baseline -0.006 -13"><span class='ocrx_word' id='word_1_350' title='bbox 330 4347 411 4415; x_wconf 66' lang='lat' dir='ltr'>Grec.</span> <span class='ocrx_word' id='word_1_351' title='bbox 429 4344 479 4399; x_wconf 88' lang='lat' dir='ltr'>IX</span> <span class='ocrx_word' id='word_1_352' title='bbox 496 4344 563 4412; x_wconf 67' lang='lat' dir='ltr'>Rea.</span> <span class='ocrx_word' id='word_1_353' title='bbox 588 4345 644 4398; x_wconf 81' lang='lat' dir='ltr'>Vol.</span> <span class='ocrx_word' id='word_1_354' title='bbox 663 4345 708 4409; x_wconf 87' lang='grc' dir='ltr'>ΙΙ,</span> <span class='ocrx_word' id='word_1_355' title='bbox 726 4348 792 4412; x_wconf 76' lang='lat'>129,·</span> <span class='ocrx_word' id='word_1_356' title='bbox 810 4343 872 4398; x_wconf 73' lang='lat' dir='ltr'>ab.</span> <span class='ocrx_word' id='word_1_357' title='bbox 894 4343 925 4412; x_wconf 90' lang='lat' dir='ltr'>V,</span> <span class='ocrx_word' id='word_1_358' title='bbox 944 4345 1007 4398; x_wconf 78' lang='lat'><strong><em>138.</em></strong></span> 
     </span>
    </p>
   </div>
   <div class='ocr_carea' id='block_1_8' title="bbox 634 4532 1464 4616">
    <p class='ocr_par' dir='ltr' id='par_1_14' title="bbox 634 4532 1464 4616">
     <span class='ocr_line' id='line_1_35' title="bbox 634 4532 1464 4616; baseline -0.012 -2"><span class='ocrx_word' id='word_1_359' title='bbox 634 4540 902 4616; x_wconf 87' lang='lat' dir='ltr'>Rectoribus</span> <span class='ocrx_word' id='word_1_360' title='bbox 929 4536 1163 4611; x_wconf 85' lang='lat' dir='ltr'>societatis</span> <span class='ocrx_word' id='word_1_361' title='bbox 1192 4532 1464 4608; x_wconf 90' lang='lat' dir='ltr'>Lombardie.</span> 
     </span>
    </p>
   </div>
   <div class='ocr_carea' id='block_1_9' title="bbox 151 4675 1882 5297">
    <p class='ocr_par' dir='ltr' id='par_1_15' title="bbox 336 4675 1880 4770">
     <span class='ocr_line' id='line_1_36' title="bbox 336 4675 1880 4770; baseline -0.014 -11"><span class='ocrx_word' id='word_1_362' title='bbox 336 4694 558 4759; x_wconf 78' lang='lat' dir='ltr'>Deuotionem</span> <span class='ocrx_word' id='word_1_363' title='bbox 586 4700 729 4758; x_wconf 81' lang='lat' dir='ltr'>vestram</span> <span class='ocrx_word' id='word_1_364' title='bbox 765 4691 916 4756; x_wconf 87' lang='lat' dir='ltr'>duximus</span> <span class='ocrx_word' id='word_1_365' title='bbox 950 4693 1074 4752; x_wconf 87' lang='lat' dir='ltr'>attente</span> <span class='ocrx_word' id='word_1_366' title='bbox 1108 4683 1301 4770; x_wconf 86' lang='lat' dir='ltr'>rogandam,</span> <span class='ocrx_word' id='word_1_367' title='bbox 1335 4703 1395 4768; x_wconf 91' lang='lat' dir='ltr'>per</span> <span class='ocrx_word' id='word_1_368' title='bbox 1424 4679 1606 4767; x_wconf 89' lang='lat' dir='ltr'>apostoliea</span> <span class='ocrx_word' id='word_1_369' title='bbox 1634 4678 1727 4743; x_wconf 82' lang='lat' dir='ltr'>vobis</span> <span class='ocrx_word' id='word_1_370' title='bbox 1759 4675 1880 4762; x_wconf 90' lang='lat' dir='ltr'>scripta</span> 
     </span>
    </p>

    <p class='ocr_par' dir='ltr' id='par_1_16' title="bbox 151 4780 1879 4980">
     <span class='ocr_line' id='line_1_37' title="bbox 151 4780 1879 4882; baseline -0.01 -22"><span class='ocrx_word' id='word_1_371' title='bbox 151 4848 168 4860; x_wconf 93' lang='lat'>..</span> <span class='ocrx_word' id='word_1_372' title='bbox 228 4798 440 4877; x_wconf 89' lang='lat' dir='ltr'>mandantes,</span> <span class='ocrx_word' id='word_1_373' title='bbox 470 4804 632 4882; x_wconf 89' lang='lat' dir='ltr'>quatenus</span> <span class='ocrx_word' id='word_1_374' title='bbox 655 4795 891 4861; x_wconf 88' lang='lat' dir='ltr'>convenientes</span> <span class='ocrx_word' id='word_1_375' title='bbox 914 4792 947 4856; x_wconf 89' lang='lat' dir='ltr'>in</span> <span class='ocrx_word' id='word_1_376' title='bbox 970 4811 1070 4855; x_wconf 92' lang='lat' dir='ltr'>unum</span> <span class='ocrx_word' id='word_1_377' title='bbox 1092 4790 1216 4866; x_wconf 85' lang='lat' dir='ltr'>locum,</span> <span class='ocrx_word' id='word_1_378' title='bbox 1246 4787 1422 4872; x_wconf 90' lang='lat' dir='ltr'>diligenter</span> <span class='ocrx_word' id='word_1_379' title='bbox 1443 4783 1564 4848; x_wconf 92' lang='lat' dir='ltr'>auditis</span> <span class='ocrx_word' id='word_1_380' title='bbox 1586 4803 1650 4868; x_wconf 92' lang='lat' dir='ltr'>que</span> <span class='ocrx_word' id='word_1_381' title='bbox 1673 4780 1879 4845; x_wconf 83' lang='lat' dir='ltr'>venerabiles</span> 
     </span>
     <span class='ocr_line' id='line_1_38' title="bbox 227 4883 1879 4980; baseline -0.013 -15"><span class='ocrx_word' id='word_1_382' title='bbox 227 4900 346 4965; x_wconf 84' lang='lat' dir='ltr'>fratres</span> <span class='ocrx_word' id='word_1_383' title='bbox 376 4901 480 4965; x_wconf 91' lang='lat' dir='ltr'>nostri</span> <span class='ocrx_word' id='word_1_384' title='bbox 505 4949 513 4964; x_wconf 88' lang='lat'><strong>.</strong></span> <span class='ocrx_word' id='word_1_385' title='bbox 539 4947 546 4963; x_wconf 92' lang='lat'><strong>.</strong></span> <span class='ocrx_word' id='word_1_386' title='bbox 569 4898 779 4978; x_wconf 88' lang='lat' dir='ltr'>Mutinensis,</span> <span class='ocrx_word' id='word_1_387' title='bbox 812 4894 1026 4980; x_wconf 89' lang='lat' dir='ltr'>..Reginus</span> <span class='ocrx_word' id='word_1_388' title='bbox 1057 4897 1090 4956; x_wconf 93' lang='lat' dir='ltr'>et</span> <span class='ocrx_word' id='word_1_389' title='bbox 1112 4941 1119 4956; x_wconf 91' lang='lat'><strong>.</strong></span> <span class='ocrx_word' id='word_1_390' title='bbox 1145 4941 1153 4957; x_wconf 90' lang='lat'><strong>.</strong></span> <span class='ocrx_word' id='word_1_391' title='bbox 1176 4889 1361 4954; x_wconf 83' lang='lat' dir='ltr'>Brixiensis</span> <span class='ocrx_word' id='word_1_392' title='bbox 1388 4886 1536 4972; x_wconf 90' lang='lat' dir='ltr'>episcopi</span> <span class='ocrx_word' id='word_1_393' title='bbox 1564 4905 1602 4949; x_wconf 90' lang='lat' dir='ltr'>ae</span> <span class='ocrx_word' id='word_1_394' title='bbox 1625 4883 1765 4948; x_wconf 88' lang='lat' dir='ltr'>dilectus</span> <span class='ocrx_word' id='word_1_395' title='bbox 1794 4883 1879 4946; x_wconf 90' lang='lat' dir='ltr'>lilius</span> 
     </span>
    </p>

    <p class='ocr_par' dir='ltr' id='par_1_17' title="bbox 228 4984 1882 5297">
     <span class='ocr_line' id='line_1_39' title="bbox 228 4984 1879 5080; baseline -0.012 -11"><span class='ocrx_word' id='word_1_396' title='bbox 228 5053 236 5069; x_wconf 92' lang='lat'><strong>.</strong></span> <span class='ocrx_word' id='word_1_397' title='bbox 261 5052 269 5068; x_wconf 92' lang='lat'><strong>.</strong></span> <span class='ocrx_word' id='word_1_398' title='bbox 292 5003 488 5068; x_wconf 88' lang='lat' dir='ltr'>Mantuanus</span> <span class='ocrx_word' id='word_1_399' title='bbox 512 5002 638 5068; x_wconf 89' lang='lat' dir='ltr'>electus</span> <span class='ocrx_word' id='word_1_400' title='bbox 660 5004 713 5067; x_wconf 85' lang='lat' dir='ltr'>vel</span> <span class='ocrx_word' id='word_1_401' title='bbox 736 5021 849 5066; x_wconf 87' lang='lat' dir='ltr'>eorum</span> <span class='ocrx_word' id='word_1_402' title='bbox 872 4997 936 5062; x_wconf 93' lang='lat' dir='ltr'>duo</span> <span class='ocrx_word' id='word_1_403' title='bbox 958 4995 1052 5060; x_wconf 87' lang='lat' dir='ltr'>vobis</span> <span class='ocrx_word' id='word_1_404' title='bbox 1076 4999 1233 5080; x_wconf 87' lang='lat' dir='ltr'>exparte</span> <span class='ocrx_word' id='word_1_405' title='bbox 1258 4997 1370 5080; x_wconf 90' lang='lat' dir='ltr'>nostra</span> <span class='ocrx_word' id='word_1_406' title='bbox 1392 4989 1546 5054; x_wconf 85' lang='lat' dir='ltr'>duxerint</span> <span class='ocrx_word' id='word_1_407' title='bbox 1569 4984 1791 5073; x_wconf 87' lang='lat' dir='ltr'>proponenda,</span> <span class='ocrx_word' id='word_1_408' title='bbox 1813 4985 1879 5049; x_wconf 92' lang='lat' dir='ltr'>tale</span> 
     </span>
     <span class='ocr_line' id='line_1_40' title="bbox 228 5083 1882 5184; baseline -0.014 -13"><span class='ocrx_word' id='word_1_409' title='bbox 228 5107 313 5171; x_wconf 89' lang='lat' dir='ltr'>detis</span> <span class='ocrx_word' id='word_1_410' title='bbox 336 5107 384 5172; x_wconf 92' lang='lat' dir='ltr'>eis</span> <span class='ocrx_word' id='word_1_411' title='bbox 408 5113 534 5171; x_wconf 89' lang='lat' dir='ltr'>matura</span> <span class='ocrx_word' id='word_1_412' title='bbox 556 5105 685 5170; x_wconf 90' lang='lat' dir='ltr'>consilii</span> <span class='ocrx_word' id='word_1_413' title='bbox 705 5101 944 5169; x_wconf 88' lang='lat' dir='ltr'>deliberatione</span> <span class='ocrx_word' id='word_1_414' title='bbox 965 5118 1169 5184; x_wconf 89' lang='lat' dir='ltr'>responsum,</span> <span class='ocrx_word' id='word_1_415' title='bbox 1193 5117 1256 5182; x_wconf 91' lang='lat' dir='ltr'>quo</span> <span class='ocrx_word' id='word_1_416' title='bbox 1279 5094 1377 5160; x_wconf 90' lang='lat' dir='ltr'>dante</span> <span class='ocrx_word' id='word_1_417' title='bbox 1393 5092 1534 5158; x_wconf 90' lang='lat' dir='ltr'>Domino</span> <span class='ocrx_word' id='word_1_418' title='bbox 1556 5089 1629 5176; x_wconf 90' lang='lat' dir='ltr'>paci</span> <span class='ocrx_word' id='word_1_419' title='bbox 1645 5093 1753 5153; x_wconf 84' lang='lat' dir='ltr'>vestre</span> <span class='ocrx_word' id='word_1_420' title='bbox 1776 5083 1882 5173; x_wconf 89' lang='lat' dir='ltr'>possit</span> 
     </span>
     <span class='ocr_line' id='line_1_41' title="bbox 229 5187 1880 5297; baseline -0.015 -21"><span class='ocrx_word' id='word_1_421' title='bbox 229 5210 404 5276; x_wconf 85' lang='lat' dir='ltr'>salubriter</span> <span class='ocrx_word' id='word_1_422' title='bbox 426 5209 607 5297; x_wconf 89' lang='lat' dir='ltr'>provideri,</span> <span class='ocrx_word' id='word_1_423' title='bbox 638 5215 672 5272; x_wconf 91' lang='lat' dir='ltr'>et</span> <span class='ocrx_word' id='word_1_424' title='bbox 694 5229 771 5286; x_wconf 89' lang='lat' dir='ltr'>nos,</span> <span class='ocrx_word' id='word_1_425' title='bbox 802 5206 857 5292; x_wconf 93' lang='lat' dir='ltr'>qui</span> <span class='ocrx_word' id='word_1_426' title='bbox 881 5209 1024 5269; x_wconf 83' lang='lat' dir='ltr'>vestram</span> <span class='ocrx_word' id='word_1_427' title='bbox 1048 5202 1193 5287; x_wconf 90' lang='lat' dir='ltr'>quietem</span> <span class='ocrx_word' id='word_1_428' title='bbox 1217 5197 1411 5264; x_wconf 90' lang='lat' dir='ltr'>omnimodis</span> <span class='ocrx_word' id='word_1_429' title='bbox 1434 5196 1643 5272; x_wconf 84' lang='lat' dir='ltr'>affectamus,</span> <span class='ocrx_word' id='word_1_430' title='bbox 1673 5187 1880 5278; x_wconf 90' lang='lat' dir='ltr'>prudentiam</span> 
     </span>
    </p>
   </div>
   <div class='ocr_carea' id='block_1_10' title="bbox 152 5306 959 5521">
    <p class='ocr_par' dir='ltr' id='par_1_18' title="bbox 152 5306 959 5521">
     <span class='ocr_line' id='line_1_42' title="bbox 152 5306 959 5401; baseline -0.007 -25"><span class='ocrx_word' id='word_1_431' title='bbox 152 5336 178 5376; x_wconf 72' lang='lat' dir='ltr'>so</span> <span class='ocrx_word' id='word_1_432' title='bbox 229 5320 373 5378; x_wconf 85' lang='lat' dir='ltr'>vestram</span> <span class='ocrx_word' id='word_1_433' title='bbox 395 5312 560 5401; x_wconf 87' lang='lat' dir='ltr'>possimus</span> <span class='ocrx_word' id='word_1_434' title='bbox 581 5313 698 5376; x_wconf 91' lang='lat' dir='ltr'>merito</span> <span class='ocrx_word' id='word_1_435' title='bbox 721 5306 959 5375; x_wconf 88' lang='lat' dir='ltr'>commendare.</span> 
     </span>
     <span class='ocr_line' id='line_1_43' title="bbox 229 5417 613 5521; baseline -0.01 -20"><span class='ocrx_word' id='word_1_436' title='bbox 229 5465 231 5474; x_wconf 93' lang='lat'>·</span> <span class='ocrx_word' id='word_1_437' title='bbox 327 5417 424 5500; x_wconf 85' lang='lat' dir='ltr'>¹Data</span> <span class='ocrx_word' id='word_1_438' title='bbox 445 5439 482 5498; x_wconf 89' lang='lat' dir='ltr'>ut</span> <span class='ocrx_word' id='word_1_439' title='bbox 504 5454 613 5521; x_wconf 87' lang='lat' dir='ltr'>supra.</span> 
     </span>
    </p>
   </div>
   <div class='ocr_carea' id='block_1_11' title="bbox 528 5584 1112 5598">
    <p class='ocr_par' dir='ltr' id='par_1_19' title="bbox 528 5584 1112 5598">
     <span class='ocr_line' id='line_1_44' title="bbox 528 5584 1112 5598; baseline -0.012 0"><span class='ocrx_word' id='word_1_440' title='bbox 528 5592 570 5598; x_wconf 83' lang='lat'>-..</span> <span class='ocrx_word' id='word_1_441' title='bbox 946 5584 1112 5594; x_wconf 67' lang='grc'>...-..--.-.-</span> 
     </span>
    </p>
   </div>
   <div class='ocr_carea' id='block_1_12' title="bbox 335 5691 846 5766">
    <p class='ocr_par' dir='ltr' id='par_1_20' title="bbox 335 5691 846 5766">
     <span class='ocr_line' id='line_1_45' title="bbox 335 5691 846 5766; baseline -0.008 -22"><span class='ocrx_word' id='word_1_442' title='bbox 335 5695 358 5766; x_wconf 85' lang='grc'>·)</span> <span class='ocrx_word' id='word_1_443' title='bbox 376 5694 532 5748; x_wconf 78' lang='lat' dir='ltr'>vercellensi</span> <span class='ocrx_word' id='word_1_444' title='bbox 551 5693 635 5760; x_wconf 74' lang='lat' dir='ltr'>Rapa</span> <span class='ocrx_word' id='word_1_445' title='bbox 652 5709 678 5742; x_wconf 85' lang='lat' dir='ltr'>a.</span> <span class='ocrx_word' id='word_1_446' title='bbox 698 5693 771 5754; x_wconf 77' lang='lat'>1231,</span> <span class='ocrx_word' id='word_1_447' title='bbox 787 5691 804 5754; x_wconf 68' lang='grc'><em>9</em></span> <span class='ocrx_word' id='word_1_448' title='bbox 822 5695 846 5742; x_wconf 87' lang='grc'>3.</span> 
     </span>
    </p>
   </div>
   <div class='ocr_carea' id='block_1_13' title="bbox 0 0 2320 6420">
    <p class='ocr_par' dir='ltr' id='par_1_21' title="bbox 0 0 2320 6420">
     <span class='ocr_line' id='line_1_46' title="bbox 0 0 2320 6420; baseline 0 0"><span class='ocrx_word' id='word_1_449' title='bbox 0 0 2320 6420; x_wconf 95' lang='lat' dir='ltr'> </span> 
     </span>
    </p>
   </div>
  </div>
 </body>
</html>
