4524 6412
694 335 1215 424 mrsu01.nesunnerls.'1aaa.
1727 377 1783 444 ³01

134 538 231 608 huius
253 535 365 606 mundi
388 535 519 626 vigiliis,
542 536 764 626 potationibus
788 544 823 604 et
844 539 1042 607 indumentis
1066 548 1099 608 et
1121 543 1209 608 omni
1232 565 1321 611 more
1345 544 1557 614 Sarracenieo
1581 569 1617 614 se
1641 549 1789 635 gerebat.

134 646 208 712 Etsi
234 645 314 710 talia
342 642 512 709 abhorruit
539 643 704 708 exereitus
736 641 815 707 Iesu
843 641 983 724 Christi,
1016 642 1138 720 adhuc,
1167 645 1265 713 dante
1288 648 1447 730 Domino,
1476 651 1547 716 loeo
1578 659 1612 717 et
1640 659 1789 739 ternpore

138 749 319 817 sanctitatis
342 754 451 813 vestre
475 748 608 813 auribus
631 748 790 826 referent,
823 747 877 832 qui
900 749 1040 833 propriis
1063 751 1167 815 oeulis
1189 751 1250 816 hec
1272 752 1434 818 viderunt.
1479 753 1568 839 Erga
1591 754 1789 821 Sarracenos

136 877 203 920 non
226 855 332 918 solum
354 853 465 935 largus
489 850 598 915 extitit
621 849 679 914 sed
709 850 846 930 effusor,
875 872 913 914 ae
942 851 970 914 si
997 871 1107 917 emere
1130 853 1230 918 vellet
1260 875 1391 940 pacem,
1421 877 1516 942 quam
1546 856 1696 923 obtinere
1723 879 1789 924 non

72 1019 78 1031 .
138 963 266 1046 poterat
288 956 446 1021 violentia
468 955 521 1020 vel
544 955 671 1019 timore.

251 1058 337 1125 Sane
360 1059 458 1143 longe
482 1063 557 1122 ante
580 1056 786 1121 nativitatem
809 1055 944 1121 Domini
971 1058 1120 1145 precepit
1141 1060 1318 1126 biseottum
1340 1062 1413 1128 fieri
1435 1069 1469 1128 et
1490 1064 1602 1148 galeas
1626 1068 1660 1128 et
1683 1065 1791 1128 omnia

136 1185 216 1231 vasa
243 1185 304 1229 sua
332 1161 476 1249 parari¹;
510 1161 597 1246 quod
625 1159 798 1225 audientes
826 1159 1016 1241 Sarraceni,
1047 1161 1125 1227 licet
1154 1184 1228 1228 eum
1259 1171 1358 1230 antea
1384 1186 1449 1231 non
1477 1167 1648 1249 timerent,
1684 1167 1791 1252 ipsum

137 1276 247 1334 tamen
284 1265 424 1352 amplius
458 1267 735 1348 contempserunt.
795 1262 947 1347 Denique
986 1265 1019 1327 in
1052 1264 1214 1331 dominica
1250 1269 1515 1355 septuagesime²
1549 1270 1642 1357 pacis
1676 1271 1791 1336 velens

138 1371 304 1460 publicare
327 1373 512 1447 tractatum,
536 1367 591 1452 qui
614 1387 717 1451 usque
741 1372 818 1430 tunc
841 1366 1016 1432 admodum
1038 1369 1146 1434 luerat
1168 1374 1360 1454 occultatus,
1383 1373 1514 1438 vocavit
1535 1372 1576 1437 ad
1602 1395 1637 1438 se
1661 1374 1792 1438 circiter

139 1480 278 1562 quatuor
298 1472 340 1538 de
362 1469 540 1537 maioribus
564 1469 675 1554 Syrie,
708 1469 821 1554 eisque
844 1469 1021 1542 intimavit,
1051 1471 1137 1556 quod
1159 1472 1241 1540 adeo
1264 1497 1388 1561 pauper
1411 1481 1497 1555 erat,
1527 1475 1632 1561 quod*
1658 1475 1705 1540 ibi
1726 1496 1792 1540 uon

138 1582 266 1665 poterat
287 1595 411 1640 moram
434 1573 564 1638 trahere
581 1572 772 1657 longiorem,
796 1573 872 1658 quia
894 1573 959 1636 iam
983 1574 1046 1639 sibi
1062 1573 1259 1642 deficiebant
1276 1599 1433 1665 expense,
1456 1584 1494 1642 ut
1516 1579 1653 1644 consilia
1676 1601 1790 1646 eorum

138 1703 178 1746 eo
200 1679 328 1744 facilius
351 1676 393 1741 ad
416 1696 510 1740 suum
533 1675 738 1761 propositum
766 1694 804 1738 ae
826 1673 1027 1740 desiderium
1050 1678 1231 1744 inclinaret.
1277 1679 1360 1745 (hun
1388 1689 1500 1746 autem
1527 1681 1569 1746 de
1599 1688 1792 1769 paupertate

138 1784 310 1872 prologum
332 1780 538 1868 perfecisset,
561 1779 690 1865 aperuit
713 1778 772 1858 eis,
796 1778 881 1863 quod
897 1778 1050 1845 soldanus
1067 1782 1227 1848 offerebat
1249 1784 1279 1848 ei
1296 1785 1466 1850 civitatem
1484 1791 1640 1866 sanctam,
1664 1793 1792 1851 retento

28 1953 35 1965 „
139 1889 202 1952 sibi
224 1885 347 1972 templo
369 1883 518 1964 Domini,
542 1881 628 1967 quod
651 1903 670 1946 a
694 1881 884 1946 Sarraeeuis
908 1883 1065 1948 custodiri
1088 1884 1245 1966 debebat,
1269 1886 1409 1952 utillud
1432 1888 1502 1952 sine
1526 1887 1648 1952 tributo
1670 1889 1792 1954 intrare

75 2025 87 2062 5
139 1996 276 2079 possent
308 1989 412 2053 libere
448 1986 636 2067 Sarraceni,
675 1985 730 2069 qui
762 1985 840 2050 illue
874 1986 998 2051 vellent
1031 1990 1436 2075 eausa.peregrinationis
1470 1991 1599 2072 venire,
1638 1998 1672 2056 et
1707 1990 1793 2076 quod

140 2096 304 2162 civitatem
327 2097 458 2178 poterat
480 2090 626 2164 firmare;
654 2087 830 2154 Bethleem
853 2095 887 2154 et
912 2088 976 2154 duo
1000 2091 1135 2155 minima
1156 2093 1294 2172 casalia,
1325 2114 1388 2178 que
1413 2100 1488 2159 sunt
1510 2095 1597 2159 inter
1618 2094 1793 2159 Bethleem

131 2201 238 2284 'supra
266 2202 401 2260 stratam
434 2199 468 2258 et
495 2192 693 2266 Ierusalem;
726 2193 848 2257 casalia
882 2215 945 2277 que
980 2201 1056 2259 sunt
1085 2195 1171 2260 inter
1199 2195 1381 2260 Ierusalem
1416 2203 1505 2261 recto
1534 2197 1652 2262 itinere
1687 2217 1791 2281 usque

139 2301 280 2387 lappam
314 2296 479 2362 Nazareth
509 2301 544 2360 et
574 2293 638 2360 duc
668 2295 791 2359 casalia
817 2295 961 2375 medica,
990 2318 1053 2382 que
1085 2303 1161 2362 sunt
1189 2298 1276 2364 inter
1301 2298 1465 2364 Nazareth
1495 2305 1528 2364 et
1554 2297 1667 2364 Accon
1701 2305 1791 2364 recte

139 2405 272 2477 itinere;
294 2399 433 2487 Tyrum³
457 2419 531 2463 cum
553 2399 748 2484 quibusdam
768 2400 974 2485 pertinentiis
997 2401 1076 2479 suis,
1100 2400 1185 2485 quod
1207 2423 1273 2466 non
1296 2402 1440 2468 debebat
1462 2404 1600 2478 firmari;
1625 2401 1791 2487 Sydoncm

141 2529 214 2573 eum
236 2507 333 2592 plano
362 2511 396 2569 ct
422 2502 486 2569 duo
510 2503 632 2568 casalia
654 2502 796 2584 modica,
826 2524 889 2589 que
914 2509 989 2568 sunt
1016 2504 1049 2567 in
1080 2505 1188 2589 plano.
1232 2503 1277 2568 Et
1307 2505 1476 2570 sciendum
1499 2506 1586 2591 quod
1607 2504 1792 2592 patriarche

139 2617 234 2675 extra
256 2609 423 2674 civitatem
445 2627 511 2671 non
533 2605 717 2670 restituitur
738 2627 823 2670 unus
846 2625 964 2691 passus
986 2611 1084 2687 terre,
1114 2627 1175 2671 nee
1198 2606 1310 2690 domui
1334 2607 1506 2695 Sepulchri
1529 2608 1709 2688 Dominioi,
1732 2628 1794 2672 nec

139 2713 295 2800 hospitali
318 2711 422 2776 sancti
441 2709 608 2790 Iohannis,
631 2730 693 2774 nec
716 2708 756 2774 de
779 2709 907 2788 Latina,
930 2730 992 2774 nec
1015 2709 1055 2773 de
1072 2709 1239 2796 Iosaphat,
1262 2732 1327 2775 non
1350 2710 1391 2776 de
1413 2711 1551 2798 Templo
1566 2711 1709 2791 Domini,
1733 2731 1793 2775 nec

139 2815 261 2881 Montis
285 2813 418 2894 Oliveti,
441 2833 501 2877 nec
525 2812 647 2876 Montis
665 2811 744 2878 Sion
767 2813 952 2892 abbatibus,
974 2819 1011 2877 ut
1033 2812 1165 2878 brevius
1189 2813 1346 2895 dieamus,
1369 2815 1471 2879 nichil
1493 2814 1677 2879 restituitur
1699 2820 1795 2878 extra

139 2919 305 2984 civitatem
327 2922 440 3003 preter
462 2937 519 2996 ca,
550 2937 612 3000 que
637 2921 713 2980 sunt
736 2915 886 3002 superius
909 2917 1092 2996 nominata,
1125 2938 1188 3001 que
1216 2923 1327 2982 tamen
1355 2938 1421 2982 non
1451 2923 1527 2982 sunt
1554 2916 1595 2982 de
1619 2917 1795 2998 casalibus,

77 3061 88 3096 s
141 3042 204 3107 que
233 3019 275 3086 ad
304 3020 447 3105 aliquem
475 3019 663 3105 pertineant
690 3017 732 3083 de
760 3039 897 3104 corpore
927 3017 1084 3099 civitatis,
1115 3019 1179 3083 nisi
1209 3019 1321 3084 domui
1344 3019 1474 3107 Templi
1502 3020 1663 3104 adquam
1686 3020 1796 3104 aliqua

139 3124 305 3210 pertinent
334 3144 377 3188 ex
408 3123 473 3202 eis,
507 3143 569 3206 que
601 3127 676 3186 sunt
703 3122 791 3187 inter
819 3122 1000 3187 Ierusalem
1029 3129 1062 3186 et
1093 3123 1228 3208 Ioppen.
1276 3121 1406 3187 Oasalia
1428 3144 1522 3204 vero,
1553 3144 1616 3207 que
1641 3124 1796 3188 restituta

140 3228 301 3309 dicuntur,
324 3247 429 3314 pauca
449 3232 526 3290 sunt
548 3247 684 3291 numero
707 3247 769 3291 nec
791 3227 966 3312 plurimum
990 3224 1247 3291 commendanda
1269 3228 1390 3293 valore.

246 3329 300 3394 Ad
329 3329 391 3395 hec
420 3327 600 3416 supradicti
629 3327 757 3393 nobiles
789 3329 1046 3415 responderunt,
1081 3327 1167 3415 quod
1199 3351 1242 3394 cx
1268 3350 1332 3413 quo
1360 3329 1406 3392 ita
1434 3348 1561 3414 pauper
1589 3333 1674 3408 erat,
1710 3328 1796 3413 qued

140 3435 278 3500 ulterius
301 3453 471 3498 remanere
495 3453 560 3497 non
583 3437 706 3518 posset,
732 3431 764 3496 ei
786 3430 909 3496 facturn
932 3431 1015 3496 illud
1031 3431 1256 3496 discensulere
1280 3452 1344 3495 non
1368 3429 1544 3508 audebant,
1568 3431 1614 3494 ita
1636 3437 1746 3494 tamen
1770 3431 1797 3494 si

142 3538 308 3601 civitatem
338 3536 480 3601 retinere
509 3541 639 3622 poterat
667 3540 701 3598 et
730 3534 869 3598 munire.
913 3523 1128 3599 Postmodum
1155 3534 1261 3598 vocati
1290 3532 1422 3599 fuerunt
1448 3533 1597 3618 magistri
1627 3532 1797 3597 domorum

141 3646 175 3705 et
197 3660 296 3727 super
318 3639 381 3705 hcc
404 3638 571 3724 requisiti3
599 3637 653 3722 qui
675 3657 741 3701 una
764 3657 838 3701 cum
862 3638 1027 3724 episcopis
1052 3637 1171 3723 Anglie
1195 3635 1448 3724 responderunt,
1481 3635 1568 3721 quod
1589 3635 1661 3701 sine
1684 3642 1797 3700 nostro

141 3743 279 3808 oonsilio
303 3741 404 3807 nichil
426 3741 559 3828 penitus
583 3739 830 3826 responderent,
853 3739 1002 3806 dieentes
1025 3740 1112 3824 quod
1134 3745 1280 3804 nostrum
1304 3745 1375 3804 erat
1397 3738 1568 3804 eonsilium
1590 3739 1798 3824 potissimum

141 3845 388 3930 requirendum,
424 3852 492 3910 tum
527 3849 663 3930 propter
689 3843 884 3929 dignitatem
912 3844 1168 3930 patriarchatus,
1202 3850 1272 3908 tum
1306 3843 1383 3928 quia
1416 3843 1448 3907 in
1482 3842 1548 3907 illis
1581 3841 1731 3928 partibus
1759 3862 1798 3905 ae

140 3949 274 4033 negotio
309 3949 465 4035 precipue
505 3947 584 4013 Iesu
618 3946 742 4012 Christi
782 3948 957 4032 legationis
998 3945 1105 4011 officio
1139 3947 1365 4031 fungebamur.
1432 3944 1485 4010 Ad
1526 3945 1587 4011 hec
1621 3946 1800 4031 imperator

143 4050 327 4138 respondit,
355 4051 441 4138 qued
473 4058 618 4116 nostmm
643 4071 743 4137 super
764 4051 826 4115 hoe
849 4050 1021 4115 consilium
1043 4071 1109 4114 non
1132 4051 1315 4136 requireret
1337 4071 1399 4116 nec
1421 4050 1571 4116 haberet.
1619 4047 1674 4112 Sic
1697 4047 1799 4133 igitur

141 4155 321 4241 imperator
349 4156 447 4236 elam,
478 4155 609 4220 nemine
640 4153 681 4219 de
717 4161 805 4220 terra
838 4160 1007 4241 presente,
1040 4154 1250 4239 presentibus
1286 4154 1409 4238 nuntiis
1439 4151 1582 4232 soldani,
1613 4151 1732 4216 iuravit
1762 4171 1798 4215 se

143 4264 346 4323 servaturum
370 4279 411 4323 ea
433 4279 495 4343 que
520 4257 772 4322 continebantur
793 4258 826 4322 in
842 4257 982 4342 quadam
1005 4257 1119 4322 charta
1135 4258 1256 4338 clausa,
1281 4279 1344 4343 que
1367 4277 1532 4342 nunquam
1555 4277 1664 4322 coram
1688 4255 1797 4340 aliquo

142 4363 316 4449 peregrino
339 4382 401 4426 nec
423 4361 532 4447 aliquo
554 4360 596 4427 de
619 4367 707 4426 terra
729 4363 816 4427 loeta
837 4361 900 4426 fuit
922 4362 975 4426 vel
997 4367 1121 4448 aperta,
1144 4382 1206 4426 nee
1228 4383 1338 4426 coram
1360 4362 1483 4427 nuntiis
1507 4360 1635 4426 soldani
1658 4359 1700 4424 ab
1724 4359 1797 4445 ipso

143 4467 356 4553 imperatore·
372 4464 550 4531 baronibus
578 4465 632 4529 vel
665 4465 831 4549 magistris
866 4466 1022 4546 recitata,
1056 4486 1118 4530 nec
1152 4465 1193 4529 ab
1228 4465 1300 4551 ipse
1333 4464 1542 4544 manifestata
1578 4462 1731 4536 soldan0;
1765 4467 1799 4526 et

145 4568 300 4634 soldanus
324 4574 497 4634 contentus
520 4568 582 4634 fuit
604 4571 675 4634 solo
698 4569 856 4656 principis
880 4571 1080 4651 iuramento,
1102 4591 1164 4635 nec
1187 4569 1321 4635 alterius
1344 4569 1406 4634 luit
1432 4589 1531 4655 super
1553 4569 1615 4633 hoc
1640 4567 1798 4633 securitas

143 4673 319 4757 requisita,
350 4671 427 4756 quia
448 4671 533 4737 benc
557 4671 684 4737 sciebat
705 4672 897 4759 imperator,
929 4672 1015 4758 quod
1038 4673 1066 4738 si
1089 4673 1295 4758 contingeret
1316 4672 1358 4737 ab
1388 4672 1454 4736 alio
1481 4672 1565 4736 hanc
1588 4671 1799 4737 securitatem

143 4774 276 4860 requiri,
299 4775 384 4839 sicut
406 4774 476 4840 fieri
500 4775 679 4856 consuevit,
703 4776 758 4841 ille
782 4776 838 4861 qui
859 4777 1081 4860 requireretur
1103 4776 1204 4842 vellet
1227 4775 1291 4840 sibi
1309 4773 1479 4860 explanari
1502 4774 1630 4860 singula
1656 4773 1800 4859 capitula

143 4876 336 4964 diligenter,
365 4885 464 4944 antea
494 4897 590 4964 quam
621 4878 752 4945 iuraret.
800 4877 866 4943 Sed
895 4879 1073 4965 imperator
1100 4899 1174 4942 cum
1201 4877 1286 4942 male
1314 4883 1443 4962 ageret,
1471 4878 1578 4942 lucem
1606 4877 1744 4941 rationis
1767 4875 1799 4938 in

144 4982 297 5046 omnibus
327 4980 524 5047 declinabat.
578 4980 726 5048 Tandem
754 4983 880 5048 vocatis
909 4981 1121 5047 Theutoniois
1154 4981 1240 5060 suis,
1275 4979 1330 5066 qui
1357 4979 1459 5044 nichil
1486 4978 1574 5043 aliud
1601 4977 1801 5044 affectabant

67 5121 92 5159 ,5
145 5086 209 5150 nisi
233 5083 319 5171 quod
342 5090 478 5170 possent
500 5085 633 5150 visitare
658 5086 887 5172 sepulchrum,
917 5085 1064 5170 allegare
1096 5083 1386 5169 oepitimperator
1408 5087 1442 5148 et
1464 5081 1620 5166 magister
1642 5081 1799 5145 Alcman-

144 5209 261 5253 norum
284 5194 359 5274 post
380 5188 504 5273 ipsum,
535 5186 697 5274 quemodo
721 5210 783 5275 per
804 5210 861 5254 eos
884 5188 990 5252 fuerat
1013 5187 1176 5253 exaltatus
1199 5193 1233 5250 et
1255 5191 1412 5270 quantum
1435 5185 1468 5249 in
1490 5184 1623 5269 negotio
1645 5183 1702 5246 ille
1725 5203 1800 5247 eum

143 5289 306 5356 Dominus
328 5291 526 5372 honorabat,
554 5311 620 5356 non
651 5291 719 5356 suis
742 5291 869 5357 meritis
892 5290 951 5357 sed
974 5289 1176 5355 orationibus
1200 5286 1389 5354 eorundem.
1435 5286 1529 5352 Etsi
1552 5307 1665 5352 omnes
1689 5285 1744 5350 alii
1767 5285 1800 5350 id

251 5551 273 5616 ¹)
291 5561 317 5604 at
334 5553 404 5619 qued
422 5552 507 5620 Rape.

247 5671 275 5743 1)
293 5672 332 5744 cs.
356 5671 555 5736 Wintetmuaa,
573 5669 592 5726 t.
610 5685 633 5724 c.
648 5688 679 5742 p.
699 5674 763 5730 302.
867 5673 893 5740 ⁶2)
912 5669 994 5726 Febr.
1015 5674 1054 5724 11.
1158 5669 1186 5737 3)
1204 5668 1247 5722 tto
1265 5665 1678 5738 acemanecestriae
1698 5663 1802 5720 Tusca.
