4604 6420
426 359 489 426 396
705 295 706 300 ἵ
1009 342 1057 408 lili
1075 333 1250 401 GREGORII
1269 337 1306 392 IX
1327 336 1506 397 REGIS'I'RO

426 529 543 616 quibus
566 527 664 594 corde
688 525 819 593 contriti
840 546 879 590 ac
903 545 959 589 oro
983 525 1127 591 confessi
1150 533 1236 608 sunt,
1259 529 1390 614 plenam
1408 521 1537 586 veniam
1560 520 1783 608 indulgemus.
1819 523 1870 591 Ne
1894 515 1973 592 vero
1997 526 2085 593 desit

425 631 550 717 aliquid
566 630 640 710 hiis,
665 651 747 715 quos
763 627 804 694 ad
821 626 882 693 hoc
899 627 1125 711 destinaveris,
1151 630 1192 694 ad
1208 630 1392 717 predictum
1414 626 1583 710 negotium
1599 627 1875 713 prosequendum,
1900 629 1934 693 in
1951 636 2084 694 contra-

426 736 569 801 dictores
592 740 626 798 et
648 732 791 798 rebelles
815 731 1072 796 ecclesiasticam
1096 732 1284 818 proferendi
1307 749 1478 796 censuram
1501 735 1615 794 tenore
1631 730 1834 816 presentium
1858 731 1998 797 liberam
2020 731 2083 796 tibi

427 836 637 904 concedimus
666 834 867 902 facultatem.
912 832 1140 900 Predicatores
1169 856 1298 922 quoque
1327 832 1551 920 questuarios,
1580 853 1717 917 quorum
1742 833 1880 899 interest
1910 834 2085 899 caritativa

426 947 554 1006 tantum
579 938 724 1004 subsidia
747 937 942 1023 simpliciter
965 945 1078 1023 petere
1102 961 1140 1004 ac
1163 938 1410 1024 indulgentiam,
1436 937 1462 999 si
1486 956 1582 1022 quam
1605 936 1717 1000 forsan
1740 935 1873 1014 habent,
1901 959 2083 1023 exponere,
2149 962 2160 998 s

426 1065 446 1107 a
469 1041 701 1130 predicationis
725 1040 849 1122 officio,
884 1040 970 1126 quod
993 1041 1033 1106 ad
1057 1041 1147 1127 ipsos
1170 1042 1358 1106 nullatenus
1381 1040 1542 1126 pertinet,
1566 1039 1797 1124 compescendi
1821 1062 1960 1106 censura
1983 1040 2083 1104 simili

427 1146 487 1210 tibi
510 1143 742 1225 nichilominus
765 1144 933 1209 licentiam
956 1141 1197 1229 indulgemus².
1438 1149 1441 1154 ’

535 1264 611 1329 Dat.
636 1264 799 1350 Anagnia,
822 1262 872 1327 IV
895 1263 1065 1328 Kalendas
1088 1263 1296 1346 Novembris,
1320 1283 1405 1328 anno
1429 1268 1534 1329 sexto.

1211 1733 1300 1806 491.

536 1844 727 1955 &reponas
755 1872 811 1938 IX
831 1892 921 1953 papa
947 1871 1125 1958 [Sipesrido
1152 1871 1233 1957 111]
1263 1871 1492 1954 archiepiscopo
1520 1871 1710 1954 Mopuntino
1738 1871 1874 1935 eoncmit
1898 1872 2084 1956 falcultatem

431 1975 632 2056 compellendi
652 1975 887 2040 archidiaconos
907 1976 1051 2039 acclesiae
1072 1995 1147 2040 snae
1169 1975 1212 2041 ad
1232 1974 1369 2038 (lebitone
1390 1977 1426 2038 in
1448 1975 1554 2039 eaden
1574 1976 1783 2039 residentiam.
2140 2011 2165 2047 ro

1738 2079 1831 2156 2232,
1856 2076 1921 2144 Oct.
1943 2083 1996 2148 30.

534 2162 618 2232 (ἔτερ.
637 2163 686 2217 [Χ
702 2162 771 2234 Ray.
796 2163 853 2218 Vol.
871 2163 934 2227 111,
952 2165 1003 2230 495
1020 2163 1084 2217 Lib.
1108 2162 1155 2226 VI,
1175 2167 1234 2216 154.

532 2245 669 2314 Poenas,
688 2249 759 2320 nep.
777 2252 861 2304 cosa.

906 2465 914 2484 .
945 2465 954 2483 .
983 2408 1315 2502 archiepiscopo
1342 2409 1610 2502 Maguntino

537 2560 618 2625 Tuis
640 2559 768 2626 devotis
791 2558 945 2645 precibus
967 2558 1126 2637 inclinati,
1150 2556 1369 2643 compellendi
1393 2557 1639 2624 archidiaconos
1663 2559 1805 2624 ecclesie
1824 2559 2017 2645 Maguntine
2040 2561 2084 2626 ad
2140 2585 2164 2621 n

431 2662 577 2728 debitam
600 2664 634 2727 in
657 2662 773 2729 eadem
797 2662 940 2727 ecclesia
962 2661 1173 2727 residentiam
1195 2660 1380 2726 faciendam
1402 2668 1437 2726 et
1464 2661 1654 2748 assignandi
1678 2662 1727 2727 eis
1751 2663 1848 2728 stalla
1870 2664 1903 2727 in
1926 2663 2026 2729 choro
2050 2670 2085 2729 et

429 2766 504 2830 loca
526 2767 561 2830 in
584 2766 746 2853 capitulo,
770 2762 949 2830 secundum
972 2764 1060 2851 quod
1083 2786 1196 2830 eorum
1220 2765 1358 2850 exigunt
1380 2765 1575 2850 dignitates,
1599 2771 1695 2851 prout
1717 2763 1758 2830 ad
1781 2771 1814 2830 te
1837 2766 1998 2852 pertinet,
2020 2787 2084 2830 nec

432 2889 498 2931 non
529 2873 563 2933 et
590 2866 776 2954 extirpandi
807 2889 925 2953 pravas
954 2866 1208 2933 consuetudines
1240 2869 1282 2932 ab
1313 2867 1426 2933 cadem
1459 2876 1493 2933 et
1523 2867 1716 2933 instituendi
1745 2868 1903 2933 honestas
1937 2869 1969 2932 in
2000 2870 2084 2955 ipsa,

430 2971 626 3035 auctoritate
648 2972 850 3057 presentium
873 2971 1011 3036 liberam
1035 2972 1096 3035 tibi
1118 2970 1328 3036 concedimus
1352 2973 1552 3038 facultatem.
1597 2972 1688 3036 Nulli
1711 2992 1790 3055 ergo
1807 3008 1847 3018 —
1869 2978 1980 3036 nostre
2004 2992 2084 3036 cou-

430 3073 589 3138 oessionis
613 3080 675 3139 eto.
720 3074 756 3139 si
780 3075 852 3160 quis
875 3081 983 3140 autem
1007 3081 1069 3141 oto.
2140 3104 2167 3143 ao

537 3192 625 3258 Data
646 3194 809 3280 Anagnis,
832 3194 884 3258 III
907 3193 981 3260 Kal.
1004 3193 1213 3274 Novembris,
1236 3214 1322 3259 anno
1346 3193 1403 3260 VI.

1211 3663 1299 3737 492.

539 3774 730 3887 Gregorius
751 3801 807 3868 IX
821 3823 911 3884 papa
932 3800 1097 3887 [Gnatae]
1118 3801 1257 3882 episcopo
1277 3802 1447 3867 Briaiensi
1468 3806 1497 3866 et
1518 3802 1665 3868 Albonica
1684 3803 1785 3884 fratri
1806 3803 1928 3871 orcb'nis²
1950 3805 2086 3871 Praedi-

429 3909 570 3970 catornm
596 3905 742 3983 nmndat,
773 3909 808 3970 at
838 3906 1010 3970 sententias
1037 3926 1059 3968 a
1089 3904 1292 3990 G[aufredo]
1320 3905 1406 3970 tituli
1435 3905 1546 3972 Sarrcti
1573 3906 1682 3970 Marci
1705 3907 1887 3990 presbytero
1914 3910 2085 3988 cardinali,

428 4010 615 4090 apostolicae
636 4009 719 4074 sedis
735 4010 842 4092 tapam,
864 4010 901 4073 in
915 4009 1142 4090 Beryamcnses
1154 4009 1379 4090 mancipatae,
1395 4013 1564 4090 postomia
1579 4009 1673 4072 iidem
1687 4009 1908 4094 satisfecerint,
1930 4013 2085 4080 remant.

1749 4116 1842 4192 1232,
1863 4113 1941 4182 Noc.
1965 4120 1996 4181 3.
2139 4146 2165 4184 ss

535 4197 617 4265 (ἶνες.
635 4196 685 4249 IX
702 4195 768 4266 Rep.
793 4197 848 4253 Vol.
867 4196 930 4265 ΙΙΙ,
949 4201 1069 4264 50-51,·
1086 4196 1149 4251 Lib.
1173 4196 1222 4267 VI,
1240 4203 1302 4254 157.

535 4283 672 4348 Potthcat,
690 4282 756 4352 Rea.
775 4285 855 4336 9041.

433 4533 442 4551 .
474 4532 483 4550 .
512 4476 720 4568 episcopo
747 4476 972 4552 Brixiensi
1005 4484 1046 4552 et
1077 4480 1205 4554 fratri
1232 4479 1440 4556 Alberico
1468 4481 1519 4552 de
1551 4479 1706 4552 ordine
1734 4480 2085 4554 Prodicatorum.

540 4622 628 4688 Olim
657 4623 798 4689 dilectus
826 4625 911 4691 filius
938 4633 1050 4693 noster
1079 4627 1119 4691 G.
1143 4629 1228 4692 tituli
1253 4626 1365 4692 Sancti
1387 4626 1490 4692 Marci
1518 4627 1691 4715 presbyter
1719 4626 1911 4709 cardinalis,
1941 4628 2084 4713 fungens

430 4735 508 4792 tuno
530 4727 706 4812 legationis
730 4728 837 4793 officio
860 4731 893 4794 in
917 4732 1064 4816 partibus
1087 4729 1303 4810 Lombardie,
1335 4737 1469 4817 propter
1495 4731 1652 4796 intestina
1680 4731 1769 4795 bella
1792 4731 1933 4795 civitatis
1957 4729 2085 4816 Berga-
2139 4761 2166 4799 so

430 4830 554 4894 mensis
578 4832 795 4916 personaliter
817 4832 979 4898 accedens
1002 4833 1043 4898 ed
1065 4834 1185 4919 ipsam,
1215 4832 1356 4898 sollicite
1385 4833 1546 4899 laboravit
1568 4833 1610 4899 ad
1640 4855 1756 4920 pacem
1778 4833 1936 4900 reducere
1959 4835 2084 4901 discor-

431 4935 563 5008 dantes,
595 4935 688 4999 cuius
718 4935 965 5002 exhortationes
995 4944 1028 5001 et
1056 4937 1180 5001 monita
1210 4942 1322 5022 partes
1351 4942 1562 5022 acceptantes
1593 4936 1761 5002 humiliter
1789 4945 1823 5002 et
1852 4937 1988 5019 devote,
2022 4941 2085 5004 sub

430 5037 589 5102 iuratoria
617 5038 770 5104 cautione
799 5038 840 5104 de
870 5037 1015 5126 parendo
1046 5037 1207 5104 mandatis
1232 5039 1300 5102 suis
1330 5060 1429 5125 super
1450 5041 1602 5104 omnibus
1625 5040 1797 5105 discordiis
1829 5041 1863 5105 in
1889 5061 1964 5105 eum
1993 5064 2084 5107 com-

430 5142 620 5228 promittere
637 5149 844 5207 curavcrunt.
890 5140 1038 5227 Cumque
1056 5142 1231 5206 cardinalis
1247 5141 1413 5228 predictus
1437 5142 1616 5208 secundum
1638 5143 1775 5208 formam
1798 5145 1831 5207 in
1848 5145 2085 5231 compromisso

430 5265 621 5333 expressam
654 5267 713 5331 pro
744 5244 980 5331 tranquillitate
1013 5245 1156 5310 civitatis
1190 5244 1337 5310 eiusdem
1372 5246 1515 5312 nobilem
1545 5247 1649 5311 virum
1681 5245 1718 5312 P.
1750 5245 1791 5310 de
1822 5245 1943 5326 Turre,
1976 5248 2085 5313 civem
2139 5275 2165 5314 as

864 5421 938 5428 ---.-—
1770 5423 1893 5429 —-——-—-
1899 5423 1973 5430 -——·

532 5537 558 5604 1)
578 5537 614 5590 In
633 5536 745 5591 eundem
762 5537 822 5605 sere
838 5538 946 5592 raedam
965 5537 1213 5594 Praedicatoribus
1230 5540 1448 5597 dbisacenmbus
1468 5545 1536 5596 1231
1543 5583 1549 5606 ,
1577 5543 1649 5597 Nou.
1667 5547 1704 5595 27
1722 5557 1768 5610 ap.
1793 5539 1996 5604 Wintelincan,
2024 5543 2087 5594 Act.

428 5623 499 5692 Imp.
517 5622 588 5676 ined.
603 5639 634 5692 p.
653 5625 715 5686 499,
733 5639 762 5676 n.
783 5625 851 5689 624,·
869 5626 895 5677 et
913 5623 1165 5679 Praedicatoribns
1178 5627 1424 5695 argentinensibus
1443 5627 1691 5692 retamenta
1710 5627 1833 5682 Strassb.
1856 5626 1922 5681 U.B.
1941 5632 1958 5680 t.
1978 5625 2004 5688 Ι,
2023 5630 2088 5682 179.
