4590 6366
781 399 981 454 EPlS'l'OLAE
999 399 1188 455 salandram
1224 400 1299 454 1235.
1805 411 1866 472 535

216 577 249 635 et
279 573 335 634 alii
373 573 519 636 fautores
553 574 723 658 pravitatis
755 574 916 652 heretice,
948 596 1011 659 quo
1044 575 1290 659 pestilentiores
1320 580 1395 636 sunt
1424 574 1511 652 aliis,
1547 598 1586 640 eo
1618 587 1729 644 contra
1758 583 1866 667 ipsum

215 676 346 758 gravius
382 685 613 761 conceperunt.
673 675 819 762 Cumque
855 699 961 762 nuper
995 678 1098 763 prinro
1137 678 1190 740 die
1227 677 1453 760 rogationum²
1491 680 1665 765 episcopus
1700 683 1786 748 idem
1826 685 1865 748 ad

216 779 451 842 monasterium
476 781 579 842 sancti
603 779 737 843 Andree
763 780 976 843 Mantuanum
1000 781 1181 859 accedens,
1212 781 1381 864 ingressus
1410 781 1527 844 fuisset
1551 784 1726 868 capitulum
1752 808 1864 850 mona-

216 903 327 944 corum
363 903 420 967 pro
455 883 685 946 reformatione
720 883 823 968 ipsius
860 885 1050 948 monasterii
1084 891 1161 947 tuno
1197 884 1356 962 vacantis,
1393 893 1652 968 supervenerunt
1682 889 1865 953 antichristi

217 986 393 1062 satellites,
424 1007 442 1048 a
469 985 585 1070 quibus
616 987 676 1050 fuit
704 994 769 1050 tam
800 987 978 1050 crudeliter
1001 988 1206 1066 interfectus,
1235 995 1271 1050 ut
1302 1009 1344 1052 ex
1367 988 1438 1071 ipsa
1465 989 1637 1054 atrocitate
1666 992 1800 1055 sceleris
1831 1001 1864 1056 et

214 1089 330 1151 sevitia
353 1089 526 1153 manifeste
550 1096 708 1174 appareat
733 1112 789 1153 eos
814 1092 906 1154 velut
940 1091 1087 1155 heretica
1111 1091 1206 1154 sorde
1231 1091 1371 1154 infectos
1395 1091 1535 1154 ecclesie
1559 1091 1623 1155 Dei
1647 1099 1681 1155 et
1704 1094 1863 1160 catholice

213 1192 288 1255 fidei
322 1193 464 1255 voluisse
500 1193 660 1264 iniuriam,
686 1194 843 1276 irrogare.
889 1194 972 1256 Nam
1002 1216 1074 1257 cum
1109 1195 1213 1279 primo
1249 1195 1320 1257 eius
1349 1195 1466 1258 faciem
1500 1195 1617 1277 gladiis
1645 1198 1887 1281 impetissent,

212 1295 420 1379 postmodum
444 1296 556 1360 ambas
580 1318 694 1360 manus
719 1298 824 1381 ipsius
847 1296 990 1360 Domino
1015 1304 1238 1374 consecratas,
1272 1319 1345 1360 cum
1377 1298 1410 1360 in
1441 1297 1572 1361 modum
1601 1300 1705 1362 crucis
1729 1300 1864 1365 brachia

213 1399 445 1477 cancellasset,
474 1399 631 1484 despecta
655 1400 810 1464 Crucifixi
841 1402 1025 1466 reverentia
1050 1402 1147 1486 impie
1178 1409 1399 1487 amputantes,
1430 1401 1569 1465 eundem
1593 1403 1807 1487 quadraginta
1830 1415 1864 1469 et

214 1502 360 1586 pluribus
385 1502 446 1565 sibi
471 1504 576 1588 plagis
608 1504 770 1589 impositis
794 1505 886 1589 quasi
915 1511 1019 1568 totum
1043 1505 1190 1568 scindere
1214 1511 1501 1589 presumpserunt,
1534 1506 1672 1568 saturari
1694 1506 1861 1572 de'morte

213 1611 246 1666 et
275 1606 451 1669 laniatione
484 1607 597 1670 christi
620 1608 753 1671 Domini
781 1630 845 1671 non
877 1609 1035 1672 valentes.
1080 1608 1181 1672 Porro
1211 1610 1289 1672 lieet
1319 1609 1360 1672 ad
1389 1610 1564 1673 clamorem
1595 1612 1763 1694 sanguinis
1793 1619 1863 1676 tota

213 1711 345 1774 civitate
364 1719 535 1791 commota,
560 1713 636 1796 quia
658 1713 863 1796 iniquitatem
888 1713 948 1775 celi
968 1714 1115 1776 revelant
1139 1719 1172 1775 et
1188 1712 1345 1776 adversus
1368 1714 1560 1798 pestilentes
1577 1719 1666 1777 terra
1683 1717 1861 1799 consurgit,
1880 1735 1925 1777 roa.
1940 1743 2008 1790 noar.

213 1861 245 1876 ..
269 1820 416 1898 potestas
432 1822 542 1877 vestra
566 1814 607 1877 ad
630 1815 691 1878 hoc
709 1814 941 1878 vindicandum
958 1817 1131 1900 negligens
1147 1817 1246 1879 fuerit
1269 1823 1302 1879 et
1325 1817 1490 1895 remissas,
1514 1839 1557 1880 ex
1580 1838 1643 1901 quo
1667 1838 1731 1881 non
1754 1820 1862 1882 levem

212 1916 402 2001 suspitionis
426 1925 536 1980 notam
560 1919 705 1981 noscitur
728 1920 915 1997 iucurrisse,
940 1941 997 1982 vos
1021 1927 1131 1983 tamen
1153 1918 1364 2002 deplorantes
1389 1927 1421 1982 ot
1444 1927 1615 2002 gementes
1640 1921 1860 1986 miserabilem

213 2022 357 2106 parentis
382 2042 534 2083 occasum
559 2031 592 2084 et
615 2023 750 2085 nimium
775 2022 894 2086 exinde
919 2022 1111 2101 conturbati,
1134 2024 1204 2086 zelo
1230 2045 1287 2086 vos
1312 2024 1477 2086 excitante
1502 2023 1612 2087 divino
1636 2025 1861 2089 insurrexistis

211 2126 409 2188 unanimiter
431 2147 490 2210 per
514 2147 570 2188 vos
594 2126 683 2210 ipsos
708 2126 740 2188 in
764 2126 929 2211 parricidii
952 2127 1127 2204 ultionem,
1160 2127 1307 2209 quamvis
1330 2127 1362 2188 in
1386 2147 1554 2211 personas,
1579 2149 1641 2212 que
1666 2128 1861 2211 aufugerant

211 2230 334 2292 saillis
359 2229 573 2292 favorabilem
598 2229 776 2293 exhibente
797 2236 961 2314 potestate
984 2229 1141 2315 predicta,
1165 2229 1379 2313 nequiveritis
1403 2228 1584 2304 vindicare;
1608 2230 1860 2316 propterquod,

210 2337 272 2398 etsi
296 2335 336 2398 ad
360 2342 425 2398 tam
450 2334 573 2417 grande
597 2335 716 2396 malurn
740 2343 853 2402 noster
875 2335 1046 2419 expaverit
1068 2334 1205 2412 animus,
1230 2354 1285 2395 cor
1308 2334 1542 2397 contremuerit
1565 2341 1598 2397 et
1621 2355 1717 2398 aures
1741 2335 1859 2398 tinnie-

211 2439 274 2502 rint
298 2439 492 2502 orribilitate
509 2438 647 2522 peccati,
672 2438 824 2521 exposita
847 2438 942 2500 nobis
966 2443 1076 2500 tamen
1094 2443 1202 2500 vestra
1224 2436 1354 2500 devotio
1373 2438 1567 2500 immensum
1583 2438 1740 2518 dolorem,
1763 2460 1860 2522 quem

133 2557 144 2592 ·-'
211 2545 366 2607 intulerat
389 2544 565 2606 enormitas
589 2543 756 2618 maleficii,
786 2543 819 2604 in
847 2549 939 2627 parte
969 2543 1079 2626 aliqua
1102 2541 1281 2624 mitigavit,
1313 2541 1368 2624 qui
1390 2541 1470 2603 moti
1494 2547 1607 2602 contra
1629 2562 1687 2603 vos
1711 2562 1776 2603 non
1798 2541 1859 2603 im-

209 2648 325 2710 merito
353 2647 548 2724 fuissemus,
581 2647 607 2709 si
638 2647 733 2709 aliter
761 2645 933 2710 fecissetis.
986 2643 1029 2708 Et
1057 2645 1186 2729 quidem
1217 2665 1290 2708 cum
1320 2666 1378 2730 pro
1410 2645 1516 2708 causis
1545 2644 1702 2730 predictis
1730 2643 1860 2708 biberet

210 2752 385 2836 episcopus
409 2757 607 2814 memoratus
628 2751 763 2813 calicem
780 2749 953 2834 passionis,
978 2770 1095 2833 passus
1119 2770 1212 2811 sacro
1235 2748 1287 2811 die
1312 2749 1400 2811 etin
1424 2749 1497 2811 loeo
1522 2768 1624 2824 sacro,
1648 2733 1802 2810 videlicet
1826 2748 1858 2810 in

209 2856 352 2940 capitulo
377 2856 479 2940 ipsius
497 2854 697 2932 monasterii,
720 2874 779 2937 pro
803 2853 895 2915 euius
920 2852 983 2916 fide
1007 2873 1045 2915 ac
1062 2851 1214 2915 libertate
1239 2851 1395 2930 certabat,
1420 2858 1453 2914 et
1475 2850 1519 2912 ibi
1536 2855 1673 2913 mortem
1697 2850 1858 2933 recipiens

208 2958 264 3021 ubi
292 2959 359 3022 vite
391 2956 579 3042 requirebat
610 2963 768 3034 actorem,
801 2956 956 3039 patientis
986 2955 1099 3018 titulus
1138 2954 1404 3018 concurrentibus
1435 2954 1572 3037 singulis
1607 2952 1858 3017 circumstantiis

132 3073 143 3110 ‘·'
210 3062 328 3126 clarius
345 3061 507 3141 enitescit,
531 3061 606 3124 dum
624 3060 716 3143 quasi
733 3081 836 3122 novus
852 3059 1026 3122 Zacharias
1051 3066 1102 3122 est
1124 3060 1158 3121 iu
1180 3060 1302 3144 templo
1327 3081 1384 3144 pro
1408 3059 1471 3122 fide
1495 3079 1532 3120 ac
1547 3058 1700 3122 libertate
1716 3056 1858 3121 ecclesie
1875 3077 2021 3130 intonata

208 3166 405 3240 immolatus,
430 3171 463 3227 et
485 3164 759 3247 nequissimorum
776 3162 916 3246 amplius
934 3162 1097 3226 revelatur
1119 3162 1265 3245 nequitia
1283 3182 1466 3245 nomenque
1489 3162 1635 3246 ipsorum
1659 3161 1858 3246 sempiterno

209 3267 548 3352 parricidalis-reatus
571 3266 746 3352 opprobrio
770 3267 959 3330 maculatur.

316 3369 362 3432 Ut
393 3370 492 3454 igitur
517 3371 622 3453 magis
650 3370 792 3434 vindicte
820 3391 918 3454 quam
947 3391 1104 3433 excessus
1131 3370 1289 3433 memoria
1316 3377 1531 3454 propagetur,
1561 3391 1634 3432 cum
1663 3368 1858 3434 delictoresb

208 3473 455 3558 flagitiosissimi
480 3481 512 3536 et
536 3475 779 3538 sceleratissimi
809 3474 969 3559 parricide
998 3475 1030 3536 in
1062 3473 1182 3537 acerba
1212 3481 1245 3537 et
1275 3495 1353 3537 seva
1375 3494 1455 3536 nece
1486 3474 1631 3557 parentis
1655 3475 1801 3560 episcopi
1825 3482 1859 3538 et

210 3579 351 3663 pastoris
375 3585 487 3642 contra
511 3601 545 3642 se
565 3579 814 3663 provocaverint
837 3579 943 3640 celum
968 3584 1001 3640 et
1025 3583 1156 3654 terram,
1181 3584 1214 3640 et
1236 3577 1428 3659 gravissime
1446 3577 1641 3640 offenderint
1663 3598 1729 3640 non
1753 3579 1857 3640 solum

208 3681 389 3746 Romanam
414 3663 604 3762 ecclesiam,
634 3704 653 3745 a
677 3703 739 3765 qua
761 3682 907 3768 prefatus
932 3681 1105 3766 episcopus
1129 3681 1190 3744 fuit
1213 3680 1254 3743 ad
1277 3680 1488 3743 llantuanam
1510 3687 1713 3764 assumptus,
1745 3702 1856 3744 verum

208 3787 307 3848 etiam
336 3787 432 3849 nimis
464 3786 736 3850 exacerbaverint
765 3786 939 3849 ecclesiam
967 3787 1171 3869 generalem,
1203 3806 1262 3848 nos
1286 3785 1326 3849 de
1355 3784 1489 3848 fratrum
1512 3791 1696 3847 nostrorum
1720 3785 1857 3847 consilio

208 3911 245 3952 ao
275 3890 510 3954 venerabilium
545 3889 679 3952 fratrum
710 3889 984 3973 patriarcharum,
1019 3889 1360 3974 archiepiscoporum,
1396 3889 1623 3972 episcoporum
1654 3892 1687 3950 et
1720 3887 1856 3949 aliorum

207 3994 426 4077 prelatorum,
458 3994 513 4078 qui
535 4001 613 4056 tuno
637 3999 729 4056 erant
752 3991 838 4076 apud
864 3991 975 4054 sedem
998 3994 1211 4076 apostolicam
1236 3992 1417 4070 constituti,
1449 3990 1545 4053 buius
1574 3990 1718 4053 criminis
1747 3997 1855 4074 patra-

132 4111 153 4128 ‘'
210 4103 309 4172 tores,
333 4105 398 4160 tarn
415 4097 602 4161 Advocatoa
620 4118 715 4180 quam
732 4097 825 4174 alios,
848 4117 908 4159 nec
932 4116 996 4158 non
1021 4102 1053 4158 et
1076 4095 1150 4157 illos
1168 4116 1303 4179 quorum
1328 4116 1400 4179 ope,
1425 4092 1560 4156 consilio
1584 4094 1637 4155 vel
1659 4093 1782 4156 auxilio
1806 4101 1857 4157 est

209 4201 437 4278 commissum,
476 4200 606 4286 publico
647 4200 790 4264 candelis
827 4201 975 4263 accensis
1011 4199 1273 4263 denuntiavimus
1307 4197 1654 4261 excommunicationis
1692 4200 1855 4262 sententie

209 4304 379 4367 subiacere
405 4311 438 4366 et
460 4305 533 4367 loca
556 4303 596 4366 ad
619 4325 681 4388 que
702 4304 903 4382 devenerint,
926 4302 1080 4386 quamdiu
1103 4302 1150 4364 ibi
1171 4303 1302 4379 fuerint,
1327 4302 1496 4386 supposita
1517 4299 1700 4376 interdicto,
1725 4301 1855 4364 statutis

208 4407 403 4491 quibusdam
432 4413 545 4470 eontra
574 4407 739 4493 predictos
771 4413 804 4468 et
835 4427 948 4469 omues
977 4405 1017 4468 de
1047 4405 1475 4490 Advocatorumprogenie
1504 4403 1733 4488 promulgatis,
1772 4405 1857 4469 inter

208 4533 270 4594 que
301 4510 454 4573 duximus
483 4509 708 4586 statuendum,
743 4517 779 4572 ut
807 4509 905 4572 iidem
936 4509 977 4572 ab
1007 4507 1192 4572 huiusmodi
1220 4507 1567 4570 excommunicationis
1597 4509 1760 4570 sententia
1790 4531 1855 4573 non

208 4615 334 4698 possint
357 4614 420 4676 nisi
450 4635 509 4698 per
536 4613 709 4676 ecclesiam
733 4611 912 4675 Romanam
944 4613 1082 4677 absolvi.
1128 4611 1222 4684 Quod
1246 4612 1273 4674 si
1297 4632 1408 4674 eorum
1438 4610 1537 4694 aliqui
1565 4611 1745 4695 paralium
1770 4614 1854 4675 exti-

206 4717 306 4779 terint
328 4717 362 4778 in
385 4718 499 4779 mortis
522 4718 660 4780 articulo
684 4716 841 4797 absoluti,
871 4725 1004 4780 careant
1033 4726 1142 4780 tamen
1166 4717 1391 4780 ecclesiastica
1414 4715 1598 4799 sepultura,
1627 4721 1660 4778 et
1690 4715 1717 4778 si
1745 4715 1855 4780 forsan

206 4825 280 4904 post
303 4819 518 4883 absolutionis
537 4820 733 4883 beneficium
756 4821 900 4884 restituti
917 4820 1039 4883 fuerint
1063 4821 1205 4898 sanitati,
1229 4820 1291 4882 nisi
1316 4819 1425 4881 statim
1449 4817 1489 4881 ad
1514 4816 1624 4880 sedem
1642 4819 1855 4902 apostolicam

206 4924 434 4987 festinaverint
465 4945 521 5008 pro
552 4925 618 4987 suis
646 4923 771 4986 meritis
796 4925 977 5008 recepturi,
1003 4929 1038 4986 ut
1062 4923 1215 4986 videlicet
1246 4943 1319 4985 cum
1348 4921 1554 5006 penitentiali
1582 4921 1698 4986 baculo
1727 4922 1855 5006 pedites

205 5027 290 5089 ultra
313 5048 402 5090 marc
426 5027 502 5091 dum
525 5028 668 5090 vixerint
698 5027 865 5089 circueant
893 5028 965 5089 loca
993 5035 1121 5106 saneta,
1153 5026 1326 5110 implentes
1355 5025 1532 5116 iniunctam
1557 5024 1620 5087 sibi
1643 5025 1856 5110 penitentiam

142 5144 152 5178 ·'·
207 5151 279 5192 cum
304 5131 426 5212 gemitu
451 5139 484 5194 et
500 5129 623 5208 dolore,
646 5129 836 5193 relabantur
859 5131 892 5192 in
907 5130 1076 5215 pristinam
1098 5127 1444 5192 excommunicationis
1462 5127 1656 5190 sententiam
1680 5128 1751 5211 ipso
1775 5127 1856 5191 iure.

209 5233 294 5305 Quia
317 5255 393 5296 vero
418 5233 624 5297 considerata
640 5257 797 5299 excessus
814 5235 1017 5298 immanitate
1042 5235 1130 5297 nulla
1146 5235 1290 5317 ipsorum
1314 5252 1399 5316 pena
1423 5230 1589 5294 sufficeret
1611 5229 1652 5292 ad
1668 5231 1855 5311 vindictam,

310 5467 333 5533 ¹)
352 5471 472 5520 remissus
491 5470 522 5520 B.
603 5469 627 5535 b)
645 5471 746 5520 lictores
764 5469 795 5520 R.

309 5587 333 5652 1)
353 5587 377 5639 Ι.
397 5603 418 5640 e.
438 5586 507 5640 Mai.
528 5592 572 5654 ll;
591 5588 627 5656 cs.
646 5589 717 5640 Ana.
737 5588 828 5642 Merit.
846 5605 871 5642 a.
891 5592 972 5656 1235,
990 5586 1036 5640 SS.
1056 5591 1073 5640 t.
1093 5584 1179 5648 XIX,
1192 5601 1222 5658 p.
1241 5587 1274 5639 21
1293 5589 1317 5637 rt
1337 5583 1488 5640 Saraucae
1508 5581 1604 5640 Cliton.
1624 5602 1649 5640 a.
1669 5589 1749 5654 1235,
1767 5585 1808 5639 ed.
1827 5587 1856 5640 ia

206 5673 334 5738 ,llouuuu
347 5673 439 5730 Purra.
459 5679 484 5729 ct
503 5676 632 5744 Placeat,
648 5693 678 5750 p.
698 5679 740 5732 46.
