<?xml version="1.0" encoding="UTF-8"?>
<!DOCTYPE html PUBLIC "-//W3C//DTD XHTML 1.0 Transitional//EN"
    "http://www.w3.org/TR/xhtml1/DTD/xhtml1-transitional.dtd">
<html xmlns="http://www.w3.org/1999/xhtml" xml:lang="en" lang="en">
 <head>
  <title>
</title>
<meta http-equiv="Content-Type" content="text/html;charset=utf-8" />
  <meta name='ocr-system' content='tesseract 3.04.00' />
  <meta name='ocr-capabilities' content='ocr_page ocr_carea ocr_par ocr_line ocrx_word'/>
</head>
<body>
  <div class='ocr_page' id='page_1' title='image "./monumentagerman00peipgoog/monumentagerman00peipgoog_0221.png"; bbox 0 0 4448 6420; ppageno 0'>
   <div class='ocr_carea' id='block_1_1' title="bbox 388 379 1451 462">
    <p class='ocr_par' dir='ltr' id='par_1_1' title="bbox 388 379 1451 462">
     <span class='ocr_line' id='line_1_1' title="bbox 388 379 1451 462; baseline -0.015 -10"><span class='ocrx_word' id='word_1_1' title='bbox 388 389 448 454; x_wconf 79' lang='lat'><strong>198</strong></span> <span class='ocrx_word' id='word_1_2' title='bbox 972 379 1451 462; x_wconf 81' lang='lat' dir='ltr'><strong>mnenonnmauorsrno</strong></span> 
     </span>
    </p>
   </div>
   <div class='ocr_carea' id='block_1_2' title="bbox 386 555 2040 2291">
    <p class='ocr_par' dir='ltr' id='par_1_2' title="bbox 386 555 2040 2291">
     <span class='ocr_line' id='line_1_2' title="bbox 386 555 2037 648; baseline -0.004 -22"><span class='ocrx_word' id='word_1_3' title='bbox 386 567 581 648; x_wconf 76' lang='lat' dir='ltr'><strong>attemptare</strong></span> <span class='ocrx_word' id='word_1_4' title='bbox 604 560 684 625; x_wconf 88' lang='lat' dir='ltr'><strong>talia</strong></span> <span class='ocrx_word' id='word_1_5' title='bbox 700 563 981 646; x_wconf 88' lang='lat' dir='ltr'><strong>presumpserunt,</strong></span> <span class='ocrx_word' id='word_1_6' title='bbox 1005 558 1128 642; x_wconf 80' lang='lat' dir='ltr'>absque</span> <span class='ocrx_word' id='word_1_7' title='bbox 1145 555 1245 621; x_wconf 93' lang='lat' dir='ltr'><strong>dubio</strong></span> <span class='ocrx_word' id='word_1_8' title='bbox 1266 558 1406 640; x_wconf 86' lang='lat' dir='ltr'><strong>graviter</strong></span> <span class='ocrx_word' id='word_1_9' title='bbox 1423 555 1601 621; x_wconf 85' lang='lat' dir='ltr'><strong>offendisse</strong></span> <span class='ocrx_word' id='word_1_10' title='bbox 1618 562 1803 638; x_wconf 88' lang='lat' dir='ltr'><strong>noscantur,</strong></span> <span class='ocrx_word' id='word_1_11' title='bbox 1828 556 1905 641; x_wconf 88' lang='lat' dir='ltr'><strong>quia</strong></span> <span class='ocrx_word' id='word_1_12' title='bbox 1928 562 2037 620; x_wconf 86' lang='lat' dir='ltr'><strong>temen</strong></span> 
     </span>
     <span class='ocr_line' id='line_1_3' title="bbox 388 660 2037 747; baseline -0.005 -15"><span class='ocrx_word' id='word_1_13' title='bbox 388 666 531 732; x_wconf 89' lang='lat' dir='ltr'><strong>ecclesia</strong></span> <span class='ocrx_word' id='word_1_14' title='bbox 552 687 619 731; x_wconf 90' lang='lat' dir='ltr'><strong>non</strong></span> <span class='ocrx_word' id='word_1_15' title='bbox 641 663 740 730; x_wconf 84' lang='lat' dir='ltr'><strong>debet</strong></span> <span class='ocrx_word' id='word_1_16' title='bbox 763 665 870 728; x_wconf 89' lang='lat' dir='ltr'><strong>sinum</strong></span> <span class='ocrx_word' id='word_1_17' title='bbox 893 661 1044 727; x_wconf 82' lang='lat' dir='ltr'>claudere</span> <span class='ocrx_word' id='word_1_18' title='bbox 1067 660 1280 726; x_wconf 83' lang='lat' dir='ltr'><strong>redeuntibus</strong></span> <span class='ocrx_word' id='word_1_19' title='bbox 1303 666 1355 725; x_wconf 90' lang='lat' dir='ltr'><strong>set</strong></span> <span class='ocrx_word' id='word_1_20' title='bbox 1383 661 1492 746; x_wconf 91' lang='lat' dir='ltr'><strong>potius</strong></span> <span class='ocrx_word' id='word_1_21' title='bbox 1520 661 1667 746; x_wconf 89' lang='lat' dir='ltr'><strong>aperire,</strong></span> <span class='ocrx_word' id='word_1_22' title='bbox 1699 661 1836 747; x_wconf 88' lang='lat' dir='ltr'><strong>prefatis</strong></span> <span class='ocrx_word' id='word_1_23' title='bbox 1859 661 2037 735; x_wconf 90' lang='lat' dir='ltr'><strong>nobilibus,</strong></span> 
     </span>
     <span class='ocr_line' id='line_1_4' title="bbox 386 763 2037 856; baseline -0.004 -24"><span class='ocrx_word' id='word_1_24' title='bbox 386 769 442 854; x_wconf 94' lang='lat' dir='ltr'><strong>qui</strong></span> <span class='ocrx_word' id='word_1_25' title='bbox 471 769 688 856; x_wconf 83' lang='lat' dir='ltr'><strong>personaliter</strong></span> <span class='ocrx_word' id='word_1_26' title='bbox 716 766 758 831; x_wconf 89' lang='lat' dir='ltr'><strong>ad</strong></span> <span class='ocrx_word' id='word_1_27' title='bbox 788 771 933 830; x_wconf 91' lang='lat' dir='ltr'><strong>nostram</strong></span> <span class='ocrx_word' id='word_1_28' title='bbox 963 765 1163 851; x_wconf 80' lang='lat' dir='ltr'><strong>presentiam</strong></span> <span class='ocrx_word' id='word_1_29' title='bbox 1191 770 1415 844; x_wconf 81' lang='lat' dir='ltr'><strong>accesserunt,</strong></span> <span class='ocrx_word' id='word_1_30' title='bbox 1448 784 1508 848; x_wconf 90' lang='lat' dir='ltr'><strong>per</strong></span> <span class='ocrx_word' id='word_1_31' title='bbox 1540 771 1573 827; x_wconf 91' lang='lat' dir='ltr'><strong>te</strong></span> <span class='ocrx_word' id='word_1_32' title='bbox 1606 763 1741 827; x_wconf 85' lang='lat' dir='ltr'><strong>fecimus</strong></span> <span class='ocrx_word' id='word_1_33' title='bbox 1775 763 1869 827; x_wconf 85' lang='lat' dir='ltr'><strong>iuxta</strong></span> <span class='ocrx_word' id='word_1_34' title='bbox 1900 763 2037 828; x_wconf 88' lang='lat' dir='ltr'><strong>formam</strong></span> 
     </span>
     <span class='ocr_line' id='line_1_5' title="bbox 387 865 2037 953; baseline -0.004 -17"><span class='ocrx_word' id='word_1_35' title='bbox 387 872 527 936; x_wconf 80' lang='lat' dir='ltr'><strong>ecclesie</strong></span> <span class='ocrx_word' id='word_1_36' title='bbox 550 872 745 938; x_wconf 87' lang='lat' dir='ltr'><strong>beneficium</strong></span> <span class='ocrx_word' id='word_1_37' title='bbox 767 869 983 934; x_wconf 82' lang='lat' dir='ltr'><strong>absolutionis</strong></span> <span class='ocrx_word' id='word_1_38' title='bbox 1007 865 1167 953; x_wconf 88' lang='lat' dir='ltr'><strong>impendi,</strong></span> <span class='ocrx_word' id='word_1_39' title='bbox 1197 887 1234 930; x_wconf 90' lang='lat' dir='ltr'><strong>ac</strong></span> <span class='ocrx_word' id='word_1_40' title='bbox 1258 867 1497 930; x_wconf 80' lang='lat' dir='ltr'><strong>absolutionem</strong></span> <span class='ocrx_word' id='word_1_41' title='bbox 1520 866 1707 932; x_wconf 90' lang='lat' dir='ltr'><strong>absentium</strong></span> <span class='ocrx_word' id='word_1_42' title='bbox 1729 865 1903 952; x_wconf 90' lang='lat' dir='ltr'><strong>prudentie</strong></span> <span class='ocrx_word' id='word_1_43' title='bbox 1927 871 2037 930; x_wconf 83' lang='lat' dir='ltr'><strong>vestre</strong></span> 
     </span>
     <span class='ocr_line' id='line_1_6' title="bbox 386 969 2036 1056; baseline -0.004 -18"><span class='ocrx_word' id='word_1_44' title='bbox 386 974 538 1039; x_wconf 87' lang='lat' dir='ltr'><strong>duximus</strong></span> <span class='ocrx_word' id='word_1_45' title='bbox 563 972 837 1040; x_wconf 89' lang='lat' dir='ltr'><strong>committendam.</strong></span> <span class='ocrx_word' id='word_1_46' title='bbox 881 971 1026 1056; x_wconf 89' lang='lat' dir='ltr'><strong>Ideoque</strong></span> <span class='ocrx_word' id='word_1_47' title='bbox 1049 970 1245 1034; x_wconf 84' lang='lat' dir='ltr'><strong>fraternitati</strong></span> <span class='ocrx_word' id='word_1_48' title='bbox 1267 976 1376 1034; x_wconf 85' lang='lat' dir='ltr'><strong>vestre</strong></span> <span class='ocrx_word' id='word_1_49' title='bbox 1405 991 1464 1054; x_wconf 90' lang='lat' dir='ltr'><strong>per</strong></span> <span class='ocrx_word' id='word_1_50' title='bbox 1486 970 1666 1056; x_wconf 91' lang='lat' dir='ltr'><strong>apostolica</strong></span> <span class='ocrx_word' id='word_1_51' title='bbox 1689 970 1810 1055; x_wconf 89' lang='lat' dir='ltr'><strong>scripta</strong></span> <span class='ocrx_word' id='word_1_52' title='bbox 1833 969 2036 1048; x_wconf 88' lang='lat' dir='ltr'><strong>mandamus,</strong></span> 
     </span>
     <span class='ocr_line' id='line_1_7' title="bbox 387 1072 2038 1162; baseline -0.002 -22"><span class='ocrx_word' id='word_1_53' title='bbox 387 1078 551 1162; x_wconf 84' lang='lat' dir='ltr'><strong>quatinus,</strong></span> <span class='ocrx_word' id='word_1_54' title='bbox 575 1076 750 1142; x_wconf 87' lang='lat' dir='ltr'><strong>sufficienti</strong></span> <span class='ocrx_word' id='word_1_55' title='bbox 772 1077 814 1141; x_wconf 90' lang='lat' dir='ltr'><strong>ab</strong></span> <span class='ocrx_word' id='word_1_56' title='bbox 831 1076 894 1139; x_wconf 91' lang='lat' dir='ltr'><strong>hiis</strong></span> <span class='ocrx_word' id='word_1_57' title='bbox 911 1075 1061 1139; x_wconf 89' lang='lat' dir='ltr'><strong>cautione</strong></span> <span class='ocrx_word' id='word_1_58' title='bbox 1078 1078 1221 1158; x_wconf 86' lang='lat' dir='ltr'><strong>recepta,</strong></span> <span class='ocrx_word' id='word_1_59' title='bbox 1245 1072 1370 1138; x_wconf 92' lang='lat' dir='ltr'><strong>eisdem</strong></span> <span class='ocrx_word' id='word_1_60' title='bbox 1386 1072 1599 1137; x_wconf 86' lang='lat' dir='ltr'><strong>absolutionis</strong></span> <span class='ocrx_word' id='word_1_61' title='bbox 1617 1073 1812 1137; x_wconf 87' lang='lat' dir='ltr'><strong>beneficium</strong></span> <span class='ocrx_word' id='word_1_62' title='bbox 1829 1072 2038 1159; x_wconf 88' lang='lat' dir='ltr'><strong>impendatis,</strong></span> 
     </span>
     <span class='ocr_line' id='line_1_8' title="bbox 387 1174 2038 1264; baseline -0.002 -20"><span class='ocrx_word' id='word_1_63' title='bbox 387 1201 425 1244; x_wconf 91' lang='lat' dir='ltr'><strong>ac</strong></span> <span class='ocrx_word' id='word_1_64' title='bbox 449 1180 567 1246; x_wconf 91' lang='lat' dir='ltr'><strong>deinde</strong></span> <span class='ocrx_word' id='word_1_65' title='bbox 590 1182 683 1245; x_wconf 84' lang='lat' dir='ltr'><strong>iuxta</strong></span> <span class='ocrx_word' id='word_1_66' title='bbox 705 1187 854 1245; x_wconf 91' lang='lat' dir='ltr'><strong>tenorem</strong></span> <span class='ocrx_word' id='word_1_67' title='bbox 878 1176 1120 1264; x_wconf 89' lang='lat' dir='ltr'><strong>sepedictarum</strong></span> <span class='ocrx_word' id='word_1_68' title='bbox 1143 1177 1324 1240; x_wconf 86' lang='lat' dir='ltr'><strong>litterarum</strong></span> <span class='ocrx_word' id='word_1_69' title='bbox 1347 1174 1416 1254; x_wconf 89' lang='lat' dir='ltr'><strong>tibi,</strong></span> <span class='ocrx_word' id='word_1_70' title='bbox 1438 1175 1540 1240; x_wconf 90' lang='lat' dir='ltr'><strong>frater</strong></span> <span class='ocrx_word' id='word_1_71' title='bbox 1563 1177 1734 1263; x_wconf 90' lang='lat' dir='ltr'><strong>episcope,</strong></span> <span class='ocrx_word' id='word_1_72' title='bbox 1757 1197 1795 1240; x_wconf 89' lang='lat' dir='ltr'><strong>ae</strong></span> <span class='ocrx_word' id='word_1_73' title='bbox 1818 1176 2038 1240; x_wconf 86' lang='lat' dir='ltr'><strong>Arriminensi</strong></span> 
     </span>
     <span class='ocr_line' id='line_1_9' title="bbox 387 1279 2038 1370; baseline -0.003 -22"><span class='ocrx_word' id='word_1_74' title='bbox 387 1285 542 1370; x_wconf 89' lang='lat' dir='ltr'><strong>episcopo</strong></span> <span class='ocrx_word' id='word_1_75' title='bbox 580 1284 776 1350; x_wconf 86' lang='lat' dir='ltr'><strong>directarum</strong></span> <span class='ocrx_word' id='word_1_76' title='bbox 815 1288 882 1346; x_wconf 89' lang='lat' dir='ltr'><strong>tarn</strong></span> <span class='ocrx_word' id='word_1_77' title='bbox 919 1279 1126 1345; x_wconf 90' lang='lat' dir='ltr'><strong>demoliendo</strong></span> <span class='ocrx_word' id='word_1_78' title='bbox 1164 1286 1290 1357; x_wconf 86' lang='lat' dir='ltr'><strong>turres,</strong></span> <span class='ocrx_word' id='word_1_79' title='bbox 1328 1299 1390 1362; x_wconf 88' lang='lat' dir='ltr'><strong>que</strong></span> <span class='ocrx_word' id='word_1_80' title='bbox 1429 1286 1542 1343; x_wconf 89' lang='lat' dir='ltr'><strong>contra</strong></span> <span class='ocrx_word' id='word_1_81' title='bbox 1577 1279 1750 1343; x_wconf 89' lang='lat' dir='ltr'><strong>eeclesiam</strong></span> <span class='ocrx_word' id='word_1_82' title='bbox 1788 1284 1821 1344; x_wconf 90' lang='lat' dir='ltr'><strong>et</strong></span> <span class='ocrx_word' id='word_1_83' title='bbox 1860 1280 2038 1344; x_wconf 88' lang='lat' dir='ltr'><strong>catholicos</strong></span> 
     </span>
     <span class='ocr_line' id='line_1_10' title="bbox 387 1382 2038 1474; baseline -0.003 -22"><span class='ocrx_word' id='word_1_84' title='bbox 387 1393 625 1474; x_wconf 81' lang='lat' dir='ltr'><strong>pugnaverunt,</strong></span> <span class='ocrx_word' id='word_1_85' title='bbox 650 1408 746 1473; x_wconf 88' lang='lat' dir='ltr'><strong>quam</strong></span> <span class='ocrx_word' id='word_1_86' title='bbox 770 1387 835 1450; x_wconf 89' lang='lat' dir='ltr'><strong>alia</strong></span> <span class='ocrx_word' id='word_1_87' title='bbox 857 1406 919 1470; x_wconf 92' lang='lat' dir='ltr'><strong>que</strong></span> <span class='ocrx_word' id='word_1_88' title='bbox 942 1385 976 1448; x_wconf 94' lang='lat' dir='ltr'><strong>in</strong></span> <span class='ocrx_word' id='word_1_89' title='bbox 1000 1383 1125 1448; x_wconf 90' lang='lat' dir='ltr'><strong>eisdem</strong></span> <span class='ocrx_word' id='word_1_90' title='bbox 1146 1383 1354 1446; x_wconf 88' lang='lat' dir='ltr'><strong>continentur</strong></span> <span class='ocrx_word' id='word_1_91' title='bbox 1370 1382 1487 1446; x_wconf 87' lang='lat' dir='ltr'><strong>litteris</strong></span> <span class='ocrx_word' id='word_1_92' title='bbox 1505 1383 1710 1467; x_wconf 86' lang='lat' dir='ltr'><strong>exequendo,</strong></span> <span class='ocrx_word' id='word_1_93' title='bbox 1733 1383 1877 1470; x_wconf 89' lang='lat' dir='ltr'><strong>puniatis</strong></span> <span class='ocrx_word' id='word_1_94' title='bbox 1894 1383 2038 1464; x_wconf 87' lang='lat' dir='ltr'><strong>eosdem,</strong></span> 
     </span>
     <span class='ocr_line' id='line_1_11' title="bbox 387 1485 2037 1576; baseline -0.002 -22"><span class='ocrx_word' id='word_1_95' title='bbox 387 1492 434 1555; x_wconf 92' lang='lat' dir='ltr'><strong>ita</strong></span> <span class='ocrx_word' id='word_1_96' title='bbox 463 1499 573 1556; x_wconf 90' lang='lat' dir='ltr'><strong>tamen</strong></span> <span class='ocrx_word' id='word_1_97' title='bbox 602 1490 687 1576; x_wconf 91' lang='lat' dir='ltr'><strong>quod</strong></span> <span class='ocrx_word' id='word_1_98' title='bbox 719 1490 920 1574; x_wconf 84' lang='lat' dir='ltr'><strong>singulorum</strong></span> <span class='ocrx_word' id='word_1_99' title='bbox 951 1487 1142 1552; x_wconf 85' lang='lat' dir='ltr'><strong>excessibus</strong></span> <span class='ocrx_word' id='word_1_100' title='bbox 1171 1485 1307 1572; x_wconf 86' lang='lat' dir='ltr'><strong>provida</strong></span> <span class='ocrx_word' id='word_1_101' title='bbox 1334 1485 1594 1550; x_wconf 89' lang='lat' dir='ltr'><strong>consideratione</strong></span> <span class='ocrx_word' id='word_1_102' title='bbox 1622 1487 1783 1571; x_wconf 81' lang='lat' dir='ltr'><strong>pensatis,</strong></span> <span class='ocrx_word' id='word_1_103' title='bbox 1817 1487 1918 1551; x_wconf 88' lang='lat' dir='ltr'><strong>liceat</strong></span> <span class='ocrx_word' id='word_1_104' title='bbox 1944 1487 2037 1550; x_wconf 82' lang='lat' dir='ltr'><strong>vobis</strong></span> 
     </span>
     <span class='ocr_line' id='line_1_12' title="bbox 389 1588 2040 1677; baseline -0.003 -19"><span class='ocrx_word' id='word_1_105' title='bbox 389 1595 485 1658; x_wconf 85' lang='lat' dir='ltr'><strong>iuxta</strong></span> <span class='ocrx_word' id='word_1_106' title='bbox 518 1593 775 1676; x_wconf 90' lang='lat' dir='ltr'><strong>uniuscuiusque</strong></span> <span class='ocrx_word' id='word_1_107' title='bbox 811 1593 939 1677; x_wconf 89' lang='lat' dir='ltr'><strong>culpam</strong></span> <span class='ocrx_word' id='word_1_108' title='bbox 975 1596 1008 1654; x_wconf 95' lang='lat' dir='ltr'><strong>et</strong></span> <span class='ocrx_word' id='word_1_109' title='bbox 1047 1589 1210 1654; x_wconf 90' lang='lat' dir='ltr'><strong>moderari</strong></span> <span class='ocrx_word' id='word_1_110' title='bbox 1247 1610 1365 1674; x_wconf 88' lang='lat' dir='ltr'><strong>penam</strong></span> <span class='ocrx_word' id='word_1_111' title='bbox 1402 1588 1488 1652; x_wconf 88' lang='lat' dir='ltr'><strong>circa</strong></span> <span class='ocrx_word' id='word_1_112' title='bbox 1521 1589 1627 1653; x_wconf 90' lang='lat' dir='ltr'><strong>minus</strong></span> <span class='ocrx_word' id='word_1_113' title='bbox 1666 1589 1847 1675; x_wconf 87' lang='lat' dir='ltr'><strong>culpabiles</strong></span> <span class='ocrx_word' id='word_1_114' title='bbox 1884 1595 1918 1654; x_wconf 90' lang='lat' dir='ltr'><strong>et</strong></span> <span class='ocrx_word' id='word_1_115' title='bbox 1954 1590 2040 1654; x_wconf 88' lang='lat' dir='ltr'><strong>circa</strong></span> 
     </span>
     <span class='ocr_line' id='line_1_13' title="bbox 387 1675 2038 1782; baseline -0.002 -22"><span class='ocrx_word' id='word_1_116' title='bbox 387 1675 494 1780; x_wconf 85' lang='lat' dir='ltr'><strong>magis</strong></span> <span class='ocrx_word' id='word_1_117' title='bbox 525 1695 721 1782; x_wconf 82' lang='lat' dir='ltr'><strong>culpabiles,</strong></span> <span class='ocrx_word' id='word_1_118' title='bbox 750 1700 847 1780; x_wconf 89' lang='lat' dir='ltr'><strong>prout</strong></span> <span class='ocrx_word' id='word_1_119' title='bbox 869 1692 1026 1778; x_wconf 89' lang='lat' dir='ltr'><strong>expedire</strong></span> <span class='ocrx_word' id='word_1_120' title='bbox 1050 1691 1214 1770; x_wconf 88' lang='lat' dir='ltr'><strong>videritis,</strong></span> <span class='ocrx_word' id='word_1_121' title='bbox 1243 1712 1436 1776; x_wconf 84' lang='lat' dir='ltr'><strong>aggravare3</strong></span> <span class='ocrx_word' id='word_1_122' title='bbox 1467 1692 1598 1776; x_wconf 91' lang='lat' dir='ltr'><strong>proviso</strong></span> <span class='ocrx_word' id='word_1_123' title='bbox 1622 1691 1708 1775; x_wconf 92' lang='lat' dir='ltr'><strong>quod</strong></span> <span class='ocrx_word' id='word_1_124' title='bbox 1736 1692 1865 1756; x_wconf 89' lang='lat' dir='ltr'><strong>faciatis</strong></span> <span class='ocrx_word' id='word_1_125' title='bbox 1889 1694 2038 1757; x_wconf 90' lang='lat' dir='ltr'><strong>ecclesiis</strong></span> 
     </span>
     <span class='ocr_line' id='line_1_14' title="bbox 389 1794 2040 1886; baseline -0.002 -22"><span class='ocrx_word' id='word_1_126' title='bbox 389 1801 542 1865; x_wconf 88' lang='lat' dir='ltr'><strong>satisfieri</strong></span> <span class='ocrx_word' id='word_1_127' title='bbox 574 1805 798 1886; x_wconf 86' lang='lat' dir='ltr'><strong>competenter</strong></span> <span class='ocrx_word' id='word_1_128' title='bbox 825 1797 865 1862; x_wconf 92' lang='lat' dir='ltr'><strong>de</strong></span> <span class='ocrx_word' id='word_1_129' title='bbox 895 1797 1045 1883; x_wconf 90' lang='lat' dir='ltr'><strong>dampnis</strong></span> <span class='ocrx_word' id='word_1_130' title='bbox 1074 1797 1137 1882; x_wconf 91' lang='lat' dir='ltr'><strong>sibi</strong></span> <span class='ocrx_word' id='word_1_131' title='bbox 1166 1794 1350 1860; x_wconf 92' lang='lat' dir='ltr'><strong>huiusmodi</strong></span> <span class='ocrx_word' id='word_1_132' title='bbox 1384 1797 1556 1860; x_wconf 90' lang='lat' dir='ltr'><strong>occasione</strong></span> <span class='ocrx_word' id='word_1_133' title='bbox 1587 1796 1698 1859; x_wconf 89' lang='lat' dir='ltr'><strong>illatis.</strong></span> <span class='ocrx_word' id='word_1_134' title='bbox 1758 1794 1853 1868; x_wconf 91' lang='lat' dir='ltr'><strong>Quod</strong></span> <span class='ocrx_word' id='word_1_135' title='bbox 1883 1797 1911 1860; x_wconf 90' lang='lat' dir='ltr'><strong>si</strong></span> <span class='ocrx_word' id='word_1_136' title='bbox 1940 1797 2040 1882; x_wconf 90' lang='lat' dir='ltr'><strong>aliqui</strong></span> 
     </span>
     <span class='ocr_line' id='line_1_15' title="bbox 390 1897 2038 1987; baseline -0.002 -19"><span class='ocrx_word' id='word_1_137' title='bbox 390 1911 465 1968; x_wconf 91' lang='lat' dir='ltr'><strong>sunt</strong></span> <span class='ocrx_word' id='word_1_138' title='bbox 487 1904 629 1968; x_wconf 88' lang='lat' dir='ltr'><strong>forsitan</strong></span> <span class='ocrx_word' id='word_1_139' title='bbox 647 1904 733 1967; x_wconf 88' lang='lat' dir='ltr'><strong>inter</strong></span> <span class='ocrx_word' id='word_1_140' title='bbox 756 1922 829 1982; x_wconf 90' lang='lat' dir='ltr'><strong>eos,</strong></span> <span class='ocrx_word' id='word_1_141' title='bbox 862 1922 997 1986; x_wconf 89' lang='lat' dir='ltr'><strong>quorum</strong></span> <span class='ocrx_word' id='word_1_142' title='bbox 1028 1901 1203 1987; x_wconf 89' lang='lat' dir='ltr'><strong>specialius</strong></span> <span class='ocrx_word' id='word_1_143' title='bbox 1233 1899 1332 1963; x_wconf 88' lang='lat' dir='ltr'><strong>fuerit</strong></span> <span class='ocrx_word' id='word_1_144' title='bbox 1358 1897 1498 1962; x_wconf 89' lang='lat' dir='ltr'><strong>difficilis</strong></span> <span class='ocrx_word' id='word_1_145' title='bbox 1530 1904 1563 1963; x_wconf 91' lang='lat' dir='ltr'><strong>et</strong></span> <span class='ocrx_word' id='word_1_146' title='bbox 1591 1899 1734 1963; x_wconf 88' lang='lat' dir='ltr'><strong>enormis</strong></span> <span class='ocrx_word' id='word_1_147' title='bbox 1762 1920 1935 1980; x_wconf 85' lang='lat' dir='ltr'><strong>excessus,</strong></span> <span class='ocrx_word' id='word_1_148' title='bbox 1965 1900 2038 1965; x_wconf 92' lang='lat' dir='ltr'><strong>illos</strong></span> 
     </span>
     <span class='ocr_line' id='line_1_16' title="bbox 389 2001 2038 2090; baseline -0.001 -20"><span class='ocrx_word' id='word_1_149' title='bbox 389 2007 525 2070; x_wconf 90' lang='lat' dir='ltr'><strong>mittatis</strong></span> <span class='ocrx_word' id='word_1_150' title='bbox 548 2007 590 2070; x_wconf 92' lang='lat' dir='ltr'><strong>ad</strong></span> <span class='ocrx_word' id='word_1_151' title='bbox 614 2005 726 2070; x_wconf 90' lang='lat' dir='ltr'><strong>sedem</strong></span> <span class='ocrx_word' id='word_1_152' title='bbox 749 2005 961 2090; x_wconf 89' lang='lat' dir='ltr'><strong>apostolicam</strong></span> <span class='ocrx_word' id='word_1_153' title='bbox 985 2001 1219 2079; x_wconf 88' lang='lat' dir='ltr'><strong>absolvendos,</strong></span> <span class='ocrx_word' id='word_1_154' title='bbox 1251 2009 1283 2066; x_wconf 89' lang='lat' dir='ltr'><strong>et</strong></span> <span class='ocrx_word' id='word_1_155' title='bbox 1306 2008 1372 2065; x_wconf 89' lang='lat' dir='ltr'><strong>tarn</strong></span> <span class='ocrx_word' id='word_1_156' title='bbox 1396 2002 1586 2086; x_wconf 90' lang='lat' dir='ltr'><strong>qualitatem</strong></span> <span class='ocrx_word' id='word_1_157' title='bbox 1612 2001 1706 2086; x_wconf 89' lang='lat' dir='ltr'><strong>culpe</strong></span> <span class='ocrx_word' id='word_1_158' title='bbox 1730 2022 1825 2086; x_wconf 90' lang='lat' dir='ltr'><strong>quarn</strong></span> <span class='ocrx_word' id='word_1_159' title='bbox 1848 2023 1952 2087; x_wconf 88' lang='lat' dir='ltr'><strong>pene,</strong></span> <span class='ocrx_word' id='word_1_160' title='bbox 1976 2023 2038 2087; x_wconf 90' lang='lat' dir='ltr'><strong>que</strong></span> 
     </span>
     <span class='ocr_line' id='line_1_17' title="bbox 387 2103 2040 2195; baseline -0.001 -23"><span class='ocrx_word' id='word_1_161' title='bbox 387 2108 554 2173; x_wconf 82' lang='lat' dir='ltr'><strong>videbitur</strong></span> <span class='ocrx_word' id='word_1_162' title='bbox 575 2129 673 2195; x_wconf 90' lang='lat' dir='ltr'><strong>posse</strong></span> <span class='ocrx_word' id='word_1_163' title='bbox 697 2108 762 2171; x_wconf 90' lang='lat' dir='ltr'><strong>illis</strong></span> <span class='ocrx_word' id='word_1_164' title='bbox 786 2113 1013 2193; x_wconf 87' lang='lat' dir='ltr'><strong>competenter</strong></span> <span class='ocrx_word' id='word_1_165' title='bbox 1038 2106 1159 2190; x_wconf 80' lang='lat' dir='ltr'><strong>infligi,</strong></span> <span class='ocrx_word' id='word_1_166' title='bbox 1189 2127 1248 2192; x_wconf 91' lang='lat' dir='ltr'><strong>per</strong></span> <span class='ocrx_word' id='word_1_167' title='bbox 1271 2111 1396 2170; x_wconf 88' lang='lat' dir='ltr'><strong>vestras</strong></span> <span class='ocrx_word' id='word_1_168' title='bbox 1429 2103 1524 2167; x_wconf 90' lang='lat' dir='ltr'><strong>nobis</strong></span> <span class='ocrx_word' id='word_1_169' title='bbox 1552 2105 1678 2168; x_wconf 89' lang='lat' dir='ltr'><strong>litteras</strong></span> <span class='ocrx_word' id='word_1_170' title='bbox 1709 2104 1885 2186; x_wconf 88' lang='lat' dir='ltr'><strong>intimetis,</strong></span> <span class='ocrx_word' id='word_1_171' title='bbox 1915 2113 1952 2170; x_wconf 89' lang='lat' dir='ltr'><strong>ut</strong></span> <span class='ocrx_word' id='word_1_172' title='bbox 1981 2128 2040 2192; x_wconf 90' lang='lat' dir='ltr'><strong>per</strong></span> 
     </span>
     <span class='ocr_line' id='line_1_18' title="bbox 387 2205 1832 2291; baseline -0.001 -17"><span class='ocrx_word' id='word_1_173' title='bbox 387 2217 530 2276; x_wconf 85' lang='lat' dir='ltr'><strong>vestram</strong></span> <span class='ocrx_word' id='word_1_174' title='bbox 552 2211 746 2276; x_wconf 87' lang='lat' dir='ltr'><strong>relationem</strong></span> <span class='ocrx_word' id='word_1_175' title='bbox 768 2209 919 2273; x_wconf 89' lang='lat' dir='ltr'><strong>instructi</strong></span> <span class='ocrx_word' id='word_1_176' title='bbox 941 2210 1059 2273; x_wconf 89' lang='lat' dir='ltr'><strong>melius</strong></span> <span class='ocrx_word' id='word_1_177' title='bbox 1082 2208 1191 2272; x_wconf 89' lang='lat' dir='ltr'><strong>facere</strong></span> <span class='ocrx_word' id='word_1_178' title='bbox 1214 2209 1382 2272; x_wconf 85' lang='lat' dir='ltr'><strong>valeamus</strong></span> <span class='ocrx_word' id='word_1_179' title='bbox 1406 2207 1492 2291; x_wconf 89' lang='lat' dir='ltr'><strong>quod</strong></span> <span class='ocrx_word' id='word_1_180' title='bbox 1514 2206 1614 2271; x_wconf 90' lang='lat' dir='ltr'><strong>fuerit</strong></span> <span class='ocrx_word' id='word_1_181' title='bbox 1635 2205 1832 2274; x_wconf 85' lang='lat' dir='ltr'><strong>faciendum.</strong></span> 
     </span>
    </p>
   </div>
   <div class='ocr_carea' id='block_1_3' title="bbox 495 2327 1244 2411">
    <p class='ocr_par' dir='ltr' id='par_1_3' title="bbox 495 2327 1244 2411">
     <span class='ocr_line' id='line_1_19' title="bbox 495 2327 1244 2411; baseline -0.007 -14"><span class='ocrx_word' id='word_1_182' title='bbox 495 2331 571 2397; x_wconf 88' lang='lat' dir='ltr'><strong>Dat.</strong></span> <span class='ocrx_word' id='word_1_183' title='bbox 594 2330 711 2411; x_wconf 82' lang='lat' dir='ltr'><strong>Reate,</strong></span> <span class='ocrx_word' id='word_1_184' title='bbox 734 2330 848 2395; x_wconf 89' lang='lat' dir='ltr'><strong>Idibus</strong></span> <span class='ocrx_word' id='word_1_185' title='bbox 871 2331 958 2407; x_wconf 89' lang='lat' dir='ltr'><strong>Iulii,</strong></span> <span class='ocrx_word' id='word_1_186' title='bbox 981 2350 1065 2393; x_wconf 90' lang='lat' dir='ltr'><strong>anno</strong></span> <span class='ocrx_word' id='word_1_187' title='bbox 1090 2327 1244 2394; x_wconf 69' lang='lat' dir='ltr'><strong>decimor.</strong></span> 
     </span>
    </p>
   </div>
   <div class='ocr_carea' id='block_1_4' title="bbox 1010 2587 1420 2598">
    <p class='ocr_par' dir='ltr' id='par_1_4' title="bbox 1010 2587 1420 2598">
     <span class='ocr_line' id='line_1_20' title="bbox 1010 2587 1420 2598; baseline -0.01 0"><span class='ocrx_word' id='word_1_188' title='bbox 1010 2587 1420 2598; x_wconf 74' lang='lat'><strong>..——-——-—-—</strong></span> 
     </span>
    </p>
   </div>
   <div class='ocr_carea' id='block_1_5' title="bbox 1172 2830 1258 2902">
    <p class='ocr_par' dir='ltr' id='par_1_5' title="bbox 1172 2830 1258 2902">
     <span class='ocr_line' id='line_1_21' title="bbox 1172 2830 1258 2902; baseline -0.012 0"><span class='ocrx_word' id='word_1_189' title='bbox 1172 2830 1258 2902; x_wconf 74' lang='lat' dir='ltr'><strong>alu.</strong></span> 
     </span>
    </p>
   </div>
   <div class='ocr_carea' id='block_1_6' title="bbox 388 2943 2044 3365">
    <p class='ocr_par' dir='ltr' id='par_1_6' title="bbox 388 2943 2044 3365">
     <span class='ocr_line' id='line_1_22' title="bbox 497 2943 2043 3053; baseline 0.004 -17"><span class='ocrx_word' id='word_1_190' title='bbox 497 2943 686 3036; x_wconf 79' lang='lat' dir='ltr'><strong>Honorius</strong></span> <span class='ocrx_word' id='word_1_191' title='bbox 712 2972 779 3037; x_wconf 90' lang='grc' dir='ltr'><strong>ΙΙΙ</strong></span> <span class='ocrx_word' id='word_1_192' title='bbox 801 2992 887 3052; x_wconf 79' lang='lat' dir='ltr'><strong>popu</strong></span> <span class='ocrx_word' id='word_1_193' title='bbox 915 2972 1081 3036; x_wconf 78' lang='lat' dir='ltr'><strong>Fridcrico</strong></span> <span class='ocrx_word' id='word_1_194' title='bbox 1109 2970 1324 3034; x_wconf 80' lang='lat' dir='ltr'><strong>Romanorum</strong></span> <span class='ocrx_word' id='word_1_195' title='bbox 1352 2971 1535 3051; x_wconf 81' lang='lat' dir='ltr'><strong>imperatori</strong></span> <span class='ocrx_word' id='word_1_196' title='bbox 1562 2975 1706 3053; x_wconf 76' lang='lat' dir='ltr'><strong>exponit,</strong></span> <span class='ocrx_word' id='word_1_197' title='bbox 1736 2975 1850 3038; x_wconf 86' lang='lat' dir='ltr'><strong>multos</strong></span> <span class='ocrx_word' id='word_1_198' title='bbox 1878 2980 1988 3040; x_wconf 79' lang='lat' dir='ltr'><strong>corrtro</strong></span> <span class='ocrx_word' id='word_1_199' title='bbox 2012 2997 2043 3042; x_wconf 89' lang='lat' dir='ltr'><strong>se</strong></span> 
     </span>
     <span class='ocr_line' id='line_1_23' title="bbox 389 3075 2044 3157; baseline 0.004 -20"><span class='ocrx_word' id='word_1_200' title='bbox 389 3093 605 3153; x_wconf 71' lang='lat' dir='ltr'><strong>miuruurare,</strong></span> <span class='ocrx_word' id='word_1_201' title='bbox 627 3075 709 3155; x_wconf 84' lang='lat' dir='ltr'><strong>quod</strong></span> <span class='ocrx_word' id='word_1_202' title='bbox 729 3076 797 3140; x_wconf 85' lang='lat' dir='ltr'><strong>eius</strong></span> <span class='ocrx_word' id='word_1_203' title='bbox 818 3075 1099 3156; x_wconf 78' lang='lat' dir='ltr'><strong>supplicationibus</strong></span> <span class='ocrx_word' id='word_1_204' title='bbox 1121 3076 1208 3139; x_wconf 85' lang='lat' dir='ltr'><strong>toties</strong></span> <span class='ocrx_word' id='word_1_205' title='bbox 1229 3075 1395 3152; x_wconf 79' lang='lat' dir='ltr'><strong>ouusrcrit,</strong></span> <span class='ocrx_word' id='word_1_206' title='bbox 1422 3095 1519 3156; x_wconf 82' lang='lat' dir='ltr'><strong>quoru</strong></span> <span class='ocrx_word' id='word_1_207' title='bbox 1545 3077 1701 3157; x_wconf 79' lang='lat' dir='ltr'><strong>nepotium</strong></span> <span class='ocrx_word' id='word_1_208' title='bbox 1726 3077 1843 3142; x_wconf 79' lang='lat' dir='ltr'><strong>Terrae</strong></span> <span class='ocrx_word' id='word_1_209' title='bbox 1866 3079 2004 3145; x_wconf 81' lang='lat' dir='ltr'><strong>Sanctae</strong></span> <span class='ocrx_word' id='word_1_210' title='bbox 2023 3102 2044 3144; x_wconf 87' lang='lat' dir='ltr'><strong>a</strong></span> 
     </span>
     <span class='ocr_line' id='line_1_24' title="bbox 389 3175 2044 3264; baseline 0.004 -24"><span class='ocrx_word' id='word_1_211' title='bbox 389 3175 563 3242; x_wconf 70' lang='lat' dir='ltr'><strong>desiderato</strong></span> <span class='ocrx_word' id='word_1_212' title='bbox 584 3176 693 3256; x_wconf 85' lang='lat' dir='ltr'><strong>effectu</strong></span> <span class='ocrx_word' id='word_1_213' title='bbox 713 3178 862 3242; x_wconf 80' lang='lat' dir='ltr'><strong>lmcteuus</strong></span> <span class='ocrx_word' id='word_1_214' title='bbox 884 3179 925 3243; x_wconf 86' lang='lat' dir='ltr'><strong>sit</strong></span> <span class='ocrx_word' id='word_1_215' title='bbox 944 3198 1140 3259; x_wconf 66' lang='lat' dir='ltr'><strong>suspensum·</strong></span> <span class='ocrx_word' id='word_1_216' title='bbox 1161 3180 1251 3260; x_wconf 83' lang='lat' dir='ltr'><strong>repat</strong></span> <span class='ocrx_word' id='word_1_217' title='bbox 1271 3197 1349 3254; x_wconf 89' lang='lat' dir='ltr'><strong>cum,</strong></span> <span class='ocrx_word' id='word_1_218' title='bbox 1372 3181 1407 3239; x_wconf 89' lang='lat' dir='ltr'><strong>ut</strong></span> <span class='ocrx_word' id='word_1_219' title='bbox 1423 3175 1622 3262; x_wconf 79' lang='lat' dir='ltr'><strong>P[etopiuur]</strong></span> <span class='ocrx_word' id='word_1_220' title='bbox 1637 3179 1847 3244; x_wconf 84' lang='lat' dir='ltr'><strong>Albcucusem</strong></span> <span class='ocrx_word' id='word_1_221' title='bbox 1870 3184 2044 3264; x_wconf 78' lang='lat' dir='ltr'><strong>episcopum</strong></span> 
     </span>
     <span class='ocr_line' id='line_1_25' title="bbox 388 3279 1959 3365; baseline 0.005 -23"><span class='ocrx_word' id='word_1_222' title='bbox 388 3283 418 3342; x_wconf 87' lang='lat' dir='ltr'><strong>et</strong></span> <span class='ocrx_word' id='word_1_223' title='bbox 442 3279 618 3364; x_wconf 79' lang='lat' dir='ltr'><strong>G[uulum]</strong></span> <span class='ocrx_word' id='word_1_224' title='bbox 638 3281 851 3362; x_wconf 67' lang='lat' dir='ltr'><strong>mutuorum</strong></span> <span class='ocrx_word' id='word_1_225' title='bbox 873 3282 1067 3348; x_wconf 82' lang='lat' dir='ltr'><strong>cardinalem</strong></span> <span class='ocrx_word' id='word_1_226' title='bbox 1090 3283 1204 3365; x_wconf 81' lang='lat' dir='ltr'><strong>lepotos</strong></span> <span class='ocrx_word' id='word_1_227' title='bbox 1226 3299 1298 3344; x_wconf 86' lang='lat' dir='ltr'><strong>suos</strong></span> <span class='ocrx_word' id='word_1_228' title='bbox 1320 3281 1449 3362; x_wconf 59' lang='lat' dir='ltr'><strong>beamus</strong></span> <span class='ocrx_word' id='word_1_229' title='bbox 1471 3283 1611 3362; x_wconf 84' lang='lat' dir='ltr'><strong>recipiat.</strong></span> <span class='ocrx_word' id='word_1_230' title='bbox 1697 3283 1792 3365; x_wconf 82' lang='lat'><strong>1225,</strong></span> <span class='ocrx_word' id='word_1_231' title='bbox 1816 3283 1882 3351; x_wconf 89' lang='lat' dir='ltr'><strong>Iul.</strong></span> <span class='ocrx_word' id='word_1_232' title='bbox 1907 3289 1959 3351; x_wconf 88' lang='grc'><strong>18.</strong></span> 
     </span>
    </p>
   </div>
   <div class='ocr_carea' id='block_1_7' title="bbox 491 3397 1174 3555">
    <p class='ocr_par' dir='ltr' id='par_1_7' title="bbox 491 3397 1174 3555">
     <span class='ocr_line' id='line_1_26' title="bbox 491 3397 1174 3470; baseline 0.006 -18"><span class='ocrx_word' id='word_1_233' title='bbox 491 3397 566 3454; x_wconf 81' lang='lat' dir='ltr'><strong>Hau.</strong></span> <span class='ocrx_word' id='word_1_234' title='bbox 585 3402 641 3453; x_wconf 86' lang='grc' dir='ltr'><strong>ΙΙΙ</strong></span> <span class='ocrx_word' id='word_1_235' title='bbox 655 3400 722 3470; x_wconf 81' lang='lat' dir='ltr'><strong>Rep.</strong></span> <span class='ocrx_word' id='word_1_236' title='bbox 745 3401 804 3456; x_wconf 90' lang='lat' dir='ltr'><strong>Vol.</strong></span> <span class='ocrx_word' id='word_1_237' title='bbox 828 3401 858 3466; x_wconf 85' lang='lat' dir='ltr'><strong>V,</strong></span> <span class='ocrx_word' id='word_1_238' title='bbox 878 3405 931 3464; x_wconf 71' lang='lat' dir='ltr'><strong>oa·</strong></span> <span class='ocrx_word' id='word_1_239' title='bbox 949 3403 1013 3456; x_wconf 80' lang='lat' dir='ltr'><strong>Lib.</strong></span> <span class='ocrx_word' id='word_1_240' title='bbox 1032 3402 1087 3466; x_wconf 87' lang='lat' dir='ltr'><strong>IX,</strong></span> <span class='ocrx_word' id='word_1_241' title='bbox 1109 3404 1174 3456; x_wconf 83' lang='lat'><strong><em>370.</em></strong></span> 
     </span>
     <span class='ocr_line' id='line_1_27' title="bbox 492 3484 813 3555; baseline 0.006 -17"><span class='ocrx_word' id='word_1_242' title='bbox 492 3484 629 3551; x_wconf 86' lang='lat' dir='ltr'><strong>Pottlrost,</strong></span> <span class='ocrx_word' id='word_1_243' title='bbox 647 3486 713 3555; x_wconf 79' lang='lat' dir='ltr'><strong>Rep.</strong></span> <span class='ocrx_word' id='word_1_244' title='bbox 734 3490 813 3540; x_wconf 74' lang='lat'><em>7445.</em></span> 
     </span>
    </p>
   </div>
   <div class='ocr_carea' id='block_1_8' title="bbox 478 3697 1956 3913">
    <p class='ocr_par' dir='ltr' id='par_1_8' title="bbox 478 3697 1956 3913">
     <span class='ocr_line' id='line_1_28' title="bbox 478 3697 1956 3796; baseline 0.005 -26"><span class='ocrx_word' id='word_1_245' title='bbox 478 3697 724 3788; x_wconf 80' lang='lat' dir='ltr'><strong>Friderico,</strong></span> <span class='ocrx_word' id='word_1_246' title='bbox 757 3699 1055 3774; x_wconf 85' lang='lat' dir='ltr'><strong>Romanorum</strong></span> <span class='ocrx_word' id='word_1_247' title='bbox 1083 3699 1339 3791; x_wconf 87' lang='lat' dir='ltr'><strong>imperatori</strong></span> <span class='ocrx_word' id='word_1_248' title='bbox 1369 3701 1536 3774; x_wconf 87' lang='lat' dir='ltr'><strong>illustri</strong></span> <span class='ocrx_word' id='word_1_249' title='bbox 1563 3724 1734 3794; x_wconf 88' lang='lat' dir='ltr'><strong>semper</strong></span> <span class='ocrx_word' id='word_1_250' title='bbox 1761 3711 1956 3796; x_wconf 82' lang='lat' dir='ltr'><strong>augusto</strong></span> 
     </span>
     <span class='ocr_line' id='line_1_29' title="bbox 522 3821 1393 3913; baseline -0.003 -17"><span class='ocrx_word' id='word_1_251' title='bbox 522 3835 523 3839; x_wconf 75' lang='grc'>’</span> <span class='ocrx_word' id='word_1_252' title='bbox 1046 3826 1088 3894; x_wconf 91' lang='lat' dir='ltr'><strong>et</strong></span> <span class='ocrx_word' id='word_1_253' title='bbox 1114 3821 1204 3913; x_wconf 83' lang='lat' dir='ltr'><strong>regi</strong></span> <span class='ocrx_word' id='word_1_254' title='bbox 1230 3821 1393 3895; x_wconf 87' lang='lat' dir='ltr'><strong>Sicilie.</strong></span> 
     </span>
    </p>
   </div>
   <div class='ocr_carea' id='block_1_9' title="bbox 389 3968 2220 5506">
    <p class='ocr_par' dir='ltr' id='par_1_9' title="bbox 389 3968 2220 5506">
     <span class='ocr_line' id='line_1_30' title="bbox 496 3968 2048 4060; baseline 0.005 -29"><span class='ocrx_word' id='word_1_255' title='bbox 496 3968 586 4034; x_wconf 91' lang='lat' dir='ltr'><strong>Inter</strong></span> <span class='ocrx_word' id='word_1_256' title='bbox 609 3970 690 4033; x_wconf 90' lang='lat' dir='ltr'><strong>alias</strong></span> <span class='ocrx_word' id='word_1_257' title='bbox 715 3969 953 4035; x_wconf 91' lang='lat' dir='ltr'><strong>sollicitudines</strong></span> <span class='ocrx_word' id='word_1_258' title='bbox 977 3971 1164 4035; x_wconf 90' lang='lat' dir='ltr'><strong>innumeras</strong></span> <span class='ocrx_word' id='word_1_259' title='bbox 1188 3977 1222 4036; x_wconf 91' lang='lat' dir='ltr'><strong>et</strong></span> <span class='ocrx_word' id='word_1_260' title='bbox 1236 3971 1425 4051; x_wconf 89' lang='lat' dir='ltr'><strong>immensas,</strong></span> <span class='ocrx_word' id='word_1_261' title='bbox 1449 3991 1529 4054; x_wconf 89' lang='lat' dir='ltr'><strong>quas</strong></span> <span class='ocrx_word' id='word_1_262' title='bbox 1551 3974 1625 4056; x_wconf 91' lang='lat' dir='ltr'><strong>plus</strong></span> <span class='ocrx_word' id='word_1_263' title='bbox 1648 3971 1734 4037; x_wconf 89' lang='lat' dir='ltr'><strong>ferre</strong></span> <span class='ocrx_word' id='word_1_264' title='bbox 1749 3993 1928 4057; x_wconf 90' lang='lat' dir='ltr'><strong>possumus</strong></span> <span class='ocrx_word' id='word_1_265' title='bbox 1951 3996 2048 4060; x_wconf 90' lang='lat' dir='ltr'><strong>quam</strong></span> 
     </span>
     <span class='ocr_line' id='line_1_31' title="bbox 389 4071 2049 4163; baseline 0.004 -29"><span class='ocrx_word' id='word_1_266' title='bbox 389 4071 528 4149; x_wconf 89' lang='lat' dir='ltr'><strong>referre,</strong></span> <span class='ocrx_word' id='word_1_267' title='bbox 558 4079 671 4158; x_wconf 90' lang='lat' dir='ltr'><strong>utpote</strong></span> <span class='ocrx_word' id='word_1_268' title='bbox 703 4073 773 4158; x_wconf 86' lang='lat' dir='ltr'><strong>qui,</strong></span> <span class='ocrx_word' id='word_1_269' title='bbox 803 4073 880 4137; x_wconf 92' lang='lat' dir='ltr'><strong>dum</strong></span> <span class='ocrx_word' id='word_1_270' title='bbox 908 4076 1054 4158; x_wconf 86' lang='lat' dir='ltr'><strong>generali</strong></span> <span class='ocrx_word' id='word_1_271' title='bbox 1083 4075 1224 4140; x_wconf 89' lang='lat' dir='ltr'><strong>ecclesie</strong></span> <span class='ocrx_word' id='word_1_272' title='bbox 1253 4074 1450 4160; x_wconf 89' lang='lat' dir='ltr'><strong>presidendc</strong></span> <span class='ocrx_word' id='word_1_273' title='bbox 1481 4075 1655 4139; x_wconf 90' lang='lat' dir='ltr'><strong>subsnmus</strong></span> <span class='ocrx_word' id='word_1_274' title='bbox 1684 4081 1718 4139; x_wconf 88' lang='lat' dir='ltr'><strong>et</strong></span> <span class='ocrx_word' id='word_1_275' title='bbox 1745 4075 1870 4140; x_wconf 88' lang='lat' dir='ltr'><strong>subditi</strong></span> <span class='ocrx_word' id='word_1_276' title='bbox 1898 4077 2049 4163; x_wconf 87' lang='lat' dir='ltr'><strong>preside·</strong></span> 
     </span>
     <span class='ocr_line' id='line_1_32' title="bbox 389 4177 2047 4266; baseline 0.005 -29"><span class='ocrx_word' id='word_1_277' title='bbox 389 4193 472 4254; x_wconf 88' lang='lat' dir='ltr'><strong>mus,</strong></span> <span class='ocrx_word' id='word_1_278' title='bbox 495 4196 560 4238; x_wconf 90' lang='lat' dir='ltr'><strong>non</strong></span> <span class='ocrx_word' id='word_1_279' title='bbox 582 4177 690 4240; x_wconf 90' lang='lat' dir='ltr'><strong>minus</strong></span> <span class='ocrx_word' id='word_1_280' title='bbox 715 4177 882 4240; x_wconf 87' lang='lat' dir='ltr'><strong>servitutis</strong></span> <span class='ocrx_word' id='word_1_281' title='bbox 907 4198 1006 4241; x_wconf 90' lang='lat' dir='ltr'><strong>onere</strong></span> <span class='ocrx_word' id='word_1_282' title='bbox 1022 4179 1210 4263; x_wconf 89' lang='lat' dir='ltr'><strong>premimur,</strong></span> <span class='ocrx_word' id='word_1_283' title='bbox 1234 4199 1331 4263; x_wconf 90' lang='lat' dir='ltr'><strong>quam</strong></span> <span class='ocrx_word' id='word_1_284' title='bbox 1349 4180 1533 4244; x_wconf 83' lang='lat' dir='ltr'><strong>exaltemur</strong></span> <span class='ocrx_word' id='word_1_285' title='bbox 1555 4178 1725 4264; x_wconf 87' lang='lat' dir='ltr'><strong>dignitatis</strong></span> <span class='ocrx_word' id='word_1_286' title='bbox 1748 4180 1885 4258; x_wconf 89' lang='lat' dir='ltr'><strong>honore,</strong></span> <span class='ocrx_word' id='word_1_287' title='bbox 1911 4182 2047 4266; x_wconf 88' lang='lat' dir='ltr'><strong>spiritus</strong></span> 
     </span>
     <span class='ocr_line' id='line_1_33' title="bbox 391 4272 2103 4369; baseline 0.003 -28"><span class='ocrx_word' id='word_1_288' title='bbox 391 4285 504 4342; x_wconf 90' lang='lat' dir='ltr'><strong>noster</strong></span> <span class='ocrx_word' id='word_1_289' title='bbox 527 4299 569 4343; x_wconf 89' lang='lat' dir='ltr'><strong>ex</strong></span> <span class='ocrx_word' id='word_1_290' title='bbox 593 4300 632 4343; x_wconf 90' lang='lat' dir='ltr'><strong>eo</strong></span> <span class='ocrx_word' id='word_1_291' title='bbox 655 4279 826 4366; x_wconf 91' lang='lat' dir='ltr'><strong>potissime</strong></span> <span class='ocrx_word' id='word_1_292' title='bbox 851 4281 1041 4358; x_wconf 81' lang='lat' dir='ltr'><strong>ancxiatur,</strong></span> <span class='ocrx_word' id='word_1_293' title='bbox 1065 4280 1150 4366; x_wconf 91' lang='lat' dir='ltr'><strong>quod</strong></span> <span class='ocrx_word' id='word_1_294' title='bbox 1172 4282 1342 4366; x_wconf 83' lang='lat' dir='ltr'><strong>negotium</strong></span> <span class='ocrx_word' id='word_1_295' title='bbox 1365 4272 1466 4347; x_wconf 81' lang='lat' dir='ltr'><strong>Terre</strong></span> <span class='ocrx_word' id='word_1_296' title='bbox 1491 4282 1610 4347; x_wconf 83' lang='lat' dir='ltr'><strong>Sancte</strong></span> <span class='ocrx_word' id='word_1_297' title='bbox 1641 4290 1753 4347; x_wconf 88' lang='lat' dir='ltr'><strong>contra</strong></span> <span class='ocrx_word' id='word_1_298' title='bbox 1782 4305 1874 4369; x_wconf 89' lang='lat' dir='ltr'><strong>spem</strong></span> <span class='ocrx_word' id='word_1_299' title='bbox 1902 4291 2049 4348; x_wconf 88' lang='lat' dir='ltr'><strong>nostram</strong></span> <span class='ocrx_word' id='word_1_300' title='bbox 2098 4315 2103 4346; x_wconf 81' lang='grc'><strong>;-</strong></span> 
     </span>
     <span class='ocr_line' id='line_1_34' title="bbox 392 4381 2051 4468; baseline 0.005 -24"><span class='ocrx_word' id='word_1_301' title='bbox 392 4386 426 4444; x_wconf 90' lang='lat' dir='ltr'><strong>et</strong></span> <span class='ocrx_word' id='word_1_302' title='bbox 458 4381 558 4444; x_wconf 92' lang='lat' dir='ltr'><strong>totius</strong></span> <span class='ocrx_word' id='word_1_303' title='bbox 594 4381 663 4447; x_wconf 88' lang='lat' dir='ltr'><strong>fers</strong></span> <span class='ocrx_word' id='word_1_304' title='bbox 697 4383 810 4468; x_wconf 91' lang='lat' dir='ltr'><strong>populi</strong></span> <span class='ocrx_word' id='word_1_305' title='bbox 839 4382 1015 4447; x_wconf 84' lang='lat' dir='ltr'><strong>Christiani</strong></span> <span class='ocrx_word' id='word_1_306' title='bbox 1046 4383 1198 4448; x_wconf 86' lang='lat' dir='ltr'><strong>fiduciam</strong></span> <span class='ocrx_word' id='word_1_307' title='bbox 1229 4406 1249 4448; x_wconf 90' lang='lat' dir='ltr'><strong>a</strong></span> <span class='ocrx_word' id='word_1_308' title='bbox 1278 4382 1463 4449; x_wconf 89' lang='lat' dir='ltr'><strong>desiderato</strong></span> <span class='ocrx_word' id='word_1_309' title='bbox 1495 4387 1619 4450; x_wconf 90' lang='lat' dir='ltr'><strong>cunctis</strong></span> <span class='ocrx_word' id='word_1_310' title='bbox 1650 4387 1769 4451; x_wconf 86' lang='lat' dir='ltr'><strong>effectu</strong></span> <span class='ocrx_word' id='word_1_311' title='bbox 1803 4387 1965 4452; x_wconf 90' lang='lat' dir='ltr'><strong>hactenus</strong></span> <span class='ocrx_word' id='word_1_312' title='bbox 1999 4395 2051 4453; x_wconf 88' lang='lat' dir='ltr'><strong>est</strong></span> 
     </span>
     <span class='ocr_line' id='line_1_35' title="bbox 390 4483 2051 4575; baseline 0.006 -29"><span class='ocrx_word' id='word_1_313' title='bbox 390 4504 604 4567; x_wconf 86' lang='lat' dir='ltr'><strong>suspensum,</strong></span> <span class='ocrx_word' id='word_1_314' title='bbox 634 4483 720 4568; x_wconf 93' lang='lat' dir='ltr'><strong>quod</strong></span> <span class='ocrx_word' id='word_1_315' title='bbox 747 4484 811 4548; x_wconf 92' lang='lat' dir='ltr'><strong>iam</strong></span> <span class='ocrx_word' id='word_1_316' title='bbox 839 4505 859 4548; x_wconf 90' lang='lat' dir='ltr'><strong>a</strong></span> <span class='ocrx_word' id='word_1_317' title='bbox 884 4485 983 4570; x_wconf 87' lang='lat' dir='ltr'><strong>longo</strong></span> <span class='ocrx_word' id='word_1_318' title='bbox 1012 4493 1159 4572; x_wconf 87' lang='lat' dir='ltr'><strong>ternpore</strong></span> <span class='ocrx_word' id='word_1_319' title='bbox 1190 4508 1249 4573; x_wconf 94' lang='lat' dir='ltr'><strong>per</strong></span> <span class='ocrx_word' id='word_1_320' title='bbox 1271 4493 1304 4551; x_wconf 91' lang='lat' dir='ltr'><strong>te</strong></span> <span class='ocrx_word' id='word_1_321' title='bbox 1330 4494 1406 4573; x_wconf 89' lang='lat' dir='ltr'><strong>post</strong></span> <span class='ocrx_word' id='word_1_322' title='bbox 1428 4489 1536 4552; x_wconf 89' lang='lat' dir='ltr'><strong>Deum</strong></span> <span class='ocrx_word' id='word_1_323' title='bbox 1561 4488 1753 4575; x_wconf 86' lang='lat' dir='ltr'><strong>sperabatur</strong></span> <span class='ocrx_word' id='word_1_324' title='bbox 1776 4496 1843 4553; x_wconf 86' lang='lat' dir='ltr'><strong>tem</strong></span> <span class='ocrx_word' id='word_1_325' title='bbox 1867 4491 2051 4556; x_wconf 89' lang='lat' dir='ltr'><strong>efficaciter</strong></span> 
     </span>
     <span class='ocr_line' id='line_1_36' title="bbox 390 4585 2051 4680; baseline 0.008 -33"><span class='ocrx_word' id='word_1_326' title='bbox 390 4604 487 4668; x_wconf 89' lang='lat' dir='ltr'><strong>quam</strong></span> <span class='ocrx_word' id='word_1_327' title='bbox 522 4585 674 4650; x_wconf 90' lang='lat' dir='ltr'><strong>celeriter</strong></span> <span class='ocrx_word' id='word_1_328' title='bbox 703 4587 974 4672; x_wconf 88' lang='lat' dir='ltr'><strong>promovendum,</strong></span> <span class='ocrx_word' id='word_1_329' title='bbox 1006 4596 1120 4676; x_wconf 89' lang='lat' dir='ltr'><strong>utpote</strong></span> <span class='ocrx_word' id='word_1_330' title='bbox 1152 4591 1207 4675; x_wconf 91' lang='lat' dir='ltr'><strong>qui</strong></span> <span class='ocrx_word' id='word_1_331' title='bbox 1243 4597 1276 4654; x_wconf 91' lang='lat' dir='ltr'><strong>te</strong></span> <span class='ocrx_word' id='word_1_332' title='bbox 1310 4591 1351 4655; x_wconf 91' lang='lat' dir='ltr'><strong>ad</strong></span> <span class='ocrx_word' id='word_1_333' title='bbox 1387 4590 1419 4656; x_wconf 95' lang='lat' dir='ltr'><strong>id</strong></span> <span class='ocrx_word' id='word_1_334' title='bbox 1453 4593 1626 4679; x_wconf 88' lang='lat' dir='ltr'><strong>sollempni</strong></span> <span class='ocrx_word' id='word_1_335' title='bbox 1661 4599 1737 4657; x_wconf 84' lang='lat' dir='ltr'><strong>voto</strong></span> <span class='ocrx_word' id='word_1_336' title='bbox 1774 4599 1807 4658; x_wconf 87' lang='lat' dir='ltr'><strong>ct</strong></span> <span class='ocrx_word' id='word_1_337' title='bbox 1840 4595 2051 4680; x_wconf 89' lang='lat' dir='ltr'><strong>professione</strong></span> 
     </span>
     <span class='ocr_line' id='line_1_37' title="bbox 391 4686 2051 4781; baseline 0.008 -31"><span class='ocrx_word' id='word_1_338' title='bbox 391 4686 514 4750; x_wconf 87' lang='lat' dir='ltr'><strong>celebri</strong></span> <span class='ocrx_word' id='word_1_339' title='bbox 535 4686 667 4772; x_wconf 90' lang='lat' dir='ltr'><strong>publice</strong></span> <span class='ocrx_word' id='word_1_340' title='bbox 692 4689 873 4775; x_wconf 87' lang='lat' dir='ltr'><strong>obligaras,</strong></span> <span class='ocrx_word' id='word_1_341' title='bbox 906 4697 1002 4776; x_wconf 89' lang='lat' dir='ltr'><strong>prout</strong></span> <span class='ocrx_word' id='word_1_342' title='bbox 1025 4693 1155 4778; x_wconf 91' lang='lat' dir='ltr'><strong>plenius</strong></span> <span class='ocrx_word' id='word_1_343' title='bbox 1185 4699 1241 4757; x_wconf 92' lang='lat' dir='ltr'><strong>tua</strong></span> <span class='ocrx_word' id='word_1_344' title='bbox 1262 4700 1373 4780; x_wconf 87' lang='lat' dir='ltr'><strong>potest</strong></span> <span class='ocrx_word' id='word_1_345' title='bbox 1395 4696 1560 4759; x_wconf 88' lang='lat' dir='ltr'><strong>reminisci</strong></span> <span class='ocrx_word' id='word_1_346' title='bbox 1585 4697 1760 4776; x_wconf 88' lang='lat' dir='ltr'><strong>serenitas,</strong></span> <span class='ocrx_word' id='word_1_347' title='bbox 1789 4717 1902 4781; x_wconf 90' lang='lat' dir='ltr'><strong>quam,</strong></span> <span class='ocrx_word' id='word_1_348' title='bbox 1932 4705 1971 4762; x_wconf 89' lang='lat' dir='ltr'><strong>ut</strong></span> <span class='ocrx_word' id='word_1_349' title='bbox 1993 4705 2051 4763; x_wconf 89' lang='lat' dir='ltr'><strong>tuo</strong></span> 
     </span>
     <span class='ocr_line' id='line_1_38' title="bbox 390 4786 2120 4883; baseline 0.009 -32"><span class='ocrx_word' id='word_1_350' title='bbox 390 4786 507 4873; x_wconf 91' lang='lat' dir='ltr'><strong>pudori</strong></span> <span class='ocrx_word' id='word_1_351' title='bbox 524 4810 707 4874; x_wconf 88' lang='lat' dir='ltr'><strong>pareamus,</strong></span> <span class='ocrx_word' id='word_1_352' title='bbox 730 4814 790 4858; x_wconf 92' lang='lat' dir='ltr'><strong>nos</strong></span> <span class='ocrx_word' id='word_1_353' title='bbox 814 4792 932 4859; x_wconf 88' lang='lat' dir='ltr'><strong>deceat</strong></span> <span class='ocrx_word' id='word_1_354' title='bbox 953 4815 1138 4860; x_wconf 88' lang='lat' dir='ltr'><strong>recensere.</strong></span> <span class='ocrx_word' id='word_1_355' title='bbox 1183 4796 1306 4860; x_wconf 86' lang='lat' dir='ltr'><strong>Verum</strong></span> <span class='ocrx_word' id='word_1_356' title='bbox 1329 4798 1407 4863; x_wconf 91' lang='lat' dir='ltr'><strong>licet</strong></span> <span class='ocrx_word' id='word_1_357' title='bbox 1428 4805 1540 4883; x_wconf 89' lang='lat' dir='ltr'><strong>preter</strong></span> <span class='ocrx_word' id='word_1_358' title='bbox 1563 4799 1672 4864; x_wconf 85' lang='lat' dir='ltr'><strong>divine</strong></span> <span class='ocrx_word' id='word_1_359' title='bbox 1688 4801 1870 4864; x_wconf 84' lang='lat' dir='ltr'><strong>maiestatis</strong></span> <span class='ocrx_word' id='word_1_360' title='bbox 1888 4802 2051 4866; x_wconf 87' lang='lat' dir='ltr'><strong>offensam</strong></span> <span class='ocrx_word' id='word_1_361' title='bbox 2101 4846 2120 4866; x_wconf 43' lang='grc' dir='ltr'><strong><em>ι</em></strong></span> 
     </span>
     <span class='ocr_line' id='line_1_39' title="bbox 390 4891 2052 4990; baseline 0.008 -35"><span class='ocrx_word' id='word_1_362' title='bbox 390 4891 532 4957; x_wconf 84' lang='lat' dir='ltr'><strong>videaris</strong></span> <span class='ocrx_word' id='word_1_363' title='bbox 556 4914 615 4958; x_wconf 91' lang='lat' dir='ltr'><strong>nos</strong></span> <span class='ocrx_word' id='word_1_364' title='bbox 639 4902 672 4959; x_wconf 94' lang='lat' dir='ltr'><strong>et</strong></span> <span class='ocrx_word' id='word_1_365' title='bbox 691 4898 911 4963; x_wconf 82' lang='lat' dir='ltr'><strong>universalem</strong></span> <span class='ocrx_word' id='word_1_366' title='bbox 935 4899 1109 4963; x_wconf 89' lang='lat' dir='ltr'><strong>ecclesiam</strong></span> <span class='ocrx_word' id='word_1_367' title='bbox 1126 4899 1324 4980; x_wconf 90' lang='lat' dir='ltr'><strong>confudisse,</strong></span> <span class='ocrx_word' id='word_1_368' title='bbox 1350 4923 1411 4966; x_wconf 91' lang='lat' dir='ltr'><strong>nos</strong></span> <span class='ocrx_word' id='word_1_369' title='bbox 1434 4908 1546 4966; x_wconf 91' lang='lat' dir='ltr'><strong>tamen</strong></span> <span class='ocrx_word' id='word_1_370' title='bbox 1567 4924 1633 4968; x_wconf 92' lang='lat' dir='ltr'><strong>non</strong></span> <span class='ocrx_word' id='word_1_371' title='bbox 1656 4905 1727 4967; x_wconf 92' lang='lat' dir='ltr'><strong>sine</strong></span> <span class='ocrx_word' id='word_1_372' title='bbox 1750 4904 1842 4989; x_wconf 81' lang='lat' dir='ltr'><strong>gravi</strong></span> <span class='ocrx_word' id='word_1_373' title='bbox 1866 4911 1901 4970; x_wconf 88' lang='lat' dir='ltr'><strong>et</strong></span> <span class='ocrx_word' id='word_1_374' title='bbox 1924 4905 2052 4990; x_wconf 89' lang='lat' dir='ltr'><strong>patenti</strong></span> 
     </span>
     <span class='ocr_line' id='line_1_40' title="bbox 390 4993 2051 5093; baseline 0.008 -35"><span class='ocrx_word' id='word_1_375' title='bbox 390 4993 602 5061; x_wconf 89' lang='lat' dir='ltr'><strong>detractionis</strong></span> <span class='ocrx_word' id='word_1_376' title='bbox 626 4998 801 5085; x_wconf 88' lang='lat' dir='ltr'><strong>obprobrio</strong></span> <span class='ocrx_word' id='word_1_377' title='bbox 825 5005 881 5064; x_wconf 91' lang='lat' dir='ltr'><strong>tue</strong></span> <span class='ocrx_word' id='word_1_378' title='bbox 906 5001 1004 5064; x_wconf 89' lang='lat' dir='ltr'><strong>saluti</strong></span> <span class='ocrx_word' id='word_1_379' title='bbox 1027 5003 1198 5066; x_wconf 91' lang='lat' dir='ltr'><strong>consulere</strong></span> <span class='ocrx_word' id='word_1_380' title='bbox 1222 5024 1260 5068; x_wconf 88' lang='lat' dir='ltr'><strong>ae</strong></span> <span class='ocrx_word' id='word_1_381' title='bbox 1284 5004 1369 5069; x_wconf 90' lang='lat' dir='ltr'><strong>fame</strong></span> <span class='ocrx_word' id='word_1_382' title='bbox 1392 5026 1528 5090; x_wconf 89' lang='lat' dir='ltr'><strong>parcere</strong></span> <span class='ocrx_word' id='word_1_383' title='bbox 1546 5005 1728 5091; x_wconf 87' lang='lat' dir='ltr'><strong>cupientes,</strong></span> <span class='ocrx_word' id='word_1_384' title='bbox 1752 5007 2051 5093; x_wconf 87' lang='lat' dir='ltr'><strong>supplicationibus</strong></span> 
     </span>
     <span class='ocr_line' id='line_1_41' title="bbox 390 5098 2052 5182; baseline 0.008 -21"><span class='ocrx_word' id='word_1_385' title='bbox 390 5098 455 5162; x_wconf 89' lang='lat' dir='ltr'><strong>tuis</strong></span> <span class='ocrx_word' id='word_1_386' title='bbox 491 5100 643 5166; x_wconf 89' lang='lat' dir='ltr'><strong>duximus</strong></span> <span class='ocrx_word' id='word_1_387' title='bbox 676 5102 900 5182; x_wconf 87' lang='lat' dir='ltr'><strong>annuendum,</strong></span> <span class='ocrx_word' id='word_1_388' title='bbox 936 5105 1047 5168; x_wconf 92' lang='lat' dir='ltr'><strong>multis</strong></span> <span class='ocrx_word' id='word_1_389' title='bbox 1083 5113 1195 5171; x_wconf 87' lang='lat' dir='ltr'><strong>contra</strong></span> <span class='ocrx_word' id='word_1_390' title='bbox 1230 5129 1289 5172; x_wconf 87' lang='lat' dir='ltr'><strong>nos</strong></span> <span class='ocrx_word' id='word_1_391' title='bbox 1322 5115 1355 5173; x_wconf 90' lang='lat' dir='ltr'><strong>st</strong></span> <span class='ocrx_word' id='word_1_392' title='bbox 1391 5109 1509 5174; x_wconf 89' lang='lat' dir='ltr'><strong>fratres</strong></span> <span class='ocrx_word' id='word_1_393' title='bbox 1541 5115 1671 5176; x_wconf 89' lang='lat' dir='ltr'><strong>nostros</strong></span> <span class='ocrx_word' id='word_1_394' title='bbox 1704 5111 1986 5175; x_wconf 89' lang='lat' dir='ltr'><strong>murmurantibus</strong></span> <span class='ocrx_word' id='word_1_395' title='bbox 2019 5118 2052 5176; x_wconf 89' lang='lat' dir='ltr'><strong>et</strong></span> 
     </span>
     <span class='ocr_line' id='line_1_42' title="bbox 390 5200 2052 5298; baseline 0.008 -35"><span class='ocrx_word' id='word_1_396' title='bbox 390 5200 623 5265; x_wconf 89' lang='lat' dir='ltr'><strong>clamantibus:</strong></span> <span class='ocrx_word' id='word_1_397' title='bbox 646 5201 768 5272; x_wconf 84' lang='lat' dir='ltr'><strong>Eccine</strong></span> <span class='ocrx_word' id='word_1_398' title='bbox 792 5206 941 5272; x_wconf 89' lang='lat' dir='ltr'><strong>homiues</strong></span> <span class='ocrx_word' id='word_1_399' title='bbox 964 5209 1019 5294; x_wconf 94' lang='lat' dir='ltr'><strong>qui</strong></span> <span class='ocrx_word' id='word_1_400' title='bbox 1041 5209 1182 5274; x_wconf 89' lang='lat' dir='ltr'><strong>alienam</strong></span> <span class='ocrx_word' id='word_1_401' title='bbox 1206 5211 1372 5277; x_wconf 91' lang='lat' dir='ltr'><strong>infamiam</strong></span> <span class='ocrx_word' id='word_1_402' title='bbox 1396 5234 1456 5277; x_wconf 90' lang='lat' dir='ltr'><strong>sua</strong></span> <span class='ocrx_word' id='word_1_403' title='bbox 1477 5214 1590 5277; x_wconf 84' lang='lat' dir='ltr'><strong>volunt</strong></span> <span class='ocrx_word' id='word_1_404' title='bbox 1612 5213 1791 5298; x_wconf 85' lang='lat' dir='ltr'><strong>ignominia</strong></span> <span class='ocrx_word' id='word_1_405' title='bbox 1813 5213 1970 5298; x_wconf 87' lang='lat' dir='ltr'><strong>palliare!</strong></span> <span class='ocrx_word' id='word_1_406' title='bbox 2008 5213 2052 5278; x_wconf 93' lang='lat' dir='ltr'><strong>Ut</strong></span> 
     </span>
     <span class='ocr_line' id='line_1_43' title="bbox 390 5302 2220 5404; baseline 0.008 -39"><span class='ocrx_word' id='word_1_407' title='bbox 390 5302 491 5387; x_wconf 89' lang='lat' dir='ltr'><strong>igitur</strong></span> <span class='ocrx_word' id='word_1_408' title='bbox 507 5324 558 5377; x_wconf 89' lang='lat' dir='ltr'><strong>ea,</strong></span> <span class='ocrx_word' id='word_1_409' title='bbox 580 5324 642 5388; x_wconf 94' lang='lat' dir='ltr'><strong>que</strong></span> <span class='ocrx_word' id='word_1_410' title='bbox 667 5306 699 5370; x_wconf 94' lang='lat' dir='ltr'><strong>in</strong></span> <span class='ocrx_word' id='word_1_411' title='bbox 715 5311 874 5396; x_wconf 91' lang='lat' dir='ltr'><strong>rescripto</strong></span> <span class='ocrx_word' id='word_1_412' title='bbox 889 5309 984 5375; x_wconf 92' lang='lat' dir='ltr'><strong>nobis</strong></span> <span class='ocrx_word' id='word_1_413' title='bbox 1001 5312 1150 5377; x_wconf 87' lang='lat' dir='ltr'><strong>exhibito</strong></span> <span class='ocrx_word' id='word_1_414' title='bbox 1167 5315 1384 5396; x_wconf 86' lang='lat' dir='ltr'><strong>continentur,</strong></span> <span class='ocrx_word' id='word_1_415' title='bbox 1402 5317 1590 5398; x_wconf 83' lang='lat' dir='ltr'><strong>efficaciter,</strong></span> <span class='ocrx_word' id='word_1_416' title='bbox 1609 5317 1637 5380; x_wconf 90' lang='lat' dir='ltr'><strong>si</strong></span> <span class='ocrx_word' id='word_1_417' title='bbox 1652 5315 1764 5380; x_wconf 90' lang='lat' dir='ltr'><strong>datum</strong></span> <span class='ocrx_word' id='word_1_418' title='bbox 1780 5316 1881 5381; x_wconf 88' lang='lat' dir='ltr'><strong>fuerit</strong></span> <span class='ocrx_word' id='word_1_419' title='bbox 1897 5316 2050 5404; x_wconf 89' lang='lat' dir='ltr'><strong>desuper,</strong></span> <span class='ocrx_word' id='word_1_420' title='bbox 2101 5343 2109 5378; x_wconf 74' lang='lat' dir='ltr'><strong>s</strong></span> <span class='ocrx_word' id='word_1_421' title='bbox 2163 5331 2220 5358; x_wconf 45' lang='grc' dir='ltr'><strong>*ν</strong></span> 
     </span>
     <span class='ocr_line' id='line_1_44' title="bbox 391 5406 2050 5506; baseline 0.01 -36"><span class='ocrx_word' id='word_1_422' title='bbox 391 5406 626 5492; x_wconf 76' lang='lat' dir='ltr'><strong>compleantur,</strong></span> <span class='ocrx_word' id='word_1_423' title='bbox 643 5418 740 5493; x_wconf 88' lang='lat' dir='ltr'><strong>prout</strong></span> <span class='ocrx_word' id='word_1_424' title='bbox 754 5413 825 5499; x_wconf 87' lang='lat' dir='ltr'><strong>ipse</strong></span> <span class='ocrx_word' id='word_1_425' title='bbox 840 5415 1042 5480; x_wconf 81' lang='lat' dir='ltr'><strong>voluntarius</strong></span> <span class='ocrx_word' id='word_1_426' title='bbox 1057 5416 1204 5481; x_wconf 88' lang='lat' dir='ltr'><strong>obtulisti</strong></span> <span class='ocrx_word' id='word_1_427' title='bbox 1220 5425 1253 5482; x_wconf 93' lang='lat' dir='ltr'><strong>et</strong></span> <span class='ocrx_word' id='word_1_428' title='bbox 1269 5425 1320 5483; x_wconf 87' lang='lat' dir='ltr'><strong>est</strong></span> <span class='ocrx_word' id='word_1_429' title='bbox 1335 5440 1355 5483; x_wconf 94' lang='lat' dir='ltr'><strong>a</strong></span> <span class='ocrx_word' id='word_1_430' title='bbox 1369 5418 1464 5483; x_wconf 91' lang='lat' dir='ltr'><strong>nobis</strong></span> <span class='ocrx_word' id='word_1_431' title='bbox 1479 5426 1512 5484; x_wconf 87' lang='lat' dir='ltr'><strong>et</strong></span> <span class='ocrx_word' id='word_1_432' title='bbox 1526 5420 1648 5484; x_wconf 89' lang='lat' dir='ltr'><strong>nostris</strong></span> <span class='ocrx_word' id='word_1_433' title='bbox 1660 5418 1816 5483; x_wconf 88' lang='lat' dir='ltr'><strong>fratribus</strong></span> <span class='ocrx_word' id='word_1_434' title='bbox 1831 5427 2050 5506; x_wconf 81' lang='lat' dir='ltr'><strong>acceptatum,</strong></span> 
     </span>
    </p>
   </div>
   <div class='ocr_carea' id='block_1_10' title="bbox 497 5660 979 5738">
    <p class='ocr_par' dir='ltr' id='par_1_10' title="bbox 497 5660 979 5738">
     <span class='ocr_line' id='line_1_45' title="bbox 497 5660 979 5738; baseline 0.035 -29"><span class='ocrx_word' id='word_1_435' title='bbox 497 5660 521 5732; x_wconf 80' lang='lat'><strong>¹)</strong></span> <span class='ocrx_word' id='word_1_436' title='bbox 539 5663 616 5714; x_wconf 83' lang='lat' dir='ltr'><strong>immo</strong></span> <span class='ocrx_word' id='word_1_437' title='bbox 634 5683 709 5732; x_wconf 89' lang='lat' dir='ltr'><strong>nono,</strong></span> <span class='ocrx_word' id='word_1_438' title='bbox 728 5672 761 5735; x_wconf 78' lang='lat' dir='ltr'><strong>cf.</strong></span> <span class='ocrx_word' id='word_1_439' title='bbox 775 5689 804 5737; x_wconf 81' lang='lat' dir='ltr'><strong>p.</strong></span> <span class='ocrx_word' id='word_1_440' title='bbox 825 5677 868 5738; x_wconf 79' lang='lat'><strong>92,</strong></span> <span class='ocrx_word' id='word_1_441' title='bbox 884 5683 935 5725; x_wconf 81' lang='lat' dir='ltr'><strong>act.</strong></span> <span class='ocrx_word' id='word_1_442' title='bbox 955 5693 979 5725; x_wconf 90' lang='lat' dir='ltr'><strong>a.</strong></span> 
     </span>
    </p>
   </div>
   <div class='ocr_carea' id='block_1_11' title="bbox 0 0 2238 6420">
    <p class='ocr_par' dir='ltr' id='par_1_11' title="bbox 0 0 2238 6420">
     <span class='ocr_line' id='line_1_46' title="bbox 0 0 2238 6420; baseline 0 0"><span class='ocrx_word' id='word_1_443' title='bbox 0 0 2238 6420; x_wconf 95' lang='lat' dir='ltr'><strong> </strong></span> 
     </span>
    </p>
   </div>
  </div>
 </body>
</html>
