4590 6366
757 377 958 441 uulsvotna
976 377 1166 440 satuens.
1202 380 1278 438 1286.

607 696 820 794 Magistro
847 698 1084 793 hospitalis
1110 705 1260 776 sancte
1285 697 1420 776 Maria

837 821 1197 896 Teutonicorum.

295 970 348 1036 Ab
371 969 488 1036 arbore
512 970 565 1035 fici
589 970 776 1036 edisserens
798 972 990 1057 parabolam
1012 971 1191 1053 Dominus,
1220 992 1293 1036 cunr
1321 969 1392 1036 eius
1420 991 1528 1035 ramos
1551 976 1683 1040 teneros
1708 975 1741 1033 et
1764 974 1841 1033 nata
1858 981 2013 1038 meusim.

189 1073 268 1139 lolia
290 1075 354 1138 iam
376 1074 542 1154 videmus,
569 1095 643 1140 esse
673 1074 770 1140 docet
798 1083 938 1141 estatem
967 1075 1000 1139 in
1023 1077 1144 1153 ianuis,
1173 1075 1438 1162 presumptioues
1468 1072 1646 1160 prohibens
1675 1072 1839 1137 stlocum

125 1208 137 1246 s
189 1178 342 1244 auferens
366 1179 578 1259 coniecturis,
610 1199 691 1264 quas
723 1200 783 1244 nec
813 1180 910 1244 solita
939 1180 1033 1264 signa
1060 1181 1255 1266 preveniunt
1278 1186 1312 1244 et
1334 1179 1549 1244 communiter
1571 1176 1753 1243 accidentia
1774 1197 1840 1240 nou

187 1281 377 1366 precedunt.
421 1281 524 1346 Porro
548 1302 621 1346 cum
644 1282 679 1346 in
701 1282 923 1368 singularibus
948 1289 982 1348 et
1003 1282 1121 1346 futuris
1145 1281 1396 1347 indeterminata
1425 1281 1468 1346 sit
1489 1281 1628 1361 veritas,
1651 1301 1716 1345 non
1740 1278 1840 1344 debet

188 1385 330 1470 suspitio
350 1391 476 1450 mentes
503 1384 687 1470 inquietare
716 1385 895 1468 discretas,
926 1408 989 1472 que
1021 1395 1099 1451 turno
1127 1387 1249 1451 rectius
1280 1385 1321 1451 da
1348 1385 1501 1472 prudenti
1529 1385 1628 1450 corde
1657 1384 1838 1470 repellitur,

186 1509 260 1552 oum
283 1489 389 1574 ipsam
412 1489 521 1554 exitus
545 1489 667 1554 habere
697 1489 879 1555 contrarios
909 1511 1010 1577 opera
1041 1491 1200 1577 preterita
1229 1496 1462 1576 protestantur.
1516 1488 1598 1552 Cum
1628 1489 1715 1552 enim
1745 1487 1840 1552 nobis

186 1590 309 1675 pluries
331 1591 451 1656 litteris
474 1591 551 1673 tuis,
574 1611 616 1656 na
640 1599 753 1657 contra
776 1592 979 1657 carissimum
1004 1593 1036 1656 in
1053 1591 1184 1657 Christo
1208 1593 1311 1657 filium
1333 1598 1481 1657 nostrum
1497 1590 1701 1656 Fridericum
1716 1589 1838 1655 Roma-

190 1714 305 1758 norum
341 1695 573 1781 imperatorem
601 1701 663 1760 etc.
698 1696 931 1782 procedamus,
967 1698 1192 1782 suggesseris,
1232 1697 1343 1761 mirari
1373 1696 1616 1782 compellimur,
1649 1693 1838 1759 nescientes

186 1797 273 1863 unde
297 1797 384 1883 quod
407 1805 520 1864 contra
543 1820 617 1865 eum
640 1801 779 1865 velimus
803 1800 1000 1887 procedere,
1033 1802 1227 1888 suspicaris,
1256 1802 1333 1888 quia
1363 1822 1424 1865 nec
1448 1821 1490 1864 ex
1506 1807 1627 1870 ,tenore
1657 1799 1838 1864 litterarum

187 1907 370 1967 nostrarum
393 1903 511 1988 quibus
534 1905 641 1990 ipsum
665 1904 706 1968 ad
728 1903 968 1994 reformandam
991 1926 1106 1992 pacem
1130 1926 1204 1969 oum
1219 1903 1413 1970 Lombardis
1431 1903 1615 1968 monuimus
1632 1903 1754 1990 colligi,
1777 1925 1839 1970 nac

187 2023 229 2068 ax
252 2026 410 2091 processu
439 2015 551 2072 nostro
580 2006 668 2072 aliud
697 2008 805 2094 potuit
834 2007 1069 2088 demonstrari,
1101 2009 1164 2073 nisi
1197 2009 1283 2094 quod
1313 2007 1554 2074 salvo-honore
1583 2007 1723 2073 ecclesie
1747 2009 1837 2072 exal-

186 2108 343 2174 tationem
366 2111 470 2196 ipsius
488 2116 522 2176 et
537 2111 663 2198 imperii
681 2110 902 2176 studuerimus
924 2133 1128 2199 promovere,
1151 2113 1193 2177 ab
1215 2113 1345 2178 illorum
1369 2110 1538 2192 relatibus,
1560 2111 1616 2195 qui
1639 2109 1678 2174 ad
1703 2110 1838 2197 depres-

188 2211 313 2277 sionem
336 2212 441 2299 ipsius
464 2223 560 2278 s'uuru
582 2214 977 2301 direxere'propositum,
1001 2223 1149 2282 nostrum
1173 2218 1257 2282 sicut
1280 2217 1365 2282 bene
1389 2217 1476 2281 nosti
1497 2216 1629 2302 penitus
1652 2221 1839 2279 avertentes

185 2315 342 2380 auditum.
386 2316 526 2402 Exque
550 2319 712 2398 convenit,
735 2327 772 2382 ut
795 2319 835 2385 de
857 2319 924 2398 illo,
948 2321 1004 2405 qui
1027 2320 1215 2385 favorabilis
1240 2320 1398 2384 hactenus
1421 2319 1524 2384 fuisse
1547 2318 1738 2399 dinoscitur,
1760 2318 1841 2381 talia

185 2420 318 2486 minime
349 2427 586 2506 presumautur.
638 2420 691 2484 Ad
719 2420 780 2486 hec
809 2428 885 2487 aute
915 2425 1138 2509 receptionem
1168 2423 1387 2510 imperialium
1418 2423 1600 2486 litterarum
1634 2420 1674 2485 de
1702 2420 1839 2486 fratrum

185 2530 370 2588 nostrorum
394 2524 530 2589 consilio
559 2523 786 2610 disponentes,
816 2533 852 2590 ut
874 2526 1071 2591 venerabilis
1096 2524 1198 2591 frater
1220 2532 1333 2591 noster
1356 2575 1388 2592 ..
1411 2525 1627 2590 Preuestinus
1651 2525 1840 2611 episcopus,

185 2626 365 2711 quimundi
380 2627 581 2693 vanitatibus
598 2628 757 2693 abdicatis
775 2629 845 2693 sola
859 2628 932 2694 Deo
948 2630 1071 2716 placita
1086 2631 1230 2710 allicere,
1244 2631 1300 2715 qui
1316 2630 1403 2695 omni
1419 2649 1632 2716 personarum
1647 2630 1839 2715 acceptioue

187 2737 314 2796 remota
335 2751 450 2816 pacem
474 2730 640 2796 desiderat
663 2739 696 2796 et
720 2733 926 2797 concordiam
949 2753 1153 2819 promovere,
1178 2739 1211 2798 et
1232 2733 1352 2818 dequo
1375 2733 1537 2819 imperiali
1553 2730 1740 2798 celsitudini
1755 2731 1838 2795 lidu-

186 2835 314 2898 cialiter
336 2855 511 2920 suggeras,
533 2840 570 2899 ut
592 2836 633 2900 ab
657 2836 730 2922 ipso
754 2857 883 2902 omnem
906 2858 1077 2902 rancorem
1101 2837 1293 2925 suspitionis
1317 2843 1458 2918 avertat,
1486 2837 1520 2901 in
1541 2834 1775 2901 Lombsrdiam
1797 2835 1839 2899 ad

185 2937 325 3002 dandum
357 2959 456 3024 super
486 2959 567 3024 pace
598 2958 693 3024 opem
723 2939 889 3004 efficacem
922 2947 955 3005 et
985 2960 1119 3026 operam
1147 2941 1401 3022 transmittatur,
1436 2941 1670 3026 imperatorem
1698 2937 1838 3005 eundem

184 3063 284 3128 super
310 3040 470 3106 mittendo
503 3041 579 3106 illuc
608 3042 832 3107 venerabilem
859 3042 994 3108 fratrem
1024 3049 1171 3107 nostrum
1195 3092 1227 3110 ..
1251 3045 1470 3130 patriarcham
1500 3043 1743 3109 Antiochenam
1773 3064 1840 3107 nou

184 3145 349 3229 potuimus
373 3144 539 3209 exaudire.
584 3144 709 3209 Verum
733 3167 806 3210 oum
834 3145 922 3210 idem
951 3145 1130 3231 imperator
1159 3145 1201 3210 ad
1229 3153 1339 3233 partes
1367 3148 1457 3233 ipsas
1485 3148 1517 3211 iu
1540 3147 1690 3234 proximo
1712 3146 1840 3210 dicatur

187 3267 260 3310 csse
283 3253 452 3326 venturus,
476 3268 536 3333 per
558 3249 739 3332 apostolica
762 3248 823 3312 tibi
846 3247 968 3333 scripta
990 3237 1181 3313 mandamus
1206 3256 1240 3313 et
1261 3250 1349 3315 bona
1371 3249 1434 3314 fide
1452 3251 1662 3330 consulimus,
1686 3249 1839 3335 quatinus

183 3350 301 3416 faciem
325 3351 396 3417 sius
420 3353 538 3418 itinere
562 3352 718 3417 festinato
742 3353 939 3438 preveniens
962 3351 1003 3416 ad
1032 3359 1178 3418 nostram
1201 3353 1313 3418 venire
1335 3354 1536 3440 presentiam
1558 3375 1624 3418 nou
1647 3360 1838 3439 postponas,

183 3455 354 3520 uobiscum
379 3455 566 3543 superbiis,
590 3477 653 3542 que
674 3454 716 3520 ad
732 3456 890 3520 honorem
915 3457 1056 3521 ecclesie
1080 3478 1118 3521 ac
1141 3457 1270 3543 imperii
1293 3457 1490 3544 pertineant,
1513 3463 1720 3522 tractaturus.
1758 3455 1839 3521 Ore·

183 3559 290 3624 dimus
319 3560 423 3640 euim,
460 3558 640 3626 secuudum
673 3558 760 3646 quod
788 3561 853 3625 tuis
884 3557 981 3624 nobis
1010 3560 1130 3624 litteris
1153 3560 1332 3642 intimasti,
1366 3567 1475 3625 tecum
1499 3581 1539 3624 ea
1560 3559 1634 3624 Deo
1660 3559 1837 3624 adiuvante

184 3661 359 3750 disponere
383 3669 446 3728 stc.
469 3669 505 3728 ut
529 3685 627 3750 supra
649 3684 754 3750 usque
779 3664 812 3728 in
835 3663 944 3728 finem.

106 3814 133 3854 ω
292 3782 369 3847 Dat.
394 3789 430 3847 ut
453 3804 562 3870 supra.

965 4365 1053 4438 693.

288 4487 480 4602 Oramus
501 4515 558 4584 IX
571 4539 662 4600 papa
682 4517 836 4601 praelatis
849 4517 1067 4600 Lombordioa
1090 4519 1247 4588 nmrclrias
1266 4519 1448 4588 Teroisiaas
1470 4517 1723 4591 ammonam
1745 4523 1836 4612 infra

180 4623 373 4688 enumeratis
393 4621 539 4700 madal,
569 4626 605 4686 ot
625 4623 811 4709 [Iacobum]
832 4625 1007 4708 mmmm
1030 4625 1274 4692 Praenestinam
1302 4627 1438 4710 lepatam
1465 4645 1573 4708 mum,
1601 4650 1691 4712 quom
1718 4631 1763 4698 ad
1787 4651 1838 4698 eos

174 4747 238 4808 pro
273 4728 461 4792 incenato
496 4727 650 4792 libertatis
683 4728 920 4808 sessaniae,
965 4734 1051 4796 strato
1093 4730 1220 4811 imperii
1253 4733 1283 4795 et
1312 4731 1483 4814 praecipue
1518 4731 1675 4798 dicionem
1705 4737 1838 4816 provin-

181 4831 303 4895 ciaram
334 4827 552 4915 reformando,
580 4831 739 4912 pravitate
764 4831 921 4897 haeretico
954 4833 1109 4899 obolenda
1139 4837 1169 4898 et
1189 4833 1308 4917 amotio
1333 4833 1449 4898 Terrae
1476 4834 1612 4902 Samiae
1636 4837 1837 4918 promeranda

102 4955 128 4995 ss
180 4934 318 5012 miserit,
347 4932 450 4999 moola
479 4933 643 5015 reopant.
673 4972 715 4984 -
742 4934 831 5002 Idem
854 4935 923 5020 sere
950 4938 1059 5003 scribit
1091 4939 1264 5017 comitibus,
1298 4937 1531 5003 nsarcbionibas
1559 4939 1696 5021 aliisque
1723 4939 1837 5004 ibidem

179 5037 364 5103 munitatis.

1477 5129 1572 5208 1236,
1594 5126 1670 5194 Iun.
1695 5129 1746 5193 10.

285 5299 366 5366 Grep.
384 5297 435 5352 IX
450 5298 518 5369 Rep.
531 5298 590 5354 Vol.
610 5297 640 5364 V,
658 5301 812 5367 161-162;
838 5299 900 5356 Lib.
919 5300 957 5366 X,
975 5305 1029 5356 105
1047 5305 1073 5356 et
1091 5301 1153 5355 106.
1195 5299 1340 5354 Nonnulla
1357 5299 1456 5356 nenda
1474 5298 1645 5354 amavimus
1662 5315 1698 5354 ea
1716 5299 1835 5370 epistola

178 5404 205 5442 a.
226 5390 280 5441 704
299 5386 362 5454 [A]‚
380 5401 453 5456 quoa
470 5385 585 5440 eudem
601 5387 664 5455 sera
681 5389 800 5441 tenorem
817 5387 905 5442 babet.

99 5513 127 5554 ω
283 5489 421 5559 Potlltost,
441 5490 509 5562 Res.
527 5489 600 5546 add.
618 5489 643 5556 Ι,
663 5494 766 5558 10184,·
784 5491 916 5563 epistolas
933 5489 1046 5546 eandm
1062 5489 1180 5560 forman
1197 5503 1232 5544 oc
1248 5505 1276 5544 a.
1296 5491 1347 5544 691
1365 5487 1465 5544 babere
1480 5489 1599 5562 putavit.
