4538 6426
428 409 468 470 58
1018 401 1065 454 EX
1083 400 1239 455 HONORII
1257 399 1297 452 III
1316 399 1496 454 uncturae

426 579 610 658 devincere,
635 578 743 641 saltim
772 575 983 660 suggestione
1008 575 1153 639 seducat.
1209 574 1290 638 Illos
1324 595 1402 638 vero
1432 572 1487 658 qui
1521 578 1686 656 tamquam
1713 570 1781 634 veri
1810 568 1930 632 Christi
1959 567 2080 631 milites

265 699 364 743 ithess.
376 705 416 746 ss.
427 681 531 746 induti
561 681 663 746 lorica
690 679 767 745 fidei
800 680 869 744 cius
904 679 1058 742 resistere
1089 678 1384 742 machinationibus
1412 676 1608 754 didicerunt,
1642 675 1845 738 incessanter
1874 673 2082 760 persequitur

262 803 316 845 aue.
336 807 403 854 rau.
427 788 512 852 sicut
533 787 658 866 hostes,
682 807 822 872 querens
845 785 935 868 ipsos
958 783 1071 867 utique
1088 784 1247 848 ventilare
1264 783 1353 846 velut
1378 781 1521 846 triticum
1545 787 1578 844 et
1602 779 1773 857 cribrarest,
1797 777 1859 840 nisi
1877 799 1933 840 sos
1957 776 2080 840 Christi

426 879 533 977 pietas
556 890 764 977 gubernaret.
820 887 905 952 Sane
929 886 1177 950 universitatem
1194 894 1336 951 vestram
1358 888 1461 950 latere
1482 906 1548 947 non
1571 882 1743 960 credimus,
1767 880 1853 966 quod
1877 902 1950 944 curn
1971 878 2081 944 dilecti

426 996 484 1060 filii
503 994 688 1081 Hospitalis
702 999 734 1058 et
752 992 868 1056 militie
885 990 1014 1075 Templi
1037 990 1155 1054 fratres
1173 992 1259 1054 inter
1276 989 1489 1053 Christicolas
1509 988 1591 1050 alios
1606 988 1638 1051 in
1656 987 1734 1050 orbe
1747 992 1906 1049 terrarum
1920 983 2081 1069 speciales
2134 1025 2140 1038 ι

427 1099 598 1164 extiterint
619 1098 778 1162 hactenus
803 1103 836 1161 ct
860 1097 1004 1161 existant
1028 1097 1209 1161 orthodoxe
1240 1095 1315 1161 fidei
1346 1097 1554 1172 defensores,
1585 1095 1730 1181 ipsorum
1755 1090 1854 1156 corda
1874 1111 1977 1175 usque
2001 1088 2084 1154 adeo

427 1204 502 1288 igne
527 1202 631 1266 sancti
656 1202 788 1288 spiritus
814 1207 890 1264 sunt
912 1222 1061 1279 accensa,
1099 1200 1185 1286 quod
1212 1221 1277 1264 non
1309 1201 1413 1264 solum
1443 1199 1547 1284 prelia
1574 1197 1707 1261 Domini
1741 1196 1861 1280 iugiter
1893 1194 2084 1279 preliantur,

427 1327 579 1371 coronam
602 1305 748 1390 martyrii
772 1305 945 1390 recepturi,
970 1325 1082 1368 verum
1110 1303 1208 1367 etiam
1230 1304 1308 1367 facti
1327 1304 1413 1367 servi
1432 1323 1611 1388 pauperum
1633 1307 1767 1388 propter
1790 1298 1957 1363 Christum
1971 1296 2085 1381 hospi-

427 1411 562 1474 talitatis
586 1410 742 1473 insistunt
765 1409 964 1484 ministeriis,
988 1407 1153 1472 indefesse
1178 1408 1310 1493 pictatis
1342 1428 1443 1492 opera
1470 1404 1670 1482 exercendo,
1700 1403 1818 1490 quibus
1842 1408 1874 1466 et
1897 1402 1961 1486 ipsi
1983 1400 2085 1483 Regis

428 1535 542 1598 regum
565 1513 704 1597 gratiam
726 1519 969 1598 promerentur,
1001 1520 1034 1577 et
1058 1512 1179 1576 Christi
1207 1511 1323 1575 fideles
1352 1512 1406 1596 pia
1429 1513 1476 1574 eis
1501 1509 1648 1575 subsidia
1675 1509 1881 1573 conferentes
1905 1507 1945 1570 ab
1970 1513 2084 1571 eterna

430 1617 661 1702 dampnatione
685 1623 842 1679 conantur
866 1617 1004 1702 cripere,
1029 1614 1233 1701 preparando
1258 1616 1305 1679 eis
1330 1615 1361 1677 iu
1387 1615 1500 1679 celesti
1525 1612 1888 1704 palatiomansionem.
1932 1610 1983 1675 Ne
2007 1632 2085 1675 vero

429 1721 538 1805 ignem
562 1718 766 1804 purgationis
791 1719 968 1784 evaderent
991 1719 1068 1782 dicti
1092 1719 1230 1797 fratres,
1255 1719 1412 1781 excitavit
1434 1716 1583 1780 diabolus
1608 1717 1735 1800 linguas
1759 1716 1949 1799 maliloquas
1974 1722 2087 1778 contra

431 1844 499 1902 eos,
522 1823 567 1884 ita
583 1827 620 1884 ut
639 1819 769 1905 quidam
787 1821 827 1886 de
843 1823 1067 1887 transmarinis
1082 1823 1230 1908 partibus
1248 1823 1425 1886 redeuntes
1444 1843 1556 1885 eorum
1578 1823 1695 1885 lamam
1717 1821 1826 1884 taliter
1844 1817 2085 1903 denigraruntl,

437 1925 608 2011 quodnisi
631 1926 841 1988 necessitatis
871 1933 1017 2012 tempore
1048 1928 1191 2012 ipsorum
1216 1927 1383 1990 rutilasset
1413 1926 1444 1990 in
1473 1926 1603 1989 fornace
1636 1925 1823 1989 innocentia
1850 1924 1940 1988 velut
1962 1944 2087 2002 aarum,

431 2050 491 2092 nos
514 2029 576 2113 ipsi
600 2049 747 2092 rumores
771 2035 804 2092 et
825 2050 990 2094 murmura
1013 2030 1258 2114 obloquentium
1284 2029 1454 2094 audientes
1479 2029 1612 2092 sinistra
1635 2027 1834 2113 cogebamur
1856 2025 1897 2091 de
1919 2027 2001 2112 ipsis
2025 2027 2085 2089 ali-

433 2130 562 2215 quando
586 2131 753 2217 suspicari.
797 2131 893 2196 Unde
919 2133 1124 2197 universitati
1144 2141 1252 2198 vestre
1274 2134 1424 2197 duximus
1441 2131 1682 2206 declarandum,
1707 2131 1878 2216 quodcum
1902 2131 1935 2194 in
1954 2129 2086 2195 Ieroso-

432 2234 588 2298 limitanis
623 2235 771 2319 partibus
805 2236 925 2320 inquiri
958 2237 1132 2300 fecerimus
1161 2236 1353 2321 diligenter.
1386 2243 1495 2300 utrum
1528 2237 1650 2299 clamor
1681 2235 1735 2318 qui
1765 2234 1805 2297 ad
1838 2255 1933 2297 aures
1961 2240 2089 2296 nostras

433 2337 635 2416 ascenderat,
659 2359 758 2423 opere
782 2340 1018 2425 compleretur,
1046 2361 1105 2425 per
1127 2340 1348 2404 venerabilem
1374 2339 1508 2403 fratrem
1532 2345 1680 2402 nostrum
1707 2387 1738 2402 ..
1762 2336 1986 2401 Albanensem
2017 2336 2088 2422 epi-

434 2461 577 2526 scopum,
601 2441 781 2525 apostolice
806 2443 896 2506 sedis
919 2443 1074 2526 legatum,
1099 2450 1132 2506 et
1154 2445 1236 2506 alios
1254 2442 1348 2506 nobis
1369 2443 1430 2506 luit
1448 2443 1569 2506 certius
1588 2441 1783 2515 intimatum,
1807 2439 1891 2525 quod
1910 2438 2088 2525 supradicti

432 2552 549 2615 fratres
573 2545 659 2607 inter
682 2565 794 2608 onrncs
811 2546 892 2609 alios
912 2544 1034 2609 Christi
1057 2546 1198 2610 athletas
1214 2547 1320 2610 crucis
1343 2546 1511 2628 negotium
1528 2566 1600 2607 cum
1621 2547 1708 2608 omni
1729 2544 1887 2608 fidelitate
1909 2564 1946 2606 ac
1964 2542 2086 2606 sollici·
2141 2559 2165 2596 ²0

433 2648 544 2713 tudine
568 2653 795 2733 procurantes,
826 2649 1122 2733 propugnatoribus
1153 2648 1230 2712 Iesu
1254 2649 1375 2712 Christi
1400 2671 1441 2712 ex
1466 2648 1610 2712 fidelium
1628 2647 1816 2711 elemosinis
1834 2653 1926 2730 grata
1944 2645 2091 2709 subsidia

433 2752 631 2836 largiuntur;
655 2757 688 2814 et
711 2751 774 2813 nisi
790 2749 1005 2836 Hospitalarii
1025 2759 1057 2815 et
1075 2751 1253 2838 Ternplarii
1275 2774 1439 2838 expensas
1461 2753 1615 2828 lacerent,
1640 2773 1720 2836 quas
1739 2750 1858 2815 cotidie
1882 2750 1914 2813 in
1931 2749 2090 2813 militibus

435 2852 664 2930 servientibus,
688 2854 864 2916 balistariis
888 2875 925 2918 ao
949 2856 1021 2918 aliis
1044 2856 1195 2941 personis
1219 2856 1259 2919 ad
1282 2856 1492 2943 pugnandum
1516 2856 1650 2919 utilibus
1679 2862 1711 2918 et
1734 2854 1932 2941 pauperibus
1955 2853 2089 2936 faciunt,

437 2957 601 3021 exercitus
625 2955 709 3042 apud
732 2956 918 3020 Damiatam
941 2979 1006 3021 non
1029 2966 1143 3043 posset
1166 2959 1373 3044 aliquatenus
1398 2980 1577 3030 remancre,
1605 2980 1677 3022 cum
1702 2957 1847 3042 quelibet
1869 2955 2090 3042 predictarum

436 3059 616 3136 domorum,
640 3059 724 3122 sicut
740 3058 780 3122 ab
797 3060 912 3125 eodem
930 3063 1086 3148 episcopo
1103 3062 1284 3138 didicimus,
1307 3065 1375 3128 fero
1394 3063 1520 3126 duobus
1540 3061 1670 3125 milibus
1687 3081 1899 3146 personarum
1916 3065 1949 3124 et
1965 3058 2089 3142 septin-
2142 3081 2146 3092 ⁴

436 3163 543 3248 gentis
568 3162 759 3247 equitaturis
790 3162 908 3228 cotidie
936 3167 1125 3230 necessaria
1152 3167 1386 3231 subministret.
1442 3165 1620 3229 Caritatem
1649 3165 1749 3248 igitur
1771 3171 1911 3228 vestram
1938 3183 2091 3245 rogamus

437 3271 471 3330 et
494 3265 661 3329 hortamur
683 3265 715 3327 in
738 3263 890 3347 Domino,
913 3291 972 3355 per
994 3271 1175 3355 apostoliea
1198 3271 1292 3334 vobis
1320 3272 1440 3356 scripta
1462 3269 1673 3344 praedantes,
1704 3269 1856 3353 quatinus
1888 3287 2034 3330 mmores
2058 3272 2091 3330 et

435 3389 600 3431 murmura
623 3375 734 3432 contra
757 3370 920 3454 predictos
944 3372 1060 3436 fratres
1086 3375 1226 3454 inventa,
1257 3376 1284 3438 si
1301 3395 1364 3458 qua
1387 3397 1422 3438 se
1446 3374 1579 3438 auribus
1602 3372 1721 3436 vestris
1744 3372 1952 3454 ingesserint,
1976 3369 2091 3433 frivola

436 3477 469 3535 et
490 3471 668 3535 inventicia
690 3479 892 3557 reputantes,
916 3469 1014 3559 ipsos'
1030 3476 1151 3541 habere
1175 3479 1296 3541 curctis
1326 3499 1415 3541 more
1446 3478 1542 3541 solito
1571 3475 1831 3554 commendatos,
1861 3494 1973 3537 eorum
1996 3472 2091 3535 inno-

435 3574 576 3638 centiam
593 3575 625 3637 in
649 3576 767 3638 vestris
790 3577 937 3640 ecclesiis
962 3578 1159 3663 predicando
1183 3580 1319 3665 siugulis
1342 3580 1459 3645 diebus
1483 3579 1654 3644 dominicis
1678 3586 1711 3642 et
1731 3577 1869 3655 festivis,
1893 3575 2007 3640 scituri
2029 3595 2088 3660 pro
2141 3593 2166 3630 ω

437 3683 537 3756 certo,
561 3675 757 3760 quod'bona
780 3700 842 3763 que
867 3680 946 3765 ipsis
970 3681 1114 3746 feceritis
1138 3705 1201 3748 non
1226 3685 1389 3770 peribunt,
1414 3690 1464 3747 set
1483 3705 1544 3768 per
1566 3703 1679 3746 rnanus
1704 3700 1886 3767 pauperum
1902 3676 2091 3742 retributori

271 3802 349 3845 natu.
361 3776 577 3855 casDornino
589 3786 828 3867 presentantur,
843 3788 880 3845 ut
895 3783 1061 3869 recipiatis
1078 3786 1197 3850 exinde
1212 3787 1412 3872 centuplum,
1429 3792 1541 3851 eterne
1556 3788 1622 3850 vite
1638 3784 1875 3850 beatitudinem
1891 3779 2090 3867 possessuri.

543 3885 619 3949 Dat.
643 3884 795 3949 Lateran.
819 3884 903 3950 VIII
927 3886 1001 3952 Kal.
1024 3888 1229 3972 Decembris,
1253 3891 1461 3976 pontificatus
1486 3889 1589 3953 nostri
1612 3910 1696 3952 anno
1720 3887 1828 3952 tertio.

545 4039 585 4103 In
608 4039 749 4104 cundem
772 4037 904 4103 modum
929 4043 1083 4128 scriptum
1108 4053 1159 4108 est
1180 4046 1291 4109 multis
1314 4046 1396 4109 aliis.

1234 4619 1294 4690 80.

551 4735 738 4827 Honorius
753 4762 912 4842 IIIpapu
927 4759 1056 4846 [Petro]
1072 4758 1307 4839 ,arciriepiseopo
1324 4757 1499 4823 Serroueusi
1520 4761 1550 4820 et
1566 4755 1777 4837 suffraganeis
1798 4755 1866 4818 eius
1887 4756 1917 4818 ct
1936 4753 2095 4816 uuiversis
2147 4782 2171 4820 ss

443 4865 563 4932 Christi
582 4866 728 4946 fidelibus
744 4887 804 4946 per
824 4885 929 4928 eoruru
950 4864 1081 4926 dioceses
1103 4862 1278 4926 rettulistis
1299 4861 1422 4937 scribit,
1447 4880 1478 4924 se
1501 4861 1605 4924 tristes
1628 4861 1750 4924 litteras
1772 4881 1793 4923 α
1815 4858 2036 4940 crucesignatis
2059 4859 2094 4920 iu

440 4968 596 5031 obsidione
618 4966 789 5032 Desitiates
811 4965 1048 5031 coassistentibus
1069 4965 1235 5044 accepisse,
1267 4964 1379 5044 quattus
1399 4967 1524 5044 parturit,
1554 4967 1590 5026 ut
1611 4981 1790 5026 succursum
1812 4960 1930 5025 rrrittere
1951 4959 2094 5040 festiuct;

439 5075 540 5135 merset
562 5089 620 5149 ecs,
645 5075 680 5134 ut
698 5072 842 5152 marimo
866 5063 989 5134 Martio
1011 5070 1058 5133 uel
1079 5069 1189 5133 saltem
1212 5069 1304 5132 Maio
1326 5069 1532 5148 crucesignati
1554 5066 1768 5146 transfretent.

1648 5173 1741 5246 1:218,
1763 5169 1841 5234 Nou.
1867 5207 1908 5216 -—
1930 5167 2004 5232 Der.

543 5292 617 5346 Heu.
637 5296 692 5346 ΙΙΙ
709 5292 775 5360 Περ.
804 5292 859 5347 Vol.
884 5295 929 5357 II,
956 5295 1005 5358 30,
1030 5295 1078 5354 31,·
1102 5291 1165 5344 Lib.
1185 5294 1246 5356 III,
1271 5293 1332 5344 136.
1370 5289 1475 5344 Pertrii
1492 5290 1631 5359 eceruplar
1649 5289 1835 5358 supplevimus
1858 5305 1891 5342 eu
1910 5288 2001 5358 Rapa.
2020 5289 2093 5342 Ana.
2147 5303 2172 5340 ro

440 5379 500 5433 eccl.
520 5397 546 5432 a.
566 5383 643 5448 1218,
661 5383 678 5444 §
695 5382 805 5432 12-14.

543 5465 678 5530 Pcttltast
697 5465 764 5533 Rea.
782 5468 863 5518 5931.

538 5709 560 5776 ·)
577 5710 675 5763 cribsre
693 5709 725 5759 Ii.
814 5707 837 5774 l)
857 5711 892 5760 itu
910 5708 942 5760 R.
