4524 6412
738 403 938 460 EPISTOLAE
955 405 1145 462 subucula.
1179 408 1254 462 1229.

670 707 679 724 .
708 708 716 723 .
745 649 1000 744 patriarche
1027 653 1328 746 Aquilegensi.

283 795 365 860 Cum
395 821 489 862 nemo
522 801 626 884 possit
653 801 727 864 Deo
754 802 807 865 vel
839 802 962 866 homini
993 803 1063 868 siue
1092 802 1157 867 fide
1186 805 1333 890 placere,
1368 805 1443 889 quia
1471 805 1525 890 qui
1556 787 1653 870 lidem
1682 807 1824 892 perdidit

173 899 326 983 perditus
346 908 530 987 reputatur,
562 903 630 966 nila
653 904 753 969 habet
781 906 867 968 ultra
901 926 998 990 quarn
1026 905 1158 992 perdat,
1190 909 1254 970 nou
1282 907 1402 971 iniuste
1431 908 1586 972 miramur
1608 931 1668 974 nec
1691 911 1823 996 indigne

173 1024 353 1082 movemur,
377 1003 463 1090 quod
487 1027 559 1069 eum
583 1007 627 1070 sis
651 1009 792 1072 ecclesie
807 1008 954 1072 Romane
978 1009 1161 1074 iuramento
1184 1009 1352 1074 fidelitatis
1376 1011 1538 1092 astrictus,
1562 1013 1706 1099 alioquin
1729 1015 1824 1078 nobis

109 1142 120 1176 ,ι
174 1113 210 1170 ut
233 1108 320 1172 nosti
345 1108 508 1194 obligatus
532 1111 662 1174 vinculo
687 1112 836 1197 speciali,
870 1113 924 1196 qui
954 1111 1060 1177 adhuc
1089 1113 1122 1177 in
1150 1113 1268 1177 minori
1298 1113 1403 1177 officio
1427 1114 1596 1179 constituti
1618 1123 1650 1181 te
1674 1125 1823 1204 prompto

174 1210 350 1294 diligentes
367 1213 498 1294 affectu,
515 1218 548 1277 et
563 1213 604 1277 ad
621 1215 786 1300 profectus
804 1222 876 1280 tuos
893 1216 1072 1280 efficaciter
1087 1215 1306 1296 intendenteS,
1323 1217 1497 1281 ecclesiam
1513 1224 1602 1282 tuam
1614 1220 1824 1286 liberavimus

174 1337 193 1378 a
215 1315 313 1377 variis
337 1314 604 1380 tribulationibus
632 1325 665 1380 et
692 1318 870 1402 pressuris,
899 1323 935 1380 tu
966 1318 1051 1382 sicut
1082 1317 1265 1382 audivimus
1288 1318 1375 1382 mala
1397 1340 1455 1405 pro
1478 1320 1573 1386 bonis
1595 1321 1691 1388 nobis
1714 1323 1824 1408 inique

174 1418 376 1498 retribuens,
405 1418 496 1483 faves
523 1420 664 1484 ecclesie
698 1420 838 1484 inimicis
868 1420 1015 1505 aliosque
1043 1420 1084 1484 ad
1111 1420 1287 1485 favendum
1318 1422 1473 1486 inducere
1504 1425 1718 1504 machinaris,
1749 1448 1824 1512 per-

176 1525 334 1588 sonaliter
357 1525 390 1588 in
412 1525 592 1610 Ungariam
615 1525 812 1600 accedendo,
835 1532 871 1589 ut
893 1526 1102 1590 karissimum
1125 1527 1158 1589 in
1184 1526 1314 1591 Christo
1338 1528 1438 1592 lilium
1461 1535 1607 1592 nostrum
1629 1578 1636 1593 .
1656 1578 1663 1592 .
1680 1527 1825 1612 Ungaric

175 1649 287 1711 regem
311 1629 470 1693 illustrem
495 1627 669 1693 reduceres
693 1636 725 1692 et
745 1648 980 1714 corrumperes,
1004 1636 1040 1692 ut
1062 1629 1104 1691 ab
1127 1629 1268 1693 ecclesie
1286 1629 1434 1694 Romane
1457 1629 1632 1696 devotione
1655 1634 1825 1712 recedens,

173 1730 290 1795 baculo
321 1731 499 1796 arundineo
528 1731 708 1802 inhereret,
743 1731 797 1815 qui
828 1751 957 1794 manum
986 1731 1130 1816 perforat
1159 1733 1338 1798 innitentis.
1384 1732 1426 1798 Et
1457 1755 1499 1799 ne
1529 1736 1669 1820 vestigia
1695 1744 1944 1802 tuorumEsrsc-

174 1855 348 1919 gressuum
371 1842 584 1921 apparerent,
613 1834 767 1899 dilectum
791 1834 892 1898 lilium
916 1835 1106 1918 magistrum
1129 1833 1284 1919 Egidium
1308 1835 1542 1902 subdiaconum
1567 1844 1601 1904 et
1623 1841 1827 1927 capellanum

174 1944 322 2002 nostrum
352 1938 474 2024 alloqui
503 1937 697 2022 dedignatus
725 1938 778 2001 vel
808 1937 917 2022 potius
946 1935 1060 2001 dolose
1091 1937 1274 2016 declinans,
1307 1937 1367 2002 tibi
1396 1939 1438 2003 ab
1461 1940 1533 2026 ipso
1556 1943 1646 2007 velut
1667 1943 1709 2008 ab
1733 1943 1827 2008 hoste

176 2044 309 2122 cavisti,
333 2064 398 2107 non
421 2042 594 2107 attendens
618 2041 703 2127 quod
726 2040 848 2105 frustra
870 2041 986 2104 iacitur
1008 2045 1078 2104 rete
1102 2047 1178 2104 ante
1203 2043 1315 2105 oculos
1338 2050 1563 2129 pennatorum,
1592 2065 1653 2109 nec
1676 2053 1826 2112 metuens
1842 2061 1906 2102 va.
1922 2066 1975 2108 ιιι.

112 2193 115 2204 .
177 2145 263 2232 quod
287 2167 365 2232 sepe
389 2146 461 2230 quis
485 2145 599 2209 incidit
622 2145 655 2208 in
679 2145 830 2229 laqueum
855 2165 951 2229 quem
974 2151 1115 2230 pararat.
1161 2144 1285 2208 Verum
1316 2146 1392 2230 quia
1419 2152 1587 2212 contrata
1611 2168 1675 2212 non
1697 2150 1826 2214 nisiex

177 2249 389 2315 intollerabili
405 2249 530 2312 offensa
545 2255 603 2312 tua
618 2248 788 2335 provocari
804 2268 987 2334 possemus,
1009 2254 1046 2310 ut
1069 2247 1155 2311 scias
1178 2248 1223 2310 nil
1239 2247 1489 2313 intollerabilius
1512 2269 1532 2312 a
1554 2256 1587 2314 te
1610 2251 1705 2315 nobis
1727 2273 1826 2338 posse

175 2354 302 2435 inferri,
332 2373 428 2438 quam
452 2358 484 2416 te
507 2351 821 2438 prevaricationibus
845 2349 1042 2436 implicando
1073 2351 1183 2415 lacere
1212 2351 1339 2415 irritam
1366 2350 1465 2416 fidem
1492 2359 1596 2431 tuam,
1627 2353 1763 2418 firmiter
1793 2361 1825 2418 te

177 2477 348 2522 monemus
372 2461 509 2534 attente,
532 2476 591 2542 per
607 2454 788 2542 apostolica
810 2453 871 2517 tibi
894 2454 1016 2540 scripta
1038 2454 1070 2517 in
1087 2453 1207 2518 virtute
1225 2453 1410 2520 obedientie
1435 2456 1495 2520 sub
1518 2456 1630 2522 debito
1654 2458 1827 2523 iuramenti

176 2559 322 2623 districte
355 2558 567 2646 precipiendo
599 2557 807 2637 mandantes,
843 2556 995 2642 quatinus
1028 2557 1061 2620 in
1094 2556 1156 2622 lide
1190 2578 1227 2621 ac
1259 2557 1433 2624 devotione
1462 2560 1642 2646 apostolice
1674 2561 1762 2626 sedis
1794 2568 1827 2626 et

177 2668 290 2726 nostra
312 2661 500 2725 inflexibilis
523 2682 756 2748 perseverans,
779 2660 904 2724 nullum
933 2659 1130 2724 adversariis
1162 2662 1301 2727 ecclesie
1330 2669 1459 2750 prestes
1482 2664 1535 2728 vel
1557 2685 1577 2727 a
1599 2664 1665 2729 tuis
1687 2665 1827 2750 prestari

177 2765 347 2851 permittas
370 2765 529 2829 auxilium
552 2765 607 2829 vel
628 2764 791 2843 favorem,
821 2771 871 2828 set
901 2765 1068 2828 voluntate
1101 2764 1196 2828 nobis
1220 2773 1254 2830 et
1283 2766 1412 2831 actione
1436 2772 1588 2851 satagens
1612 2769 1826 2855 complacere,

177 2867 317 2932 inimicis
346 2867 486 2932 ecclesie
513 2873 546 2931 te
576 2872 729 2954 potenter
756 2873 789 2931 et
820 2872 972 2952 patenter
1001 2887 1164 2952 opponas,
1198 2874 1232 2933 et
1255 2869 1444 2955 specialiter
1470 2869 1504 2932 iu
1526 2868 1606 2934 Pole
1630 2891 1668 2934 ac
1691 2871 1827 2934 aliarum

177 2977 338 3036 terramm
355 2970 523 3056 portubus,
547 2990 610 3055 que
634 2968 850 3034 iurisdictioni
873 2975 928 3034 tue
946 2968 1160 3055 spiritualiter
1175 2971 1229 3034 vel
1245 2972 1469 3056 temporaliter
1484 2972 1621 3038 subesse
1637 2980 1827 3053 noscuntur,

178 3075 328 3139 omnibus
362 3075 501 3139 transire
531 3073 717 3138 volentibus
747 3073 781 3136 in
809 3072 966 3158 Apuliam
999 3070 1123 3135 aditum
1150 3073 1281 3159 penitus
1314 3073 1507 3156 interdicas,
1540 3083 1606 3140 tarn
1639 3097 1696 3142 eos
1731 3097 1827 3163 quam

100 3199 120 3237 a
180 3178 332 3242 ductores
362 3178 507 3264 ipsorum
541 3176 702 3263 spirituali
731 3184 765 3240 et
797 3175 969 3261 temporali
1003 3174 1207 3240 districtione
1242 3198 1466 3265 compescens.
1509 3180 1664 3266 Alioquin
1693 3200 1766 3244 cum
1794 3180 1828 3244 in

178 3281 297 3346 talibus
314 3282 419 3367 culpis
436 3282 533 3367 culpa
549 3287 638 3344 esset
653 3280 794 3346 relaxari
810 3277 995 3358 vindictam,
1020 3279 1264 3344 venerabilibus
1282 3281 1437 3347 fratribus
1458 3283 1579 3347 nostris
1595 3334 1601 3349 .
1620 3333 1627 3348 .
1643 3283 1828 3368 patriarche

180 3383 364 3448 Gradensi¹
397 3389 430 3448 et
453 3434 461 3449 .
487 3432 493 3446 .
518 3383 675 3471 episcopo
699 3381 909 3447 Castellano²
939 3383 1061 3447 nostris
1089 3383 1203 3448 damus
1231 3384 1350 3449 litteris
1374 3385 1408 3448 in
1430 3385 1608 3464 mandatis,
1636 3389 1673 3449 ut
1695 3405 1827 3450 excom-

177 3489 376 3552 municatum
398 3494 431 3551 te
456 3485 655 3551 denuncient
678 3493 711 3551 et
733 3486 909 3572 periurum.
953 3485 1112 3570 Aliaeque
1136 3493 1249 3551 eontra
1272 3493 1304 3552 te
1329 3488 1475 3552 severius
1491 3487 1707 3574 procedentes
1732 3507 1830 3573 super

178 3591 277 3655 variis
301 3597 334 3655 et
358 3589 545 3654 enormibus
561 3591 752 3656 excessibus
775 3589 850 3670 tuis,
875 3587 936 3652 del
958 3589 1076 3674 quibus
1093 3591 1248 3675 frequens
1271 3594 1305 3655 et
1327 3591 1469 3655 clamosa
1490 3591 1667 3655 insinuatio
1690 3590 1829 3676 perculit

101 3723 127 3761 ιο
180 3716 275 3760 aures
311 3701 455 3775 nostras,
490 3693 649 3758 faciemus
683 3693 928 3779 inquisitionem
963 3693 1034 3757 fieri
1068 3693 1278 3778 diligentem,
1312 3701 1349 3759 ut
1380 3695 1513 3781 punitus
1545 3714 1705 3780 agnoscas
1742 3689 1829 3778 quod

179 3799 332 3886 pertinax
355 3798 555 3863 commisisti.

289 3915 389 4004 [Data
410 3915 562 4004 Perusii,]
587 3916 654 3981 XII
677 3916 753 3981 Kal.
776 3918 864 3997 Iulii,
889 3915 1109 4004 [pontificatus
1133 3917 1236 3980 nostri
1258 3938 1344 3982 anno
1365 3915 1459 4004 Iup.

286 4037 325 4102 In
349 4037 464 4104 eadem
487 4037 591 4102 forma
612 4037 757 4103 mandati
780 4037 1049 4121 Pabenbergensi
1072 4037 1259 4122 episcopo³.

799 4317 1210 4326 —-—-————-—-

965 4577 1051 4650 394.

288 4688 479 4799 Gregorius
503 4717 556 4782 IX
574 4737 662 4796 popm
685 4705 853 4782 Golcluuls
874 4715 918 4778 od
938 4715 1113 4778 deculatum
1134 4713 1276 4778 ccclesiae
1298 4711 1460 4775 Rotnouac
1482 4712 1617 4776 reductis
1639 4713 1774 4777 concedit
1795 4712 1830 4774 r'a

105 4853 129 4890 a
178 4821 390 4904 praeficiendo
413 4823 579 4901 potestates
611 4822 640 4883 ct
675 4819 709 4881 iu
738 4819 880 4882 omnibus
911 4819 988 4883 aliis
1020 4818 1205 4888 libertatem,
1236 4835 1330 4896 qaam
1362 4813 1473 4877 lrabeat
1504 4815 1615 4879 clv-ilos
1645 4815 1830 4898 Anapniuo,

183 4925 337 5008 quaedum
358 4924 427 4988 alla
442 4923 616 5005 priuilegio
638 4921 757 4986 addans
778 4923 878 5004 iisque
901 4922 998 4985 bonos
1019 4919 1270 4995 cmauctudiaes,
1293 4935 1373 4998 quos
1394 4919 1526 4995 tempore
1548 4917 1630 4999 repis
1653 4917 1831 4982 Gailliclmr'

184 5027 358 5104 habuerint,
379 5029 579 5109 confirmans.
1477 5020 1570 5096 1229,
1592 5019 1667 5083 Iun.
1690 5019 1742 5082 21.

287 5149 370 5219 (ἶνες.
389 5150 438 5203 IX
455 5147 523 5217 Rep.
546 5147 603 5201 Vol.
618 5146 643 5210 Ι,
662 5145 897 5206 122-123,·Lit.
916 5145 979 5208 111,
997 5147 1042 5199 26.

285 5237 420 5300 Potitum,
438 5237 507 5305 Rep.
526 5239 608 5290 8423.

1364 5385 1723 5394 .·—-—--———-—-——----—-

286 5399 439 5407 —-.-—--
445 5398 500 5404 ---
787 5393 995 5402 ——-.-—.——

106 5539 133 5578 to
291 5517 313 5584 ¹)
332 5536 368 5568 aa
387 5521 450 5569 nac?
531 5517 554 5582 b)
572 5517 604 5568 de
622 5513 689 5565 deest
705 5515 733 5564 iu
752 5513 783 5565 R.
865 5513 885 5578 e)
903 5514 974 5564 beas
991 5519 1013 5563 et
1030 5526 1116 5560 annuc
1133 5509 1224 5561 ἀοειιιιι
1241 5508 1268 5558 ia
1287 5506 1319 5558 R.

289 5673 316 5739 1)
334 5671 446 5742 Angelo.
516 5669 546 5744 2)
565 5667 672 5722 Marco.
741 5666 769 5734 3)
787 5665 921 5740 prrrle,
940 5661 1065 5720 Bertoldr'
1077 5661 1176 5734 fratri.
