4448 6420
443 385 504 446 152
1028 378 1076 432 EX
1095 377 1251 432 HONORII
1272 376 1313 430 ΠΙ
1332 375 1513 431 erelauno

440 554 647 620 liberalitatis
676 554 859 619 ostendant.
915 552 1091 639 Speremus
1121 551 1299 636 siquidem,
1332 549 1419 636 quod
1447 573 1520 615 cum
1550 551 1598 614 illi
1628 551 1759 616 domino
1790 573 1908 639 parcos
1939 573 1997 616 vos
2027 574 2099 618 esse

443 681 509 724 non
532 657 663 740 deceat,
693 659 749 744 qui
779 659 829 722 sui
859 658 952 743 quasi
979 655 1135 742 prodigus
1159 656 1264 720 factus
1288 662 1337 720 est
1361 676 1418 741 pro
1443 654 1616 732 subiectis,
1648 655 1689 720 ad
1711 657 1980 742 prosecutionem
2003 678 2100 722 cause

444 785 512 841 sue,
537 763 592 848 qui
618 784 676 827 suo
700 763 846 848 periculo
863 767 1055 847 prosecutus
1079 766 1131 824 est
1155 780 1286 824 eausam
1301 766 1456 838 nostram,
1480 759 1553 844 plus
1573 765 1682 822 vestra
1702 760 1884 824 liberalitas
1905 760 2099 846 providebit,

446 887 543 952 quam
566 865 744 951 superioris
768 866 943 929 auctoritas
967 863 1149 928 indixisset.
1196 861 1357 947 Quicquid
1380 869 1489 925 autem
1514 883 1612 946 super
1635 862 1697 926 hiis
1720 869 1830 927 vestra
1850 864 2100 949 circumspectio

444 970 569 1050 feeerit,
594 975 626 1034 et
649 969 689 1033 de
710 969 951 1054 predicatorum
975 989 1056 1054 quos
1080 966 1121 1031 ad
1144 987 1202 1031 ros
1225 966 1382 1030 mittimus
1401 986 1559 1051 processu
1583 971 1679 1049 atque
1703 967 1851 1051 profectu
1875 966 1970 1031 nobis
1993 968 2100 1053 plene,

445 1095 517 1138 cum
541 1094 577 1138 se
601 1072 739 1136 facultas
763 1073 928 1155 obtulerit,
952 1070 1151 1137 rescribatis.

548 1193 588 1257 In
611 1193 752 1258 eundem
774 1192 906 1257 modurn
930 1241 936 1255 .
956 1243 963 1258 .
986 1191 1188 1257 Mutinensi¹
1214 1195 1247 1255 et
1271 1239 1277 1254 .
1302 1238 1308 1253 .
1333 1189 1519 1254 Laudensi²
1543 1189 1716 1275 episcopis.
1762 1188 1814 1253 De
1838 1191 1909 1254 celo
1933 1191 2102 1277 prospexit

443 1304 504 1362 etc.
538 1318 658 1382 usque:
693 1297 851 1381 sanguine
887 1302 962 1360 sunt
995 1294 1166 1381 redempti.
1227 1294 1315 1359 Hine
1350 1302 1415 1374 est,
1447 1293 1536 1378 quod
1572 1316 1632 1379 per
1665 1293 1811 1357 diuersas
1846 1293 1959 1357 mundi
1994 1301 2102 1380 partes

444 1399 705 1486 predicatoribus
729 1399 915 1478 destinatis,
944 1418 1085 1484 persone
1109 1405 1232 1478 vestre,
1263 1397 1304 1462 de
1328 1397 1445 1482 quibus
1468 1396 1631 1461 laudabile
1655 1397 1877 1461 testimonium
1901 1397 2101 1483 perhibetur,

442 1526 502 1589 per
518 1502 798 1568 Mediolanensem
815 1502 1014 1588 provinciam
1039 1523 1137 1587 super
1159 1501 1219 1566 hoe
1237 1502 1468 1586 predicationis
1494 1501 1635 1565 officium
1652 1501 1805 1564 duximus
1822 1501 2100 1580 committendum,

443 1627 502 1690 per
525 1607 707 1692 apostolica
729 1607 822 1670 vobis
848 1606 968 1691 scripta
988 1604 1190 1681 mandantes,
1214 1606 1367 1689 quatinus
1391 1604 1432 1668 ad
1456 1627 1495 1668 ea
1518 1626 1580 1688 que
1598 1605 1806 1668 continentur
1828 1604 1862 1668 in
1886 1605 1960 1668 aliis
1984 1606 2102 1669 litteris

443 1709 537 1772 vobis
561 1731 620 1794 per
644 1759 651 1773 .
676 1755 683 1770 .
707 1711 845 1773 latorem
868 1709 1070 1794 presentium
1099 1706 1314 1782 exhibendis,
1345 1707 1430 1772 detis
1461 1729 1557 1793 opem
1588 1715 1620 1772 et
1650 1727 1783 1793 operam
1814 1707 1998 1789 efficacem,
2028 1731 2102 1795 prc-

445 1833 573 1876 eessum
595 1817 740 1875 vestrum
762 1811 858 1874 nobis
881 1809 1022 1874 fideliter
1044 1811 1244 1896 rescripturi.
1291 1809 1446 1874 Ceterum
1469 1833 1509 1874 ne
1533 1812 1643 1896 aliqua
1666 1812 1793 1875 macula
1815 1812 1848 1875 in
1872 1813 1979 1897 gloria
1994 1819 2103 1876 vestra

443 1920 597 2000 ponatur,
628 1914 823 2000 aliquodque
858 1912 1090 1978 offendiculum
1120 1913 1293 1976 commisso
1324 1912 1417 1976 vobis
1450 1913 1557 1977 officio
1588 1915 1757 1998 contingat
1787 1916 1923 2001 opponi,
1956 1914 2102 1978 districte

443 2018 652 2104 precipimus,
674 2023 710 2082 ut
733 2040 847 2083 manus
872 2019 912 2082 ad
935 2021 1025 2083 nulla
1048 2040 1183 2082 munera
1206 2017 1402 2098 extendatis,
1425 2039 1486 2081 nee
1509 2025 1582 2081 octo
1598 2019 1804 2082 evectionum
1826 2030 2020 2083 numeruma
2045 2039 2102 2082 ex·

444 2121 615 2202 cedentes,
645 2122 716 2186 sitis
740 2129 866 2188 tantum
894 2123 1089 2187 necessariis
1119 2131 1152 2186 et
1179 2122 1412 2207 predicationis
1440 2121 1669 2208 prosecutione
1703 2121 1858 2187 contenti.
1911 2121 1986 2186 Non
2018 2121 2102 2186 enirn

443 2225 680 2311 predicatorem
704 2233 929 2312 sumptuosum
950 2232 1006 2290 aut
1029 2225 1180 2312 cupidum
1204 2247 1303 2289 causa
1325 2226 1479 2312 pauperis
1503 2225 1607 2310 exigit
1630 2225 1783 2288 crucifixi.

551 2345 626 2410 Dat.
650 2345 802 2410 Lateran.
826 2345 875 2409 VI
898 2345 972 2411 Kal.
996 2346 1085 2426 Maii,
1109 2367 1192 2409 anno
1218 2345 1293 2408 VII.

551 2466 591 2530 In
614 2466 754 2531 eundem
777 2466 909 2530 modum
932 2467 1005 2531 aliis
1035 2466 1076 2530 ad
1097 2465 1331 2552 predicationis
1355 2465 1498 2530 officium
1521 2487 1580 2552 per
1603 2465 1749 2549 singulas
1780 2463 1892 2528 mundi
1921 2464 2103 2549 provincias

446 2569 623 2657 deputatis.

553 2689 628 2755 Dat.
652 2690 806 2756 Lateran.
830 2697 893 2754 ete.

1069 2779 1480 2786 m—-m

1234 3091 1320 3165 υ295.

556 3203 744 3296 Honorius
758 3231 825 3297 III
836 3252 927 3312 papa
941 3231 1126 3316 [Philippo]
1148 3233 1214 3313 repr'
1230 3233 1429 3296 Francorum
1445 3233 1552 3293 uotum
1566 3229 1654 3312 facit,
1676 3231 1876 3298 Fridericum
1891 3232 2102 3297 Ronmaermu

447 3334 662 3414 impactorum
683 3334 726 3396 ad
747 3353 778 3398 so
800 3336 836 3398 ia
855 3335 1064 3414 Curapauiam
1085 3337 1256 3399 carrinatem
1279 3355 1380 3399 socrum
1402 3334 1438 3397 de
1463 3333 1579 3398 Terrae
1595 3334 1731 3399 Suuctac
1753 3336 1892 3400 subsidio
1915 3337 2100 3410 tractavisse,

445 3441 474 3499 et
500 3441 606 3516 sponte
638 3438 761 3501 iurasse
789 3457 821 3501 sc
850 3440 885 3501 r'u
914 3437 991 3518 festo
1020 3439 1100 3502 beati
1131 3439 1283 3502 Iolraum's
1312 3438 1464 3517 baptistae
1494 3438 1587 3521 [Ima
1615 3439 1677 3522 24]
1697 3440 1844 3519 proraiam
1871 3443 2014 3504 seurturo
2038 3441 2102 3519 post

445 3541 605 3605 biennium
628 3540 906 3625 transfretaturum
928 3562 999 3618 esse,
1023 3547 1051 3606 ct
1073 3547 1108 3604 ut
1130 3543 1174 3606 ad
1198 3543 1234 3606 id
1249 3543 1379 3623 picarias
1404 3562 1495 3604 suram
1519 3543 1694 3622 reauifestct
1712 3542 1864 3622 affectum,
1887 3543 2101 3608 seductarum
2202 3589 2220 3596 -

445 3643 651 3728 [Isahcltam]
665 3646 746 3727 repis
763 3645 1043 3729 Hierosotyrrritam'
1061 3647 1166 3726 silium
1186 3647 1221 3708 iu
1244 3666 1372 3709 urorum
1388 3645 1555 3727 lepitimam
1576 3647 1706 3726 iasrqrer
1721 3647 1927 3710 iureiurando
1948 3648 2103 3726 fimmssm

445 3751 535 3830 repat
556 3768 664 3830 repam,
687 3752 722 3811 ut
743 3752 875 3830 usurpat
896 3749 939 3812 ad
960 3749 1154 3812 adiutorium
1179 3748 1307 3815 Christi.
1591 3752 1685 3828 1223,
1709 3751 1793 3813 circa
1815 3749 1920 3830 April.
1943 3751 1988 3812 27
1998 3749 2019 3813 ⁸.

553 3885 627 3939 Heu.
646 3885 703 3938 111
719 3885 787 3955 Rea.
813 3886 867 3939 Vol.
887 3886 940 3949 IV,
967 3891 1092 3946 e.‘r-55;
1116 3886 1178 3939 Lio.
1204 3887 1274 3951 VII,
1298 3891 1357 3941 176.
1405 3887 1488 3940 Hauc
1506 3886 1650 3956 epistolam
1668 3887 1771 3941 edimus
1789 3903 1824 3939 ea
1843 3885 1935 3956 Rapa.
1953 3885 2025 3939 Ana.
2045 3885 2101 3938 eccl.

446 3989 472 4024 a.
491 3975 571 4033 1223,
589 3975 605 4036 §
623 3976 692 4025 1-5
709 3973 834 4025 collatam
851 3987 911 4025 carr
929 3971 1041 4025 Recessit
1058 3972 1106 4024 dea
1123 3970 1187 4026 laist.
1205 3972 1252 4025 cles
1272 3972 1386 4036 Gautes,
1405 3975 1422 4026 t.
1442 3972 1527 4036 XIX,
1541 3989 1572 4041 p.
1594 3977 1657 4026 733.

551 4055 687 4122 Pottlrast,
706 4057 773 4127 Rep.
795 4062 868 4112 6969
886 4061 911 4111 ct
930 4061 1014 4111 7035.

951 4271 1065 4364 Regi
1090 4272 1373 4346 Francorum
1401 4275 1590 4349 illustri.

555 4416 666 4481 Iustus
689 4418 850 4484 Dominus
874 4421 907 4484 in
931 4422 1081 4486 omnibus
1105 4423 1166 4486 viis
1192 4423 1274 4504 suis,
1304 4424 1359 4508 qui
1381 4425 1556 4509 unicuique
1580 4423 1795 4509 pro-meritis
1822 4421 1984 4505 condigna
2007 4419 2098 4483 retri-

449 4519 583 4584 butione
608 4521 795 4606 respondet,
819 4524 905 4588 cirea
928 4526 1094 4609 negotium
1119 4525 1220 4589 Terre
1238 4525 1358 4591 Sancte
1383 4549 1474 4612 spera
1498 4527 1610 4613 populi
1627 4525 1805 4590 Christiani
1827 4524 1908 4589 fovit
1931 4521 2100 4608 aliquando

448 4624 613 4708 prosperis
638 4631 671 4688 et
694 4625 857 4690 interdum
880 4626 1063 4692 debilitavit
1097 4628 1254 4692 adversis.
1301 4629 1328 4694 Ο
1354 4637 1511 4715 quantum
1534 4630 1740 4694 Christicolis
1763 4628 1936 4692 videbatur
1959 4626 2099 4692 arridere

448 4726 664 4811 prosperitas!
726 4727 753 4792 Ο
785 4738 940 4814 quantum
971 4731 1120 4795 illuxisse
1152 4731 1349 4796 credebatur
1379 4732 1529 4797 fidelibus
1559 4733 1703 4798 felicium
1734 4753 1852 4796 aurora
1883 4750 2100 4804 successuum,

448 4829 576 4913 quando
612 4833 909 4917 crucesignatorum
943 4836 1107 4898 exercitus
1141 4835 1308 4922 Egyptum
1342 4837 1554 4921 aggrediens,
1592 4845 1668 4921 post
1701 4837 1815 4899 turrim
1851 4841 1997 4920 captam,
2032 4841 2103 4919 post

448 4935 620 4997 transitum
644 4936 804 5016 fluminis,
832 4944 908 5023 post
932 4938 1046 5002 hostes
1071 4940 1248 5003 exterritos
1278 4941 1310 5004 in
1341 4941 1601 5005 adversariorum
1625 4939 1820 5004 stationibus
1846 4947 1954 5003 castra
1978 4938 2050 5002 lixit
2073 4943 2103 5000 et

447 5034 649 5119 Damiatam,
680 5061 743 5124 que
774 5041 874 5104 robur
902 5042 1100 5105 censebatur
1123 5041 1260 5128 egypti,
1290 5043 1378 5107 duris
1411 5043 1590 5106 obsidionis
1614 5043 1775 5126 angustiis
1799 5043 1992 5107 coaretavit!
2037 5041 2102 5105 Res

556 5288 577 5354 ¹)
596 5308 702 5341 numero
721 5291 752 5341 R.

556 5427 582 5492 1)
606 5425 755 5480 Wilhelmo.
840 5427 867 5495 2)
889 5428 1028 5483 Ottotella.
1115 5429 1373 5497 ereaturarum
1398 5446 1458 5484 cum
1476 5430 1504 5482 in
1523 5429 1637 5483 cundem
1655 5431 1715 5498 fere
1732 5430 1851 5493 maura,
1877 5433 1908 5483 ut
1926 5429 2001 5483 sides
2019 5429 2100 5495 infra,

447 5511 507 5578 rapi
523 5512 676 5580 amplorum
696 5512 828 5582 scriptam
847 5516 897 5582 sit,
915 5521 941 5568 et
957 5517 987 5569 in
1005 5516 1177 5585 aratoprapho
1195 5517 1279 5570 taius
1301 5518 1444 5586 epistolae,
1468 5517 1542 5586 quod
1564 5515 1634 5570 uidit
1652 5522 1677 5569 et
1695 5515 1780 5568 edidit
1803 5515 1919 5586 Rymar,
1941 5515 2062 5569 Foedera
2079 5515 2100 5576 Ι,

450 5614 475 5666 1,
497 5615 527 5666 p.
552 5602 599 5661 91,
624 5599 743 5667 leuatur:
773 5601 840 5654 Dat.
866 5601 995 5655 Laterum
1023 5602 1047 5657 V
1069 5603 1134 5656 Kal.
1158 5602 1247 5666 Maii,
1271 5619 1346 5656 carno
1370 5603 1492 5672 septimo,
1515 5603 1651 5656 credimus
1674 5603 1744 5655 hanc
1768 5601 1914 5671 epistolam
1939 5601 2027 5655 rodem
2048 5599 2101 5668 serr

446 5692 563 5754 tempore
581 5687 713 5757 scriptum
731 5703 797 5741 csse.
