4538 6426
433 401 498 456 VIII
1150 399 1365 455 PRAEFATIO.

432 579 583 651 banclum
613 581 764 654 Delisle¹
793 579 1021 654 authenticam
1051 581 1210 673 epnstolae
1241 581 1373 652 Urbani
1391 580 1455 652 IV
1478 580 1609 670 eitaoil,
1636 583 1674 650 in
1701 605 1779 672 qaia,
1806 582 1842 652 in
1864 581 1962 674 plica
1988 601 2089 649 irrem-

433 699 571 792 branae,
596 703 735 774 oerbum
749 702 964 795 Regislelur
977 704 1145 794 seriptum
1167 705 1220 794 sit,
1235 709 1266 774 et
1280 705 1318 774 iu
1336 708 1432 796 terpo
1447 701 1599 772 aliarum
1618 701 1737 773 littera
1754 701 1788 773 R
1806 726 1883 774 euim
1902 706 1996 788 nola,
2025 723 2089 790 qao

433 820 503 893 loeo
536 824 575 894 in
600 823 756 915 Repestis
782 824 960 916 lepantur,
987 824 1136 895 inomiri
1162 821 1343 906 adamn²,·
1373 819 1529 894 Muneh³
1558 828 1745 913 praetereo
1779 821 1952 895 nonnullis
1979 823 2091 914 miei-

435 943 530 1035 lepiis
555 945 594 1016 in
621 944 776 1036 Repestis
804 968 936 1038 qunque
972 952 1084 1017 rotam
1112 946 1286 1037 appictum
1319 950 1351 1016 et
1377 943 1643 1034 subscriptiones
1670 945 1847 1036 appositas
1878 965 1949 1015 esse
1984 944 2090 1034 sipni-

349 1061 350 1064 ’
433 1066 566 1153 fioauit,
595 1088 682 1157 quae
711 1069 831 1140 resin
861 1066 985 1138 litteris
1010 1066 1138 1137 notatis
1164 1071 1254 1137 eerle
1279 1088 1349 1137 non
1375 1064 1571 1151 extiterint5
1599 1060 1750 1153 Dudum,
1785 1062 1923 1136 saeculo
1953 1065 2092 1155 quidem

434 1183 540 1275 XIV,
563 1185 725 1278 epistolas
739 1210 780 1260 ea
798 1187 1002 1259 authenticis
1028 1189 1066 1258 in
1084 1186 1232 1277 Repesta
1252 1185 1382 1258 relatos
1402 1207 1473 1257 esse
1501 1191 1532 1257 et
1558 1184 1673 1275 abiis,
1694 1185 1816 1277 quibus
1834 1185 1969 1257 eaedem
1989 1185 2091 1256 datae

433 1304 575 1398 suerint,
597 1329 666 1398 pro
695 1330 795 1400 opere
813 1309 1025 1400 rapistraneli
1043 1313 1172 1380 sertam
1185 1309 1355 1399 peamiae
1374 1329 1542 1379 summam
1571 1308 1725 1395 (tanam)
1752 1306 1839 1379 solui
1867 1306 2021 1379 debuisse
2051 1330 2092 1377 eu

434 1426 545 1498 vorbis
577 1425 699 1499 Iaeobi
727 1427 870 1502 Cabellii
895 1429 986 1500 nihil
1012 1427 1107 1500 elabii
1133 1427 1404 1519 relinquentibus
1430 1428 1699 1516 demonstrauit;
1728 1426 1873 1501 Fieler⁵
1892 1434 1923 1500 et
1946 1427 2091 1500 Lbreeu·

435 1545 530 1636 seld⁶
562 1546 711 1620 aliorum
745 1550 932 1622 sententias
967 1554 1171 1640 exponentes
1207 1548 1451 1620 laudaverunt.
1509 1546 1628 1638 Solus,
1663 1546 2091 1640 6666623626,Ρ61262637

436 1668 585 1760 Repesta
611 1691 653 1740 ea
679 1667 802 1742 litteris
826 1669 954 1742 noletis
981 1693 1004 1741 a
1023 1691 1123 1762 papa
1148 1667 1349 1760 approbatis
1376 1668 1571 1760 conscripta
1592 1690 1664 1741 esse
1684 1670 1864 1760 emrtenbit,
1884 1692 1993 1761 neque
2013 1691 2092 1742 uero

437 1794 638 1882 arpnmonta
664 1790 809 1862 maian.

557 1909 643 1982 (lum
668 1913 877 2003 scriptorum
903 1913 1127 2006 antiquorum
1155 1913 1346 1984 auotoritas
1372 1909 1466 1981 nobis
1492 1909 1598 1997 desit,
1631 1915 1669 1980 ut
1701 1909 1789 1982 haue
1817 1910 2091 2001 controuersiam,

307 1999 351 2062 ’ω’
438 2037 603 2121 querutum
630 2033 678 2104 ael
703 2036 856 2123 tempora
881 2032 1038 2104 Honorii
1058 2031 1132 2102 ΙΙΙ
1153 2039 1184 2104 et
1214 2031 1375 2124 Greporii
1396 2030 1466 2121 IX,
1495 2030 1731 2120 diiudioemus,
1757 2031 1905 2121 Repesta
1931 2034 2009 2122 ipsa
2036 2055 2092 2102 ea-

437 2153 600 2224 eutienela
616 2158 705 2225 simt.
758 2151 819 2223 Ea
838 2152 876 2223 in
898 2152 1003 2225 libros
1031 2156 1142 2226 dinsa
1169 2161 1259 2246 sunt,
1284 2155 1345 2245 qui
1372 2152 1499 2244 siupuli
1526 2150 1740 2242 siupuloram
1759 2174 1928 2223 annornm
1948 2154 2091 2246 pontifi·

436 2279 533 2346 catus
551 2272 685 2346 litteras
702 2275 995 2366 comprehendunt.
1034 2273 1082 2345 In
1103 2276 1155 2348 his
1176 2275 1273 2346 libris
1299 2274 1439 2366 qumans
1461 2273 1544 2344 melo
1567 2272 1825 2364 chronolopieus
1844 2271 1951 2362 faeile
1973 2297 2091 2366 capno-

435 2397 553 2483 sa'tar,
567 2417 676 2486 neque
688 2417 767 2467 aero
788 2418 864 2468 eum
882 2417 1036 2486 anquam
1052 2394 1232 2487 diliaenter
1250 2402 1425 2468 seruatum
1443 2395 1604 2482 maenius,
1623 2395 1684 2466 secl
1705 2393 1897 2486 aliquarulo
1922 2395 2093 2486 emrtinpit,

437 2522 473 2589 ut
499 2514 645 2609 epistola
671 2515 792 2607 aliqua
817 2515 935 2604 aliam,
964 2539 1051 2607 auae
1072 2517 1211 2608 duobus,
1233 2524 1272 2589 nt
1295 2517 1332 2588 in
1362 2517 1515 2608 Repestis
1542 2515 1696 2588 Honorii
1710 2514 1785 2586 ΙΙΙ
1806 2522 1837 2588 el
1856 2515 2016 2608 ‘Greporii
2033 2516 2096 2587 IX

436 2634 658 2724 invenimus⁸‚
690 2636 743 2709 uel
769 2635 871 2708 etiam
898 2643 1060 2728 quatuor
1087 2644 1118 2710 et
1139 2638 1309 2730 pluribus,
1335 2644 1373 2709 ut
1400 2638 1438 2708 in
1452 2636 1608 2726 Reaeslis
1627 2633 1820 2709 Innocentii
1835 2635 1865 2706 Ι
1867 2636 1900 2708 V
1909 2645 2093 2730 comparet,

436 2757 607 2831 menalus
625 2764 708 2850 post
728 2758 813 2828 dala
830 2763 888 2848 est,
907 2760 945 2830 in
964 2757 1118 2849 Repestis
1135 2765 1310 2850 sequatur.
1350 2757 1425 2831 Pro
1447 2756 1563 2829 multis
1584 2756 1747 2849 eaemplis
1765 2758 1832 2830 duo
1846 2761 2093 2850 proponimus:

437 2896 529 2968 Han.
556 2893 631 2966 ΙΙΙ
653 2895 739 2988 Rep.
768 2893 843 2967 Vol.
868 2895 907 2985 V,
934 2898 1006 2966 108
1015 2921 1028 2983 ;
1055 2895 1135 2968 Lib.
1156 2897 1209 2987 X,
1229 2900 1300 2969 169
1309 2923 1322 2985 ,·
1349 2899 1419 2969 elat.
1439 2899 1551 2985 1226,
1578 2894 1658 2967 Ian.
1684 2897 1741 2966 30.
1768 2891 1828 2988 [n.
1850 2892 1951 2988 291]

771 3015 847 3091 Va.
873 3016 912 3108 V,
938 3020 1148 3106 110-111;
1181 3018 1328 3108 16616,
1356 3021 1452 3107 rse;
1480 3020 1550 3090 66.
1571 3018 1685 3106 1665,
1714 3015 1883 3090 16666.
1906 3013 1966 3110 [u.
1988 3017 2094 3110 nes]

440 3136 543 3230 Grep.
570 3136 631 3208 IX
657 3137 741 3230 Rea.
771 3135 845 3210 Vol.
864 3136 919 3226 ΙΙ,
946 3140 1020 3208 120
1028 3162 1041 3226 ,·
1067 3136 1147 3210 Lib.
1176 3138 1216 3228 V,
1244 3143 1344 3228 122;
1372 3141 1442 3212 aar.
1463 3140 1572 3227 1231,
1599 3136 1691 3231 Sept.
1709 3139 1744 3209 4.
1771 3133 1831 3230 [n.
1855 3133 1959 3229 452]

769 3256 843 3330 Vol.
862 3257 919 3347 II,
946 3260 1042 3347 128;
1070 3257 1148 3331 Lib.
1178 3259 1218 3348 V,
1247 3255 1319 3331 134
1329 3286 1342 3349 ;
1370 3261 1440 3332 elat.
1466 3260 1576 3348 1231,
1603 3258 1674 3330 Iul.
1696 3259 1758 3330 23.
1785 3255 1845 3351 [n.
1868 3254 1968 3350 446]

438 3393 576 3467 Mrmeh
602 3394 766 3488 epistolas
799 3420 836 3469 eo
872 3398 993 3470 ordine
1027 3400 1176 3470 insertas
1212 3421 1282 3471 esse
1309 3404 1437 3486 oeroset,
1466 3420 1533 3488 quo
1558 3397 1742 3468 mittendae
1768 3396 1919 3488 subsint,
1940 3396 2096 3488 primurn

436 3516 631 3610 praoiores,
658 3523 730 3590 lma
756 3541 815 3590 eas
842 3518 966 3609 quibus
992 3541 1078 3609 opus
1103 3542 1172 3591 non
1198 3520 1310 3609 fuerit
1331 3525 1533 3612 properato.
1594 3517 1914 3610 sublimaturum
1940 3518 2096 3608 eaempla

437 3639 526 3712 haue
557 3639 761 3712 sententiam
795 3662 866 3710 non
900 3638 1061 3728 saisiant.
1118 3640 1162 3712 Ut
1191 3645 1308 3714 euriae
1330 3643 1437 3734 parui
1463 3640 1678 3732 interfuerit,
1715 3664 1779 3732 qno
1807 3646 1957 3732 tempore
1977 3639 2095 3730 priui-

438 3761 529 3852 lepia
554 3759 608 3848 iis,
630 3759 751 3851 quibas
770 3762 891 3832 daneta
908 3768 1017 3850 erant,
1039 3762 1286 3853 exhiberentur,
1310 3762 1472 3854 epistolas
1498 3767 1612 3833 tamen
1638 3764 1816 3851 mandata,
1844 3761 1975 3833 monita
1999 3761 2095 3832 simi·

423 3879 552 3971 slesaue
577 3903 634 3953 res
660 3883 877 3972 contuentes,
899 3889 1087 3975 postquam
1108 3908 1208 3975 papa
1234 3907 1292 3956 eas
1318 3884 1408 3955 muti
1434 3884 1583 3971 iusserit,
1611 3888 1683 3954 tam
1709 3883 1772 3954 eliu
1800 3883 1838 3953 in
1864 3883 2096 3973 repistratura

439 4007 589 4074 rumas
618 4023 705 4091 esse,
733 4005 817 4094 quia
852 4005 921 4076 sine
946 4003 1061 4076 sariba
1087 4004 1309 4096 Repestarum
1344 4006 1412 4077 siue
1447 4003 1549 4075 etiam
1575 4001 1803 4075 oonoettonus
1829 4025 1887 4075 eas
1913 4002 2000 4075 tanti
2026 4026 2096 4074 non

439 4121 655 4211 existimarit,
680 4130 720 4195 ut
746 4125 812 4198 eila
841 4124 1131 4213 describerentur,
1170 4127 1265 4198 ererli
1292 4149 1363 4197 nou
1393 4131 1517 4216 potest.
1573 4123 1623 4197 Et
1658 4123 1837 4217 epistolae,
1873 4147 1959 4216 quas
1985 4147 2096 4217 supra

440 4243 634 4331 citavimus,
659 4244 749 4317 inter
777 4245 862 4317 tales
889 4246 1062 4318 habendae
1090 4252 1190 4333 smut;
1218 4270 1300 4318 nam
1321 4249 1359 4318 in
1382 4245 1503 4333 altera,
1531 4269 1565 4316 u.
1588 4248 1677 4338 288,
1704 4244 1885 4318 Honorius
1905 4243 1980 4316 ΙΙΙ
2002 4245 2094 4318 ‘eivi-

440 4363 568 4436 latibns
593 4365 769 4438 marchiae
796 4366 1035 4439 Anconitanae
1061 4369 1224 4456 noandat,
1260 4374 1298 4439 ut
1332 4367 1503 4439 Annonem
1538 4368 1766 4440 marchionem
1792 4366 1973 4439 Estensem
2006 4368 2096 4440 sieut

442 4485 618 4558 dominum
643 4507 744 4556 suum
769 4486 938 4578 resipiant
965 4490 1061 4579 eique
1088 4488 1265 4578 fidelitatis
1291 4491 1488 4560 linamenta
1509 4495 1696 4580 praestent,
1724 4486 1879 4579 alioquin
1902 4489 2097 4578 episcopum

442 4604 843 4697 Forasimphroniensem
862 4614 980 4680 eontra
1001 4632 1059 4680 eas
1074 4632 1322 4701 processurum
1343 4614 1433 4699 esse',
1454 4609 1492 4680 in
1514 4609 1635 4699 altera,
1657 4633 1691 4681 n.
1710 4611 1795 4698 446,
1823 4607 2015 4699 Greporius
2025 4607 2096 4698 IX,

443 4725 553 4800 Reate
579 4748 806 4817 commorans,
833 4727 1034 4801 ‘rectoribus
1066 4729 1166 4802 Urbis
1191 4732 1353 4819 mandat,
1380 4737 1418 4802 ut
1445 4735 1637 4802 smatorem
1669 4729 1770 4803 Urbis
1796 4731 2096 4814 eaaommunieent‚

442 4849 541 4920 siole
567 4853 677 4921 eetero
708 4850 757 4920 ael
789 4849 1005 4940 effodiendas
1037 4874 1157 4925 muros
1195 4852 1417 4925 eeclesiarmn
1453 4858 1627 4924 cavatores
1660 4854 1792 4926 mittat.
1853 4850 1953 4922 Nihil
1983 4857 2097 4923 aretem

441 4967 661 5060 difficultatis
685 4976 849 5062 superest,
876 4973 907 5044 si
934 4971 1098 5063 epistolas
1124 4998 1166 5045 ea
1192 4975 1317 5046 litteris
1342 4976 1471 5046 notatis
1497 4973 1535 5044 in
1562 4972 1711 5064 Repesta
1736 4972 1866 5045 relatas
1898 4993 1970 5044 esse
1991 4972 2096 5062 poni·

442 5110 528 5161 mus.
557 5128 604 5140 —
632 5088 819 5164 Praeterea
845 5092 892 5163 ad
919 5090 1049 5165 lateras
1075 5094 1284 5187 euopolieas,
1311 5117 1370 5168 eas
1397 5117 1485 5186 anae
1511 5095 1560 5165 aei
1585 5095 1703 5166 uarias
1722 5115 1901 5186 personas,
1922 5093 2098 5184 inseripti-

445 5234 507 5283 one
536 5217 568 5282 et
595 5209 798 5284 allocutione
825 5212 984 5301 mutatis,
1020 5216 1144 5286 missae
1171 5223 1269 5304 sunt,
1297 5216 1450 5286 amarum
1477 5216 1656 5287 aduertere
1683 5217 1828 5308 eupedit.
1881 5213 1990 5286 Neon
2016 5236 2099 5286 sane

549 5445 574 5512 1)
588 5459 616 5512 p.
634 5451 676 5497 10.
759 5445 786 5512 2)
800 5462 829 5514 p.
846 5453 888 5502 33.
976 5449 1003 5516 3)
1019 5464 1048 5517 p.
1067 5457 1109 5505 23.
1195 5450 1223 5516 4)
1241 5455 1258 5505 t.
1278 5448 1322 5518 II,
1336 5457 1414 5518 673,
1433 5455 1486 5506 not.
1573 5453 1601 5520 5)
1620 5451 1702 5505 Boibe.
1719 5466 1770 5504 ma
1792 5449 2006 5507 autonomiam
2021 5457 2039 5505 t.
2054 5451 2097 5520 ΙΙ,

440 5535 525 5598 6.·36.
614 5529 641 5598 b)
660 5529 781 5599 Brieaers
798 5532 920 5587 Zdtseln.
938 5535 985 5599 fiir
1003 5535 1235 5590 Kasion-Gema
1255 5536 1321 5604 ΙΙΙ,
1341 5545 1366 5605 1,
1381 5552 1410 5604 p.
1430 5543 1487 5592 143.
1586 5538 1612 5605 7)
1631 5536 1728 5591 Arane
1752 5536 1828 5605 V,p.
1848 5544 1909 5593 346.
1996 5539 2024 5605 8)
2043 5537 2097 5606 Ep.

443 5633 471 5669 n
489 5622 548 5684 224,
566 5620 630 5671 nola
647 5615 824 5686 armanno
849 5635 949 5688 sarens,
984 5620 1098 5690 Repestis
1127 5622 1197 5676 irater
1224 5622 1293 5676 alnas
1318 5623 1413 5676 niumm
1438 5622 1514 5678 Febr.
1536 5631 1600 5678 1226
1616 5623 1726 5693 inserta,
1746 5640 1814 5692 piae
1830 5625 1861 5678 in
1878 5624 2019 5694 monnau
2035 5624 2100 5678 alebi

442 5707 542 5757 seranta
558 5721 584 5758 α.
603 5709 675 5770 1225,
694 5702 750 5756 Iul.
769 5709 800 5757 13
817 5703 881 5759 data
898 5711 942 5773 est,
956 5707 1066 5772 [alasse
1081 5727 1106 5762 a
1128 5715 1194 5764 1223
1210 5714 1334 5764 marala
1351 5715 1401 5778 aa·
1418 5727 1439 5764 v.
1458 5710 1533 5778 infra
1546 5726 1574 5780 p.
1595 5709 1668 5765 XII.
