4590 6366
746 355 1157 420 marcescentium.
1194 363 1271 420 rato.
1768 371 1831 438 51¹5

179 532 346 603 fidelitatis
380 532 428 602 cis
459 540 493 601 et
522 532 711 620 vassallagii
742 535 927 601 iuramenta
958 535 1005 602 sie
1037 537 1157 619 coacti,
1188 538 1279 605 salva
1300 535 1458 606 fidelitate
1482 561 1541 607 seu
1564 540 1716 610 mandato
1740 543 1829 612 sedis

179 641 370 726 apostolice,
394 640 540 705 dicimini
561 640 756 726 prestitisse.
802 638 885 703 Cum
907 640 1006 722 igitur
1021 638 1161 706 Romani
1177 641 1416 727 degenerantes
1439 666 1482 709 ex
1505 646 1580 711 filiis
1607 647 1640 710 in
1663 648 1831 734 privignos

181 763 217 808 se
241 743 413 808 indevotos
436 741 519 808 adeo
543 742 745 806 reddiderint
768 749 802 806 et
824 743 989 827 ingratos,
1012 743 1099 828 quod
1121 746 1211 810 nulla
1234 745 1384 810 videatur
1406 747 1440 811 in
1463 749 1511 813 eis
1535 749 1721 814 devotionis
1746 752 1832 816 sein-

180 845 252 910 tilla
274 846 328 911 vel
350 845 558 931 gratitudinis
578 845 786 925 remansisse,
810 866 881 924 nos,
905 845 984 910 licet
1007 845 1103 911 sedes
1120 849 1301 934 apostolica
1323 849 1384 914 hoc
1408 870 1451 914 ex
1474 850 1614 934 quadam
1630 854 1831 919 necessitate

181 949 377 1034 permiserit,
401 947 609 1015 attendentes
632 935 814 1012 iuramenta
834 948 1021 1013 huiusmodi
1044 971 1109 1014 non
1133 973 1231 1037 posse
1255 952 1357 1039 recipi
1371 953 1423 1017 vel
1443 954 1584 1039 prestari
1608 954 1731 1041 absque
1755 977 1830 1042 pre-

179 1051 299 1116 iudicio
315 1050 462 1116 Romane
486 1052 628 1116 ecclesie
651 1072 689 1116 ac
711 1051 815 1136 ipsius
838 1051 957 1116 iniuria
980 1060 1014 1118 et
1037 1060 1236 1140 contemptu,
1259 1054 1300 1120 de
1323 1055 1460 1119 fratrum
1481 1061 1667 1122 nostrorum
1690 1059 1827 1124 consilio

177 1155 361 1218 iuramenta
391 1153 507 1218 eadem
539 1154 744 1234 relaxantes,
776 1175 835 1218 vos
866 1155 908 1218 ab
940 1156 989 1219 eis
1019 1155 1186 1220 reddimus
1214 1158 1346 1242 penitus
1375 1157 1560 1239 absolutos,
1592 1181 1630 1224 ac
1653 1159 1695 1224 ad
1718 1181 1832 1226 eorum

179 1257 422 1321 observantiam
452 1255 660 1348 decernimus
688 1279 753 1322 non
784 1259 901 1324 teneri.
953 1259 1045 1323 Nulli
1077 1281 1156 1346 ergo
1185 1268 1296 1326 nostre
1325 1262 1542 1328 absolutionis
1576 1270 1639 1328 etc.
1691 1263 1727 1328 Si
1757 1265 1830 1350 quis

178 1367 290 1425 autem
313 1369 377 1424 etc.

286 1478 363 1544 Dat
386 1478 527 1559 Perusii,
550 1479 604 1545 III
626 1478 709 1546 Non.
733 1479 855 1562 Martii,
878 1501 964 1546 anno
987 1488 1113 1548 octavo.

800 1747 1212 1757 -—-—---—-.-.-...—...

960 2001 1047 2075 630.

288 2110 478 2224 Graecina
499 2135 555 2203 IX
572 2157 660 2219 papa
687 2135 946 2219 arciepiscopus,
973 2140 1130 2220 episcopos
1155 2142 1185 2203 et
1211 2143 1323 2205 ceteros
1344 2141 1508 2224 pmnapes
1529 2147 1593 2208 tam
1615 2145 1832 2211 cmlesiasticos

178 2266 272 2327 quam
294 2243 470 2307 marndanos
489 2264 547 2322 per
568 2242 734 2322 troparium
757 2243 938 2305 constitutos
959 2247 1061 2324 repat,
1084 2247 1120 2306 ut
1140 2243 1330 2322 chricum,
1353 2247 1409 2326 qui
1429 2246 1594 2311 Friderico
1615 2247 1829 2314 Romanmum

177 2348 360 2429 imperatori
375 2348 467 2426 patri
489 2365 545 2409 sno
575 2364 607 2409 sc
629 2347 821 2426 opposuerit,
850 2344 893 2408 ad
914 2346 1112 2410 rectitudinis
1133 2348 1275 2411 censitam
1297 2349 1464 2431 reducant,
1493 2350 1702 2416 nuntiasses
1724 2353 1830 2416 omnia

178 2451 413 2516 incantantum
429 2449 641 2529 preiudicirun
663 2449 863 2529 imperatoris
878 2451 1036 2528 praestita
1057 2450 1154 2514 irrite
1176 2449 1346 2515 decernere.
1450 2455 1543 2532 1235,
1565 2453 1666 2517 Mart.
1690 2458 1740 2518 13.

283 2569 364 2638 (ἔτερ.
384 2568 433 2621 IX
450 2567 518 2636 Ray.
536 2567 599 2621 Lib.
623 2567 707 2631 VIII,
726 2571 786 2622 461.
822 2567 941 2622 Edirnus
959 2587 994 2623 aa
1011 2569 1102 2640 Rayn.
1120 2571 1193 2624 Ann.
1210 2573 1271 2625 acet.
1291 2589 1316 2626 a.
1337 2576 1416 2637 1235,
1433 2577 1450 2638 §
1468 2577 1494 2626 9.

282 2657 418 2718 Pottbast,
435 2653 502 2724 Bep.
519 2657 606 2708 9855.
1472 2663 1473 2668 ’

382 2831 754 2939 Archiepiscopis‚
783 2850 1023 2942 episcopie,
1052 2853 1305 2944 ceterisque
1332 2851 1624 2944 principibus,

235 2973 323 3042 tam
351 2968 671 3042 ecclesiasticis
697 2991 828 3061 quam
854 2970 1109 3060 mundaniS,
1137 2991 1213 3062 per
1239 2973 1470 3064 imperium
1496 2971 1767 3060 constitutis

628 3095 862 3180 presentes
888 3091 1070 3165 litteras
1095 3091 1377 3184 inspecturis.

285 3239 368 3305 Rem
391 3240 563 3325 multiplici
592 3240 717 3304 ratione
749 3240 905 3325 placitam
933 3248 966 3306 ot
996 3242 1203 3307 evidentibus
1235 3242 1364 3306 indiciis
1392 3239 1594 3305 fructuosam
1625 3241 1680 3326 qui
1710 3239 1828 3323 diligit,

176 3344 298 3407 invitus
330 3343 396 3408 ledi
427 3344 551 3430 petitur
580 3350 613 3407 et
642 3342 810 3407 studiosus
843 3343 981 3408 eandem
1020 3351 1202 3431 opportuno
1236 3353 1382 3433 tempore
1414 3350 1595 3429 pretuetur.
1648 3343 1736 3406 Hinc
1766 3349 1828 3421 est,

176 3445 263 3531 quod
286 3467 359 3510 cura
382 3446 572 3512 carissimus
594 3446 629 3508 in
645 3445 777 3510 Christo
794 3446 881 3510 filius
905 3453 1017 3512 noster
1033 3448 1227 3512 Fredericus
1251 3470 1294 3513 ex
1318 3468 1356 3511 eo
1380 3446 1475 3510 nobis
1492 3447 1662 3531 potissime
1686 3444 1826 3508 dilectus

177 3557 210 3613 et
233 3549 420 3634 diligendus
444 3549 580 3628 existat,
611 3548 698 3634 quod
730 3549 953 3614 adtuendam
977 3551 1325 3636 sacerdotiumipsum
1347 3549 1535 3612 noverimus
1559 3570 1579 3612 a
1601 3547 1745 3612 Domino
1769 3546 1826 3611 da-

177 3659 336 3738 putatum,
360 3660 392 3717 et
415 3653 492 3738 quia
514 3651 723 3717 devotionem
746 3653 816 3717 eius
840 3652 979 3717 diversis
1003 3655 1132 3739 experti
1155 3653 1368 3738 temporibus,
1392 3652 1481 3716 illam
1504 3651 1686 3716 ferventem
1710 3651 1743 3713 in
1767 3649 1825 3713 de-

177 3756 309 3820 votione
338 3755 538 3819 senserimus
567 3755 792 3819 ecclesiastice
823 3756 1001 3837 libertatis,
1031 3758 1099 3842 pati
1128 3757 1299 3835 nolentes,
1333 3755 1417 3818 sicut
1443 3755 1542 3818 etiam
1570 3774 1631 3818 nec
1658 3752 1827 3832 debemus,

176 3858 261 3944 quod
284 3880 304 3922 a
326 3879 489 3943 quoquam
512 3857 575 3921 eibi
597 3858 707 3942 aliqua
729 3858 888 3923 inferatur
910 3859 1028 3924 iniuria
1050 3861 1103 3924 vel
1126 3860 1271 3938 iactura,
1294 3857 1542 3922 universitatem
1564 3862 1707 3920 vennam
1730 3875 1826 3940 roga-

175 3981 248 4024 mus
272 3967 306 4026 et
328 3961 537 4025 obsecramus
561 3959 595 4024 in
618 3959 749 4024 domino
774 3960 851 4025 Iesu
875 3960 1024 4042 Christo,
1054 3968 1215 4046 quatenus
1237 3961 1374 4048 provide
1396 3958 1611 4025 meditatione
1634 3967 1824 4044 pensantes,

177 4084 272 4150 quarn
301 4063 458 4128 indecens
488 4069 522 4127 et
548 4063 743 4148 probrosum
774 4066 913 4143 existat,
943 4071 979 4129 ut
1010 4073 1135 4152 patrem
1163 4065 1249 4128 lilius
1280 4085 1338 4128 seu
1361 4082 1556 4149 quemqnam
1587 4062 1826 4126 benemeritam

176 4167 347 4253 quisquam
377 4167 479 4253 gratis
508 4165 676 4230 offendere
707 4166 876 4246 moliatur,
906 4167 1028 4232 dilecto
1061 4168 1129 4231 filio
1152 4167 1297 4231 chrico
1328 4174 1405 4230 nato
1436 4164 1643 4252 imperatoris
1667 4162 1825 4248 eiusdem,

177 4271 243 4355 qui,
266 4278 421 4354 tanquam
437 4289 498 4333 nee
516 4269 588 4332 visu
610 4289 671 4332 nec
687 4269 800 4334 auditu
819 4272 1004 4357 perceperit
1024 4292 1087 4356 qua
1103 4270 1308 4354 genitoribus
1330 4269 1441 4333 sfiliis
1457 4267 1642 4332 reverentia
1658 4265 1826 4348 debeatur,

176 4372 285 4437 divine
309 4373 393 4456 legis
421 4373 592 4436 immernor
615 4378 648 4436 et
677 4373 861 4444 affectionis
889 4373 1034 4438 humane
1057 4381 1281 4460 contemptor,
1310 4372 1396 4436 dicto
1427 4370 1675 4456 imperatoriae
1698 4376 1825 4455 petram

176 4475 369 4563 opposuisse
397 4474 543 4539 scandali
572 4475 798 4561 perhibetur²,
833 4478 956 4541 nullum
986 4478 1020 4541 in
1048 4484 1206 4562 concepta
1236 4476 1465 4562 prosecutione
1496 4473 1641 4558 nequitie
1672 4473 1826 4558 praetatis

175 4579 357 4658 eonsilium,
379 4578 539 4642 auxilinm
562 4579 615 4642 vel
637 4579 793 4661 favorem,
819 4580 877 4644 sed
901 4581 1009 4666 ipsum
1032 4581 1153 4667 potius,
1177 4601 1273 4665 quem
1296 4600 1361 4643 non
1385 4577 1508 4662 absque
1533 4577 1625 4661 gravi
1647 4582 1727 4640 nota
1747 4598 1824 4662 pro·

176 4681 293 4746 cedere
316 4679 358 4745 ad
381 4701 555 4745 excessum
578 4688 645 4744 tam
667 4681 873 4747 detestabilis
903 4684 1167 4750 inconvenientis
1191 4681 1404 4769 permisistis,
1435 4678 1520 4765 quod
1544 4679 1677 4743 voluta
1699 4680 1825 4744 ratione

280 4939 308 5008 1)
325 4955 352 4992 a.
371 4941 456 5003 1234,
480 4939 553 5006 Sept.
573 4935 769 5006 tplauarnina
792 4955 847 4992 sua
869 4945 968 4992 cmitra
989 4939 1178 5007 imperatorem
1198 4940 1228 4992 in
1246 4936 1362 5007 epistola
1380 4934 1418 4988 ad
1439 4934 1595 4988 Conradum
1612 4935 1653 4988 11
1667 4935 1826 5004 episcopum

176 5023 419 5078 Hitdcstemensem
438 5023 544 5077 directa
562 5030 779 5084 munieraocrat·
803 5024 1101 5092 miliari-Eribotes,
1119 5025 1134 5080 l.
1153 5043 1174 5080 c.
1193 5028 1211 5079 t.
1231 5024 1283 5090 IV,
1301 5041 1330 5094 p.
1351 5025 1422 5082 683·
1443 5019 1638 5073 medianense
1656 5019 1728 5088 Sept.
1744 5019 1825 5088 patri

175 5124 226 5164 auc
244 5112 337 5178 aperte
355 5125 385 5163 ee
402 5114 584 5178 opposueram
608 5107 707 5161 ibidem
725 5126 756 5177 p.
777 5113 847 5176 686,-
872 5113 898 5164 εἰ
916 5111 1006 5178 panto
1023 5116 1086 5178 post
1103 5112 1138 5163 ab
1157 5109 1322 5163 Eberhardo
1339 5107 1379 5160 II
1393 5104 1603 5173 archiepiscopo
1620 5103 1827 5171 Salisburpensi

175 5197 256 5250 iussu
270 5212 365 5266 papae
388 5195 634 5250 excommunicatus
656 5211 713 5250 ease
736 5195 862 5262 virimar,-
886 5196 922 5264 cs.
942 5211 1037 5264 papae
1059 5196 1200 5264 epistolum
1224 5197 1352 5260 a.1.·235‚
1378 5189 1659 5262 Aup.1datam.-
1680 5187 1743 5242 Hoc
1767 5189 1824 5242 loca

175 5282 364 5336 annotandum
382 5287 422 5334 est
435 5297 542 5350 papam
559 5281 615 5336 iam
632 5297 658 5335 a.
677 5285 756 5348 1234,
772 5283 828 5336 Iul.
847 5288 864 5336 5
889 5282 1054 5336 Theoderico
1072 5283 1113 5335 II
1126 5281 1332 5349 archiepiscopo
1355 5276 1510 5332 Iteumcnsi
1526 5275 1681 5342 mandasse,
1699 5281 1730 5329 ut
1749 5275 1825 5330 Hen-

175 5369 263 5422 ricum
279 5385 376 5438 regem,
392 5369 449 5422 nisi
463 5369 543 5437 patri
560 5383 611 5422 suo
623 5369 737 5422 devotus
747 5369 857 5434 crisim,
871 5383 927 5437 pro
942 5368 1070 5436 periurio
1084 5384 1138 5436 per
1155 5367 1313 5420 Tautantum
1325 5363 1584 5418 eacmnmunicatum
1597 5362 1712 5416 nuntiet.
1749 5360 1827 5414 Haec

175 5455 304 5524 epistola,
327 5471 400 5522 quae
417 5453 511 5523 mapni
528 5454 653 5507 momenti
670 5453 708 5508 ad
724 5453 868 5506 historiam
889 5453 1044 5507 rebellionis
1062 5458 1114 5518 est,
1134 5453 1164 5504 in
1182 5451 1252 5520 Ray.
1270 5453 1365 5503 actare
1387 5464 1443 5501 nan
1460 5447 1583 5514 videtum
1606 5463 1670 5500 nam
1688 5445 1826 5512 Peresius,

175 5541 276 5596 sicam
294 5538 394 5593 ibidem
411 5538 572 5607 inuenisset,
597 5556 656 5593 eam
674 5545 744 5592 certe
761 5538 958 5609 descripsisset.
1000 5537 1179 5605 Wdrdtwein,
1197 5538 1227 5590 in
1244 5536 1325 5590 cuius
1346 5535 1416 5588 Non.
1435 5530 1549 5588 Subsid.
1567 5531 1633 5600 dipl.
1652 5533 1671 5584 t.
1690 5531 1720 5598 1,
1738 5547 1769 5600 p.
1789 5534 1826 5584 56

174 5625 283 5700 lepitur,
300 5643 359 5681 eam
376 5641 409 5680 ea
427 5624 484 5680 cad.
503 5625 596 5680 eccho.
615 5641 638 5680 a.
655 5624 783 5690 Andreae
806 5624 938 5680 Wamnat.
957 5623 1082 5693 sumpsit.

426 5707 431 5716 ¹
1567 5711 1620 5766 65·
