4596 6406
768 359 967 416 EPlS'l'OLdE
985 359 1173 414 SELECTAE.
1210 359 1284 412 1237.
1786 361 1847 422 617

201 535 302 593 totum
326 532 557 616 patrimonium
580 531 744 612 diffidetis,
772 535 818 597 ita
841 531 927 618 quod
950 554 1003 596 res
1026 539 1058 596 ct
1081 532 1167 596 bona
1190 554 1314 610 corum,
1338 533 1536 616 ubicumque
1557 533 1689 606 fuerint,
1716 533 1846 617 impune

200 634 370 718 capiantur
392 641 426 698 ct
440 634 656 715 detineantur,
680 635 783 701 donoc
805 636 942 700 redeant
970 635 1010 699 ad
1034 635 1231 712 mandatum,
1261 645 1294 701 et
1322 635 1445 702 eisdem
1472 635 1738 701 Vitcrbiensibus
1766 636 1848 698 vici-

200 759 313 800 narum
338 737 505 802 civitatum
529 745 561 802 et
582 739 726 803 locorum
750 740 877 804 faciatis
898 742 1094 806 commercia
1117 741 1282 815 interdici;
1313 739 1569 805 contradictores
1593 746 1669 816 etc.;
1692 761 1849 825 expresse

201 847 424 906 contestantes
452 840 589 920 eisdem,
621 843 707 928 quod
735 844 764 907 si
791 866 852 909 nec
881 845 927 909 sic
956 844 996 909 ad
1020 844 1206 909 mandatum
1235 852 1384 909 nostrum
1409 844 1594 910 curaverint
1614 865 1716 930 prona
1738 848 1847 908 mente

137 967 149 1003 s
201 944 323 1024 redire,
366 952 477 1010 contra
512 969 569 1011 eos
606 945 818 1032 spiritualiter
853 956 886 1011 et
919 949 1142 1034 temporaliter
1180 970 1359 1034 aggravare
1396 948 1584 1013 curabimus
1620 949 1700 1012 alias
1723 948 1849 1012 talitcr⁸

198 1069 313 1113 manus
336 1056 476 1129 nostras,
498 1057 534 1113 ut
557 1047 814 1136 quibuscumque
838 1053 933 1138 culpa
955 1053 1027 1138 ipsa
1046 1052 1109 1118 luit
1131 1055 1165 1118 in
1187 1053 1386 1135 scandalum,
1416 1073 1502 1139 pena
1523 1053 1565 1116 sit
1592 1053 1625 1116 iu
1649 1052 1848 1138 exemplum.

254 1175 256 1180 ’
309 1168 386 1233 Dat.
409 1169 562 1234 Lateran.
586 1171 635 1235 VI
657 1170 736 1235 Idus
758 1172 917 1238 Decemb.
941 1175 1148 1261 pontificatus
1172 1175 1276 1240 nostri
1298 1196 1383 1239 anno
1407 1173 1590 1238 undecimo.

310 1291 349 1354 In
385 1291 525 1356 eundem
562 1292 630 1356 iere
670 1294 802 1358 modurn
836 1295 999 1360 nobilibus
1039 1298 1116 1361 viris
1155 1296 1344 1378 comitibus,
1383 1295 1579 1377 baronibus,
1619 1295 1847 1382 potestatibus,

199 1394 394 1474 rectoribus,
426 1396 585 1460 militibus
617 1403 650 1461 ct
679 1398 840 1463 universis
869 1398 1020 1464 fidelibus
1047 1401 1167 1464 nostris
1196 1423 1256 1487 per
1285 1401 1514 1486 patrimonium
1538 1399 1722 1464 constitutis
1745 1420 1848 1483 usquc

102 1509 150 1568 ,¹⁰
201 1498 234 1562 in
257 1499 364 1564 finem.
403 1498 487 1574 Quia
510 1522 587 1565 vero
611 1502 670 1566 filii
693 1523 758 1566 non
781 1509 917 1588 possunt
941 1505 1053 1567 matris
1076 1505 1252 1590 opprobria
1274 1503 1322 1568 illi
1345 1503 1617 1590 exprobrantium
1633 1501 1850 1588 equanimiter

202 1603 374 1682 sustinere,
399 1611 432 1668 et
448 1627 506 1669 vos
523 1613 687 1690 tamquam
704 1605 839 1671 devotos
863 1606 1003 1670 ecclesie
1017 1607 1165 1672 Romane
1183 1609 1268 1674 filios
1284 1629 1348 1672 non
1364 1614 1473 1694 potest
1488 1630 1553 1673 non
1570 1607 1742 1672 comedere
1759 1606 1848 1670 zelus

201 1704 287 1783 eius,
323 1706 529 1771 universitati
562 1715 671 1774 vostre
708 1709 768 1773 sub
798 1708 909 1774 debito
936 1710 1103 1775 fidelitatis
1132 1711 1279 1776 districte
1304 1712 1514 1798 precipiendo
1538 1710 1739 1790 mandamus,
1769 1730 1848 1794 qua-

200 1809 287 1872 tinus
312 1831 384 1872 cum
407 1832 426 1874 a
448 1812 544 1876 nobis
562 1835 667 1899 nsuper
689 1813 751 1877 hoc
774 1811 901 1878 fueritis
930 1815 1095 1899 requisiti,
1130 1815 1170 1879 ad
1204 1815 1423 1902 predictorum
1445 1815 1702 1881 viterbiensium
1734 1835 1848 1900 super-

201 1912 287 1976 biam
312 1916 544 1980 contcrendam
567 1938 624 1981 voc
648 1924 801 2002 potenter
825 1925 858 1983 et
880 1919 1019 1983 viriliter
1041 1920 1229 2005 accingatis.

125 2049 148 2086 1⁵
310 2033 385 2101 Dat.
409 2043 575 2125 utsupra.

816 2198 1225 2206 μω--

982 2421 1067 2494 718.

308 2529 505 2642 Grrporr'rvs
532 2563 587 2626 IX
610 2583 698 2643 papa
727 2563 881 2648 [Hbc-rto]
906 2564 1044 2644 episeopo
1074 2563 1215 2628 cansam·
1248 2563 1387 2640 rrurrrdat,
1422 2568 1457 2626 ut
1484 2563 1624 2648 Rudotfc
1651 2564 1689 2626 dc
1720 2561 1849 2640 Grifen-

200 2668 289 2744 stein,
312 2665 368 2747 qai
388 2685 491 2729 aecem
513 2666 730 2752 [Berebtotdt]
751 2669 884 2749 episcopi
909 2668 1072 2735 (liniensis
1092 2669 1284 2744 ceramico-rit,
1313 2669 1439 2749 eiusque
1465 2666 1662 2748 complicibus
1684 2666 1849 2729 termimum

91 2763 94 2770 ’
200 2769 432 2854 transfretandi
463 2772 497 2832 ia
524 2771 654 2835 Terram
676 2772 827 2836 Sanctam
854 2793 950 2853 usque
979 2772 1022 2834 ad
1044 2774 1226 2852 practicam
1250 2771 1367 2854 festum
1392 2771 1474 2835 bcatt
1501 2770 1654 2834 lobannis
1682 2769 1849 2850 Baptistae

203 2874 295 2958 [Iun.
318 2873 379 2956 24]
399 2879 549 2955 proroget.
1497 2873 1599 2953 1237,
1613 2873 1687 2938 Dee.
1710 2877 1762 2937 23.

124 3011 151 3052 ao
307 2991 389 3060 Grec.
408 2992 457 3046 IX
475 2992 542 3061 Req.
565 2995 623 3048 Vel.
645 2993 677 3060 V,
696 2999 761 3059 ma,-
779 2994 841 3049 Lib.
861 2996 915 3059 XI,
936 2999 1000 3052 323.

307 3079 442 3145 Peuma,
461 3078 529 3149 Rea.
548 3085 646 3134 10190.

768 3331 777 3349 .
807 3331 815 3348 .
844 3275 1053 3367 episcopo
1081 3274 1291 3348 Cumana.

309 3426 484 3490 Intellecta
518 3423 639 3488 dudum
672 3424 843 3487 atrocitate
867 3423 1023 3488 horrendi·
1043 3423 1210 3496 facinoris,
1247 3422 1334 3508 quod
1367 3422 1487 3487 nobilis
1521 3423 1571 3487 vir
1592 3423 1785 3511 Rodulphus
1809 3423 1849 3487 dc

204 3529 405 3595 Griienstciu
436 3529 519 3592 lator
548 3527 748 3614 presentium
778 3529 811 3592 in
842 3526 942 3592 neceb
965 3526 1050 3590 bone
1080 3527 1236 3591 memorie
1261 3577 1268 3591 .
1294 3577 1302 3592 .
1326 3525 1493 3591 Curiensis
1522 3527 1690 3614 episcopi¹
1719 3528 1848 3592 diabolo

125 3643 150 3682 ‘²⁵
204 3633 382 3719 instigante
418 3633 593 3711 commisit,
628 3638 660 3696 ct
684 3631 800 3696 codem
823 3630 996 3718 Rodulphc
1020 3653 1092 3695 cum
1117 3629 1299 3694 humilitate
1323 3637 1455 3716 petente
1479 3632 1682 3695 reconciliari
1711 3631 1849 3697 ecclesie

203 3740 299 3803 matri
322 3761 391 3820 sue,
415 3741 501 3804 inter
523 3745 641 3814 cetera,
666 3761 729 3824 que
753 3738 815 3803 sibi
838 3737 976 3803 dilectus
1000 3738 1084 3802 filius
1107 3737 1209 3802 irater
1228 3735 1340 3800 Rain.²
1369 3733 1617 3821 penitentiarius
1641 3741 1752 3800 noster
1774 3741 1850 3820 post

202 3843 385 3927 impensum
418 3842 448 3907 ei
476 3843 568 3906 iuxta
597 3843 733 3906 formam
757 3842 899 3906 ecclesie
929 3841 1123 3905 beneficium
1147 3841 1363 3905 absolutionis
1395 3839 1453 3904 sub
1477 3837 1588 3903 debito
1611 3839 1738 3925 prestiti
1762 3839 1848 3903 iura-

202 3946 302 4008 menti
326 3944 498 4024 mandavit,
521 3947 681 4010 iniuncxit
704 3945 825 4024 eidem,
854 3952 890 4008 ut
922 3945 1015 4029 signo
1050 3944 1154 4008 crucis
1182 3949 1349 4030 assumpto
1372 3942 1405 4006 in
1427 3943 1576 4029 proximo
1603 3949 1680 4007 tunc
1703 3943 1850 4027 generali

202 4050 355 4134 passagio
389 4048 560 4113 statuendo
595 4049 785 4113 aRoruana
808 4050 949 4113 eeclesia
972 4049 1198 4113 transfretaret
1233 4048 1265 4111 in
1300 4045 1479 4111 subsidium
1504 4045 1606 4110 Terre
1630 4045 1759 4126 Sancte,
1790 4067 1851 4133 per

125 4193 129 4206 ·
204 4158 328 4217 certum
357 4154 528 4218 terminum
556 4154 589 4217 in
613 4153 760 4218 ciusdem
783 4161 868 4217 terre
892 4152 1048 4238 obsequio
1072 4160 1265 4218 moraturus.
1311 4150 1379 4215 Nos
1403 4171 1547 4236 quoque,
1571 4155 1727 4235 suggesto
1752 4149 1847 4214 nobis

203 4256 408 4343 postmodum
438 4257 522 4344 quod
548 4257 673 4322 indulta
695 4258 725 4322 ei
749 4256 862 4320 dilatio
886 4264 975 4322 essct
996 4257 1176 4345 periculum
1201 4256 1354 4334 allatura,
1386 4255 1446 4318 tibi
1470 4253 1608 4319 dicimur
1632 4252 1849 4334 mandavisse,

203 4367 238 4425 ut
261 4361 367 4447 ipsum
391 4360 431 4424 ad
448 4361 724 4425 transfretandum
744 4362 866 4444 absque
883 4383 973 4424 more
996 4359 1168 4447 dispendio
1185 4379 1428 4445 percensuram
1445 4357 1703 4422 ecclesiasticam
1720 4357 1849 4422 sublato

202 4465 433 4550 appellationis
456 4463 643 4530 obstaculo⁴'
667 4473 832 4529 coartarcs
845 4465 867 4530 ³.
913 4464 1081 4544 Ceterum,
1106 4465 1182 4548 quia
1203 4465 1288 4526 sicut
1311 4485 1354 4528 ex
1369 4469 1461 4550 parta
1483 4483 1542 4526 sua
1564 4462 1624 4526 luit
1648 4463 1850 4548 propositum

204 4588 312 4631 coram
344 4567 456 4646 nobis,
490 4569 536 4632 sic
562 4569 670 4654 ipsum
700 4568 741 4632 ad
769 4569 1044 4633 transfretandum
1071 4569 1103 4632 in
1132 4567 1355 4652 assignatione
1387 4567 1518 4632 tormini
1541 4567 1699 4644 artavisti,
1727 4565 1794 4630 lata
1816 4567 1849 4630 in

204 4693 278 4736 eum
302 4679 336 4736 et
358 4672 522 4758 predictos
545 4673 599 4757 qui
622 4693 695 4736 cum
719 4674 910 4737 coluerant
937 4671 1284 4738 excommunicationis
1309 4671 1488 4752 sententis,
1517 4671 1543 4734 si
1573 4692 1645 4735 cum
1669 4671 1773 4734 eisin
1795 4693 1848 4735 as-

204 4776 331 4861 signato
355 4776 416 4838 sibi
438 4777 575 4840 termino
599 4797 662 4839 non
685 4778 849 4856 transiret,
872 4777 958 4862 quod
980 4799 1040 4840 nec
1064 4778 1242 4841 sarcinulas
1266 4797 1342 4840 suas
1365 4796 1560 4862 componere
1588 4796 1649 4839 nee
1677 4775 1758 4839 alias
1783 4775 1847 4839 sibi

202 4886 332 4964 poterat
353 4879 385 4943 in
409 4880 602 4943 necessariis
624 4879 808 4966 providere,
831 4880 1031 4958 mandamus,
1054 4882 1217 4966 quatinus,
1246 4881 1274 4945 si
1297 4886 1348 4944 cst
1370 4879 1425 4956 ita,
1456 4879 1521 4944 lata
1550 4879 1583 4942 in
1618 4900 1693 4944 cum
1716 4901 1849 4944 excom-

203 4983 432 5048 municationis
456 4984 621 5048 sententia
643 4983 736 5048 iuxta
761 4983 897 5048 formam
923 4984 1063 5050 ecclesie
1095 4986 1252 5062 relaxata,
1285 4985 1460 5049 terminum
1482 4983 1635 5067 eiusque
1661 4982 1702 5047 ad
1730 4985 1849 5048 festum

310 5159 499 5166 ——.---.
505 5160 634 5166 ---—---..
647 5161 910 5168 —.——..‚...„.-,...-
917 5163 946 5167 --,
954 5161 1253 5168 -----—-.——------
1259 5159 1490 5168 -u———-——-——

307 5297 328 5362 ¹)
346 5297 419 5348 aliter
437 5298 469 5348 R.
578 5295 601 5362 b)
620 5314 708 5349 necem
726 5298 757 5350 It.
866 5301 888 5366 ο)
907 5301 956 5352 sub
973 5302 1111 5368 apostolica
1128 5302 1274 5352 obedientia
1291 5317 1380 5365 apogr.
1399 5295 1504 5354 Parsia·
1522 5297 1555 5362 cf·
1571 5313 1597 5362 P·
1617 5297 1676 5352 475·
1694 5303 1744 5346 ’wl-
1764 5313 1789 5346 α·

126 5421 152 5461 ⁴⁰
308 5416 334 5483 l)
353 5419 480 5481 a.1233,
504 5416 576 5484 Aug.
595 5419 632 5468 25
649 5416 797 5484 interfecti.
902 5420 929 5486 2)
950 5419 1033 5472 Hanc
1058 5435 1117 5473 csse
1143 5418 1281 5473 crediruss
1299 5416 1470 5488 Ruyaerism
1484 5415 1737 5484 poenitentiarium,
1755 5417 1804 5484 qm'
1820 5417 1851 5469 ia

203 5501 302 5554 litteris
314 5502 523 5571 porrtificutibus
540 5503 653 5572 saepius
671 5511 904 5568 enumeratam
922 5507 958 5575 ef.
968 5507 1113 5570 Socraten,
1130 5505 1319 5560 ButtFraac.
1337 5511 1355 5558 t.
1375 5504 1400 5565 I,
1416 5520 1445 5573 p.
1464 5505 1526 5567 189,
1543 5503 1598 5555 sor.
1615 5519 1641 5557 a.
1727 5503 1755 5572 3)
1773 5503 1850 5557 Sum·

202 5587 320 5736 Zamam
336 5587 419 5641 datus
437 5588 569 5658 epistotae
587 5607 613 5642 a.
624 5593 705 5660 1235,
723 5590 779 5650 rar.
790 5596 830 5647 28
841 5592 923 5649 datar
936 5595 1036 5664 tegitur
1045 5610 1090 5664 ap.
1102 5592 1195 5664 aava.
1205 5609 1230 5648 c.
1240 5595 1322 5654 1235,
1339 5593 1411 5656 §195
1428 5590 1517 5644 mirum
1529 5595 1656 5644 camerate
1665 5606 1710 5661 ap.
1720 5589 1853 5660 Pettlmst,

233 5690 272 5744 ep.
290 5676 371 5730 9976.

308 5775 370 5832 ltro.
387 5775 467 5830 Pom.
486 5775 505 5832 1.
1595 5772 1629 5830 78
