4448 6420
919 429 966 488 EX
985 428 1140 488 HONORII
1159 430 1199 487 III
1218 430 1397 490 REGISTRO

484 737 494 756 .
523 735 533 757 .
561 681 844 772 Placentina,
873 737 882 756 .
911 739 920 756 .
949 683 1177 757 Laudensi
1204 687 1246 756 et
1274 738 1283 755 .
1311 738 1319 754 .
1349 682 1578 756 Parmensi
1605 679 1839 775 episcopis.

441 829 654 896 Fratemitati
677 837 785 897 vestre
809 838 923 897 tenore
945 831 1149 918 presentium
1172 831 1308 896 iacimus
1330 831 1558 912 manifestum,
1588 850 1649 894 uos
1678 830 1834 917 quasdam
1857 831 1985 896 litteras

334 932 518 999 rectoribus
537 933 780 998 communitatis
796 933 994 998 Lambardie
1015 955 1074 1020 pro
1096 933 1271 999 eoncordia
1288 933 1495 1000 reformanda
1513 934 1597 998 inter
1613 933 1703 1019 ipsos
1725 939 1759 998 et
1778 933 1987 998 karissimum

332 1036 366 1099 in
400 1033 531 1101 Christo
565 1035 668 1102 filium
701 1043 848 1101 nostrum
880 1029 1101 1120 Friderioum,
1142 1037 1364 1102 Romanorum
1397 1038 1627 1124 imperatorem
1659 1037 1821 1103 illustrem
1856 1057 1987 1123 semper

333 1144 509 1223 angustum
533 1147 567 1204 et
588 1160 702 1224 regem
725 1138 857 1222 Sicilie,
889 1138 1072 1222 destinare,
1106 1125 1242 1225 quarum
1270 1147 1419 1206 tenorem
1450 1161 1492 1206 ex
1514 1140 1658 1226 ipsarum
1681 1141 1886 1228 inspectione
1908 1161 1983 1227 per·
2037 1176 2050 1213 s

332 1239 478 1326 pendere
501 1243 652 1328 poteritis
675 1242 853 1308 evidenter.
899 1241 1062 1316 Quocirca
1084 1242 1287 1324 mandamus,
1310 1243 1463 1328 quatinus
1479 1244 1685 1329 assignantes
1702 1243 1845 1324 easdem,
1868 1243 1986 1328 quibus

332 1344 482 1410 videritis
505 1346 740 1432 assignandas,
772 1346 815 1411 ad
843 1346 1078 1432 perficiendum
1108 1347 1178 1413 sine
1209 1345 1400 1412 difficultate
1422 1348 1548 1433 aliqua,
1578 1346 1665 1433 quod
1686 1346 1898 1428 mandamus,
1927 1367 1986 1411 eos

334 1448 495 1513 moneatis
517 1449 696 1535 prudenter
718 1456 753 1515 et
775 1449 955 1515 efficaciter
977 1448 1151 1531 inducatis,
1174 1457 1250 1515 ante
1267 1449 1412 1535 ipsorum
1435 1451 1548 1515 oculos
1565 1449 1744 1514 secundum
1761 1449 1869 1514 datam
1892 1449 1986 1514 vobis

332 1572 353 1614 a
375 1551 448 1617 Deo
471 1552 676 1639 prudentiam
703 1554 859 1641 posituri,
889 1553 966 1639 quid
993 1554 1087 1634 boni,
1115 1555 1143 1618 si
1169 1553 1348 1636 discordia,
1376 1554 1566 1640 priusquam
1596 1554 1682 1618 ultra
1704 1553 1790 1618 vires
1818 1551 1985 1634 extendat,

334 1654 491 1720 radicitus
525 1657 726 1744 extirpetur,
759 1664 793 1722 et
825 1657 904 1743 quid
937 1659 1031 1738 mali,
1064 1657 1092 1721 si
1128 1657 1213 1721 ultra
1245 1657 1460 1743 processerit,
1495 1658 1555 1722 toti
1590 1654 1829 1722 christianitati
1863 1655 1985 1740 poterit
2039 1691 2063 1727 10

332 1777 516 1842 provenrre.

439 1879 516 1946 Dat.
538 1880 692 1949 Lateran.

951 1971 1361 1979 -—-—-—-——-——-———

1115 2264 1201 2338 311.

446 2374 635 2470 Honorias
645 2405 807 2489 IIIpopo
822 2405 916 2472 Petro
931 2406 1087 2472 lobannis
1101 2407 1139 2472 ca
1154 2404 1298 2471 Romano
1312 2403 1534 2489 Derriopoorde
1543 2406 1701 2488 promittit
1710 2408 1879 2487 pecaniam
1900 2409 1929 2470 ei
1949 2408 1986 2471 ia

333 2511 446 2576 diocesi
471 2509 619 2577 maana
639 2509 779 2574 oblatam
800 2510 977 2575 restitutum
999 2510 1052 2576 iri.
1642 2511 1736 2589 1226,
1761 2507 1825 2577 Oet.
1848 2513 1899 2574 30.

436 2630 511 2684 Hon.
529 2628 587 2682 ΙΙΙ
603 2628 671 2699 Bep.
694 2629 751 2684 Vol.
775 2629 805 2696 V,
823 2634 890 2698 1475
907 2629 970 2685 Lib.
988 2631 1045 2701 XI,
1065 2633 1129 2686 366.

481 2841 615 2918 Petro
643 2843 859 2918 Iohannis
885 2845 937 2918 de
963 2843 1161 2918 Romano
1188 2842 1500 2936 Deuteguarde
1527 2841 1610 2918 civi
1636 2840 1849 2916 Romana.

440 2990 522 3057 Cum
545 2993 622 3057 olim
644 2993 807 3058 transiens
830 3015 890 3080 per
911 2993 1070 3060 diocesim
1088 2992 1281 3058 (iuriensem
1304 2991 1403 3058 rebus
1425 2993 1566 3079 propriis
1590 2992 1632 3057 ad
1654 2992 1831 3058 valentiam
1854 2998 1986 3056 centum

336 3094 552 3181 quadraginta
573 3096 730 3161 librarum
753 3095 961 3162 denariorum
984 3097 1025 3163 de
1049 3103 1166 3163 senatu
1189 3097 1349 3182 spoliatus
1372 3095 1489 3176 fueris,
1511 3101 1548 3160 ut
1570 3094 1721 3178 dicebas,
1743 3095 1876 3162 tandem
1898 3096 1984 3161 bone

333 3199 490 3263 memorie
516 3247 524 3264 .
548 3247 556 3262 .
580 3198 773 3265 Guriensem
801 3200 994 3287 episcopum
1022 3207 1099 3266 tunc
1127 3199 1215 3286 apud
1247 3198 1360 3266 sedem
1381 3199 1596 3286 apostolicam
1619 3200 1831 3264 constitutum
1854 3199 1887 3263 in
1909 3219 1983 3284 pre-

332 3300 439 3366 sentia
467 3309 580 3368 nostra
602 3303 818 3385 conveniens,
847 3303 887 3370 ab
918 3326 958 3370 eo
987 3303 1170 3370 ablatorum
1191 3303 1369 3368 valentiam
1398 3302 1563 3389 repetisti,
1592 3301 1765 3388 allegando
1796 3301 1883 3388 quod
1911 3322 1985 3367 oum
2037 3335 2064 3374 eo

331 3403 440 3469 balivo
463 3405 568 3491 ipsius
591 3406 738 3493 episcopi
760 3408 795 3472 in
817 3414 906 3474 terra
928 3430 988 3474 sua
1003 3407 1179 3494 pedagium
1203 3407 1397 3488 exolrisses,
1420 3407 1492 3492 ipse
1515 3404 1698 3492 superbiis
1721 3426 1784 3491 que
1808 3405 1855 3470 ibi
1877 3405 1989 3470 ablata

330 3506 392 3571 tibi
418 3507 564 3591 fuerant,
597 3516 631 3574 te
662 3532 794 3578 serrare
824 3512 1000 3578 tenebatur
1029 3511 1249 3598 indempnem.
1295 3508 1405 3583 Quare
1435 3508 1640 3595 supradictus
1669 3508 1845 3595 episeopus
1869 3515 1986 3595 sponte

331 3610 491 3696 promisit,
514 3611 609 3697 quod,
631 3613 694 3678 nisi
710 3615 902 3680 karissimus
924 3617 957 3680 in
976 3615 1106 3680 Christo
1122 3615 1208 3679 filius
1224 3620 1336 3679 noster
1351 3612 1550 3695 Fridericus,
1572 3611 1794 3678 Romanorum
1811 3613 1988 3698 imperator

331 3734 463 3800 semper
485 3722 644 3801 augustus
673 3725 706 3783 et
736 3741 796 3785 rex
819 3718 947 3800 Sicilie,
982 3741 1022 3785 aa
1049 3719 1110 3784 tibi
1139 3717 1255 3784 lecerit
1284 3716 1468 3798 emendari,
1499 3718 1570 3803 ipse
1597 3716 1650 3780 rel
1680 3715 1822 3780 ecclesia
1857 3736 1917 3779 sua
1945 3714 1986 3778 de

331 3818 471 3904 pecunia
498 3818 559 3883 tibi
589 3820 797 3888 satisfaceret
824 3829 1007 3909 pretaxate.
1064 3823 1104 3887 In
1137 3821 1229 3888 cuius
1257 3820 1305 3885 rei
1332 3819 1555 3885 testimonium
1584 3825 1618 3883 et
1646 3819 1806 3884 cautelam
1834 3817 1894 3882 has
1925 3817 1985 3881 tibi
2038 3853 2064 3890 2,

333 3920 459 3984 litteras
482 3920 636 3989 duximus
659 3925 897 3991 concedendas.

442 4039 518 4105 Dat.
540 4040 693 4109 Lateran.
717 4045 769 4110 ΙΙΙ
791 4045 868 4111 Kal.
891 4045 1050 4111 Novemb.
1074 4065 1158 4110 anno
1181 4017 1258 4108 XI.¹

955 4357 1365 4366 *ψ*-

1118 4652 1203 4725 sla.

440 4760 628 4854 Honorius
649 4787 713 4854 111
727 4811 817 4872 nmo
839 4790 1121 4874 mmmipnotmom
1147 4791 1379 4858 Coloniensium
1396 4812 1566 4874 peremtas,
1592 4791 1741 4876 familias
1767 4795 1796 4854 et
1824 4791 1904 4856 bona
1931 4791 1988 4855 sart

329 4897 413 4962 beati
431 4895 521 4961 Petri
542 4897 571 4958 ct
591 4911 652 4958 sua
670 4895 856 4974 protectione
878 4895 1018 4976 suscipit.
1629 4896 1722 4972 1226,
1744 4894 1823 4960 Non.
1849 4899 1899 4962 13.

436 5017 511 5071 Hora.
531 5014 588 5068 111
604 5013 671 5084 Rep.
695 5013 753 5068 Vol.
776 5014 806 5079 V,
825 5017 892 5082 14&
909 5013 972 5068 Lib.
992 5014 1048 5080 XI,
1068 5017 1132 5069 379.

596 5225 825 5300 Universis
852 5228 1179 5321 crucesignatis
1206 5225 1403 5301 civitatis
1429 5225 1723 5300 Coloniensis.

438 5374 654 5441 Sacrosancta
679 5381 740 5440 eto.
763 5396 883 5462 usque:
917 5378 1101 5444 confovere.
1147 5377 1230 5443 Cum
1259 5377 1360 5463 igitur
1380 5376 1452 5441 zelo
1479 5375 1556 5440 fidei
1584 5397 1622 5440 ac
1646 5375 1829 5441 devotionis
1856 5376 1988 5440 accensi

328 5479 423 5564 signo
445 5479 575 5544 vivifice
598 5479 704 5543 crucis
726 5486 896 5567 assumpto
919 5481 1159 5569 proposueritis
1187 5482 1221 5545 in
1244 5480 1346 5546 Terre
1370 5477 1492 5544 Sancte
1515 5477 1695 5543 subsidium
1719 5480 1898 5566 proficisci,
1927 5501 1987 5544 noa

328 5583 447 5647 vestris
471 5582 567 5647 iustis
590 5582 744 5668 precibus
761 5583 908 5648 inclinati
931 5606 1101 5670 personas,
1125 5585 1265 5650 familias
1289 5591 1323 5650 et
1346 5583 1456 5648 omnia
1471 5582 1558 5647 bona
1573 5590 1694 5666 vestra,
1718 5606 1780 5669 que
1803 5584 1983 5671 impresen-

326 5685 446 5751 tiarum
469 5686 708 5750 rationabiliter
724 5687 912 5773 possidetis,
936 5689 997 5752 sub
1021 5689 1109 5754 beati
1126 5689 1219 5754 Petri
1241 5695 1274 5752 et
1297 5692 1410 5751 nostra
1432 5687 1635 5773 protectione
1659 5694 1722 5751 etc.
1746 5707 1867 5771 usque:
1893 5708 1981 5751 com·
2038 5726 2065 5765 ,ὁ
