4596 6406
448 397 511 458 672
1021 387 1069 441 EX
1088 385 1264 441 Gnuaonss
1282 383 1320 437 lx
1339 383 1520 437 REGISTRO

448 564 614 631 efficacius
638 564 758 629 effectu
783 562 903 648 exequi
919 562 1029 626 valeas
1053 566 1086 624 et
1109 561 1239 639 ellectu,
1262 563 1361 634 tuam,
1384 556 1422 622 T.
1446 557 1559 620 uxoris
1583 562 1616 620 et
1638 555 1781 619 filiorum
1799 559 1927 617 tuorum
1945 572 2111 638 personas

449 668 663 733 infidelitate
686 689 724 732 ac
748 666 924 732 devotione
949 663 1036 728 sedis
1060 663 1241 750 apostolice
1266 662 1481 748 persistentes
1505 682 1577 724 cum
1602 660 1790 744 integritate
1814 658 1992 722 comitatus
2017 655 2111 720 llds-

448 771 611 836 brandisci
635 793 673 835 ac
696 771 847 835 omnibus
870 769 948 842 aliis
965 767 1060 832 bonis
1083 768 1148 830 tuis
1171 766 1212 831 de
1234 765 1372 830 fratrum
1395 771 1580 829 nostrorum
1603 765 1742 829 consilio
1767 764 1826 827 sub
1850 763 1938 826 beati
1955 761 2052 826 Petri
2076 767 2109 824 et

449 882 561 941 nostra
598 876 801 962 protectione
841 873 1036 959 suscipimus
1077 878 1110 936 et
1143 870 1307 957 presentis
1342 870 1455 956 scripti
1488 869 1670 955 patrocinio
1705 867 1952 932 communimus.
2016 864 2111 928 Nulli

450 1001 529 1065 ergo
552 1015 594 1026 —
616 985 728 1043 nostre
752 977 964 1064 protectionis
990 983 1051 1040 etc.
1098 975 1133 1038 si
1156 975 1228 1060 quis
1252 982 1362 1040 autem
1386 981 1449 1040 ete.

558 1098 634 1163 Dat.
658 1099 811 1164 Lateran.
835 1097 939 1163 VIIII
961 1097 1036 1164 Kal.
1061 1095 1150 1176 Maii,
1173 1094 1384 1182 pontificatus
1408 1095 1511 1159 nostri
1534 1115 1619 1159 anno
1644 1092 1897 1179 quartodecimo.

1075 1342 1484 1351 ———-—-————

1239 1616 1324 1689 773.

558 1730 749 1840 Greporius
771 1759 828 1823 IX
845 1781 931 1841 papa
947 1760 1109 1841 potestati,
1142 1757 1272 1822 consilio
1299 1761 1328 1820 ct
1343 1737 1461 1837 populo
1483 1739 1707 1818 Atrracndrino
1729 1755 1836 1818 scribit
1857 1773 1890 1817 se
1911 1753 1967 1830 iis,
1995 1773 2057 1832 pro
2080 1771 2114 1813 ea

450 1860 532 1941 quad
553 1864 661 1926 contra
683 1860 884 1926 Fridericnm
910 1863 1026 1926 dietum
1055 1863 1272 1943 imperatorem
1303 1863 1337 1924 in
1362 1861 1519 1924 decet-ione
1545 1859 1688 1924 ccclesiae
1704 1859 1894 1938 persistant,
1924 1856 2115 1938 diprritatem

451 1964 663 2044 episcopalem,
685 1984 748 2044 qua
770 1963 976 2030 Innocentius
997 1966 1062 2029 ΙΙΙ
1082 1985 1132 2029 eos
1151 1965 1334 2044 privaverit,
1356 1964 1528 2029 restituere.
1743 1964 1837 2038 1240,
1860 1959 1944 2024 Mai.
1970 1961 2022 2023 10.

557 2081 641 2152 Grnp.
661 2085 706 2135 IX
721 2083 787 2153 Rep.
809 2083 868 2138 Vol.
895 2086 956 2151 VII,
974 2089 993 2137 8
999 2105 1007 2147 ,·
1031 2081 1093 2137 Lib.
1112 2085 1159 2136 ΧΙ
1165 2086 1192 2150 1⁷,
1212 2087 1256 2136 36.
1298 2082 1403 2136 Parisii
1425 2083 1566 2150 exemplar
1584 2078 1770 2150 supplevimus
1787 2095 1821 2133 ru
1839 2077 1934 2148 Rapa.
1953 2077 2028 2131 Anu.
2048 2078 2111 2131 eccl.

471 2212 476 2223 .
512 2175 575 2234 24,
627 2174 669 2223 21.

451 2190 469 2226 a
496 2176 511 2224 1
550 2173 693 2322 ίζὀῗιιαει,
712 2255 781 2327 neq.
802 2260 904 2312 10875.

700 2521 708 2540 .
739 2519 747 2534 .
778 2465 1015 2558 potestati,
1043 2465 1238 2540 consilio
1268 2470 1307 2539 et
1336 2465 1505 2557 populo
1535 2462 1852 2538 Alexandrino.

560 2613 689 2699 Regina
714 2622 820 2679 mater
848 2615 1003 2694 eeclesia,
1037 2636 1158 2701 spansa
1184 2615 1296 2679 inclita
1326 2614 1444 2678 summi
1472 2614 1577 2698 regis,
1610 2614 1702 2677 illurn
1730 2614 1816 2677 circa
1844 2612 1928 2676 filios
1960 2611 2021 2676 sibi
2053 2635 2115 2698 per

451 2719 710 2800 regenerationis
740 2719 907 2783 lavacrum
939 2719 1116 2803 acquisitos
1145 2718 1292 2783 ordinem
1323 2717 1529 2782 discretionis
1559 2717 1731 2796 observat,
1762 2714 1849 2800 quod
1877 2716 1962 2780 sicut
1992 2737 2108 2780 aarum

453 2841 610 2884 excessus
646 2819 808 2906 condigna
841 2822 1035 2907 quandoque
1072 2823 1248 2886 severitate
1283 2821 1432 2906 corrigit,
1467 2821 1514 2885 sic
1548 2827 1581 2884 et
1614 2841 1715 2907 opera
1746 2818 1929 2883 devotionis
1963 2819 2112 2905 ipsorum

454 2929 615 3008 oportuna
638 2924 849 2990 retributione
872 2926 1026 3011 prosequi
1048 2947 1113 2990 nan
1136 2924 1274 2989 desistit.
1321 2923 1407 2989 Sane
1430 2924 1471 2989 de
1494 2923 1600 2989 felicis
1631 2923 1786 2988 memorie
1810 2921 1992 2987 Alexandri
2026 2943 2114 3010 pape

454 3024 698 3110 predecessoris
722 3029 825 3092 nostri
849 3027 1052 3113 benignitate
1076 3030 1255 3113 prooessit,
1286 3027 1372 3112 quod
1402 3029 1456 3113 pie
1487 3026 1698 3092 considerans
1722 3027 1887 3091 civitatem
1910 3033 2056 3091 nestram
2081 3029 2113 3091 in

454 3128 613 3194 honorem
640 3131 796 3218 principis
824 3133 1046 3218 apostolorum
1073 3131 1175 3196 fuisse
1203 3139 1440 3212 constructam,
1472 3132 1577 3218 ipsam
1605 3131 1800 3216 pontificalis
1824 3129 1993 3214 dignitatis
2015 3131 2114 3195 titulo

457 3231 634 3314 decoravit,
658 3235 839 3320 apostolice
864 3235 952 3301 sedis
976 3237 1170 3301 auctoritate
1194 3236 1387 3316 decernens,
1410 3241 1446 3299 ut
1469 3236 1623 3320 quoniam
1638 3234 1863 3300 Alexandrina
1879 3235 1995 3299 civitas
2011 3236 2113 3320 longe

455 3336 560 3401 maior
583 3344 634 3402 est
658 3344 691 3402 et
713 3340 904 3425 populosior
927 3361 1024 3425 qnam
1047 3340 1229 3425 Aquensis,
1259 3339 1458 3425 episcopalis
1490 3337 1586 3403 sedes
1620 3337 1660 3402 de
1684 3339 1759 3419 illa,
1789 3338 1883 3402 cuius
1911 3337 2038 3402 diocesi
2064 3345 2116 3402 est

456 3440 619 3524 contigua,
644 3443 874 3508 transferretur
897 3443 939 3508 ad
962 3444 1069 3509 istam.
1114 3444 1279 3508 Processu
1301 3463 1379 3507 vero
1402 3442 1558 3527 temporis
1574 3443 1627 3528 pie
1644 3441 1880 3506 recordationis
1896 3440 2116 3506 Innocentius

456 3564 542 3630 papa
570 3544 786 3629 predecessor
822 3556 950 3630 noster,
987 3547 1213 3613 Alexandrino
1247 3548 1369 3633 populo
1400 3546 1593 3632 suppliciter
1624 3545 1812 3630 postulante
1845 3552 1882 3610 ut
1909 3543 1998 3630 quod
2024 3544 2116 3610 idem

455 3648 646 3714 Alexander
668 3671 754 3736 papa
776 3651 912 3738 provida
935 3651 1171 3717 deliberatione
1196 3650 1398 3730 decreverat,
1423 3649 1548 3713 faceret
1564 3649 1753 3714 executioni
1769 3648 1925 3729 mandari,
1950 3654 2114 3712 statutum

455 3751 604 3817 eiusdem
627 3753 738 3818 taliter
760 3754 949 3820 moderatus
972 3755 1082 3821 extitit
1092 3755 1112 3835 ¹,
1137 3753 1222 3839 quod
1245 3752 1504 3817 Alexandrinam
1528 3753 1702 3817 eeclesiam
1726 3759 1759 3818 et
1781 3752 1972 3838 Aquensem
1995 3753 2114 3834 univit,

455 3860 612 3937 statuens,
641 3857 726 3922 sicut
748 3858 781 3922 in
804 3857 953 3923 confecto
978 3859 1161 3945 superbae
1184 3858 1365 3944 apostolico
1388 3856 1561 3943 privilegio
1585 3857 1779 3938 continetur,
1803 3863 1839 3922 ut
1860 3878 1944 3921 unus
1968 3864 2002 3922 et
2024 3858 2116 3923 idem

455 3967 545 4025 esset
577 3961 726 4046 pontifex
762 3963 947 4048 utriusque,
976 3984 1074 4027 unam
1102 3969 1136 4028 et
1168 3963 1308 4028 eandem
1346 3962 1459 4029 sedem
1495 3961 1647 4026 obtinens
1673 3961 1707 4025 in
1739 3967 1891 4046 utraque.
1956 3959 2117 4026 Decrevit

456 4064 571 4145 etiam,
598 4071 635 4128 ut
663 4064 690 4129 si
717 4066 829 4130 sarsan
852 4066 1026 4152 Aquenses
1055 4072 1170 4131 contre
1197 4066 1335 4131 formam
1363 4067 1397 4130 in
1427 4065 1543 4130 eodem
1572 4064 1744 4150 privilegio
1776 4063 1975 4130 declaratam
1999 4065 2115 4130 venire

455 4176 697 4252 presumerent,
728 4170 791 4234 nisi
813 4171 855 4235 ad
877 4171 1091 4236 monitionem
1114 4170 1255 4235 Romani
1278 4170 1440 4256 pontificis
1464 4190 1522 4233 sue
1546 4168 1749 4252 corrigerent
1771 4165 2026 4254 presumptionis
2052 4187 2113 4230 ex-

456 4292 600 4350 cessum,
637 4274 834 4359 episcopalis
864 4273 960 4340 sedes
989 4273 1030 4339 de
1053 4274 1201 4360 Aquensi
1229 4274 1361 4338 civitate
1398 4274 1431 4336 in
1462 4270 1699 4336 Alexandriam
1734 4270 1981 4348 transferretur,
2017 4277 2051 4334 ct
2087 4271 2114 4334 si

455 4373 671 4439 Alexandrini
706 4382 820 4441 eontra
854 4376 886 4441 id
915 4382 1072 4441 statutum
1104 4376 1321 4454 excederent,
1350 4375 1414 4439 nisi
1445 4374 1486 4440 ad
1515 4374 1699 4460 apostolica
1730 4373 1855 4437 monita
1883 4372 2117 4439 satisfacerent

456 4477 497 4541 de
525 4497 683 4558 excessu,
715 4480 898 4565 prescripte
927 4479 1186 4546 dissolverentur
1211 4480 1343 4546 vincula
1374 4479 1515 4545 unionis.
1560 4477 1685 4542 Verum
1716 4498 1790 4541 cum
1817 4476 1981 4563 predictus
2013 4476 2116 4542 Inno-

457 4581 583 4645 centius
607 4593 729 4672 paps·,
753 4605 811 4669 pro
836 4605 875 4650 eo
906 4583 1074 4669 quodvas
1100 4591 1177 4649 tunc
1200 4583 1358 4670 temporis
1382 4583 1522 4648 inimicis
1552 4581 1691 4646 ecclesie
1721 4579 1911 4662 adhesistis,
1943 4579 1987 4644 ad
2010 4580 2117 4666 ipsius

456 4682 563 4747 redire
593 4684 784 4750 mandatum
817 4693 943 4752 temere
980 4693 1265 4774 contempnentes,
1303 4687 1471 4751 civitatem
1498 4691 1642 4750 vestram
1677 4684 1895 4770 episcopalisb
1926 4683 2118 4750 destituerit

456 4785 624 4871 dignitatis
646 4787 770 4854 honore
780 4789 803 4867 ²,
833 4811 892 4854 nos
916 4790 1064 4870 tandem,
1094 4789 1303 4854 attendentes
1328 4789 1413 4874 quod
1436 4787 1553 4859 diebus
1576 4788 1664 4869 istis,
1688 4787 1805 4872 quibus
1828 4809 1888 4874 per
1909 4786 2116 4852 Friderieum

456 4889 578 4954 dictum
614 4890 845 4978 imperatorem
877 4899 911 4958 et
942 4893 1054 4958 divina
1088 4891 1244 4957 maiestas
1279 4891 1456 4957 offenditur
1492 4899 1525 4956 et
1556 4890 1638 4956 fides
1670 4890 1831 4955 catholica
1862 4890 2118 4976 dampnabiliter

455 4994 676 5078 impugnatur,
700 4996 733 5060 in
757 4995 931 5062 devotione
956 4997 1096 5062 ecclesie
1119 4995 1307 5061 inconcussi
1331 5003 1363 5060 et
1380 4994 1517 5059 stabiles
1534 4993 1738 5080 perstitistis,
1762 5015 1800 5058 ae
1817 4995 1850 5058 in
1866 4996 1986 5059 affeetu
2002 5001 2117 5060 vestro

455 5098 590 5181 geritur,
613 5105 649 5162 ut
672 5099 744 5185 ipsa
768 5121 899 5187 semper
918 5101 951 5164 in
967 5098 1060 5163 vobis
1083 5105 1195 5182 gratos
1219 5100 1365 5186 reperire
1389 5099 1474 5162 filios
1498 5098 1692 5183 gratuletur,
1716 5096 1756 5162 de
1773 5097 1911 5162 fratrum
1926 5103 2117 5163 nostrorum

457 5200 593 5265 consilio
625 5201 819 5286 dignitatem
849 5203 988 5269 eandem
1018 5202 1143 5267 civitati
1173 5209 1280 5268 vestre
1310 5201 1547 5268 restituendam
1577 5200 1749 5281 duximus,
1778 5200 1819 5266 de
1842 5201 1950 5287 gratia
1978 5203 2118 5287 speciali

564 5458 586 5524 ⁸)
604 5477 670 5526 qnae
688 5471 827 5527 aequantia
844 5479 922 5530 namu
940 5462 977 5514 ad
988 5465 1070 5531 finem
1087 5480 1118 5515 ee
1136 5463 1220 5531 Repu.
1320 5463 1343 5530 ὓ)
1361 5464 1500 5532 episcopali
1518 5463 1620 5530 Rapn.,·
1638 5465 1674 5531 cf.
1692 5479 1718 5512 n.
1739 5467 1795 5513 774.

561 5595 586 5662 l)
604 5612 629 5648 a.
650 5599 730 5664 1206,
749 5595 812 5651 lun.
833 5601 866 5664 8,·
885 5598 1022 5666 Pottbast,
1041 5599 1109 5670 Rep.
1127 5602 1210 5654 2795.
1280 5599 1308 5668 2)
1328 5615 1354 5653 a.
1373 5603 1457 5666 1213,·
1476 5597 1513 5668 cf.
1527 5596 1590 5652 Ina.
1609 5599 1664 5649 ΙΙΙ
1677 5613 1718 5670 ep.
1735 5595 1776 5651 ed.
1788 5597 1905 5672 Beluae,
1921 5601 1939 5652 t.
1958 5600 2000 5662 ΙΙ,
2016 5615 2047 5672 p.
2061 5601 2119 5654 695

456 5687 482 5737 et
501 5685 565 5750 775,
583 5679 721 5751 Pottbast,
739 5683 810 5754 Ray.
828 5688 900 5744 4615
918 5688 942 5742 et
960 5690 1040 5740 4743.

2173 5479 2201 5518 40
