4604 6420
798 367 998 432 saissonis
1011 369 1204 446 ¹statueras.
1240 372 1316 429 rear.
1819 376 1881 442 aaa

231 551 360 639 impetit
395 558 429 620 et
461 549 651 639 aggreditur
684 551 872 632 caritatem,
905 549 1053 636 gestiens
1087 549 1271 636 exstirpare
1305 547 1459 630 virtutes,
1492 553 1530 613 ut
1558 553 1710 616 serantur
1738 549 1819 615 vitia
1847 555 1882 616 et

232 656 372 743 perditio
396 655 631 742 subsequatur,
660 654 760 720 etiam
782 654 1002 720 universalem
1025 653 1201 718 ecelesiam
1224 651 1376 717 continue
1399 651 1574 737 inquietat,
1605 651 1739 718 infestat
1761 653 1881 739 iugiter

234 765 268 824 et
289 757 426 824 tribulat
448 759 667 838 incessanter,
691 756 768 821 dum
790 755 926 821 Terram
950 755 1104 820 Sanctam
1128 754 1252 820 Christi
1275 755 1435 840 sanguine
1458 760 1702 838 consecratam,
1724 756 1782 821 ubi
1804 755 1881 837 vita,

234 863 323 928 salus
347 868 381 928 et
403 860 586 948 redemptio
609 867 722 924 nostra
742 865 924 924 noscuntur
946 859 1106 944 originem
1129 857 1299 938 habuisse,
1322 879 1388 922 non
1411 855 1532 923 desinit
1555 858 1655 944 impie
1677 858 1881 944 impugnare,

234 972 323 1031 ratus
357 964 443 1050 quod
477 965 505 1029 si
537 969 651 1050 posset
684 960 731 1026 ibi
761 961 924 1026 ullatenus
955 961 1143 1047 prevalere,
1177 960 1391 1046 irreparabile
1421 961 1618 1046 periculum,
1652 961 1881 1027 inextricabile

234 1067 444 1155 opprobrium
478 1072 512 1132 et
544 1064 762 1152 perditionem
795 1063 1051 1129 inestimabilem
1084 1064 1220 1128 inferret
1253 1064 1407 1128 universo
1441 1065 1562 1151 populo
1597 1064 1794 1130 Christiano.
1839 1064 1884 1130 Et

233 1169 364 1256 quidem
394 1169 475 1234 satis
504 1169 624 1234 acriter
646 1168 731 1233 sevit
760 1167 921 1232 hactenus
948 1188 1008 1254 per
1035 1165 1186 1232 soldanos
1214 1167 1342 1231 illarum
1371 1168 1527 1254 partium,
1557 1167 1719 1234 diabolice
1738 1168 1882 1252 ¹feritatis

233 1279 429 1338 executores
451 1270 592 1358 perfidos
616 1276 650 1335 et
671 1274 856 1356 protervos;
881 1268 940 1334 sed
963 1268 1049 1354 quod
1073 1269 1164 1354 gravi
1187 1289 1247 1335 nos
1272 1275 1404 1355 stupore
1427 1271 1567 1356 perculit
1589 1278 1624 1337 ct
1645 1271 1781 1336 horrore
1804 1291 1882 1337 con-

234 1376 353 1456 cussit,
376 1394 489 1459 regem
511 1373 686 1439 Persarum
710 1373 867 1458 stipatum
889 1371 1099 1436 multitudine
1123 1392 1297 1437 numerosa
1318 1373 1352 1436 in
1376 1374 1604 1438 exterminium
1628 1380 1714 1440 terre
1736 1374 1883 1462 predicte

234 1478 385 1563 nequiter
406 1475 591 1561 instigavit,
622 1476 707 1540 sicut
732 1475 924 1542 ,carissimus
954 1476 988 1539 in
1012 1473 1142 1540 Christo
1171 1476 1258 1540 filius
1287 1483 1400 1542 noster
1422 1476 1634 1560 Fredericus,
1662 1478 1883 1544 Romanorum

233 1583 412 1669 imperator
441 1579 577 1644 illustris
606 1599 737 1664 semper
768 1584 926 1662 augustus
956 1585 990 1642 et
1012 1572 1077 1643 'rex
1101 1577 1229 1658 Sicilie,
1257 1599 1385 1644 necnon
1414 1580 1611 1645 venerabilis
1643 1580 1745 1647 frater
1773 1589 1884 1647 noster

233 1682 418 1770 patriarcha
443 1682 724 1748 Ierosolimitanus
759 1688 793 1745 et
824 1680 936 1746 dilecti
967 1682 1043 1762 filii,
1073 1681 1257 1768 Hospitalis
1288 1689 1322 1747 et
1348 1682 1464 1747 domus
1491 1683 1607 1749 militie
1634 1683 1765 1772 Templi
1792 1685 1884 1751 Iero-

234 1787 411 1852 solimitani
427 1786 585 1872 magistri,
610 1785 677 1850 suis
701 1783 795 1849 nobis
814 1785 934 1849 litteris
955 1785 1158 1850 intimarunt:
1182 1785 1268 1871 quod
1284 1786 1349 1850 iam
1365 1787 1429 1852 sibi
1445 1785 1629 1852 civitatibus
1653 1794 1687 1853 et
1708 1788 1789 1853 locis
1812 1789 1885 1853 aliis

234 1888 544 1976 inexpugnabilibus
573 1888 756 1972 subiugatis
786 1888 911 1952 nullum
941 1888 1113 1954 inveniens
1136 1891 1329 1975 repagulum
1351 1890 1405 1954 vel
1428 1890 1648 1972 obstaculum,
1675 1912 1734 1978 pro
1758 1891 1885 1956 modico

171 2017 183 2053 n
236 1998 366 2080 reputat
389 2013 550 2078 occupare
573 1999 678 2057 terras
699 1992 802 2057 cultui
826 1990 1012 2057 Christiano
1036 1993 1179 2069 relictas,
1203 1999 1237 2057 et
1254 1990 1479 2072 Christicolas,
1502 1997 1569 2057 tam
1592 1993 1765 2079 religiosos
1788 2016 1885 2081 quam

234 2097 334 2176 alios,
363 2095 396 2158 in
419 2095 520 2180 gladii
543 2095 706 2161 occisione
729 2093 857 2176 delere,
887 2096 1025 2161 eredens
1055 2096 1140 2177 fore,
1172 2094 1303 2160 diabolo
1333 2093 1536 2160 mendaciter
1558 2103 1773 2181 suggerente,
1800 2097 1887 2183 quod

234 2200 374 2290 populus
398 2197 604 2262 Christianus
631 2196 788 2282 fatigatus
818 2198 987 2264 laboribus
1016 2204 1050 2264 et
1079 2198 1263 2284 sumptibus
1294 2199 1430 2263 infinitis
1460 2198 1569 2284 potius
1593 2198 1732 2284 elegerit
1754 2221 1886 2266 causam

236 2302 359 2367 Christi
387 2301 542 2367 deserere
572 2300 791 2386 trepidanter,
826 2321 922 2387 quam
952 2302 1030 2366 illuc
1068 2302 1202 2366 auxiliis
1236 2322 1425 2366 succurrere
1460 2300 1596 2368 iteratis.
1641 2301 1727 2377 Quid
1755 2302 1796 2368 ad
1824 2304 1887 2369 hec

236 2406 350 2492 igitur,
373 2405 451 2490 quid
473 2403 514 2468 ad
536 2403 621 2471 hec?
666 2404 833 2490 Numquid
856 2404 1048 2470 abbreviata
1070 2411 1121 2470 est
1143 2427 1259 2470 manus
1282 2405 1425 2488 Domini,
1447 2411 1483 2470 ut
1507 2404 1634 2470 salvare
1656 2413 1809 2492 nequeat,
1832 2408 1885 2472 vel
1900 2431 1937 2474 ss.
1952 2437 2006 2484 sen.

236 2509 324 2574 auris
347 2509 433 2590 eius,
465 2513 501 2571 ut
528 2528 594 2572 non
622 2506 794 2587 exaudiat,
824 2513 1023 2593 aggravata?
1068 2507 1121 2572 An
1149 2507 1264 2572 fideles
1294 2529 1369 2572 suos
1398 2513 1518 2587 tentat,
1547 2515 1584 2573 ut
1613 2508 1747 2595 probat,
1778 2517 1887 2574 utrum

234 2612 387 2677 iniuriam
415 2631 509 2676 suam
537 2611 673 2675 inultam
697 2612 750 2675 vel
781 2616 902 2675 terram
925 2610 1105 2696 predictam
1127 2612 1230 2677 velint
1252 2611 1439 2697 relinquere
1461 2611 1688 2678 indefensam?
1733 2612 1831 2678 Absit
1851 2619 1888 2678 ut

235 2715 448 2780 obliviscatur
470 2713 566 2778 horno
589 2715 677 2801 pacti
692 2713 826 2779 Domini
841 2714 896 2780 dei
919 2714 981 2796 sui,
1005 2714 1065 2780 sed
1086 2735 1211 2780 mernor
1234 2735 1270 2779 se
1294 2713 1334 2778 ad
1357 2714 1446 2779 illius
1461 2713 1570 2779 divitis
1586 2735 1733 2782 mansam
1749 2715 1888 2798 sedisse,

236 2819 292 2905 qui
325 2824 377 2884 est
407 2817 500 2883 dives
535 2838 634 2903 super
661 2817 746 2883 filios
780 2818 965 2899 hominum,
1002 2839 1065 2903 que
1097 2817 1160 2882 sibi
1186 2817 1318 2882 fuerunt
1348 2817 1515 2904 apposita,
1549 2817 1681 2884 studeat
1710 2825 1744 2884 et
1771 2819 1887 2885 eadem

236 2941 403 3008 apponere
427 2921 498 3007 ipse
529 2920 592 3002 illi,
619 2942 685 2986 non
708 2918 876 3008 trepidans
899 2942 958 3007 pro
987 2942 1026 2986 eo
1054 2921 1188 2985 calicem
1215 2921 1367 2986 salutaris
1389 2921 1557 3008 accipere,
1588 2943 1684 3007 quern
1711 2922 1798 2988 idem
1828 2944 1938 3010 pron.
1954 2949 2033 2998 uun.

239 3030 351 3089 nostra
374 3025 479 3089 salute
502 3024 666 3109 gustavit,
696 3023 773 3109 quia
799 3044 865 3088 non
893 3029 969 3088 sunt
997 3022 1158 3108 condigne
1188 3023 1359 3109 passiones
1381 3024 1478 3088 huius
1505 3026 1662 3110 temporis
1685 3025 1726 3092 ad
1749 3026 1890 3091 futuram

236 3127 374 3213 gloriam
398 3126 519 3192 Christi
547 3126 701 3191 fidelibus
730 3126 952 3192 revelandam.
997 3126 1044 3191 Ut
1074 3127 1184 3211 itaque
1212 3123 1342 3190 diabolo
1373 3127 1505 3212 propria
1527 3127 1681 3214 iniquitas
1704 3130 1891 3209 mentiatur,

238 3229 314 3295 durn
336 3229 423 3296 unde
446 3230 627 3294 animarum
647 3229 853 3294 machinatur
873 3229 1048 3310 excidium,
1072 3229 1147 3294 inde
1171 3229 1311 3293 salutem
1334 3229 1383 3294 eis
1406 3229 1516 3296 doleat
1535 3233 1737 3318 pervenisse,
1759 3234 1891 3298 univer·

238 3334 370 3399 sitatem
392 3339 534 3398 vestram
565 3321 737 3397 monemus
761 3337 795 3397 et
816 3330 985 3396 hortamur
1015 3336 1155 3412 attente,
1190 3351 1250 3418 per
1277 3332 1461 3417 apostolica
1482 3333 1576 3399 vobis
1605 3336 1728 3422 scripta
1754 3335 1891 3401 firmiter

238 3434 450 3523 precipiendo
473 3433 677 3516 mandantes,
701 3441 861 3521 quatenns
884 3435 1081 3501 exhibentes
1103 3457 1162 3500 vos
1185 3434 1299 3500 fideles
1324 3433 1448 3500 Christi
1470 3437 1647 3517 ministros,
1671 3439 1790 3524 singoli
1814 3438 1890 3505 sub-

240 3538 326 3604 ditos
349 3544 476 3605 vestros
507 3539 751 3624 crucesignatos
780 3545 814 3604 et
836 3538 918 3603 alios
949 3538 1128 3604 secundum
1150 3537 1259 3602 datam
1283 3537 1376 3602 vobis
1399 3559 1420 3602 a
1441 3537 1584 3605 Domino
1607 3541 1746 3626 gratiam
1769 3539 1891 3606 sedulis

239 3641 524 3708 exhortationibus
557 3642 727 3719 excitetis,
757 3646 795 3706 ut
828 3640 870 3706 ad
905 3640 1159 3706 succurrendum
1198 3647 1284 3706 terre
1316 3639 1462 3728 predicte
1490 3640 1524 3704 in
1553 3643 1704 3729 personis
1732 3649 1766 3709 et
1792 3642 1892 3708 rebus

239 3746 349 3811 taliter
371 3766 407 3810 sc
431 3744 585 3810 studeant
606 3766 794 3832 preparare,
817 3744 1000 3831 quodcum
1023 3745 1142 3808 iterato
1164 3743 1285 3808 fuerint
1308 3743 1467 3830 requisiti,
1490 3743 1680 3831 impendant
1703 3765 1892 3811 succursum

240 3854 274 3913 et
297 3847 479 3913 subsidium
501 3855 734 3935 opportunum3
758 3849 904 3934 aliasque
927 3847 1057 3934 operari
1080 3853 1114 3912 et
1137 3848 1307 3932 cooperari
1330 3867 1430 3913 cause
1447 3845 1569 3912 Christi
1592 3847 1700 3913 taliter
1722 3847 1893 3927 studeatis,

240 3951 328 4038 quod
343 3951 498 4016 allectum
521 3957 555 4016 et
575 3951 729 4017 eflectum
744 3958 889 4016 vestrum
905 3951 1099 4018 retributiva
1113 3950 1220 4036 gratia
1234 3971 1448 4036 prosequens,
1471 3950 1609 4036 gloriam
1624 3950 1718 4015 vobis
1733 3951 1894 4016 retribuat

241 4055 492 4141 sempiternam,
520 4076 646 4140 nosque
669 4054 874 4140 diligentiam
896 4061 1040 4121 vestram
1063 4055 1170 4141 dignis
1194 4053 1373 4119 debeamus
1407 4055 1440 4118 in
1464 4053 1605 4119 Domino
1628 4052 1780 4118 laudibus
1804 4075 1892 4119 corn-

241 4157 407 4224 mendara.

348 4276 424 4343 Dat.
446 4279 556 4344 Later.
579 4277 613 4340 II
635 4276 712 4344 Kal.
735 4277 860 4360 Martii,
883 4280 1092 4364 pontificatus
1116 4278 1219 4342 nostri
1241 4298 1326 4342 anno
1349 4277 1408 4342 [v.

868 4571 1278 4579 ————-—-——

1027 4868 1116 4943 434.

352 5000 543 5111 Gregorius
569 5023 626 5091 IX
648 5045 739 5109 popa
768 5024 933 5093 Fridcn'co
955 5023 1170 5092 Romanomm
1198 5025 1381 5108 imperatori
1410 5024 1548 5092 ambros
1574 5023 1789 5106 mrsquasttum
1816 5022 1900 5104 quod

241 5131 412 5196 iustitiarii
442 5131 510 5194 aius
541 5128 684 5194 audaciae
715 5129 864 5211 fidelibus
889 5131 1046 5196 Erculaai
1079 5129 1241 5194 districtae
1271 5149 1383 5213 proves
1415 5129 1555 5194 iniurias
1586 5128 1739 5210 irrogant,
1771 5145 1899 5206 armate

242 5235 358 5312 mosot,
390 5235 428 5296 ut
459 5231 533 5296 baec
563 5231 713 5311 madet,
746 5252 816 5298 cum
849 5233 915 5314 ipsc
948 5253 1068 5316 quoquc
1094 5232 1251 5318 [Miloni]
1278 5233 1417 5314 cpbcopc
1443 5231 1639 5311 Belvnoenai,
1674 5227 1841 5293 Marabina
1871 5232 1899 5290 ct

243 5333 388 5400 Daoatas
409 5335 537 5412 rectori,
559 5333 773 5414 orandoooit,
794 5337 831 5400 ut
851 5357 1059 5419 quaecumque
1080 5337 1116 5400 in
1132 5336 1366 5417 pranudiciam
1388 5335 1457 5398 cius
1475 5336 1679 5415 prosopa
1699 5332 1779 5410 sint,
1800 5349 1901 5395 emen·

244 5437 319 5502 dall
339 5437 448 5519 saciat.
1538 5455 1631 5531 1231,
1655 5451 1757 5521 Mart.
1780 5453 1811 5517 8.

350 5572 434 5643 Grep.
452 5570 501 5624 IX
519 5569 588 5642 Rey.
612 5571 669 5626 Vol.
687 5572 731 5638 11,
751 5578 802 5634 56,·
820 5575 881 5629 Lib.
900 5574 953 5636 IV,
972 5579 1033 5630 126.

347 5655 485 5720 Pottlsast,
504 5655 574 5727 Bcp.
594 5659 678 5710 8677.
