4538 6426
760 409 804 462 EX
824 410 980 464 HONOltll
1000 410 1039 464 ΙΙΙ
1059 409 1237 464 retrusum)
1792 417 1831 478 39

174 579 305 643 mittero
330 600 395 644 non
418 582 552 658 curavit,
576 588 787 666 procuratore
812 583 913 668 ipsius
938 585 1127 647 monasterii
1150 605 1214 647 non
1236 585 1360 668 absque
1384 585 1495 648 labore
1512 605 1550 648 ao
1574 585 1729 670 expensis
1749 585 1836 670 apud

173 683 389 767 apiostolioam
420 683 531 747 sedem
563 683 684 747 diutius
716 693 928 770 expectante:
959 687 1156 770 quinimmo
1186 693 1358 771 postquam
1382 686 1487 750 dietus
1510 688 1666 752 terminus
1690 688 1754 751 sibi
1775 688 1836 752 fuit

175 787 321 870 prefixus
344 786 385 848 ab
410 786 484 856 illis,
508 794 573 849 tam
597 787 668 871 ipse
693 809 802 850 comcs
831 810 926 873 quam
951 789 1018 852 dux
1041 789 1206 874 predictus
1230 811 1347 873 graves
1371 789 1478 853 eidem
1502 790 1702 854 monasterio
1725 791 1835 855 intulit

174 890 311 952 iniurias
334 897 367 952 ct
391 890 531 953 iacturas
588 890 683 954 Unde
707 891 801 954 nobis
830 893 891 954 fnit
923 892 1089 955 humiliter
1113 893 1340 978 supplicatum,
1367 900 1403 955 ut
1427 914 1498 956 eum
1523 892 1644 956 dictum
1668 900 1834 957 monaste-

175 993 259 1055 rium
286 993 349 1055 iarn
372 992 441 1056 fere
466 1015 526 1056 sex
548 995 641 1056 annis
657 1015 715 1080 pro
733 994 916 1056 huiusmodi
936 996 1067 1078 negotio
1093 995 1258 1065 laborarit,
1283 1002 1316 1059 et
1333 1003 1465 1081 proptor
1480 997 1659 1082 potentiam
1675 997 1834 1060 nobilium

174 1095 395 1180 predictorum
418 1096 519 1159 nichil
544 1097 674 1159 omnino
698 1097 892 1182 profecerit,
916 1099 1087 1181 fatigatum
1112 1099 1279 1161 laboribus
1304 1106 1337 1162 et
1365 1099 1536 1184 expensis,
1567 1121 1665 1184 super
1687 1099 1749 1164 hoc
1771 1101 1836 1185 ipsi

172 1205 309 1284 paterna
325 1198 498 1284 providere
520 1199 738 1264 sollieitudine
756 1199 973 1284 dignaremur.
1021 1201 1102 1264 Cum
1122 1202 1222 1284 igitur
1239 1200 1344 1264 eidem
1361 1202 1558 1265 monasterio
1581 1203 1614 1266 in
1631 1195 1690 1266 sua
1713 1202 1832 1267 deesse

173 1301 299 1363 iustitia
321 1323 384 1365 non
408 1303 557 1380 velimus,
581 1302 770 1366 discretioni
787 1311 895 1367 vestre
911 1325 970 1388 per
986 1304 1166 1389 apostolica
1188 1305 1310 1389 scripta
1326 1303 1527 1384 mandamus,
1553 1305 1704 1388 quatinus
1729 1305 1833 1370 dictos

173 1403 313 1478 nobiles,
337 1411 372 1467 ut
395 1405 478 1468 iufra
501 1413 567 1469 tres
590 1427 722 1470 menses
747 1413 822 1491 post
845 1407 949 1491 primo
974 1407 1136 1470 citationis
1161 1406 1318 1482 edietum,
1345 1408 1522 1492 propositis
1557 1408 1653 1471 simul
1676 1415 1710 1471 et
1733 1409 1836 1472 semel

107 1531 111 1554 ·
176 1507 328 1570 omnibus
353 1509 602 1593 exceptionibus
625 1509 805 1582 dilatoriis,
838 1532 936 1594 super
964 1511 1133 1595 premissis
1165 1511 1255 1574 litem
1280 1517 1503 1575 contestentur
1530 1533 1601 1576 eum
1635 1513 1834 1576 monasterio

176 1611 260 1695 ipso,
284 1611 462 1675 monitione
486 1613 598 1697 previa
620 1635 680 1698 per
704 1635 875 1676 censuram
904 1614 1160 1676 ecclesiasticam
1178 1614 1399 1698 appellatione
1415 1615 1596 1699 postposita
1619 1615 1835 1700 compellatis,

176 1713 238 1775 hac
261 1712 379 1777 deinde
404 1713 574 1779 audientes
600 1738 662 1800 que
686 1716 761 1778 hinc
786 1715 860 1778 inde
889 1715 1043 1778 duxerint
1072 1715 1301 1800 proponenda,
1331 1723 1364 1778 et
1387 1717 1420 1779 in
1443 1737 1543 1780 causa
1574 1717 1645 1802 ipsa
1667 1738 1770 1802 usque
1794 1717 1834 1780 ad

176 1817 380 1880 diffinitivam
415 1820 612 1882 sententiam
637 1819 764 1882 sublato
799 1819 1030 1904 appellationis
1057 1819 1225 1882 obstaculo
1255 1818 1489 1903 procedentes,
1525 1820 1628 1905 ipsam
1662 1820 1690 1883 si
1724 1826 1834 1904 partes

175 1922 418 2000 consenserint,
453 1922 515 1984 fine
543 1922 654 1984 debito
684 1923 877 1985 terminetis.
923 1921 1076 2004 Alioquin
1105 1921 1241 1984 eandem
1268 1921 1309 1984 ad
1339 1943 1397 1985 nos
1428 1922 1603 1986 remittatis
1634 1922 1835 1987 sufficienter

112 2041 122 2074 a
179 2023 380 2100 instructam,
405 2025 605 2110 prefigentes
629 2026 777 2111 partibus
801 2028 976 2089 terminum
1000 2032 1250 2111 competentem,
1275 2049 1337 2110 quo
1362 2049 1421 2112 per
1444 2033 1673 2112 procuratores
1697 2026 1833 2090 idoneos

176 2133 210 2189 et
235 2127 435 2191 sufficientes
458 2137 669 2215 compareant
700 2152 808 2193 coram
836 2131 931 2192 nobis
963 2130 1081 2192 iustam
1111 2141 1243 2192 auctore
1266 2129 1407 2192 Domino
1432 2130 1630 2194 sententiam
1652 2137 1833 2214 recepturo,

176 2228 398 2293 denuntiando
422 2233 558 2316 prefatis
582 2233 757 2312 nobilibus,
783 2233 869 2317 quod
894 2234 921 2296 si
945 2233 1083 2296 termino
1114 2233 1186 2318 ipso
1210 2254 1267 2317 pre
1292 2253 1327 2295 se
1352 2233 1569 2296 sufficientem
1591 2239 1834 2318 procuratorem

175 2334 384 2416 neglexerint
407 2333 583 2410 destinare,
612 2357 671 2398 nos
695 2335 927 2399 nichilominus
951 2336 983 2398 in
1009 2335 1124 2400 eodem
1148 2335 1290 2420 negotio,
1315 2342 1470 2419 quantum
1494 2336 1607 2419 exiget
1630 2335 1728 2414 ratic,
1757 2356 1832 2420 pro-

175 2435 340 2502 cedemus.
386 2435 530 2509 Quodsi
555 2439 788 2502 fortenobilcs
820 2439 882 2524 ipsi
914 2445 1100 2525 contempta
1123 2439 1472 2503 excommunicationis
1507 2439 1671 2502 sententia
1693 2460 1753 2503 nec
1786 2438 1833 2502 sie

97 2553 108 2588 ὲ
177 2539 269 2601 litem
294 2540 456 2604 voluerint
479 2543 670 2616 contestari,
706 2563 763 2604 vos
798 2543 830 2604 in
864 2543 1039 2627 petitorum
1067 2543 1312 2628 possessionem
1340 2563 1440 2605 eausa
1468 2542 1516 2604 rei
1546 2541 1703 2606 servande
1728 2542 1833 2626 ipsum

176 2644 410 2706 monasterium
454 2644 634 2716 inducatis,
681 2651 714 2708 et
752 2644 815 2707 nisi
862 2645 1022 2730 sepedicti
1076 2645 1204 2708 nobiles
1250 2644 1494 2730 possessionem
1539 2645 1644 2731 ipsam
1687 2645 1832 2729 legitime

176 2748 442 2830 recuperaverint
464 2748 548 2811 infra
571 2769 701 2826 annum,
725 2769 782 2811 vos
799 2770 841 2812 ex
857 2755 933 2811 tune
949 2749 1101 2812 abbatem
1120 2755 1153 2811 et
1167 2749 1285 2812 fratres
1303 2749 1406 2833 ipsius
1427 2748 1617 2812 monasterii
1633 2768 1675 2811 ex
1692 2747 1833 2810 secundo

175 2847 311 2912 decreto
335 2851 540 2914 constituatis
564 2873 659 2916 veros
683 2852 904 2937 appellatione
932 2853 1116 2937 postposita
1146 2873 1374 2937 possessores,
1404 2852 1504 2915 etiam
1533 2851 1560 2914 si
1588 2850 1831 2936 possessionem

175 2951 282 3037 ipsam
307 2953 414 3017 medie
439 2961 584 3039 tempore
608 2955 808 3040 impediente
837 2955 995 3019 nobilium
1023 2955 1244 3041 predictorum
1275 2954 1422 3039 potentia
1451 2955 1659 3038 nequiverint
1685 2952 1832 3037 adipisci,

96 3069 118 3104 “-’·
177 3055 314 3120 eosdem
331 3058 459 3121 nobiles
482 3058 612 3121 interim
628 3057 667 3120 ab
684 3058 786 3143 ipsius
803 3058 992 3121 monasterii
1009 3059 1238 3121 molestatione
1258 3056 1404 3120 indebita
1415 3079 1474 3142 per
1492 3077 1662 3121 censuram
1677 3056 1832 3119 ecclcsia-

177 3162 296 3224 sticam
320 3163 540 3247 appellatione
565 3163 733 3246 posposita
756 3170 1014 3246 compescentes.
1062 3161 1179 3226 Testes
1204 3165 1314 3225 autern
1335 3167 1411 3240 etc,
1435 3160 1532 3224 nullis
1553 3160 1670 3223 litteris
1699 3159 1833 3222 obstan·

176 3265 267 3328 tibus
283 3264 400 3329 harum
417 3272 530 3328 tenore
547 3265 645 3328 tacito
662 3286 681 3326 a
697 3264 775 3328 sede
792 3267 973 3349 apostoliea
988 3265 1180 3350 impetratis.
1226 3262 1320 3335 Quod
1338 3265 1365 3326 si
1386 3284 1450 3327 non
1467 3283 1579 3326 omncs
1591 3300 1640 3342 —,
1664 3268 1709 3342 tu,
1733 3261 1834 3326 frater

176 3369 348 3454 episcope,
373 3391 445 3431 cum
469 3389 582 3433 eorum
606 3369 708 3430 altero
732 3375 794 3434 etc.

288 3471 364 3536 Dat.
386 3471 539 3535 Lateran.
562 3471 629 3535 Vll
653 3472 731 3536 Idus
755 3473 876 3552 Martii,
900 3495 985 3536 anno
1010 3473 1164 3537 secundo.

974 3993 1034 4064 52.

292 4110 566 4201 Honoratam
579 4155 667 4216 papia
689 4133 862 4217 [Hernico]
884 4134 1022 4212 episcopo
1044 4131 1221 4195 Basilicosi
1244 4132 1278 4192 ia
1301 4128 1504 4202 contactiime,
1527 4145 1606 4206 qaae
1628 4125 1710 4187 inter
1732 4125 1834 4202 ipsam

174 4247 204 4305 ct
227 4239 451 4326 [bertoldum]
472 4239 578 4302 diiccm
606 4237 779 4316 Zariapiac
806 4256 899 4314 snper
928 4235 1115 4315 qiiibasdam
1131 4232 1379 4313 possess-ionibus
1400 4229 1527 4294 suborta
1554 4230 1638 4306 crat,
1666 4226 1834 4290 arbitrium

174 4345 291 4408 raama
312 4347 341 4405 ct
360 4343 532 4422 praepositi
552 4340 747 4403 Basilicaeve
768 4339 873 4402 sutriae
895 4337 1038 4400 concedit.
1455 4333 1548 4408 1218,
1570 4330 1673 4393 Mart.
1698 4334 1748 4393 13.

285 4461 360 4515 Han.
381 4461 437 4513 ΙΙΙ
452 4460 517 4530 Ray.
542 4461 598 4514 Vct.
617 4461 642 4520 1,
661 4463 730 4525 229,·
750 4458 811 4511 Lib.
829 4459 873 4520 ΙΙ,
893 4461 956 4510 939.

283 4547 420 4610 Pattbaet,
438 4546 508 4616 Ray.
527 4550 606 4600 5718.

728 4764 736 4778 .
766 4763 774 4778 .
805 4703 1043 4777 Basiliensi
1071 4702 1291 4792 episcope.

289 4857 361 4922 Tua
383 4857 569 4920 fraternitas
592 4855 768 4930 intimavit,
798 4853 884 4938 quod
916 4875 990 4917 cum
1019 4853 1105 4916 inter
1131 4856 1163 4914 te
1194 4871 1232 4914 aa
1260 4847 1416 4911 dilectum
1438 4844 1540 4908 filium
1563 4845 1708 4909 nobilem
1730 4845 1836 4908 vimm

178 5011 187 5026 .
213 5010 220 5024 .
246 4961 362 5024 ducem
386 4960 537 5044 Zaringie
569 4981 668 5044 super
690 4958 885 5043 quibusdam
914 4955 1179 5044 possessionibus
1209 4953 1249 5018 ad
1280 4950 1453 5016 ecclesiam
1480 4954 1569 5013 tuam
1601 4949 1835 5034 spectantibus,

179 5087 263 5150 quas
277 5061 473 5149 Wlsltcrus]
490 5063 685 5126 Ilasiliensis
707 5064 833 5126 electus
854 5062 1167 5148 predecessorftuus
1185 5057 1291 5122 cidem
1314 5057 1347 5119 in
1369 5053 1467 5120 feodo
1485 5052 1605 5116 dieitur
1622 5051 1834 5122 concessisse,

180 5167 350 5231 contentio
382 5165 514 5228 suborta
544 5165 676 5238 fuisset,
713 5165 844 5229 tandem
879 5171 914 5228 ut
949 5164 1117 5228 laboribus
1146 5168 1179 5225 et
1209 5158 1439 5245 indempnitati
1470 5155 1609 5218 ecclesie
1637 5159 1835 5239 parceretur,

119 5319 130 5336 ..
183 5273 216 5334 in
241 5319 248 5333 .
274 5321 281 5333 .
302 5270 460 5332 decanum
477 5276 510 5333 et
533 5318 564 5334 ..
588 5270 791 5354 prepositum
808 5268 1025 5331 Basiliensem
1043 5273 1075 5330 et
1091 5266 1183 5342 alios,
1207 5284 1287 5348 quos
1304 5260 1429 5326 eisdem
1446 5258 1583 5322 duceres
1600 5255 1835 5340 adiungendos,

182 5375 245 5438 fuit
268 5395 288 5436 a
311 5381 343 5436 te
372 5395 409 5436 ac
438 5372 520 5435 duce
551 5371 698 5457 predicto
723 5379 887 5456 tamquam
915 5371 948 5433 in
976 5369 1115 5432 arbitros
1140 5365 1425 5451 compromissum,
1457 5361 1485 5424 si
1508 5367 1620 5424 noster
1652 5379 1751 5444 super
1772 5358 1834 5420 hoc

184 5475 397 5540 interveniret
421 5495 587 5538 assensus.
633 5473 740 5546 Quare
763 5473 858 5537 nobis
881 5472 1049 5536 humiliter
1071 5469 1273 5556 supplicasti,
1297 5474 1333 5530 ut
1356 5485 1429 5529 cum
1451 5485 1512 5549 per
1534 5463 1703 5528 arbitrium
1726 5462 1834 5546 ipsum

183 5577 299 5643 credas
336 5579 476 5642 ecclesio
512 5584 567 5642 tue
605 5576 775 5641 commoda
815 5575 1005 5662 pervenire,
1037 5574 1097 5637 tibi
1135 5593 1234 5658 super
1276 5572 1338 5634 hoc
1371 5567 1545 5655 providere
1580 5563 1836 5630 misericorditer

182 5683 404 5770 dignaremur.
449 5679 608 5754 Quocirca
631 5679 826 5748 fraternitati
849 5686 904 5745 tue
927 5701 985 5766 per
1007 5678 1189 5764 apostolica
1212 5676 1333 5766 scripta
1356 5671 1562 5752 mandamus,
1586 5670 1748 5760 quatinus,
1771 5688 1837 5734 nou
