4448 6420
452 409 511 469 156
1036 400 1084 454 nx
1102 363 1258 454 n'ouoaa
1277 395 1316 448 m
1334 394 1514 449 anersrac

449 597 550 661 regno
582 581 638 639 tuo
668 573 856 656 extorqueri
888 571 1029 657 pedagia
1056 594 1120 637 non
1144 570 1329 657 permittas,
1361 568 1401 632 ab
1430 568 1619 633 extorsione
1643 565 1830 632 huiusmodi
1854 574 2096 653 presumptores

448 687 612 768 potestate
641 678 701 742 tibi
730 676 851 742 tradita
881 677 1131 764 compescendo.
1177 675 1332 741 Ceterum
1364 675 1439 759 qnia
1466 673 1612 758 generali
1643 671 1774 736 domino
1805 671 1971 755 generalis
2001 669 2099 735 debat

450 784 600 850 exhiberi
623 782 811 859 subventio,
842 803 881 846 eo
905 782 1006 867 quod,
1036 783 1120 845 sicut
1143 781 1251 844 nullus
1273 778 1508 844 beneficiorum
1531 778 1601 842 eius
1625 783 1676 841 est
1699 796 1833 862 expers,
1866 777 1912 839 sic
1936 782 1969 839 et
1991 775 2098 839 nullus

451 909 486 953 se
510 894 620 974 potest
650 888 690 951 ab
715 887 785 951 eius
810 887 978 972 obsequiis
1008 906 1184 966 excusare,
1214 885 1300 948 inter
1330 883 1411 947 alios
1436 882 1661 946 subventionis
1688 879 1802 944 modos
1831 880 1864 942 in
1894 900 1998 962 regno
2027 883 2099 942 tuo*

450 992 612 1056 serenitas
644 990 736 1074 regia
765 995 902 1069 statuat,
938 997 974 1054 ut
1005 989 1151 1075 quelibet
1186 987 1301 1051 domus
1337 987 1474 1070 singulis
1508 985 1676 1049 mansibus
1709 1005 1813 1069 usquo
1846 983 1887 1046 ad
1923 983 2097 1046 triennium
2144 1003 2152 1037 a

451 1096 567 1159 saltem
594 1114 693 1156 unum
726 1091 952 1157 Turonensem
981 1093 1033 1158 vel
1064 1091 1305 1177 equivalentem
1334 1095 1498 1154 monetam
1530 1090 1674 1168 exolvat,
1708 1088 1860 1173 quoniam
1891 1107 1935 1149 ex
1963 1086 2100 1148 collecta

451 1196 692 1262 contributione
716 1195 902 1260 huiusmodi
927 1198 997 1260 sine
1021 1197 1179 1280 cuiusque
1210 1195 1398 1280 gravamine
1422 1193 1563 1258 fideliter
1586 1196 1765 1277 aggregata
1793 1187 1959 1276 provideri
1982 1189 2101 1274 poterit

451 1301 553 1366 Terre
586 1299 706 1364 Sancte
739 1298 919 1363 subsidium
950 1305 1155 1385 oportunum.
1207 1298 1281 1362 Hoc
1312 1299 1410 1362 etiam
1439 1297 1480 1360 ab
1510 1297 1583 1360 aliis
1611 1294 1743 1379 regibus
1774 1301 1807 1358 et
1835 1293 2040 1380 principibus
2070 1299 2101 1356 et

452 1404 524 1468 aliis
548 1401 742 1467 Christianis
767 1403 992 1488 exposcimus,
1021 1424 1086 1466 non
1115 1401 1347 1467 erubescentes
1371 1422 1429 1486 pro
1452 1400 1509 1463 illo
1533 1398 1619 1484 apud
1642 1399 1723 1462 alios
1747 1398 1818 1462 fieri
1841 1398 2017 1483 petitores,
2048 1396 2102 1480 qui

451 1507 557 1592 parati
586 1527 696 1570 sumus
728 1505 768 1570 de
800 1505 862 1569 hiis
893 1527 955 1590 que
984 1505 1084 1570 habet
1112 1505 1268 1582 ecelesia,
1298 1511 1332 1568 et
1360 1504 1433 1569 aliis
1463 1523 1525 1587 que
1558 1503 1600 1567 ad
1628 1523 1815 1567 succursum
1844 1510 1932 1567 terre
1955 1500 2099 1587 predicte

452 1611 670 1695 provenerint,
693 1607 836 1672 libenter
858 1615 892 1672 et
913 1608 1095 1672 liberaliter
1120 1606 1326 1671 subvenireb.

561 1728 724 1814 Scriptum
759 1736 810 1793 est
842 1729 874 1792 in
909 1728 1049 1792 eundem
1083 1727 1214 1791 modum
1245 1728 1435 1808 comitibus,
1469 1727 1645 1791 baronibus
1682 1734 1716 1790 et
1748 1726 1821 1789 aliis
1849 1724 2017 1789 nobilibus
2045 1745 2102 1811 per

454 1832 600 1898 Siciliam
624 1832 822 1896 constitutis.

561 1951 723 2037 Scriptum
747 1959 798 2016 est
821 1951 853 2015 in
877 1949 1018 2015 eundem
1041 1950 1171 2015 modum
1194 1951 1356 2015 universis
1378 1950 1611 2036 potestatibus,
1641 1950 1823 2016 rectoribus
1847 1971 1885 2013 ac
1909 1950 2101 2013 consiliariis

453 2057 621 2122 civitatum
643 2077 703 2140 per
725 2054 1006 2120 Mediolanensem
1030 2055 1231 2140 provinciam
1254 2054 1451 2120 constitutis.

561 2175 600 2238 In
624 2174 763 2239 eundem
779 2173 912 2237 modum
929 2174 1079 2238 omnibus
1103 2172 1245 2258 regibus,
1269 2173 1521 2252 marchionibus,
1546 2171 1694 2256 ducibus,
1719 2174 1904 2255 comitibus,
1927 2173 2100 2236 baronibus

453 2285 486 2343 et
508 2279 581 2342 aliis
605 2278 769 2342 nobilibus
793 2300 852 2363 per
876 2278 1020 2362 singulas
1045 2278 1229 2364 provincias
1253 2278 1449 2341 constitutis.

1077 2573 1488 2582 ----...-.-..-

1237 2849 1323 2921 Sti.

565 2959 752 3051 Honoras
775 2988 841 3052 111
862 3009 948 3068 papa
976 2987 1154 3073 [sapora]
1180 2989 1253 3053 aaa
1273 2990 1426 3054 amam
1456 2988 1600 3065 naaria,
1631 2987 1867 3072 amaram]
1889 2987 2108 3052 amanam

454 3090 671 3169 imperatorem
700 3090 744 3154 ad
770 3110 801 3155 sc
828 3091 861 3154 ia
894 3090 1102 3170 &turpantem
1129 3093 1300 3155 uenientem
1330 3096 1436 3172 sporta
1465 3092 1602 3169 iurasse,
1631 3109 1663 3154 sc
1692 3090 1727 3152 ia
1748 3089 1827 3169 festa
1849 3091 1931 3155 beati
1952 3089 2107 3154 Iohannis

455 3191 608 3272 baptistae
623 3194 770 3272 ,aramma
788 3192 901 3278 futare
922 3197 991 3274 post
1013 3194 1173 3259 bima-iam
1195 3194 1491 3280 transfretaturum,
1518 3200 1548 3258 at
1575 3195 1618 3259 ad
1643 3193 1850 3259 exhibendam
1878 3193 2006 3274 piratas
2034 3213 2106 3275 crya
2216 3227 2220 3252 -,

458 3293 588 3359 Terram
617 3294 767 3361 Sanctam
794 3296 963 3362 devotionis
993 3297 1138 3375 affectam
1164 3297 1370 3383 [Isabatlam]
1403 3303 1513 3362 matam
1542 3298 1697 3362 Iohaams
1722 3296 1805 3378 repis
1828 3295 2108 3377 Hierosolymitaai

455 3396 604 3478 affidasse
625 3397 661 3461 in
684 3419 825 3479 acorem,
857 3421 955 3481 quara
976 3400 1013 3464 ia
1034 3400 1136 3465 codam
1158 3399 1240 3484 festo
1256 3403 1444 3485 passapiam
1469 3401 1613 3486 gencrale
1639 3421 1661 3464 a
1688 3418 1720 3464 sc
1740 3398 1893 3463 indictum
1918 3398 1981 3482 sit,·
2009 3401 2108 3462 monet

455 3499 570 3578 dacem,
592 3504 629 3564 ut
647 3521 708 3581 pro
729 3501 783 3567 bac
804 3503 924 3586 acqotr'o
946 3501 1089 3567 laborare
1110 3523 1174 3567 aaa
1195 3503 1333 3569 desistat.

1722 3589 1816 3666 1223,
1837 3587 1946 3669 April.
1968 3589 2021 3654 27.

558 3671 632 3725 Han.
650 3673 707 3725 ΙΙΙ
720 3673 785 3744 Rea.
807 3674 866 3730 Vol.
885 3676 906 3728 Ι
908 3677 936 3739 V,
957 3680 1007 3741 55;
1025 3674 1087 3728 Lib.
1114 3676 1177 3739 VH,
1196 3678 1254 3729 181.

966 3901 1117 3976 Nobili
1143 3904 1241 3976 viro
1269 3904 1371 3978 duci
1399 3903 1598 3978 Austris.

566 4048 653 4115 Satis
682 4050 845 4116 credimus
875 4051 1114 4133 incunctanter,
1146 4052 1234 4138 quod
1263 4054 1408 4118 crucifixi
1439 4061 1470 4118 te
1498 4053 1598 4118 inurit
1629 4052 1748 4118 iniuria
1775 4059 1809 4115 et
1840 4048 2018 4137 obprobria
2047 4048 2105 4112 sibi

458 4152 726 4238 exprobrantium
750 4176 849 4240 super
878 4162 910 4220 te
941 4163 1106 4241 tamquam
1130 4158 1290 4222 catholico
1312 4157 1382 4221 viro
1406 4155 1539 4238 cadunt,
1574 4159 1660 4221 sicut
1682 4163 1809 4221 tuorum
1832 4153 1953 4241 probas
1976 4172 2106 4239 operum

459 4258 671 4340 argumentis.
716 4256 777 4322 Illo
802 4259 888 4322 enim
913 4258 953 4323 de
978 4260 1069 4324 cuius
1086 4281 1220 4326 munere
1237 4263 1336 4340 venit,
1359 4267 1396 4326 ut
1419 4261 1483 4324 sibi
1505 4260 1695 4325 afidelibus
1720 4261 1787 4334 suis
1811 4259 1909 4344 digne
1934 4279 1971 4323 ac
1995 4255 2106 4321 lauda-

457 4359 569 4424 biliter
592 4361 767 4442 serviatur,
797 4362 857 4426 tibi
889 4364 1064 4428 salubriter
1086 4365 1279 4451 inspirante,
1308 4366 1384 4429 olim
1408 4365 1503 4449 quasi
1531 4365 1699 4450 abnegans
1724 4363 1948 4448 temetipsum,
1978 4369 2015 4425 ut
2036 4361 2104 4425 eius

457 4461 625 4546 obsequiis
655 4469 687 4528 te
717 4471 820 4529 totum
848 4466 1048 4544 ascriberes,
1086 4476 1253 4554 assumpto
1285 4471 1389 4534 crucis
1423 4472 1591 4555 signaculo
1625 4468 1845 4533 transfretasti
1872 4466 2044 4550 magnilica
2074 4465 2105 4526 in

458 4565 641 4630 subsidium
671 4567 772 4634 Terre
802 4567 940 4644 Sancte,
973 4570 1083 4656 ibique
1119 4592 1251 4636 causam
1280 4572 1402 4636 Christi
1437 4595 1555 4658 gerens
1591 4594 1634 4638 ex
1667 4573 1775 4636 animo
1811 4569 1853 4634 ad
1886 4577 2017 4656 tempus
2043 4575 2105 4632 tam

461 4669 599 4732 viriliter
630 4691 725 4755 quam
758 4672 883 4736 utiliter
913 4674 1078 4748 militasti;
1112 4683 1209 4760 teque
1246 4686 1399 4762 presente
1430 4684 1641 4763 prosperatus
1675 4683 1726 4741 est
1757 4674 1920 4738 Dominus
1951 4672 2105 4738 exercitui

460 4771 661 4853 Christiana,
685 4775 731 4837 ita
753 4775 839 4859 quod
861 4777 959 4862 paulo
983 4786 1057 4863 post
1080 4779 1219 4844 reditum
1242 4788 1333 4844 tuum
1357 4781 1432 4844 inde
1456 4780 1658 4860 Damiatam,
1682 4801 1745 4864 que
1769 4779 1864 4865 quasi
1885 4786 1981 4864 porta
2004 4785 2053 4842 est
2074 4781 2105 4838 et

458 4876 625 4972 munimen
649 4876 782 4965 Egypti,
807 4880 915 4944 adlete
941 4879 1062 4945 Christi
1087 4884 1354 4948 victoriosissime
1378 4891 1587 4970 occuparunt.
1643 4883 1768 4948 Verum
1791 4883 1868 4968 quia
1889 4881 1975 4946 forte
1998 4883 2104 4968 plures

458 4999 501 5042 cx
523 4979 590 5043 illis
615 4982 734 5066 repleti
758 4984 872 5069 spoliis
901 5004 965 5047 non
997 4993 1174 5071 sapuerunt
1202 4987 1403 5072 intelligere,
1438 4993 1474 5050 ut
1506 4989 1537 5052 ei
1570 4994 1659 5051 tante
1687 4986 1821 5051 victorie
1849 4985 1988 5070 gloriam
2019 4984 2103 5049 attri-

457 5080 613 5160 buerent,
642 5085 712 5148 sinc
743 5106 805 5169 quo
829 5086 919 5150 nulla
948 5094 1058 5173 potest
1086 5110 1159 5153 esse
1187 5090 1339 5166 victoria,
1369 5097 1402 5154 et
1428 5090 1516 5154 fatue
1542 5090 1725 5175 cogitantes
1749 5088 1835 5174 quod
1859 5111 1974 5154 manus
1999 5109 2105 5153 eorum

457 5186 592 5250 excelsa
621 5191 655 5250 et
685 5208 749 5251 non
776 5187 868 5252 Deus
900 5191 1009 5254 omnia
1038 5190 1099 5254 hec
1130 5192 1278 5272 fecisset,
1308 5192 1460 5256 dissoluti
1484 5199 1559 5256 sunt
1581 5192 1806 5278 multipliciter
1829 5213 1892 5256 nec
1916 5191 2103 5279 compuncti,

457 5287 719 5355 abominationes
742 5311 853 5356 eorum
875 5295 1007 5359 nolens⁰
1031 5294 1192 5360 Dominus
1216 5305 1431 5384 comportare,
1454 5297 1544 5382 ipsos
1567 5296 1741 5360 frustratos
1765 5297 1832 5360 suis
1857 5297 2104 5381 cogitationibus

458 5390 632 5479 dereliquit
654 5395 686 5459 in
704 5395 930 5461 confusionem
953 5399 1052 5462 totius
1076 5401 1190 5484 populi
1206 5399 1393 5477 Christiani,
1417 5422 1514 5485 quam
1530 5401 1609 5466 flere
1632 5401 1714 5466 libet
1737 5401 1845 5486 potius
1863 5421 1962 5485 quam
1976 5399 2102 5465 referre.
2143 5407 2172 5451 ν)

563 5685 585 5752 ·)
604 5695 648 5738 tuo
666 5687 734 5738 mea
751 5690 777 5740 iu
796 5690 827 5740 It.
912 5689 935 5755 l)
955 5693 1088 5758 provenire
1107 5691 1139 5743 a.
1221 5695 1240 5758 ο)
1259 5713 1306 5748 nec
1324 5696 1395 5748 uoles
1414 5697 1451 5754 a.-
1470 5697 1515 5748 scrt
1531 5698 1614 5749 inercia
1633 5714 1668 5748 aa
1687 5697 1787 5763 aliquid
1803 5699 1932 5750 acciderit.
