4494 6426
691 363 891 423 ariaratus
909 361 1098 424 SELECTAE.
1135 368 1211 426 1220.

219 655 228 673 .
258 655 267 673 .
293 597 461 672 illustri
486 597 579 692 regi
606 599 754 675 Sicilie
781 601 827 672 in
854 599 1155 676 Romanorum
1182 603 1495 696 imperatorem
1524 601 1678 677 electe.

231 747 430 814 Venientem
465 748 507 813 ad
540 749 741 834 presentiam
784 755 928 814 nostram
963 750 1119 817 dilectum
1158 753 1260 818 filium
1295 803 1302 817 .
1339 801 1346 816 .
1381 752 1534 818 abbatem
1566 751 1776 833 Fuldensem,

123 851 274 916 nuntium
297 856 404 932 tuum,
426 853 530 918 virum
553 851 724 937 providum
748 858 781 917 et
804 852 945 930 fidelem,
970 863 1127 919 consueta
1149 856 1351 941 benignitate
1375 856 1570 941 recepimus,
1594 861 1715 920 ettam
1738 876 1778 919 ea

125 975 188 1039 que
211 975 311 1041 super
331 957 475 1042 negotiis
498 957 562 1020 tuis
585 955 680 1021 nobis
703 956 876 1041 proposuit
898 957 973 1020 viva
995 978 1088 1036 voce,
1121 979 1219 1042 quam
1249 981 1290 1024 ea
1312 980 1375 1044 que
1398 965 1454 1024 tue
1477 959 1577 1023 misse
1601 957 1695 1023 nobis
1718 979 1778 1044 per

100 1057 267 1123 cundem
294 1059 404 1124 littere
433 1059 662 1139 continebant,
694 1059 917 1123 intelleximus
946 1060 1131 1144 diligenter.
1176 1061 1300 1127 Habito
1329 1063 1429 1147 igitur
1458 1082 1556 1148 super
1583 1062 1664 1142 hiis,
1693 1061 1778 1126 sicut

124 1161 248 1241 decuit,
278 1182 352 1226 curn
380 1161 536 1226 fratribus
564 1162 686 1226 nostris
715 1161 865 1246 diligenti
894 1164 1056 1248 colloquio
1080 1171 1113 1228 et
1135 1171 1290 1247 tractatu,
1322 1167 1491 1230 serenitati
1514 1172 1571 1231 tue
1595 1163 1776 1229 deliberato

124 1265 260 1330 consilio
289 1264 540 1350 respondemus,
571 1263 656 1349 quod
686 1264 773 1328 inter
796 1263 961 1329 desideria
984 1265 1090 1329 cordis
1121 1269 1222 1332 nostri
1252 1268 1345 1352 quasi
1367 1268 1507 1352 primum
1530 1273 1565 1333 et
1585 1266 1777 1354 precipuum

124 1374 189 1450 est,
223 1376 260 1433 ut
291 1375 347 1432 tue
382 1367 622 1432 sublimationis
654 1368 798 1432 feliciter
830 1368 982 1432 inchoata
1016 1371 1177 1454 promotio
1210 1371 1343 1435 felicius
1379 1371 1603 1450 confirmetur,
1637 1391 1710 1434 cum
1744 1368 1777 1433 id

124 1478 285 1558 exposcat
307 1478 342 1537 et
363 1471 466 1536 Terre
490 1471 609 1536 Sancte
632 1492 807 1536 succursus
831 1477 864 1535 et
887 1473 1091 1536 conservatio
1116 1475 1340 1541 ecclesiastice
1366 1474 1543 1553 libertatis,
1567 1493 1629 1559 que
1653 1472 1776 1536 invale-

59 1619 64 1642 .
125 1575 295 1640 scentibus
316 1575 351 1638 in
372 1575 538 1661 plerisque
561 1575 643 1639 locis
659 1575 831 1639 heresibus
855 1575 928 1660 plus
952 1576 1049 1639 solito
1065 1578 1283 1658 conculcatur,
1307 1585 1340 1642 et
1362 1577 1563 1663 generaliter
1584 1575 1684 1641 totius
1707 1575 1777 1640 fere

123 1679 213 1743 orbis
255 1678 491 1763 tranquillitas,
529 1699 591 1763 quc
626 1678 868 1762 insurgentibus
902 1677 1022 1763 ubique
1063 1678 1235 1744 discordiis
1276 1681 1369 1767 quasi
1403 1678 1598 1765 quibusdam
1634 1678 1778 1765 quatitur

123 1781 278 1845 fiuctibus
300 1787 543 1868 tempestatum.
588 1782 660 1846 Deo
689 1783 798 1866 itaque
829 1783 951 1867 gratias
976 1782 1155 1847 referentes
1180 1805 1279 1868 super
1302 1805 1341 1848 eo
1364 1783 1450 1868 quod
1473 1805 1574 1871 prava
1595 1784 1629 1847 in
1652 1781 1776 1846 directa
1798 1796 1904 1848 aaran

124 1891 159 1949 et
186 1906 303 1970 aspera
328 1891 522 1949 convertens
550 1885 584 1947 in
613 1886 726 1971 plana,
756 1884 909 1949 veniendi
937 1884 979 1948 ad
1009 1886 1255 1966 suscipiendum
1283 1885 1323 1950 de
1354 1908 1443 1952 more
1472 1887 1602 1973 imperii
1628 1884 1779 1950 diadema

124 1989 378 2074 oportunitatem
412 1987 472 2052 tibi
507 1988 622 2051 tribuit
654 2008 674 2050 a
704 1987 800 2050 nobis
827 1987 950 2051 diutius
979 1994 1185 2073 exoptatam,
1222 1989 1418 2054 excellentie
1454 1997 1510 2054 tue
1540 1989 1777 2074 significatione

61 2125 71 2160 ι
124 2091 327 2177 presentium
350 2091 571 2171 declaramus,
604 2090 789 2176 quodlicet
812 2091 1063 2176 predecessores
1087 2093 1136 2155 tui
1158 2114 1218 2178 pro
1240 2100 1331 2157 tanto
1355 2094 1487 2178 negotio
1511 2093 1778 2180 archiepiscopos

124 2201 159 2257 et
187 2195 360 2280 episcopos
391 2215 429 2258 ao
457 2195 540 2259 alios
572 2195 814 2258 ecclesiasticos
854 2202 887 2258 et
921 2195 1087 2259 seculares
1122 2197 1288 2281 principes
1323 2204 1565 2261 consueverunt
1596 2196 1637 2262 ad
1665 2195 1777 2260 sedem

123 2298 339 2382 apostolicam
366 2297 549 2378 destinare,
580 2319 639 2362 nos
671 2306 781 2362 tamen
812 2307 846 2362 et
877 2299 995 2362 fratres
1024 2301 1142 2377 nostri,
1174 2301 1308 2364 excluso
1338 2300 1514 2365 cuiuslibet
1536 2299 1720 2364 occasionis
1744 2305 1778 2362 et

123 2400 324 2464 difficultatis
353 2401 538 2480 obstaculo,
573 2402 677 2487 parati
707 2408 740 2466 et
767 2403 943 2466 voluntarii
974 2423 1085 2466 sumus
1119 2403 1280 2467 eam'tibi
1311 2404 1591 2469 honorificentiam
1620 2402 1777 2488 promptis

123 2505 242 2569 animis
265 2505 432 2586 exhibere,
457 2527 552 2592 quam
576 2527 596 2570 a
616 2505 904 2592 predecessoribus
926 2506 1049 2569 nestris
1072 2506 1120 2570 tui
1142 2513 1384 2572 consueverunt
1404 2507 1551 2591 recipere
1575 2504 1778 2570 decessores.

48 2650 72 2685 2,
124 2606 289 2691 Legatum
319 2629 447 2693 quoque
476 2609 516 2671 ad
545 2609 706 2673 Teutonis
737 2616 848 2694 partes
880 2608 973 2672 iuxta
1001 2609 1193 2694 petitionem
1226 2611 1351 2694 regiam
1380 2609 1567 2674 curabimus
1600 2607 1777 2686 destinare,

122 2731 184 2794 per
206 2711 298 2775 cuius
320 2711 573 2776 sollicitudinem
601 2717 634 2775 et
665 2711 870 2796 prudentiam
902 2718 1006 2775 status
1030 2717 1116 2776 terre
1140 2713 1272 2777 favente
1294 2712 1436 2777 Domino
1461 2713 1495 2776 in
1517 2733 1599 2799 pace
1624 2732 1662 2776 ac
1686 2716 1776 2774 tran-

123 2813 287 2897 quillitate
323 2821 482 2880 servetur.
537 2814 661 2879 Verum
697 2815 773 2898 quia
807 2836 880 2878 cum
921 2815 982 2878 hec
1017 2815 1224 2900 scripsimus,
1265 2816 1305 2881 de
1346 2837 1488 2902 persona
1521 2814 1680 2880 mittenda
1712 2835 1777 2878 non

122 2916 424 2982 deliberaveramus
446 2917 486 2982 ad
510 2919 660 3004 plenum,
684 2925 734 2998 tu,
757 2940 822 2982 non
846 2924 1022 3004 expectato
1046 2919 1117 2984 eius
1141 2919 1297 3000 adventu,
1328 2921 1356 2984 si
1379 2920 1464 2985 forte
1488 2920 1552 2984 iter
1575 2919 1646 2984 eius
1668 2918 1779 3002 aliqua

123 3021 331 3105 contingeret
361 3021 533 3086 occasione
560 3021 699 3094 differri,
724 3022 953 3086 nichilominus
977 3023 1040 3086 iter
1063 3023 1201 3108 arripias
1226 3023 1366 3088 celerius
1390 3022 1559 3103 veniendi,
1582 3043 1624 3086 ne
1647 3027 1777 3107 tempus

48 3165 72 3200 21,
124 3133 180 3189 tue
205 3124 348 3189 adventu
372 3132 567 3211 oportunum
592 3126 651 3189 sub
676 3126 906 3211 expectatione
929 3124 1116 3189 huiusmodi
1139 3124 1313 3190 dilabatur.

232 3243 309 3308 Dat.
332 3244 483 3326 Viterbii,
507 3244 576 3309 IIII
599 3245 678 3311 Idus
700 3247 804 3334 April.
827 3247 1036 3332 pontificatus
1059 3247 1162 3311 nostri
1185 3266 1270 3311 anno
1294 3253 1418 3334 quarto.

834 3490 1072 3496 --η-..μ-..ι--ιω-...ῲ
1084 3491 1106 3496 ..,-
1114 3489 1132 3496 .-

916 3673 998 3788 117ss

237 3827 425 3921 Hortarius
446 3856 511 3921 ΙΙΙ
525 3876 614 3936 papa
631 3855 786 3922 Demade
807 3857 862 3940 [de
886 3855 1062 3940 Marbarp]
1089 3855 1243 3937 inirrnpit,
1270 3859 1306 3919 ut
1334 3854 1562 3938 cmwmipnatos
1590 3853 1634 3918 ad
1654 3855 1779 3918 celerem

124 3961 244 4026 Terrae
267 3961 402 4024 Sanctae
423 3977 603 4023 succesum
624 3959 797 4040 compellat,
824 3959 1060 4043 widericum]
1082 3957 1296 4022 Rornanorum
1325 3977 1425 4040 repens
1447 3958 1576 4022 sollicite
1597 3955 1778 4033 inducendo,

121 4069 159 4127 ut
180 4065 210 4128 si
231 4064 298 4144 ipse
320 4083 404 4128 nanc
426 4062 634 4144 transfretare
655 4064 838 4144 maluerit,
860 4083 910 4128 cos
931 4063 1065 4128 marta
1085 4081 1150 4126 non
1171 4061 1318 4129 detincat.

1348 4165 1442 4242 1220,
1464 4163 1691 4246 Apelt-Iun.

232 4249 306 4304 Hor.
325 4251 380 4304 ΙΙΙ
394 4248 464 4320 Rep.
486 4249 544 4304 Vol.
562 4252 604 4315 ΙΙ,
622 4253 691 4312 me,-
709 4250 772 4305 In'b.
791 4249 843 4316 IV,
863 4254 923 4304 744.

230 4336 365 4401 Potttcst,
383 4336 453 4406 Req.
473 4339 551 4390 6244.

266 4548 481 4642 Magistro
510 4547 732 4638 Conrado,
760 4547 1002 4622 scolastico
1029 4549 1307 4640 Magantino,
1334 4548 1567 4642 capellano
1595 4552 1638 4621 et

693 4669 1012 4760 penitentiario
1040 4676 1207 4745 nostre.

239 4821 378 4910 Experti
400 4828 456 4886 tue
480 4820 654 4907 probitatis
678 4819 872 4884 industriam
896 4826 930 4884 et
952 4819 1030 4885 fidei
1053 4821 1246 4905 puritatem,
1269 4841 1307 4884 ac
1330 4840 1390 4905 per
1412 4818 1473 4882 hoo
1497 4815 1714 4881 indubitatam
1737 4815 1779 4880 de

126 4937 161 4991 te
185 4926 339 4992 fiduciam
362 4926 567 5002 obtinentes,
590 4931 623 4988 te
646 4923 688 4987 ad
711 4929 821 5009 partes
845 4923 1006 4988 Teutonis
1029 4923 1180 4987 duximus
1203 4921 1452 5000 destinandum,
1475 4929 1512 4985 ut
1534 4919 1634 4986 Terre
1659 4919 1779 4983 Sancte

128 5051 321 5094 succursum
338 5028 517 5094 seeundum
535 5027 645 5092 datam
661 5026 720 5091 tibi
737 5048 756 5091 a
771 5027 844 5091 Deo
860 5026 1069 5112 prudentiam
1084 5027 1218 5091 studeas
1242 5026 1423 5091 efficaciter
1444 5044 1629 5111 procurare.
1675 5021 1780 5085 Tuam

126 5155 208 5220 ergo
231 5133 445 5198 sollicitamus
468 5132 686 5219 prudentiam,
708 5131 902 5195 auctoritate
925 5129 985 5194 tibi
1008 5130 1210 5216 presentium
1234 5130 1454 5214 iniungentes,
1477 5127 1628 5212 quatinus
1651 5125 1779 5188 litteras

126 5237 318 5323 generales,
342 5257 422 5322 quas
444 5258 503 5322 pre
528 5235 644 5302 eodem
666 5235 800 5319 negotio
822 5233 1035 5316 destinamus,
1059 5255 1228 5320 exponens
1245 5254 1306 5319 per
1328 5238 1430 5296 totam
1445 5229 1641 5296 Teutoniam
1656 5225 1780 5291 Christi

127 5339 283 5406 fidelibus
306 5337 493 5426 diligenter,
516 5341 606 5425 ipsos
630 5337 671 5402 ad
695 5339 837 5402 celerem
852 5336 939 5401 dicte
957 5343 1043 5401 terre
1061 5357 1250 5401 succursum
1267 5334 1381 5400 sedulo
1397 5332 1594 5412 exhorteris,
1617 5337 1651 5396 et
1666 5335 1779 5394 aucto-

127 5445 227 5508 ritate
250 5449 364 5508 nostra
385 5443 537 5528 iniunges
554 5443 612 5522 eis,
635 5461 695 5527 per
711 5461 791 5526 quos
807 5460 911 5526 nuper
926 5441 961 5505 in
976 5439 1123 5525 partibus
1140 5440 1205 5504 illis
1221 5437 1385 5525 predicari
1400 5435 1625 5501 mandavimus
1640 5433 1776 5499 verbum

126 5546 252 5626 crucis,
275 5565 313 5609 ao
338 5545 431 5625 aliis,
461 5553 559 5632 prout
580 5544 701 5609 rideris
725 5542 899 5630 expedire,
930 5549 967 5607 ut
989 5542 1022 5606 id
1044 5543 1152 5629 ipsum
1176 5542 1316 5607 sollicite
1340 5561 1379 5606 ac
1402 5539 1542 5606 fideliter
1565 5543 1780 5624 exequantur,

127 5673 201 5716 cum
225 5650 377 5726 velimus,
400 5657 436 5714 ut
459 5649 518 5713 tibi
542 5654 610 5711 tam
632 5667 652 5711 a
673 5646 932 5733 predicatoribus
956 5646 1037 5734 ipsis
1062 5667 1157 5732 quarn
1180 5646 1254 5710 aliis
1277 5646 1310 5709 in
1334 5643 1503 5724 omnibus,
1532 5663 1595 5728 que
1618 5641 1680 5705 hoe
1705 5662 1781 5705 eon·

1524 5763 1575 5816 11*
