4576 6390
429 414 492 475 494
1013 401 1061 457 EX
1080 398 1254 459 ennoean
1272 399 1311 454 IX
1329 398 1510 457 REGIS'I'RO

431 582 610 649 secundum
638 580 787 668 proprias
817 578 991 642 facultates
1022 579 1056 642 in
1084 597 1274 642 succursum
1305 573 1407 639 Terre
1432 573 1551 640 Sancte
1581 573 1733 640 alacriter
1765 572 1941 640 destinare.
1988 573 2033 638 Et
2064 573 2091 638 si

430 689 471 753 ad
503 689 565 752 hoc
594 681 887 769 unumquodlibet
918 703 983 745 non
1015 681 1170 760 sufficiat,
1200 681 1296 766 plura
1324 681 1561 766 coniungantur
1588 681 1622 744 in
1650 701 1769 756 unum,
1802 680 1879 765 quia
1906 699 1966 764 pro
1998 685 2090 742 certo

431 812 610 879 speramus,
635 787 722 874 quod
744 806 883 872 persone
906 806 972 849 non
989 782 1136 862 deemnt,
1160 784 1188 847 si
1212 804 1357 869 expense
1377 805 1440 847 non
1463 783 1642 859 defuerint;
1665 783 1870 870 postulantes
1893 781 1956 846 hoc
1980 783 2090 868 ipsum

429 917 450 960 a
471 895 605 980 regibus
629 899 663 957 et
684 889 906 977 principibus,
933 888 1108 952 comitibus
1132 893 1165 951 et
1188 885 1376 966 baronibus,
1400 887 1539 971 aliisque
1557 886 1774 972 magnatibus,
1798 886 1853 970 qui
1867 885 2007 950 forsitan
2030 905 2091 969 per

432 1021 467 1063 se
499 998 590 1083 ipsos
624 994 842 1082 personaliter
875 1012 941 1055 non
976 991 1176 1055 accesserint
1210 989 1251 1052 ad
1286 990 1478 1074 obsequium
1513 988 1678 1053 crucifixi.
1723 988 1754 1052 A
1789 989 1975 1053 civitatibus
2009 1009 2089 1052 vero

431 1102 565 1165 marinis
588 1093 706 1163 navale
730 1094 913 1162 subsidium
936 1094 1152 1180 postulamus.
1197 1091 1333 1156 Clericis
1357 1112 1434 1156 vero
1459 1091 1497 1155 ad
1521 1092 1584 1155 hoc
1607 1091 1776 1176 negotium
1793 1090 1990 1155 necessariis
2014 1112 2091 1176 pro-

433 1204 571 1268 vidimus
596 1199 847 1286 indulgendum,
870 1204 907 1263 ut
929 1197 1017 1261 omni
1041 1193 1297 1260 contradictione
1322 1200 1473 1258 cessante
1495 1192 1730 1259 beneficiomm
1756 1215 1886 1258 suorum
1909 1200 2091 1280 proventus

432 1313 567 1392 propter
589 1307 651 1371 hoc
674 1305 806 1369 valeant
828 1322 931 1386 usqne
955 1299 996 1364 ad
1018 1299 1195 1363 triennium
1217 1298 1346 1384 pignori
1369 1297 1533 1383 obligare,
1556 1299 1602 1362 ita
1624 1304 1751 1378 tamen,
1776 1296 1861 1384 quod
1884 1299 1946 1378 illi,
1970 1296 2092 1383 quibus

434 1408 685 1475 committendos
709 1406 863 1472 duxerint
888 1405 940 1469 vel
970 1405 1069 1468 ctiam
1099 1399 1308 1486 obligandos,
1341 1401 1426 1464 infra
1448 1402 1666 1488 prescriptum
1689 1408 1819 1487 tompus
1843 1423 1916 1466 cum
1941 1423 1982 1466 ea
2005 1401 2091 1464 inte-

435 1516 553 1600 gritate
577 1517 753 1599 proventus
777 1509 959 1596 percipiant
982 1505 1179 1586 antedictos,
1209 1527 1282 1569 cum
1305 1525 1369 1589 qua
1390 1505 1453 1590 ipsi
1477 1526 1534 1570 eos
1558 1505 1795 1591 perciperenra,
1819 1505 1902 1568 siin
1928 1505 2090 1584 ecclesiis,

435 1619 468 1681 in
492 1618 610 1702 quibus
634 1616 723 1702 ipsos
749 1614 916 1698 optinent,
949 1611 1168 1696 personaliter
1194 1607 1386 1674 residerent.
1432 1608 1517 1682 Quia
1539 1629 1617 1673 vero
1641 1609 1821 1673 subsidium
1845 1608 1946 1674 Terre
1970 1607 2092 1672 Sancte

434 1721 571 1785 multum
594 1717 746 1804 impediri
762 1717 816 1780 vel
831 1714 991 1780 retardari
1007 1715 1223 1798 contingeret,
1246 1713 1281 1776 si'
1293 1717 1368 1776 ante
1390 1714 1632 1798 susceptionem
1650 1714 1755 1777 crucis
1772 1713 1949 1797 quemlibet
1967 1712 2093 1777 exami-

435 1846 514 1889 nare
538 1827 721 1909 oporteret,
745 1841 786 1885 an
810 1826 899 1884 essct
921 1817 1058 1882 idoneus
1082 1824 1115 1881 et
1139 1817 1304 1882 sufficiens
1328 1816 1370 1880 ad
1393 1816 1578 1881 huiusmodi
1602 1822 1712 1882 votum
1736 1816 1953 1902 personaliter
1976 1836 2092 1900 prose·

435 1917 610 2012 quendum,
634 1923 853 2004 concedimus,
876 1928 922 2003 ut,
946 1921 1153 2007 regularibus
1174 1921 1324 2008 personis
1349 1923 1508 2007 exceptis,
1532 1921 1713 2007 suscipiant
1728 1920 1912 2006 quicunque
1928 1920 2094 1984 voluerint

436 2030 566 2114 signum
590 2029 712 2104 crucia,
742 2027 788 2090 ita
811 2025 897 2110 quod
928 2025 955 2088 si
983 2045 1105 2108 urgens
1128 2024 1307 2088 necessitas
1331 2028 1387 2087 ant
1411 2023 1546 2088 evidens
1570 2025 1695 2088 utilitas
1719 2023 1948 2109 postulaverit,
1980 2030 2093 2086 votum

437 2133 544 2219 ipsum
562 2131 602 2196 dc
621 2129 773 2194 mandato
791 2129 970 2215 apostolico
993 2128 1098 2213 possit
1120 2127 1311 2191 commutari
1334 2134 1391 2190 aut
1406 2126 1522 2191 redimi
1544 2133 1600 2190 aut
1616 2126 1748 2191 differri.
1794 2125 1964 2190 Universis
1982 2133 2094 2191 autern

437 2237 651 2301 ecclesiarum
680 2234 817 2320 prelatis
849 2231 995 2295 districte
1025 2230 1240 2316 precipimus,
1273 2235 1309 2293 ut
1337 2229 1457 2314 singuli
1484 2251 1544 2316 per
1571 2231 1644 2293 loca
1672 2251 1731 2293 sua
1754 2230 1844 2310 illos,
1875 2231 1930 2314 qui
1963 2231 2094 2313 signnm

437 2340 542 2403 crucis
565 2338 802 2424 deposuerunt,
832 2355 1001 2399 resumere
1024 2353 1062 2396 ac
1090 2339 1157 2396 tam
1185 2333 1275 2417 ipsos
1299 2353 1395 2417 quarn
1424 2332 1506 2395 alios
1530 2333 1792 2417 crucesignatos,
1823 2339 1856 2397 ct
1881 2354 1961 2418 quos
1985 2333 2094 2397 adhuc

438 2443 559 2526 signari
588 2441 778 2525 contigerit,
810 2437 851 2502 ad
880 2435 1081 2500 reddendum
1110 2434 1253 2499 Domino
1281 2441 1357 2498 vota
1390 2455 1448 2498 sua
1479 2434 1654 2518 diligenter
1681 2442 1837 2501 moneant
1863 2442 1895 2500 et
1926 2435 2094 2502 inducant.

438 2544 603 2624 Ceterum,
627 2545 703 2629 quia
726 2543 861 2608 cursarii
884 2547 918 2606 et
940 2548 1055 2627 pyrate
1078 2540 1175 2603 nimis
1199 2538 1380 2625 impediunt
1402 2538 1585 2603 subsidium
1601 2539 1702 2603 Terre
1720 2538 1849 2618 Sancte,
1874 2539 2034 2634 capiendo
2059 2547 2093 2605 et

438 2647 610 2735 spoliando
634 2652 843 2710 transeuntes
867 2643 908 2706 ad
932 2644 1021 2707 illam
1045 2650 1078 2707 et
1100 2643 1141 2707 ab
1165 2645 1222 2707 illa
1246 2647 1460 2722 revertentes,
1484 2663 1544 2705 nos
1568 2663 1625 2706 eos
1650 2649 1682 2706 et
1704 2643 1901 2729 principales
1925 2642 2094 2708 adiutores

439 2757 473 2814 et
494 2751 640 2814 fautores
665 2748 1013 2814 excommunicationis
1037 2748 1168 2812 vinculo
1192 2746 1403 2824 innodamus,
1428 2747 1488 2810 sub
1511 2747 1777 2811 interminatione
1801 2747 2019 2811 anathematis
2045 2748 2095 2810 in-

439 2854 592 2919 hibentes
620 2873 660 2916 ne
697 2853 768 2937 quis
800 2872 873 2920 cum
905 2852 953 2915 eis
984 2852 1126 2915 scienter
1159 2851 1379 2916 communicet
1406 2851 1439 2913 in
1470 2851 1579 2935 aliquo
1609 2849 1806 2914 venditionis
1837 2852 1890 2914 vel
1919 2851 2096 2936 emptionis

441 2962 619 3034 contractu,
642 2955 850 3039 iniungentes
867 2954 1048 3017 rectoribus
1063 2955 1231 3017 civitatum
1255 2959 1288 3017 et
1310 2955 1455 3017 locorum
1475 2975 1617 3031 suorum,
1640 2960 1676 3018 ut
1699 2974 1757 3017 eos
1781 2954 1822 3018 ab
1844 2954 1905 3017 hac
1922 2955 2096 3039 iniquitate

442 3065 598 3123 revocent
627 3062 660 3122 et
689 3063 909 3144 compescant.
955 3055 1125 3142 Alioquin,
1157 3057 1233 3141 qnia
1261 3056 1349 3120 nolle
1378 3055 1570 3141 perturbare
1599 3077 1771 3142 perversos
1800 3057 1901 3122 nichil
1930 3058 2018 3121 alind
2043 3067 2096 3122 est
2164 3088 2176 3122 s

442 3181 538 3245 quam
554 3161 678 3240 fovere,
694 3183 755 3225 nec
771 3168 861 3226 caret
876 3162 1028 3248 scrupulo
1045 3161 1213 3226 societatis
1229 3161 1367 3241 occulte,
1387 3161 1443 3245 qui
1458 3161 1630 3224 manifesto
1647 3162 1785 3225 facinori
1797 3160 1937 3238 desinitb
1949 3163 2096 3244 obviare,

442 3285 502 3328 nos
525 3265 558 3327 in
581 3285 738 3350 personas
763 3272 796 3330 et
818 3271 922 3328 terras
946 3286 1058 3329 eorum
1090 3264 1298 3328 severitatem
1322 3264 1580 3329 ecclesiasticam
1612 3265 1795 3329 curavimus
1819 3287 1992 3347 exercere,
2021 3289 2097 3331 cum

442 3368 526 3431 tales
549 3389 614 3432 non
642 3369 748 3433 minus
771 3389 867 3453 quarn
892 3367 1065 3431 Sarraceni
1089 3365 1306 3431 adversentur
1328 3368 1453 3431 nomini
1477 3367 1674 3433 Christiano.
1719 3368 1918 3434 Innovamus
1943 3377 2097 3456 preterea

443 3471 790 3535 excommunicationis
821 3472 1018 3536 sententiam
1046 3471 1079 3533 in
1110 3471 1274 3535 Laterano
1310 3473 1448 3536 concilio
1477 3472 1717 3558 promulgatam
1747 3471 1905 3536 adversus
1935 3494 2011 3549 eos,
2040 3475 2097 3558 qui

444 3573 635 3637 Sarracenis
664 3595 767 3655 arma,
799 3575 920 3639 ferrum
949 3580 981 3638 et
1011 3574 1188 3657 lignamina
1217 3575 1368 3640 deferunt
1392 3577 1576 3660 galearum,
1609 3576 1727 3661 quique
1752 3576 1784 3638 in
1807 3577 1955 3663 piraticis
1979 3575 2096 3640 Sarra-

444 3698 598 3741 cenorum
620 3678 758 3743 navibus
782 3699 892 3741 curam
920 3676 1165 3762 gubernationis
1194 3685 1351 3742 exercent
1380 3680 1433 3743 vel
1462 3679 1495 3742 in
1525 3679 1685 3742 machinis
1713 3678 1766 3743 vel
1794 3680 1996 3764 quibuslibet
2023 3682 2099 3745 aliis

444 3781 575 3864 aliquod
605 3782 652 3846 eis
683 3779 876 3865 impendunt
908 3779 1079 3844 consilium
1108 3781 1162 3844 vel
1189 3782 1348 3845 auxilium
1377 3782 1410 3845 in
1438 3781 1539 3846 Terre
1570 3780 1689 3846 Sancte
1721 3781 1942 3868 dispendium,
1973 3805 2099 3870 eosque

443 3903 552 3947 rerum
577 3904 707 3948 suarum
730 3883 913 3969 privatione
930 3883 1060 3946 multari
1084 3890 1117 3947 ct
1133 3885 1332 3970 capientium
1356 3906 1480 3965 servos,
1505 3885 1533 3949 si
1556 3885 1644 3970 capti
1665 3886 1797 3965 fuerint,
1820 3885 1891 3951 fore
1909 3909 2099 3963 censemus;

443 3987 664 4072 precipientes
688 3993 724 4051 ut
751 4008 811 4074 per
834 4008 946 4050 omnes
969 3986 1068 4050 urbes
1099 3989 1242 4051 marinas
1264 3988 1381 4053 diebus
1404 3988 1577 4052 dominicis
1601 3995 1635 4053 et
1656 3988 1786 4053 festivis
1809 3990 1996 4055 huiusmodi
2021 4013 2099 4055 sen-

445 4090 549 4154 tentia
570 4091 701 4175 publice
724 4091 906 4154 innovetur.
952 4089 995 4153 Et
1017 4089 1137 4154 talibus
1160 4092 1321 4175 gremium
1344 4112 1410 4155 non
1433 4092 1599 4176 aperiatur
1622 4092 1773 4172 ecclesie,
1795 4092 1859 4157 nisi
1883 4099 1986 4158 totum
2010 4095 2098 4180 quod

446 4191 486 4256 dc
510 4195 705 4258 commercio
730 4201 796 4258 tam
821 4192 998 4256 damnabili
1021 4195 1245 4280 perceperint,
1269 4195 1302 4258 in
1326 4193 1507 4258 subsidium
1530 4193 1632 4258 'Perre
1656 4193 1776 4259 Sancte
1800 4197 2036 4278 transmittant,
2061 4205 2099 4263 ut

447 4317 531 4381 equo
555 4296 675 4360 iudicio
702 4298 734 4359 in
765 4317 828 4380 qno
852 4295 1050 4380 deliquerint
1071 4298 1258 4383 puniantur.
1304 4296 1400 4369 Quod
1429 4298 1457 4360 si
1480 4297 1562 4362 forte
1587 4299 1743 4363 solvendo
1768 4301 2007 4365 satisfacientes
2032 4323 2098 4366 non

446 4400 585 4479 fuerint,
617 4401 664 4462 sic
694 4400 776 4463 alias
807 4405 917 4464 reatus
947 4400 1062 4464 talium
1090 4401 1283 4484 castigetur,
1312 4400 1398 4485 quod
1430 4402 1463 4464 in
1492 4423 1579 4487 pena
1608 4403 1754 4488 ipsorum
1782 4404 1856 4468 aliis
1884 4405 2100 4470 interdicatur

447 4502 585 4566 audacia
607 4502 742 4566 similia⁰
765 4501 986 4588 presumendi.
1032 4502 1117 4575 Quia
1133 4524 1210 4567 vero
1234 4503 1274 4566 ad
1300 4503 1363 4567 hoc
1387 4506 1554 4589 negotium
1571 4505 1800 4591 exequendum
1824 4514 1874 4572 est
1894 4509 2099 4595 permaxime

447 4605 681 4682 necessarium,
703 4611 741 4669 ut
763 4606 928 4692 principes
953 4613 986 4669 et
1001 4606 1114 4691 populi
1130 4606 1307 4670 Christiani
1329 4606 1370 4671 ad
1393 4608 1533 4672 invicem
1552 4630 1667 4695 pacem
1685 4609 1872 4690 observent,
1895 4613 1988 4676 iuxta
2009 4612 2097 4698 quod

449 4714 606 4772 statutum
630 4709 736 4772 estin
760 4708 897 4771 concilio
921 4708 1083 4793 generali,
1107 4709 1256 4773 volumus
1280 4715 1313 4773 et
1335 4709 1546 4793 mandamus,
1570 4719 1606 4776 ut
1629 4714 1745 4777 saltem
1767 4736 1828 4800 per
1849 4713 2098 4799 quadriennium

448 4813 482 4876 in
505 4817 574 4875 toto
599 4812 676 4876 orbe
702 4811 888 4876 Christiano
911 4834 976 4898 pax
999 4812 1199 4895 generaliter
1223 4812 1433 4891 observetur,
1457 4815 1502 4878 ita
1525 4815 1610 4900 qnod
1634 4837 1693 4901 per
1716 4819 1930 4882 ecclesiarum
1952 4820 2098 4904 prelatos

448 4914 672 4979 discordantes
696 4914 892 4979 reducantur
914 4915 954 4980 ad
977 4916 1105 5001 plenam
1130 4936 1245 5000 pacem
1269 4923 1325 4980 aut
1345 4917 1471 4982 firmam
1494 4925 1642 5003 treugam
1665 4920 1899 4985 inviolabiliter
1921 4920 2098 4988 observanss

449 5019 533 5083 dam.
578 5018 622 5082 Et
645 5019 700 5103 qui
722 5017 936 5103 adquiescere
963 5017 1049 5083 forte
1078 5018 1375 5105 contempserintd,
1404 5042 1465 5106 per
1486 5023 1858 5088 excommunicationem
1883 5026 1916 5089 in
1939 5048 2098 5112 personas

450 5129 483 5187 et
506 5122 713 5186 interdictum
735 5123 768 5186 in
790 5130 897 5187 terras
920 5121 1101 5186 arctissime
1125 5124 1373 5207 compellantur,
1396 5125 1461 5188 nisi
1482 5131 1574 5189 tanta
1595 5126 1693 5189 fuerit
1715 5127 1938 5193 iniuriatorum
1961 5132 2097 5214 malitia,

449 5224 535 5310 quod
556 5246 621 5289 non
645 5225 788 5290 debeant
810 5247 891 5311 pace
914 5223 1068 5309 gaudere.
1114 5223 1208 5297 Quod
1232 5226 1260 5290 si
1282 5226 1366 5291 forte
1390 5247 1560 5290 censuram
1584 5228 1841 5294 ecclesiasticam
1857 5233 2099 5319 vilipenderint,

449 5334 603 5414 poterunt
631 5350 695 5392 non
724 5329 886 5394 immerito
916 5327 1106 5408 formidare,
1136 5350 1178 5393 ne
1205 5350 1264 5416 per
1292 5330 1521 5394 anctoritatem
1548 5332 1689 5396 ecclesie
1718 5340 1830 5398 contra
1858 5357 1916 5400 eos
1943 5343 2099 5423 tanquam

449 5432 696 5516 perturbatores
720 5433 844 5517 negotii
861 5432 1017 5496 Crucilixi
1041 5433 1197 5497 secularis
1220 5434 1370 5519 potentia
1392 5433 1573 5498 inducatur.
1618 5434 1843 5522 Accingantur
1863 5439 1962 5524 igitur
1984 5462 2098 5506 omnes

555 5693 577 5758 ¹)
594 5701 763 5760 perceperunt
779 5693 816 5744 Μ.
898 5691 920 5758 ι’)
938 5694 1004 5744 desit
1021 5693 1058 5744 M.
1140 5691 1161 5759 e)
1179 5695 1301 5746 similium
1319 5694 1357 5745 M.
1438 5695 1461 5762 ὖ)
1480 5698 1659 5766 contempserit
1676 5696 1713 5750 Μ,
