4494 6426
425 374 485 435 134
1014 347 1061 426 air
1080 371 1237 426 Honoan
1255 373 1295 427 111
1313 369 1494 426 anorsrao

425 543 590 607 commissi
620 544 758 608 salutem
788 544 955 610 continere
984 552 1179 625 noscuntur,
1210 568 1354 611 annuere
1383 567 1448 610 non
1477 545 1638 610 immerito
1669 542 1859 610 debeamus.
1903 543 1957 607 Ex
1985 549 2077 629 parte

425 647 586 731 siquidem
600 653 665 712 ¹tua
688 647 750 712 fuit
772 649 867 712 nobis
891 648 1058 714 humiliter
1081 650 1315 736 supplicatum,
1344 654 1380 714 ut
1403 670 1476 714 cum
1500 649 1641 713 ecclesie
1673 655 1745 726 tue,
1775 649 1809 712 in
1837 669 1903 734 qua
1930 648 2077 712 canonici

427 751 596 834 regulares
621 752 785 831 existunt,
814 753 897 818 velis
925 754 1019 817 iuxta
1042 755 1309 818 constitutionem
1333 754 1464 817 concilii
1493 753 1659 838 generalis
1681 752 1722 816 de
1746 752 1855 836 aliquo
1877 752 1947 815 viro
1971 751 2076 836 perito

423 853 457 917 in
480 854 636 919 facultate
660 854 847 940 theologica
870 855 1053 942 providere,
1078 857 1133 942 qui
1157 862 1189 921 et
1212 857 1301 943 ipsos
1325 855 1443 921 docere
1467 857 1575 920 valcat
1598 863 1631 920 et
1655 855 1827 919 commisso
1851 854 1912 918 tibi
1935 855 2022 918 clero
2047 861 2079 916 et

424 958 545 1042 populo
577 957 763 1022 ministrare
797 958 953 1043 pabulum
987 959 1081 1023 verbi
1114 958 1198 1040 Dei,
1233 960 1309 1044 quia
1342 959 1497 1024 indecens
1532 958 1699 1023 videretur
1731 957 1880 1043 personis
1915 957 2078 1040 religiosis
2130 981 2140 1015 r·

260 1077 327 1118 near.
346 1080 599 1146 maopersonam
623 1061 802 1146 adiungere
825 1063 877 1127 vel
900 1063 1008 1148 potius
1032 1063 1191 1149 preficere
1216 1064 1414 1143 secularem,
1438 1084 1510 1127 cum
1534 1083 1740 1146 nequaquam
1763 1062 1796 1124 in
1818 1061 1904 1125 bove
1928 1081 1966 1124 ac
1989 1060 2079 1123 asino

426 1164 469 1227 sit
491 1163 648 1228 arandum
671 1186 732 1230 nec
754 1164 921 1230 induenda
945 1167 987 1230 sit
1009 1167 1112 1230 vestis
1136 1166 1202 1230 lino
1227 1167 1366 1250 lanaque
1390 1172 1557 1242 contexta,
1581 1165 1640 1228 tibi
1664 1164 1852 1229 assumendi
1874 1162 1916 1228 ad
1940 1163 2081 1227 officium

425 1266 610 1331 huiusmodi
633 1268 826 1353 magistrum
848 1267 888 1331 B.
921 1269 1116 1334 monachum
1147 1269 1339 1332 monasterii
1369 1268 1410 1333 de
1434 1267 1572 1332 Hausen
1600 1268 1821 1352 Augustensis
1851 1266 2009 1346 diocesis,
2039 1264 2079 1328 de

425 1371 518 1435 cuius
543 1372 681 1436 seientia
704 1379 737 1436 et
760 1372 919 1456 religione
943 1373 1066 1458 liquido
1090 1374 1151 1437 tibi
1174 1381 1319 1452 constat,
1348 1373 1515 1437 licentiam
1540 1371 1722 1436 concedere
1747 1369 1966 1454 dignaremur.
2012 1368 2079 1431 Nos

424 1475 535 1559 itaque
557 1474 623 1538 tuis
647 1475 940 1560 supplicationibus
963 1476 1188 1541 favorabiliter
1211 1482 1404 1551 annuentes,
1429 1475 1624 1540 fraternitati
1647 1481 1719 1554 tue,
1743 1473 1783 1536 de
1807 1495 1871 1558 qua
1893 1473 2024 1559 plenam
2048 1473 2079 1534 in
2141 1499 2152 1530 o

425 1575 567 1640 Domino
591 1575 742 1640 fiduciam
766 1576 963 1656 obtinemus,
986 1579 1154 1643 licentiam
1178 1579 1388 1643 concedimus
1411 1579 1618 1664 postulatam.

533 1694 610 1762 Dat.
632 1694 785 1760 Lateran.
809 1695 876 1760 VII
899 1697 948 1764 Id.
971 1698 1067 1765 febr.
1092 1720 1178 1763 anno
1202 1706 1308 1764 sexto.

1047 1927 1343 1935 m—-ss,
1350 1927 1367 1932 .-
1371 1929 1373 1932 .
1377 1926 1457 1932 “—

1224 2137 1307 2208 191.

534 2229 722 2323 Honorias
744 2257 811 2322 ΙΙΙ
824 2279 912 2339 papa
935 2258 995 2326 Pla
1024 2260 1212 2324 subdiacono
1238 2259 1342 2339 priori
1362 2258 1474 2324 Sancti
1504 2256 1593 2322 Petri
1620 2262 1649 2322 et
1676 2257 1895 2324 areimimmo
1918 2257 2086 2336 Spolctano

424 2363 565 2444 rnamdat,
582 2369 618 2428 nt
632 2363 750 2427 indices
761 2367 790 2426 et
803 2363 982 2427 tabelliones
996 2361 1157 2441 Reatinos,
1174 2363 1230 2444 qai
1243 2365 1360 2426 alatreta
1378 2361 1491 2442 iniqua
1506 2364 1614 2425 eontra
1631 2362 1879 2426 constitutionem
1890 2359 2086 2445 F[r·ideriei]

426 2467 641 2531 Romanorum
661 2468 860 2547 imperatoris
881 2467 1073 2548 scripserint,
1095 2467 1135 2531 ab
1157 2467 1271 2547 officiis
1288 2465 1426 2546 pmblieis
1446 2468 1618 2529 arrmvcant.
1702 2467 1794 2544 1222,
1819 2464 1921 2530 Mart.
1943 2465 1997 2527 28.

531 2585 605 2640 Hom.
625 2588 679 2639 111
694 2586 762 2654 Rep.
787 2585 843 2640 Vol.
862 2589 919 2651 III,
937 2589 992 2639 222
998 2605 1007 2652 ,·
1025 2587 1089 2641 Lib.
1114 2587 1160 2652 Vr,
1180 2589 1240 2639 317.

654 2780 727 2855 Ph.
756 2782 1032 2857 subdiacono
1061 2786 1223 2856 nostro
1252 2781 1392 2874 priori
1419 2778 1571 2853 Sancti
1598 2778 1718 2851 Petri
1746 2783 1789 2851 et
1817 2835 1826 2851 .
1855 2835 1864 2852 .

951 2904 1271 2977 archidiacono
1300 2902 1561 2995 Spoletano.

537 3047 645 3115 Grave
668 3051 811 3136 gerimus
835 3059 868 3118 et
891 3053 1075 3139 indignum,
1110 3052 1198 3137 quod
1228 3050 1359 3137 quidam
1392 3049 1498 3113 officia
1519 3047 1651 3134 publica
1674 3051 1869 3110 exercentes
1891 3046 2086 3132 plerumque

428 3154 462 3217 in
484 3159 609 3218 tantam
631 3163 847 3244 prommpunt
871 3157 1056 3240 audaciam,
1088 3163 1125 3220 ut
1146 3177 1207 3221 nec
1230 3154 1295 3220 Dei
1319 3156 1415 3220 timor
1437 3173 1499 3217 nec
1527 3171 1612 3238 pene
1635 3155 1742 3214 metus
1773 3150 1870 3214 etiam
1893 3150 2086 3236 temporalis
2138 3179 2181 3216 ευ

428 3259 708 3344 presumptionem
743 3281 856 3325 eorum
879 3263 1010 3327 valcant
1033 3261 1199 3326 cohibere.
1245 3257 1474 3323 Intelleximus
1504 3257 1604 3332 enim,
1633 3251 1874 3339 quodquidam
1905 3253 2032 3318 iudices
2056 3258 2089 3316 et

428 3361 624 3428 tabelliones
653 3363 777 3448 publici
806 3365 937 3430 Reatini
966 3371 1088 3430 statuta
1119 3365 1249 3449 iniqua,
1282 3369 1394 3427 contra
1422 3359 1688 3425 constitutionem
1709 3355 1875 3420 karissimi
1897 3356 1932 3420 in
1955 3354 2088 3420 Christo

428 3464 486 3528 filii
509 3466 613 3530 nostri
634 3465 672 3532 F.
695 3467 832 3533 illustris
855 3468 1077 3534 Romanorum
1100 3467 1307 3554 imperatoris
1331 3485 1463 3551 semper
1484 3462 1616 3547 augusti
1646 3467 1680 3524 et
1702 3460 1791 3544 regis
1815 3459 1945 3540 Sicilie,
1968 3459 2087 3524 confir-

429 3574 549 3634 matam
588 3591 608 3633 a
641 3571 755 3653 nobis,
794 3578 906 3637 contra
939 3573 1126 3638 libertatem
1165 3570 1424 3636 ecclesiasticam
1462 3566 1567 3644 edita,
1606 3564 1780 3629 temerario
1819 3584 1902 3627 ausu
1940 3562 2087 3626 scribere

428 3679 698 3759 presumpserunt
720 3675 754 3738 in
769 3678 949 3762 apostolice
974 3678 1063 3752 sedis
1086 3683 1120 3742 et
1143 3681 1288 3740 nostram
1304 3675 1455 3738 iniuriam
1478 3679 1511 3736 et
1526 3674 1758 3754 contemptum.
1803 3666 1964 3732 Nolentes
1986 3666 2087 3751 igitur
2136 3695 2157 3732 a

429 3780 519 3840 tante
542 3779 797 3865 presumptionis
820 3780 992 3845 audaciam
1014 3781 1201 3865 relinquere
1224 3779 1453 3863 incorreptam,
1476 3773 1665 3839 discretioni
1688 3777 1798 3836 vestre
1821 3791 1881 3855 per
1904 3769 2088 3856 apostolica

430 3880 550 3966 scripta
572 3880 773 3964 mandamus,
799 3885 952 3969 quatinus
982 3885 1056 3949 illos
1086 3905 1168 3970 quos
1193 3883 1286 3947 vobis
1316 3878 1520 3945 constiterita
1548 3873 1734 3968 huiusmodi
1757 3873 1929 3958 scripsisse
1955 3879 2087 3952 statuta,

429 3989 462 4047 et
486 3984 567 4048 alios
591 3985 647 4069 qui
663 3986 782 4050 similia
804 3987 844 4052 de
869 3995 981 4053 cetero
997 3994 1189 4074 perpetrare
1207 3983 1477 4072 presumpserint,
1501 3980 1542 4044 ab
1567 3979 1682 4042 officiis
1705 3977 1845 4063 publicis
1863 3976 2085 4062 appellatione

429 4091 553 4150 remota
574 4108 726 4154 amovere
751 4091 883 4170 curetis,
908 4092 954 4155 ita
975 4090 1130 4156 videlicet
1153 4088 1237 4175 quod
1261 4086 1302 4151 ad
1324 4087 1397 4173 ipsa
1421 4083 1529 4148 olfioia
1553 4082 1623 4146 sinc
1646 4088 1759 4144 nostro
1781 4080 1917 4166 speciali
1933 4077 2086 4144 mandato

429 4189 616 4254 nullatenus
639 4191 861 4261 admittantur.

535 4309 613 4376 Dat.
636 4312 798 4400 Anagnia,
821 4315 853 4381 V
875 4315 950 4383 Kal.
973 4317 1080 4402 April.
1104 4336 1189 4381 anno
1213 4319 1319 4380 sexto.

1053 4543 1218 4550 -.-...-.-
1234 4543 1282 4549 ...-
1289 4541 1437 4550 „.-.-....—----
1456 4539 1463 4545 ι

1217 4751 1289 4823 lab

541 4842 727 4938 Honorias
736 4870 802 4936 ΙΙΙ
811 4891 898 4952 papa
908 4869 1075 4957 [Petram]
1090 4873 1273 4956 mopistram
1290 4877 1319 4938 et
1333 4872 1454 4954 fratres
1476 4869 1584 4934 damas
1599 4867 1732 4934 militiae
1747 4866 1867 4949 Templi
1881 4865 2084 4948 reprehendit,

431 4979 513 5062 qaod
533 4984 642 5044 contra
661 4974 781 5056 fratres
807 4977 915 5042 domas
941 4982 1046 5042 sarrcte
1067 4977 1197 5043 Mariae
1223 4977 1482 5041 Theatonieornm
1509 4973 1664 5038 eccesiam
1693 4971 1836 5036 alborum
1858 4971 2082 5046 castellonem,

430 5104 524 5164 snper
557 5083 669 5164 quibus
707 5080 871 5163 specialem
904 5082 944 5146 ab
976 5083 1144 5162 apostolica
1186 5081 1255 5147 sede
1293 5079 1521 5163 iadalpcntiom
1559 5075 1814 5157 impetraverint,
1849 5073 2082 5155 aliqrmntnlam

432 5188 506 5251 arioli
527 5188 601 5251 sint
1698 5181 1791 5255 1222,
1814 5177 1923 5258 April.
1947 5181 1998 5241 17.

535 5307 609 5364 Hom.
625 5307 679 5358 ΙΙΙ
693 5303 762 5373 Rep.
787 5305 842 5360 Vol.
861 5307 920 5370 III,
938 5308 1010 5374 2303
1029 5305 1092 5360 Lib.
1117 5305 1164 5370 VI,
1184 5309 1245 5360 349.
1292 5304 1397 5360 Perteii
1413 5301 1551 5373 eaernplar
1568 5298 1754 5370 supplevimus
1772 5313 1807 5351 ea
1824 5296 1917 5368 Rapa.
1936 5299 2008 5351 Ana.
2026 5297 2084 5351 ecel.

431 5410 457 5447 a.
476 5396 555 5461 1222,
573 5395 589 5458 ἕ
608 5395 631 5446 7.
1366 5392 1373 5404 ·

535 5477 756 5551 Pottltast.1lep.
777 5482 854 5533 6811.

1042 5601 1608 5615 ..mn-ffl—
1615 5599 1674 5606 -—-«
1687 5599 1741 5604 -——
1748 5599 1842 5605 —---—-—
1855 5599 1942 5606 ----..
1950 5599 1978 5606 -.,,

540 5693 562 5759 “)
580 5696 739 5748 oriustitnorit
758 5694 788 5746 Il.
