4524 6412
408 426 470 488 282
986 421 1033 474 Ex
1053 421 1227 475 GREGORH
1245 421 1284 474 lx
1304 420 1483 475 unals'ruo

266 622 312 664 ros.
327 625 394 671 mu.
411 617 453 660 cx
474 594 630 674 adverso,
662 594 822 680 impulsus
845 594 886 657 ab
910 594 981 674 illo,
1011 595 1103 658 cuius
1125 593 1245 657 halitus
1268 615 1389 680 prunas
1410 593 1527 658 ardere
1551 591 1643 670 facit,
1672 590 1713 654 od
1737 590 1834 654 maris
1858 587 2063 653 altitudinem

410 705 444 763 ct
472 698 659 762 turbulente
689 695 918 784 profunditatis
942 717 1100 760 oceanum
1123 696 1232 759 navim
1261 696 1360 782 rapit,
1389 717 1452 780 que
1482 697 1588 760 cincta
1614 694 1767 758 fluctibus
1797 693 1970 778 mergitur,
1999 712 2063 754 non

411 801 645 886 submergitur,
674 801 751 886 quia
780 801 813 863 in
836 797 876 864 ea
898 798 1047 863 residens
1069 797 1230 862 Dominus
1254 798 1489 884 discipulorum
1512 797 1645 863 tandem
1669 795 1864 860 clamoribus
1889 795 2062 874 excitatns,

411 904 488 969 dum
511 904 604 989 fugat
630 905 764 990 spiritus
794 903 999 967 insufflantes
1029 910 1063 967 et
1090 901 1172 966 mari
1198 897 1375 987 ventisque
1398 903 1553 988 imperat,
1584 901 1620 964 fit
1649 899 1869 983 tranquillum.
1915 897 2065 971 Quatuor

410 1007 541 1093 quidem
564 1008 707 1093 procelle
730 1007 885 1093 precipue
915 1005 1066 1090 quatiunt
1092 1005 1200 1068 navim
1228 1005 1341 1068 istam:
1368 1026 1443 1069 nam
1468 1004 1607 1092 perfidia
1637 1022 1838 1089 paganorum
1866 1007 1988 1064 terram
2011 999 2061 1064 in·
2115 1009 2127 1044 s

412 1111 522 1175 clitam
553 1108 676 1174 Christi
710 1109 869 1193 sanguine
903 1113 1128 1171 consecratam
1167 1106 1267 1192 impie
1301 1105 1449 1172 detinere
1489 1105 1675 1186 contendit,
1711 1105 1819 1170 rabies
1854 1110 2066 1188 tyrannorum

411 1213 607 1298 temporalia
624 1213 760 1298 ¹rapiens
784 1212 982 1277 exterminat
1004 1211 1163 1275 iustitiam
1186 1219 1220 1274 et
1243 1210 1414 1275 conculcat
1436 1211 1696 1275 ecclesiasticam
1721 1208 1916 1288 libertatem,
1940 1206 2065 1272 hereti-

413 1335 524 1379 corum
557 1315 685 1379 insania
719 1314 841 1379 Christi
875 1316 1018 1379 tunicam
1060 1314 1209 1379 scindere
1243 1315 1358 1378 nititur
1393 1321 1427 1378 ct
1460 1314 1653 1378 subvertere
1688 1311 1766 1376 fidei
1806 1310 2066 1387 fondamentum,

413 1416 570 1481 falsorum
598 1417 735 1481 fratmm
771 1424 805 1483 ct
833 1417 973 1480 filiorum
1008 1416 1122 1481 dolosa
1155 1417 1356 1503 perversitas
1392 1419 1537 1482 concutit
1564 1417 1692 1480 viscera
1723 1421 1757 1479 et
1791 1415 1876 1478 latus
1908 1413 2068 1478 dilacerat

266 1540 340 1584 acor.
356 1520 526 1590 reamabis
550 1540 620 1586 sne.
666 1519 785 1605 Sicque
808 1520 888 1583 foris
911 1540 1030 1605 pugne,
1054 1520 1142 1584 intus
1166 1521 1314 1584 timores:
1345 1527 1439 1585 extra
1469 1519 1623 1584 interficit
1652 1517 1779 1603 gladius
1803 1524 1838 1582 et
1859 1517 1947 1581 domi
1979 1537 2067 1580 mors
2122 1531 2146 1568 ¹⁰

415 1620 531 1686 similis
555 1622 752 1702 intentatur,
781 1622 880 1706 fitque
909 1621 1114 1706 frequenter,
1145 1622 1251 1705 quoda
1276 1621 1398 1686 Christi
1429 1622 1572 1687 ecclesia
1602 1627 1652 1684 tot
1684 1621 1843 1705 angustiis
1867 1621 2067 1706 perturbata,

419 1723 495 1788 dum
517 1725 607 1790 alere
630 1725 734 1790 credit
754 1726 855 1805 filios,
883 1726 984 1789 nutrit
1006 1726 1039 1789 in
1062 1727 1135 1790 sinu
1158 1727 1282 1810 ignem,
1315 1735 1486 1812 serpentes
1510 1732 1544 1791 et
1567 1724 1714 1810 regulos,
1745 1724 1801 1809 qui
1823 1724 1916 1804 flatu,
1946 1743 2069 1799 morsu,

416 1826 567 1892 incendio
598 1834 715 1892 cuncta
742 1834 871 1893 vastare
899 1829 1056 1893 nituntur.
1101 1829 1189 1910 Hiqc
1219 1836 1270 1893 est
1296 1829 1382 1915 qnod
1413 1828 1454 1892 ad
1482 1835 1628 1892 monstra
1659 1827 1845 1892 huiusmodi
1866 1825 2069 1913 perimenda,

417 1931 652 2016 expugnandas
676 1933 764 1997 acies
788 1932 936 1997 inimicas
960 1953 998 1996 ac
1022 1939 1255 2019 tempestatum
1279 1931 1523 2016 inquietudines
1538 1929 1746 2016 mitigandas,
1769 1930 1951 2017 apostolica
1974 1928 2071 1994 sedes

416 2033 467 2097 his
491 2035 691 2120 temporibus
715 2057 789 2100 cum
812 2037 915 2099 multa
930 2034 1103 2120 diligentia
1125 2033 1288 2120 quendam
1310 2034 1447 2098 nutrivit
1470 2034 1646 2114 alumnum,
1669 2035 1900 2120 imperatorem
1916 2033 2071 2097 uidelicet
2123 2045 2146 2081 ¹³

416 2135 637 2216 Fridericum,
667 2158 764 2221 quem
793 2139 886 2223 quasi
916 2159 936 2201 a
963 2137 1075 2201 matris
1106 2145 1200 2201 utero
1229 2137 1361 2222 excepit
1384 2138 1541 2222 genibus,
1571 2137 1706 2200 lactavit
1727 2136 1898 2215 uberibus,
1925 2135 2071 2200 humeris

417 2238 590 2319 baiulent,
623 2239 662 2305 de
693 2241 844 2305 manibus
874 2241 1080 2325 querentium
1113 2240 1254 2303 animam
1287 2241 1358 2304 eius
1386 2240 1576 2324 frequenter
1610 2241 1744 2326 eripuit,
1775 2238 1914 2304 educare
1947 2237 2074 2302 studuit

418 2343 528 2406 multis
550 2342 717 2408 laboribus
742 2350 775 2410 et
798 2345 969 2431 expensis,
1000 2364 1105 2427 usque
1134 2331 1304 2407 advirum
1327 2343 1509 2430 perfectum
1532 2343 1686 2424 deduxit,
1715 2343 1757 2407 ad
1783 2345 1873 2428 regie
1903 2342 2073 2428 dignitatis

419 2443 573 2509 decorem
602 2452 635 2510 et
664 2447 797 2512 tandem
829 2446 871 2510 ad
900 2446 1066 2531 fastigium
1101 2445 1253 2510 culminis
1287 2447 1466 2532 imperialis
1496 2447 1661 2534 provexit,
1694 2445 1831 2511 credens
1864 2447 1970 2530 ipsum
2002 2444 2073 2508 fore

419 2546 621 2613 defensionis
645 2549 769 2634 virgam
793 2557 826 2614 et
851 2569 910 2613 sue
932 2548 1084 2612 baculum
1108 2550 1299 2616 senectutis.
1774 2575 1775 2578 ¹

524 2648 600 2736 Ipse
628 2657 753 2732 autem,
787 2650 863 2715 dum
890 2651 924 2714 in
947 2651 1164 2716 Theutoniam
1198 2673 1234 2716 se
1263 2652 1429 2716 transtulit
1461 2652 1502 2717 ad
1532 2652 1678 2716 habenas
1710 2652 1840 2739 imperii
1867 2648 2073 2728 obtinendus,

420 2751 561 2817 iucunda
584 2752 734 2836 quedam,
757 2760 793 2818 ut
815 2753 1019 2834 credebatur,
1042 2755 1190 2841 auspicia
1214 2754 1272 2820 sed
1288 2755 1397 2820 verius
1422 2756 1549 2841 spicula
1571 2755 1683 2819 matris
1708 2755 1875 2820 obtutibus
1898 2752 2073 2818 inferebat.

418 2855 504 2920 Nam
532 2862 666 2941 sponte,
696 2877 760 2920 non
791 2856 951 2935 monitus,
986 2855 1064 2921 sede
1093 2858 1275 2943 apostolice
1304 2859 1494 2943 ignorante,
1529 2879 1659 2923 crucem
1691 2859 1760 2923 suis
1790 2858 1935 2922 humeris
1957 2855 2074 2935 affixit,

419 2981 542 3024 vovens
573 2961 764 3025 solemniter
796 2983 832 3026 se
861 2962 893 3025 in
922 2959 1024 3026 Terre
1056 2960 1175 3025 Sancte
1206 2961 1388 3026 subsidium
1416 2964 1649 3049 profectumm.
1701 2961 1830 3027 Deinde
1858 2983 1895 3024 sc
1923 2981 1962 3024 ae
1991 2959 2075 3023 alios

421 3062 665 3146 crucesignatos
681 3064 956 3129 excommunicari
973 3064 1123 3144 obtinuit,
1147 3065 1211 3128 nisi
1226 3071 1314 3129 certo
1335 3065 1621 3151 proficiscerentur
1634 3073 1796 3150 tempore3
1818 3063 1876 3129 sed
1891 3061 2074 3127 incidenter

420 3164 659 3229 absolutionem
683 3167 778 3252 petiit
800 3173 835 3230 et
857 3167 998 3253 accepit,
1028 3166 1069 3232 de
1097 3167 1241 3254 parendo
1265 3189 1365 3254 super
1387 3168 1450 3232 hoc
1473 3168 1634 3233 mandatis
1658 3167 1798 3233 ecclesie
1822 3167 1913 3253 prius
1936 3165 2074 3252 prestito

421 3267 613 3332 iuramento.
657 3267 903 3334 Exuberantem
932 3276 1042 3334 autern
1069 3270 1207 3354 gratiam
1239 3291 1339 3356 super
1366 3271 1473 3356 ipsum
1497 3271 1677 3356 apostolica
1700 3269 1797 3335 sedes
1819 3267 2008 3348 effundens,
2040 3273 2076 3330 ut

421 3369 630 3434 festinantius
661 3369 702 3435 ad
726 3371 826 3436 Terre
851 3370 972 3436 Sancte
999 3373 1154 3436 transiret
1186 3371 1383 3451 subsidium,
1418 3374 1525 3458 ipsum
1556 3379 1669 3436 contra
1697 3393 1821 3438 morem
1841 3371 1889 3436 ¹ad
1920 3390 2075 3436 coronam

421 3473 566 3554 vocavit,
603 3493 666 3557 que
703 3472 745 3538 ad
781 3473 844 3538 hoc
881 3495 945 3539 non
984 3476 1121 3540 invitare
1161 3475 1218 3540 sed
1256 3476 1388 3540 invitari
1426 3475 1651 3561 multiplicatis
1690 3474 1980 3540 intercessionibus
2016 3493 2077 3559 per

422 3576 611 3661 magnificos
633 3577 765 3640 nuntios
789 3577 969 3642 consueuit.
1015 3577 1136 3662 Sisque
1166 3577 1253 3643 idem
1283 3577 1343 3642 sub
1373 3579 1479 3643 crucis
1502 3579 1624 3643 vexillo
1648 3600 1751 3664 usque
1776 3578 1817 3642 ad
1839 3577 1900 3641 hec
1924 3583 2075 3662 tempora

422 3679 556 3764 negotia
578 3679 711 3764 propria
732 3681 863 3765 plenius
887 3687 921 3744 et
943 3680 1120 3766 perfectius
1145 3682 1393 3745 consummavit.

529 3780 678 3846 Tandem
701 3804 774 3847 cum
797 3783 838 3847 de
869 3783 1019 3847 manibus
1042 3783 1150 3847 felicis
1174 3782 1410 3848 recordationis
1434 3784 1573 3848 Honorii
1595 3804 1680 3870 pape
1702 3782 1948 3870 predecessoris
1971 3782 2077 3846 nostri

423 3885 456 3948 in
479 3885 569 3952 beati
590 3885 682 3949 Petri
703 3886 841 3950 basilica
863 3887 1044 3971 recepisset
1067 3887 1198 3972 imperii
1221 3886 1388 3966 diadema,
1419 3885 1460 3950 de
1483 3887 1634 3951 manibus
1658 3887 1778 3950 nostris
1801 3893 1879 3951 tunc
1902 3886 1936 3949 in
1958 3885 2077 3949 minori

423 3987 531 4053 officio
554 3988 723 4052 constituti
744 4009 874 4053 cmcem
896 3990 1083 4075 resumpsit,
1106 3996 1218 4053 votum
1233 3990 1365 4075 publice
1382 3989 1559 4068 innovavit,
1583 3988 1694 4075 plures
1718 3987 1758 4052 de
1783 4011 1841 4076 spe
1865 3989 1913 4053 sui
1938 3987 2078 4052 subsidii

424 4089 465 4155 ad
499 4111 629 4155 crucem
664 4090 907 4177 suscipiendam
940 4092 1088 4171 induxit,
1125 4100 1250 4156 certum
1285 4092 1412 4178 recepit
1444 4092 1619 4155 terminum
1650 4092 1892 4172 transfretandi.
1951 4091 2075 4156 Habito
2142 4137 2149 4151 .

423 4215 551 4279 quoquc
574 4192 780 4279 postmodum
803 4190 889 4279 apud
912 4195 1052 4260 Verulae
1076 4217 1150 4260 cnm
1180 4196 1321 4260 ecclesia
1342 4195 1492 4259 Romana
1514 4193 1676 4279 colloquio
1690 4195 1711 4275 ¹,
1744 4196 1863 4260 iuravit
1883 4194 2015 4281 publice
2040 4215 2076 4258 se

425 4299 569 4361 incerto
592 4296 731 4361 termino
760 4296 951 4361 aRomana
981 4298 1045 4361 sihi
1077 4298 1218 4362 ecclesia
1245 4298 1434 4385 prefigendo
1465 4305 1619 4384 tanquam
1646 4299 1877 4384 imperatorem
1899 4297 2077 4362 honorifice

424 4399 654 4485 profecturum.
697 4397 827 4463 Exinde
857 4398 944 4484 apud
966 4399 1202 4464 Ferentinum²
1232 4401 1265 4463 in
1296 4400 1458 4484 colloquio
1490 4401 1589 4464 simili
1617 4401 1754 4465 duomm
1781 4421 1939 4466 annorum
1969 4407 2076 4464 trans-

425 4501 567 4567 fretandi
590 4502 692 4586 elegit
715 4502 778 4566 sibi
799 4493 973 4567 terminum
996 4510 1030 4567 et
1052 4504 1194 4589 prefixit,
1219 4524 1320 4587 seque
1343 4511 1420 4568 tune
1436 4505 1649 4568 transiturum
1672 4511 1706 4568 et
1728 4503 1873 4569 nobilem
1896 4504 2077 4576 mulierem,

425 4613 535 4669 natam
564 4603 724 4669 carissimi
756 4605 789 4668 in
820 4603 951 4669 Christo
979 4605 1037 4668 filii
1069 4607 1171 4669 nostri
1203 4605 1360 4670 Iohannis
1390 4607 1478 4691 regis
1506 4606 1761 4672 Ierosolimitani
1790 4608 1945 4686 illustris,
1973 4606 2077 4692 ipsius

426 4709 521 4792 regni
547 4706 719 4784 heredem,
755 4707 789 4770 in
819 4708 991 4792 coniugem
1023 4715 1247 4794 recepturum,
1286 4708 1476 4772 solemniter
1507 4711 1643 4795 prestito
1677 4711 1861 4775 iuramento
1893 4707 2079 4796 spopondit,

425 4810 607 4894 adiungens
630 4807 717 4894 quod
747 4829 807 4895 per
834 4809 895 4874 hoc
917 4807 958 4872 ad
983 4810 1177 4896 obsequium
1200 4811 1303 4876 Terre
1328 4809 1447 4875 Sancte
1471 4832 1537 4874 non
1559 4818 1595 4875 ut
1622 4813 1724 4877 ceteri
1747 4813 1928 4898 peregrini,
1958 4810 2016 4877 sed
2043 4817 2080 4874 nt

425 4913 670 4999 Hospitalarius
703 4913 757 4976 vel
792 4910 997 4996 Templarius
1032 4933 1067 4976 se
1102 4913 1136 4976 in
1170 4920 1365 4998 perpetuum
1397 4912 1575 4998 obligabat.
1641 4914 1935 5000 Apprupinquante
1968 4915 2080 4999 itaque

426 5017 565 5082 termino
589 5014 750 5102 prelibato
774 5014 862 5100 cepit
883 5015 1083 5100 multiplices
1108 5017 1338 5080 excusationes
1362 5017 1574 5103 pretendere,
1611 5039 1646 5082 se
1669 5017 1710 5082 ad
1733 5019 1905 5083 transitum
1928 5037 2080 5082 asserens

425 5120 637 5205 imparatum,
673 5123 707 5181 et
739 5124 776 5180 ut
807 5115 915 5181 denuo
952 5117 1090 5182 duorum
1123 5140 1282 5183 annorum
1316 5120 1377 5184 sibi
1412 5119 1547 5186 daretur
1579 5121 1755 5199 terminus,
1792 5120 1929 5205 grandia
1961 5119 2081 5185 obtulit
2133 5149 2159 5186 rs

298 5281 301 5286 .
427 5221 586 5305 obsequia
614 5219 716 5284 Terre
745 5218 864 5283 Sancte
894 5240 966 5284 cnm
997 5219 1250 5305 obligationibus
1279 5223 1358 5286 satis
1385 5223 1523 5307 magnis.
1567 5223 1759 5309 Apostoliea
1786 5245 1864 5288 vero
1892 5221 2004 5303 sedes,
2036 5243 2078 5288 ne

533 5551 555 5617 ⁸)
574 5551 701 5616 lacrumae
719 5567 749 5601 es
769 5551 830 5602 Ood.
847 5558 871 5601 et
888 5548 959 5601 ΕΒ.

532 5687 558 5753 1)
578 5684 766 5786 ι222τρἒοὲὶ.
785 5687 836 5751 12‚·
850 5683 934 5779 fs'J’·
953 5684 1014 5738 196.
1084 5685 1113 5754 2)
1131 5689 1212 5753 1223,
1230 5685 1333 5750 Mart.,·
1350 5684 1388 5753 cs.
1404 5698 1432 5738 a.
1449 5687 1512 5737 225.
