4576 6390
449 403 512 471 452
1031 397 1079 459 EX
1098 397 1272 460 ennoean
1292 395 1329 459 rx
1347 395 1527 459 REGIS'PRO

450 580 611 660 ambiunt,
642 577 718 644 dum
742 580 834 645 vobis
858 579 1036 646 efficaciter
1059 581 1254 645 assistentes
1279 599 1361 664 opus
1383 577 1447 643 Dei
1470 585 1504 644 et
1526 577 1702 643 utilitatem
1725 574 1892 663 publicam
1915 583 2108 662 operantur.

449 683 545 749 Unde
568 705 634 748 non
656 684 819 748 immerito
851 685 1038 771 prosperari
1061 685 1126 747 iarn
1150 685 1183 747 in
1205 683 1319 747 talium
1343 703 1442 746 manu
1462 682 1538 746 fidei
1561 681 1730 766 negotium
1754 680 1935 760 credimus,
1968 681 2025 766 qui
2050 702 2109 767 pro

449 790 652 854 immanitate
677 789 838 854 scelerum
862 795 895 854 et
917 788 1127 854 multitudine
1152 809 1382 874 perversorum
1403 788 1519 851 timere
1544 785 1743 850 contrarium
1766 791 1969 870 poteramus.
2017 783 2108 858 Quo-

449 893 535 957 circa
561 891 772 973 mandamus,
810 892 961 976 quatinus
997 892 1174 978 assumptis
1202 891 1372 954 vobiscum
1405 890 1482 954 viris
1511 888 1676 974 religiosis
1706 894 1740 952 et
1770 886 1880 951 Deum
1910 879 2109 952 timentibus

449 1017 487 1060 ac
509 995 544 1060 in
566 995 635 1060 iure
651 995 778 1082 peritis,
802 995 835 1058 in
851 995 1104 1075 examinatione,
1127 993 1421 1080 condempnatione
1438 999 1471 1058 et
1486 992 1753 1057 reconciliatione
1770 990 1951 1055 secundum
1967 990 2110 1054 sormam
2174 1013 2184 1048 a

450 1099 579 1164 concilii
602 1099 787 1183 generalis¹
821 1106 854 1163 et
877 1104 1000 1162 statuta
1026 1119 1132 1183 nuper
1154 1119 1174 1162 a
1196 1096 1293 1162 nobis
1320 1096 1429 1161 edita²
1457 1096 1659 1181 procedatis,
1693 1095 1848 1158 attentius
1876 1095 2048 1179 provisuri
2075 1103 2112 1159 ut

448 1203 603 1290 puniatur
632 1203 678 1267 sic
709 1202 877 1267 temeritas
905 1222 1150 1289 perversorum,
1187 1199 1271 1285 quod
1300 1200 1487 1263 innocentie
1517 1198 1641 1284 puritas
1670 1218 1735 1261 non
1763 1196 1907 1277 ledatur,
1941 1197 2111 1261 universis

449 1307 642 1390 auctoritate
665 1312 779 1370 nostra
802 1304 1006 1386 mandantes,
1031 1305 1148 1390 quibus
1173 1302 1236 1367 hoc
1258 1302 1426 1388 negotium
1448 1301 1525 1366 fidei
1548 1309 1599 1366 est
1622 1301 1841 1380 commissum,
1863 1306 1899 1363 ut
1924 1298 2110 1364 secundnm

448 1413 586 1476 formam
609 1431 647 1475 ac
672 1416 794 1474 statuta
824 1409 1006 1496 prescripta
1036 1406 1215 1494 procedere
1239 1427 1303 1470 non
1326 1412 1540 1491 postponant;
1570 1403 1825 1468 contradictores
1849 1409 1911 1467 etc.
1959 1402 2060 1476 Quod
2084 1403 2112 1466 si

450 1537 513 1579 non
538 1535 650 1579 omnes
675 1520 737 1578 etc.
761 1511 825 1578 duo
848 1519 994 1577 vestrum
1017 1518 1080 1577 etc.

557 1634 633 1698 Dat.
657 1634 819 1719 Anagnia,
842 1632 910 1697 XII
931 1632 1008 1697 Kal.
1031 1631 1239 1710 Novembris,
1263 1651 1348 1694 anno
1372 1630 1521 1715 septimo.

1072 1900 1482 1908 ψ

1233 2146 1318 2220 559.

557 2260 747 2372 Gregorius
764 2288 820 2354 IX
838 2310 926 2370 papa
947 2288 1169 2356 archidiacono
1191 2285 1383 2351 Novariensi
1404 2291 1520 2350 narrat
1541 2279 1682 2352 excessus
1704 2287 1740 2350 ia
1755 2285 1951 2352 Roilandcm
1971 2287 2113 2368 fratrem

448 2393 571 2458 ordinis
594 2393 851 2459 Praedicatorum
873 2392 1055 2464 Placentiae
1070 2394 1284 2473 perpetratae,
1312 2394 1342 2455 ct
1370 2389 1518 2472 quemodo
1542 2394 1649 2472 posteo
1670 2391 1872 2475 L[cetclmus
1894 2393 2112 2478 Mcynerias]

442 2501 582 2579 potatas
603 2503 633 2562 et
653 2498 716 2563 clii
736 2519 757 2562 c
786 2498 904 2562 avitas
931 2498 999 2562 seis
1027 2496 1063 2560 ob
1089 2495 1163 2560 baec
1191 2496 1277 2576 capti
1298 2494 1379 2572 sint;
1410 2494 1542 2558 mandat
1568 2495 1609 2572 ei,
1642 2499 1678 2558 ct
1699 2495 1820 2559 civitati
1841 2495 1880 2560 cte
1900 2497 1968 2560 elio
1990 2501 2113 2561 rectore

442 2599 609 2680 procident
630 2605 660 2665 et
680 2600 718 2667 L.
735 2604 919 2682 potestatem
940 2598 1173 2684 sufficientibus
1194 2598 1352 2663 obsidibus
1374 2599 1504 2678 receptis
1526 2598 1657 2662 liberari
1674 2597 1788 2683 faciat.
1837 2599 1889 2683 Of.
1913 2619 1947 2662 a.
1972 2601 2049 2664 556.
2162 2635 2183 2671 rs

1757 2704 1850 2780 1233,
1876 2700 1942 2768 Oct.
1964 2705 2021 2769 22.

555 2786 636 2857 Grae.
654 2787 704 2840 IX
721 2787 791 2857 Reg.
814 2786 871 2840 Vct.
889 2787 942 2853 IV,
962 2791 1082 2855 94-95;
1100 2786 1163 2840 Lib.
1185 2786 1253 2852 VII,
1274 2790 1339 2842 335.

559 2873 758 2941 Wiatetmcaa,
775 2875 836 2930 Act.
855 2877 924 2944 Imp.
942 2874 1014 2928 laed.
1029 2891 1059 2944 p.
1080 2877 1142 2940 513,
1158 2889 1183 2928 a.
1205 2875 1268 2928 635.

927 3143 937 3163 .
966 3145 975 3161 .
1004 3088 1322 3162 archidiacono
1348 3085 1624 3160 Novariensi.

559 3234 613 3298 Ex
635 3241 749 3300 tenore
772 3234 953 3300 litterarum
976 3234 1175 3302 venerabilis
1197 3234 1307 3298 fratris
1330 3235 1433 3299 nostri
1452 3283 1459 3299 .
1477 3284 1484 3298 .
1504 3235 1688 3300 Placentini
1716 3235 1864 3322 episcopi
1886 3237 1985 3302 nobis
2009 3239 2108 3304 inno·
2159 3297 2169 3310 ,

452 3340 532 3420 tuit,
564 3338 649 3424 quod
674 3360 747 3404 cum
769 3340 870 3404 frater
892 3338 1073 3404 Rollendus
1098 3337 1220 3402 ordinis
1243 3337 1380 3402 fratrum
1402 3337 1649 3403 Prodicatorum
1680 3338 1721 3402 ad
1745 3340 1980 3405 conterendum
2006 3352 2109 3430 caput

311 3459 370 3504 Pan.
385 3465 439 3511 ara.
454 3444 635 3530 reptilium,
663 3443 778 3529 vulpes
801 3444 954 3528 parvulas
978 3441 1153 3528 capiendas
1178 3446 1211 3506 et
1234 3441 1392 3526 rugientis
1421 3443 1527 3506 leonis
1550 3442 1701 3506 maxillas
1729 3442 1762 3505 in
1786 3442 1878 3509 freno
1903 3443 2109 3520 cohibendas

384 3613 385 3616 ,
454 3554 488 3612 et
511 3567 618 3628 camo,
647 3567 687 3612 ne
710 3546 893 3611 lacerarent
922 3547 1062 3610 ulterius
1092 3551 1220 3610 vestem
1243 3542 1380 3624 Christi,
1415 3545 1634 3631 personaliter
1662 3545 1865 3611 Placentiam
1895 3551 2109 3632 accessisset,

453 3655 486 3713 et
513 3650 634 3736 populo
663 3650 878 3714 communiter
905 3649 1064 3714 advocato
1094 3669 1132 3712 ac
1163 3648 1264 3713 verbo
1287 3647 1351 3713 Dei
1381 3647 1422 3711 ad
1452 3648 1692 3715 edificationem
1721 3651 1901 3716 animarum
1930 3654 2017 3718 inter
2048 3675 2109 3719 eos

453 3753 637 3840 proposito,
669 3753 809 3837 quedam
837 3752 876 3819 L.
903 3754 1062 3840 potestati
1091 3753 1235 3839 ipsorum
1259 3773 1357 3837 super
1387 3752 1599 3837 profligandis
1630 3753 1785 3818 hereticis
1816 3755 2032 3839 iniunxisset,
2066 3758 2109 3822 de

453 3857 556 3943 ipsius
576 3856 750 3942 potestatis
768 3856 977 3921 conniventia
998 3862 1034 3920 ut
1053 3855 1172 3920 dicitur
1194 3861 1228 3919 et
1251 3854 1362 3918 favore
1382 3855 1520 3920 heretici
1538 3863 1571 3920 et
1587 3856 1731 3922 fautores
1755 3858 1900 3944 ipsorum
1923 3859 1957 3922 in
1981 3859 2109 3925 dictum

452 3960 643 4046 episcopum
675 3966 708 4024 et
738 3960 862 4024 clerum
897 3959 1039 4024 civitatis
1067 3958 1260 4023 Placentino
1294 3963 1328 4022 et
1361 3957 1482 4022 dictum
1515 3959 1649 4024 fratrem
1675 3959 1715 4023 R.
1746 3981 1784 4025 ac
1812 3961 1894 4026 alios
1928 3964 2108 4049 religiosos

453 4063 539 4127 viros
563 4061 740 4127 crudeliter
763 4063 945 4144 irruentes,
969 4062 1109 4149 quodam
1133 4062 1293 4126 monacho
1317 4059 1429 4125 Sancti
1452 4061 1564 4125 Savini
1587 4064 1740 4147 nequiter
1763 4064 1940 4148 trucidato,
1963 4068 2109 4134 eundem

309 4177 355 4218 as.
371 4181 437 4229 rse-
453 4166 587 4230 sratrem
610 4172 643 4230 et
666 4165 824 4251 quosdam
847 4167 929 4230 alios
953 4167 1124 4251 religiosos
1148 4165 1266 4251 gladiis
1289 4170 1322 4230 et
1343 4165 1508 4250 lapidibus
1531 4165 1757 4248 vulnerarunt,
1782 4175 1816 4233 et
1838 4176 1935 4254 prout
1957 4169 2109 4236 dolorem

454 4275 682 4354 conceperant,
704 4270 913 4354 iniquitatem
936 4271 1083 4355 protinus
1106 4275 1315 4356 pepererunt.
1361 4267 1471 4341 Quare
1486 4269 1762 4357 idem‘episcopus
1782 4272 1947 4338 civitatem
1965 4275 2109 4341 candem

455 4373 678 4438 ecclesiastico
703 4373 874 4460 supposuit
896 4373 1081 4455 interdicto,
1105 4381 1139 4439 et
1162 4395 1205 4438 ex
1228 4395 1267 4438 ea
1290 4373 1369 4438 dicti
1391 4374 1509 4439 fratres
1524 4374 1755 4440 Predicatcres
1772 4376 1919 4461 protinus
1942 4387 2109 4444 exeuntes

453 4482 669 4540 memoratum
691 4475 824 4541 fratrem
848 4477 887 4543 R.
904 4478 1096 4542 semivivum
1120 4477 1239 4542 exinde
1263 4477 1485 4564 deportarunt.
1532 4477 1638 4565 Super
1657 4500 1720 4563 quo
1738 4481 1879 4565 populus
1892 4480 2109 4549 Placentinus

453 4577 566 4642 dolore
591 4585 770 4642 commotus
803 4580 978 4644 nominatis
1005 4580 1098 4645 fratri
1121 4580 1159 4644 R.
1184 4592 1217 4645 et
1240 4581 1313 4644 aliis
1336 4581 1492 4645 fratribus
1522 4581 1689 4645 humiliter
1717 4583 1958 4668 supplicarunt,
1986 4592 2024 4649 ut
2045 4608 2108 4652 ne-

453 4700 616 4765 quaquam
640 4680 758 4746 exinde
782 4682 975 4748 recederent
999 4691 1033 4748 ct
1062 4684 1320 4749 satisfactionem
1345 4706 1444 4770 super
1466 4706 1607 4749 excessu
1631 4685 1792 4770 premisso
1816 4686 2003 4772 reciperent
2027 4711 2108 4754 corr-

453 4790 634 4867 gruentem.
680 4785 804 4850 Verum
828 4786 933 4851 dictus
956 4786 1059 4852 frater
1079 4785 1137 4869 R.‚
1162 4788 1217 4873 qui
1240 4787 1281 4852 ad
1304 4787 1467 4852 redditum
1489 4787 1638 4851 inclinari
1662 4809 1726 4851 non
1749 4788 1874 4873 potuit,
1904 4796 2106 4874 potestatem
2174 4825 2181 4834 ·

452 4887 614 4973 prelatum
639 4895 672 4953 et
693 4889 811 4974 viginti
835 4897 975 4974 quatuor
996 4891 1094 4972 alios,
1127 4891 1211 4955 sicut
1238 4891 1355 4978 dicitur
1377 4891 1564 4957 huiusmodi
1594 4892 1729 4956 sceleris
1752 4893 2002 4975 commissores,
2033 4899 2109 4983 oapi

453 4997 486 5054 et
507 4989 648 5062 detineri
678 4993 827 5080 precepit
854 5014 959 5078 usque
990 4992 1032 5056 ad
1062 5001 1173 5060 nostre
1205 4995 1450 5082 beneplacitum
1480 4997 1666 5060 voluntatis.
1721 4993 1822 5059 Cuius
1852 4996 2006 5062 mandato
2029 5022 2108 5085 pre-

452 5093 557 5158 dictus
580 5095 720 5182 populus
743 5096 911 5161 humiliter
936 5095 1171 5182 obsequentes,
1201 5105 1401 5184 potestatem
1429 5121 1467 5163 ac
1491 5100 1573 5163 alios
1602 5098 1784 5165 antedictos
1809 5108 1967 5186 ceperunt
2000 5103 2108 5188 ipsius

452 5199 597 5285 episcopi
632 5200 862 5265 sollicitudinis
892 5203 1079 5266 interventu
1109 5209 1142 5267 et
1173 5203 1320 5289 captivos
1350 5205 1504 5269 carcerali
1536 5203 1684 5269 custodie
1716 5203 1930 5268 tradiderunt.
1984 5205 2108 5293 Sisque

452 5300 584 5365 civitate
617 5302 672 5366 illa
702 5304 772 5368 sine
806 5311 933 5370 rectore
965 5312 1118 5370 manente
1149 5326 1188 5370 ac
1214 5314 1462 5392 ,consequenter
1495 5307 1613 5371 silente
1649 5307 1789 5387 iustitia,
1825 5307 2007 5390 maleficia,
2041 5333 2106 5395 que
2159 5348 2186 5385 m

450 5406 572 5471 ibidem
594 5407 698 5472 libere
722 5415 962 5495 perpetrantur,
987 5417 1157 5475 remanent
1173 5411 1346 5497 impunita;
1370 5411 1421 5476 cui
1445 5410 1509 5474 nisi
1531 5411 1630 5476 fuerit
1649 5409 1749 5476 celeri
1768 5410 1954 5494 provisione
1970 5435 2108 5478 succur-

553 5701 578 5768 1)
597 5703 650 5771 Ap.
670 5701 773 5767 Moesi,
794 5701 897 5756 Cerreit.
918 5701 1024 5757 Corace.
1043 5708 1061 5757 t.
1080 5703 1184 5772 XXII,
1200 5721 1230 5774 p.
1251 5706 1315 5758 986.
1385 5705 1412 5772 ⁶2)
1433 5705 1476 5772 Of.
1491 5721 1522 5774 p.
1542 5707 1605 5770 395,
1623 5706 1678 5758 aot.
1696 5709 1723 5762 2.
