4590 6366
769 381 1175 442 EPISTOLAu'suanunu.
1212 385 1288 440 1235.

988 652 1073 724 645.

311 767 502 880 Grecorins
517 793 573 859 IX
590 814 678 874 papa
692 791 841 878 [anoni
855 792 906 876 Χ]
921 793 1024 856 comiti
1045 791 1213 857 Marabiae
1234 793 1343 858 scribit
1363 811 1395 858 se
1416 790 1591 868 mandasse,
1613 794 1649 854 nt
1670 790 1857 872 quincentae

202 903 302 967 librae
328 898 574 976 anorecnsinm,
606 917 686 979 qnas
709 898 860 979 mapistrc
886 895 1019 978 Syneoni
1044 896 1088 960 ad
1111 896 1285 961 subsidium
1310 897 1453 961 nolanae
1479 899 1589 960 contra
1613 893 1774 958 Romanos
1798 893 1856 956 im-

201 1004 353 1086 penderit,
376 1023 444 1068 curn
466 1001 560 1066 iidem
582 1001 626 1064 ad
645 1000 831 1064 mandatnm
852 1000 995 1064 ecclesiae
1017 999 1178 1079 redierint,
1200 1001 1264 1081 ipsi
1285 1001 1353 1064 sine
1375 1000 1582 1064 diminutione
1604 998 1811 1080 resiqncrstnr.

139 1191 151 1228 s
309 1173 392 1243 arey·
410 1173 460 1226 Ιχ
477 1171 545 1242 Rep.
566 1171 625 1227 pop⁸
646 1170 674 1235 p¹
695 1173 747 1232 3s,·
766 1170 827 1224 Lib·
846 1171 902 1235 IX,
921 1176 983 1226 109·
1389 1102 1481 1180 1235,
1504 1101 1580 1166 Itm.
1603 1104 1645 1164 16
1666 1104 1696 1164 et
1717 1101 1769 1165 15.

651 1319 799 1423 Nobili
826 1351 921 1424 viro
949 1407 958 1424 .
987 1407 996 1424 .
1024 1350 1175 1424 comiti
1201 1349 1404 1424 Marohie.

311 1499 528 1564 Sacrosanota
543 1499 693 1563 Romane
713 1499 855 1564 ecclesie
875 1501 1102 1565 universorum
1123 1500 1269 1566 fidelium
1285 1499 1408 1565 christi
1430 1503 1533 1562 matre
1556 1516 1661 1583 nuper
1683 1495 1717 1558 in
1739 1513 1855 1559 neees-

203 1603 307 1667 sitatis
331 1602 471 1667 articulo
495 1603 689 1682 constituta,
713 1609 745 1667 te
769 1609 925 1689 tanquam
947 1604 1102 1670 devotum
1126 1605 1230 1690 ipsius
1253 1605 1355 1668 filium
1377 1623 1437 1689 pro
1461 1599 1609 1667 eiusdem
1633 1597 1779 1663 subsidio
1802 1618 1855 1662 re-

204 1706 287 1791 quiri
310 1705 448 1770 fecimus
473 1706 689 1786 confidenter,
722 1714 822 1792 tuque
851 1714 939 1772 statu
969 1709 1137 1773 intellecto
1161 1709 1265 1794 ipsius
1289 1707 1472 1772 devotionis
1495 1705 1664 1782 affectum,
1693 1699 1855 1788 quemad

126 1844 151 1882 n
204 1809 343 1874 eandem
373 1807 496 1873 habere
519 1808 700 1874 dinosceris
729 1817 762 1875 et
784 1831 844 1875 nos
868 1812 973 1896 ipsos,
1004 1812 1179 1878 ostendere
1203 1813 1338 1898 cupiens
1366 1833 1426 1897 per
1447 1810 1617 1888 effectum,
1645 1807 1766 1870 dilecto
1788 1804 1855 1868 filio

202 1911 358 1996 magistro
382 1910 517 1997 Symoni
541 1913 694 1999 scriptori
720 1921 850 1994 nostro,
883 1916 967 1979 sieut
996 1937 1038 1980 ex
1065 1916 1184 1981 litteris
1213 1916 1315 2004 ipsius
1345 1913 1439 1979 nobis
1470 1912 1629 1993 innotuit,
1659 1909 1854 1994 quingentas

200 2015 300 2079 libras
324 2014 564 2079 Turonensium
593 2016 626 2080 in
655 2017 760 2103 ipsius
791 2019 931 2084 ecclesie
956 2019 1207 2085 subventionem
1230 2019 1411 2084 liberaliter
1434 2015 1639 2103 impendisti,
1670 2033 1769 2100 super
1791 2033 1854 2098 quo

201 2118 407 2183 nobilitatem
423 2125 512 2183 tuam
536 2119 570 2183 in
586 2118 729 2184 Domino
747 2120 1013 2186 commendamus
1035 2144 1074 2187 ac
1091 2123 1199 2208 dignis
1215 2122 1443 2210 prosequimur
1461 2117 1646 2184 actionibus
1666 2117 1854 2202 gratianum.

201 2220 328 2286 Verum
351 2242 426 2286 eum
440 2221 598 2286 Romanis
622 2223 663 2287 ad
686 2223 876 2288 mandatum
900 2225 1042 2291 ecclesie
1057 2225 1271 2290 redeuntibus
1295 2230 1451 2310 operante
1473 2230 1567 2309 patre
1583 2221 1742 2286 luminum
1764 2219 1855 2306 pacis

126 2359 150 2397 u
204 2326 247 2389 sit
267 2324 343 2389 hino
367 2325 442 2389 inde
466 2327 685 2410 tranquillitas
709 2328 895 2410 reformata,
917 2331 1067 2395 volumus
1089 2337 1123 2394 et
1144 2351 1203 2416 per
1225 2329 1408 2415 apostolica
1429 2327 1490 2391 tibi
1515 2325 1637 2413 scripta
1652 2323 1854 2402 mandamus,

201 2429 353 2514 quatinus
382 2449 455 2493 oum
488 2430 661 2515 pecuniam
697 2431 800 2516 ipsam
829 2431 1022 2496 mandemus
1056 2433 1116 2496 tibi
1148 2433 1219 2497 sine
1254 2431 1470 2495 diminutione
1503 2429 1649 2515 qualibet
1684 2426 1855 2511 resignari,

201 2530 340 2596 eandem
362 2532 525 2618 recipiens
548 2530 589 2597 de
613 2533 835 2617 resignatione
859 2536 963 2620 ipsius
986 2537 1082 2601 nobis
1106 2557 1200 2600 cures
1224 2541 1297 2599 tuas
1320 2533 1447 2598 litteras
1470 2530 1648 2597 destinare.

308 2650 385 2716 Dat.
407 2651 546 2733 Perusii‚
569 2651 652 2717 XVI
675 2651 749 2717 Kal.
774 2654 862 2736 Iulii,
885 2676 971 2720 anno
994 2677 1091 2721 nono.

309 2772 348 2836 ln
372 2771 511 2836 eundern
524 2773 603 2862 iere
619 2773 752 2838 modum
772 2774 813 2839 de
835 2782 966 2840 centum
982 2777 1221 2862 quinquaginta
1236 2775 1327 2840 libris
1343 2775 1583 2840 Turonensium
1600 2772 1705 2837 nobili
1726 2770 1856 2837 mulieri

124 2902 150 2940 ro
203 2925 236 2941 ..
260 2877 427 2940 comitisse
450 2875 597 2940 Marohie
609 2876 630 2941 ¹.

308 2980 348 3043 In
380 2979 520 3044 eundem
550 2979 620 3044 fere
650 2979 782 3045 modum
810 2980 851 3044 de
887 2965 1045 3066 ‘pecnnia
1070 3003 1130 3067 pro
1158 2981 1344 3046 huiusmodi
1375 2979 1522 3046 subsidio
1550 2978 1714 3066 deposita'
1748 2976 1854 3042 archi-

200 3083 354 3170 episcopo
378 3082 582 3147 Turonensi²
615 3089 649 3148 et
676 3083 892 3169 suffraganeis
928 3083 1014 3165 eius,
1048 3084 1239 3166 abbatibus,
1274 3083 1438 3170 prioribus
1470 3091 1504 3148 et
1534 3084 1607 3148 aliia
1643 3082 1855 3148 ecelesiarum

200 3186 336 3272 prelatis
359 3192 393 3251 et
416 3187 583 3250 canonicis
607 3208 666 3274 per
691 3186 918 3253 'turonensem
941 3189 1143 3274 provinciam
1166 3188 1382 3253 constitutis⁵.

310 3285 362 3376 [In
385 3289 525 3355 eundem
548 3291 618 3355 iere
642 3289 808 3378 modumlb
832 3340 865 3356 ..
889 3293 1136 3380 archiepiscopo
1161 3290 1364 3357 Senonensi³
1388 3298 1422 3355 et
1451 3289 1665 3375 suffraganeis
1693 3291 1764 3356 eius
1791 3295 1854 3356 eto.

123 3425 149 3464 aa
310 3389 363 3478 [In
386 3392 526 3459 eundem
550 3394 620 3460 fere
643 3393 810 3482 modum]¹>
833 3444 866 3460 ..
889 3397 1137 3483 archiepiscopo
1160 3396 1342 3462 Remensi⁴
1365 3401 1427 3461 etc.

312 3492 364 3582 [In
387 3496 529 3562 eundern
551 3498 621 3563 fere
644 3495 810 3586 modumlb
832 3499 1007 3564 abbatibus
1032 3505 1066 3565 et
1094 3499 1309 3566 conventibus
1332 3497 1602 3563 monasteriorum
1626 3503 1855 3583 exemptorum

202 3619 262 3684 per
283 3620 421 3684 regnum
444 3599 583 3666 Francia
608 3603 804 3666 constitutis.

309 3717 387 3784 Det.
409 3719 548 3802 Perusii‚
571 3721 672 3787 XVII
694 3720 770 3787 Kal.
795 3722 857 3788 Iul.
880 3744 966 3814 qnno
990 3744 1087 3788 nono.

983 4143 1070 4216 646.

311 4249 503 4362 Grecos-ins
517 4279 574 4344 IX
592 4301 679 4361 papa
701 4281 877 4367 [chrico]
898 4283 1128 4364 archiepiscopo
1141 4280 1312 4346 nemsi
1334 4281 1460 4361 einsqne
1481 4275 1695 4360 suffrapaneis
1715 4274 1856 4353 mandat,

125 4425 151 4464 ,0
202 4385 238 4446 nt
260 4381 398 4447 subditos
419 4401 492 4448 snos
513 4383 653 4462 incitent,
674 4388 712 4449 nt
732 4387 948 4470 unusquisqne
969 4408 1075 4452 eornm
1091 4405 1154 4468 pro
1174 4384 1292 4448 militia
1315 4383 1431 4448 Terrae
1446 4383 1583 4450 Sanctae
1605 4380 1743 4463 qnalibet
1763 4379 1857 4461 septi·

201 4505 299 4550 mana
320 4486 430 4550 saltem
452 4505 551 4550 nnnm
573 4487 740 4552 mnam
761 4489 821 4557 det.
1502 4485 1596 4564 1235,
1619 4485 1695 4551 Inn.
1716 4485 1769 4551 28.

307 4603 385 4674 (trop.
405 4605 454 4658 1x
472 4605 543 4674 Rey.
564 4605 624 4662 Vct.
646 4607 678 4674 V,
702 4611 826 4675 45—le
848 4607 911 4664 Lib.
933 4609 995 4676 IX,
1016 4612 1078 4663 135.
1125 4607 1232 4662 Pertrii
1255 4607 1394 4676 exemplar
1416 4595 1601 4680 suppletiones
1621 4621 1657 4660 en
1674 4603 1768 4675 Rayn.
1785 4603 1858 4658 Anu.

201 4691 262 4744 eccl.
280 4707 306 4745 a.
326 4695 407 4758 1235,
424 4695 441 4756 §
458 4695 575 4747 46-48.

303 4777 440 4846 Pottltnet,
461 4777 529 4848 Ray.
550 4782 630 4834 9951.

443 5012 452 5031 .
482 5012 491 5030 .
519 4957 859 5051 archiepiscopo
888 4959 1098 5034 Remensi
1126 4963 1168 5034 et
1194 4957 1492 5050 suffraganeis
1518 4957 1623 5032 suia.

302 5103 471 5169 Exeemus
490 5103 531 5168 ad
545 5102 669 5186 Iesum,
686 5105 864 5171 secundnm
881 5109 1076 5194 apostolum,
1092 5115 1187 5174 extra
1204 5113 1319 5188 eosne,
1335 5105 1569 5194 improperium
1585 5105 1657 5171 eius
1672 5109 1930 5191 portentosum.
1942 5131 2011 5180 inu.

202 5214 239 5272 ut
261 5205 414 5272 videlieet
437 5207 542 5293 ipsius
567 5208 778 5294 opprobrium
802 5210 970 5298 proprium
993 5218 1200 5298 reputemus,
1228 5210 1322 5296 quasi
1351 5209 1446 5275 nobis
1476 5208 1557 5296 ipsis
1587 5209 1696 5272 illatas
1719 5206 1784 5272 sibi
1806 5207 1857 5272 in-

311 5468 333 5531 ¹)
351 5467 389 5518 ita
406 5467 434 5518 in
451 5467 604 5534 apoprapbc
622 5467 730 5530 Perteii,·
753 5471 837 5520 nereio
859 5487 895 5520 an
917 5471 1026 5536 epntoin
1047 5471 1075 5521 in
1094 5469 1155 5535 Itcy.
1173 5470 1273 5536 inthra
1297 5471 1404 5536 lepatrcr.
1485 5468 1508 5532 δ)
1527 5468 1602 5520 Haec
1618 5468 1696 5520 verba
1720 5487 1738 5520 a
1756 5466 1857 5519 Pertzio

200 5571 254 5606 non
270 5555 478 5621 perenatasset
496 5555 568 5606 linea
585 5563 683 5606 munem
701 5563 791 5606 notata
808 5565 874 5608 cunt.
911 5557 1073 5622 Diebdamnc,
1090 5574 1152 5608 num
1170 5559 1223 5608 iere
1241 5557 1405 5623 repetundum
1423 5558 1461 5610 rit.

124 5693 151 5736 aa
307 5675 333 5741 l)
351 5671 498 5728 Isabellae.
567 5673 596 5742 2)
615 5672 726 5728 Inbdto.
796 5673 825 5746 3)
848 5674 976 5730 Wcttcro.
1046 5675 1075 5746 4)
1095 5674 1226 5730 Henrico.
