4590 6366
1052 403 1099 460 EX
1118 403 1294 468 GREGORII
1311 401 1356 458 IX
1374 399 1556 458 REGISTRO

1255 771 1343 846 68b.
1447 789 1448 794 ’

581 925 771 1038 Grepories
801 951 857 1018 IX
878 973 967 1034 pape
996 951 1166 1016 rectoribus
1198 950 1352 1014 societatis
1385 948 1594 1013 Loorbordioc
1625 947 1748 1023 scribit,
1783 969 1854 1012 erem
1886 945 2141 1033 [Hermaites]

475 1059 622 1140 magister
639 1057 875 1122 Tcetoreieorum
896 1059 969 1119 aab
984 1055 1151 1120 educatum
1165 1053 1414 1117 comessatorem
1429 1073 1534 1116 eoram
1555 1052 1620 1115 iam
1635 1053 1802 1129 recesserit,
1824 1070 1858 1115 se
1880 1051 1925 1115 eb
1948 1051 2140 1130 imperatore

469 1161 630 1242 petivisse,
653 1164 690 1223 at
710 1161 823 1223 iterem
844 1159 879 1221 ire
902 1178 934 1222 se
955 1158 1225 1238 compromitteret;
1253 1175 1292 1218 rec
1314 1159 1417 1219 eamne
1438 1155 1510 1220 baie
1531 1156 1652 1236 nepotio
1673 1155 1932 1235 impedimentum
1954 1155 2140 1229 inducatur,

475 1284 507 1328 se
528 1263 573 1328 ed
598 1282 647 1327 eos
668 1261 930 1347 [Mareellinam]
951 1261 1126 1342 episcopum
1148 1259 1362 1324 Aeseateaum
1384 1259 1522 1338 oeittmc5
1549 1258 1633 1322 aude
1655 1258 1802 1338 montet,
1830 1263 1867 1322 ret
1898 1259 1972 1321 eires
1996 1258 2140 1322 consitiis

476 1387 570 1449 super
588 1387 664 1447 pace
686 1367 823 1450 reqioeis
844 1366 946 1430 deootc
967 1365 1144 1429 intendant.
2193 1380 2202 1416 r

1764 1448 1858 1524 1236,
1881 1446 1997 1528 April.
2023 1451 2056 1509 1.

582 1571 662 1639 Grae.
682 1571 731 1625 IX
747 1570 818 1640 Rep.
840 1570 898 1625 Vot.
920 1568 952 1634 V,
971 1571 1128 1635 rer-13&
1145 1567 1207 1622 Lib.
1226 1568 1263 1632 X,
1284 1572 1309 1622 7.

581 1658 718 1726 Pottbost,
737 1656 806 1725 Ray.
825 1658 924 1710 10134.
976 1705 986 1724 ,

883 1899 1154 1975 Rectorihus
1183 1899 1414 1974 societatis
1440 1899 1719 1973 Lombardie.

588 2050 691 2116 Solita
714 2051 928 2137 benignitatis
961 2051 1082 2114 affectu
1113 2050 1297 2136 recepimus
1325 2070 1430 2134 nuper
1458 2054 1492 2113 et
1520 2048 1702 2113 audivimus
1727 2048 1865 2113 dilectos
1887 2046 1979 2113 filios
2005 2047 2136 2114 ambas·
2182 2059 2201 2095 ¹⁰

479 2161 606 2220 satores
630 2161 768 2236 vestros,
792 2155 925 2236 fideles,
949 2153 1103 2240 providos
1128 2159 1161 2219 et
1185 2153 1356 2233 discretos,
1380 2153 1445 2237 qui,
1469 2153 1649 2238 prudenter
1672 2173 1735 2237 que
1758 2152 1936 2216 voluerunt
1962 2153 2137 2238 expositis,

478 2259 609 2324 nomine
631 2264 741 2323 restro
764 2259 798 2322 in
820 2281 880 2323 nos
904 2259 1167 2344 compromittere
1192 2263 1398 2322 curaverunt.
1437 2256 1561 2321 Verum
1586 2257 1662 2341 quia
1685 2256 1733 2320 eis
1756 2256 1968 2320 venientibus
1995 2256 2137 2320 dilectus

480 2362 565 2426 lilius
595 2411 627 2427 ..
658 2363 816 2447 magister
847 2361 962 2426 domus
993 2359 1286 2441 Teutonieorum,¹
1306 2381 1349 2425 ex
1383 2367 1476 2445 purte
1507 2360 1673 2424 karissimi
1706 2360 1739 2422 in
1768 2359 1900 2423 Christo
1936 2359 1998 2422 filii
2034 2360 2137 2422 nostri

478 2466 638 2530 Friderici
660 2465 883 2530 Romanorum
899 2472 960 2530 ete.
983 2465 1176 2542 destinatus,
1200 2465 1265 2528 iam
1288 2470 1482 2544 recesserat,
1507 2485 1580 2527 eum
1603 2463 1725 2527 diutius
1749 2463 1836 2550 apud
1860 2463 1977 2528 sedem
2002 2469 2137 2548 aposto·

478 2570 575 2634 liearn
599 2576 826 2655 expectasset,
856 2591 932 2648 nos,
965 2590 1023 2655 pro
1048 2576 1137 2634 certo
1161 2575 1311 2633 tenentes
1335 2589 1393 2632 vos
1422 2568 1455 2631 in
1480 2589 1571 2631 mora
1592 2567 1751 2631 dictorum
1774 2567 2043 2630 ambassatorum
2074 2589 2137 2631 nou
2192 2581 2200 2616 ⁵

479 2671 643 2736 malitiose
673 2678 724 2736 set
750 2673 836 2736 bona
864 2671 927 2736 fide
958 2678 1124 2752 versatos,
1156 2678 1192 2736 ut
1221 2671 1266 2735 hii
1298 2672 1352 2756 qui
1382 2670 1595 2735 mittebantur
1621 2691 1640 2734 a
1663 2670 1757 2734 vobis
1780 2671 1936 2735 venirent
1959 2694 2039 2736 eum
2063 2695 2138 2759 pro-

480 2775 687 2840 curatoribus
716 2775 883 2839 oivitatum
915 2776 1058 2840 omnium
1087 2776 1189 2861 partis
1218 2780 1344 2856 vestre,
1377 2775 1487 2838 statim
1518 2773 1605 2838 dicto
1639 2774 1795 2858 magistro
1822 2774 2073 2856 mandavimus,
2104 2783 2139 2840 ut

480 2877 611 2943 rediret.
658 2877 724 2942 Sed
749 2898 788 2942 eo
813 2899 848 2942 re
880 2899 979 2962 super
1001 2879 1061 2943 hoc
1084 2899 1143 2964 per
1170 2879 1298 2943 litteras
1323 2883 1355 2941 et
1384 2877 1532 2941 nuntium
1557 2883 1753 2954 excusante,
1783 2877 1869 2960 quod
1892 2887 2074 2943 revocatus
2097 2878 2138 2942 ab

480 2981 677 3068 imperatore
701 3003 736 3045 se
761 2986 934 3066 reputante
951 2987 1187 3068 contemptum,
1212 2982 1283 3045 sine
1303 2979 1439 3066 speciali
1455 2979 1526 3044 eius
1541 2977 1695 3042 mandato
1717 2979 1751 3042 id
1773 2979 1882 3044 faeere
1906 3002 1974 3045 non
1992 2984 2137 3058 valebat,

480 3085 544 3170 ipsi
567 3085 767 3170 imperatori,
791 3084 882 3148 utin
906 3106 965 3148 nos
992 3086 1110 3149 iterum
1132 3084 1421 3170 compromitteret,
1445 3082 1625 3147 direximus
1646 3082 1767 3168 scripta
1787 3089 1901 3147 nostra
1914 3086 1934 3164 ¹,
1960 3094 2137 3172 sperantes

482 3186 568 3273 quod
590 3195 748 3252 consueta
770 3187 993 3253 benivolentia
1008 3194 1137 3253 nostras
1155 3188 1402 3252 exhortationes
1427 3193 1460 3251 et
1483 3188 1654 3251 consilium
1673 3186 1899 3272 amplectetur.
1946 3187 2037 3262 Quia
2060 3211 2138 3254 vero

481 3311 543 3355 nee
566 3289 662 3355 decet
685 3312 746 3355 neo
770 3292 905 3377 expedit
920 3292 1044 3377 aliquid
1060 3292 1258 3377 attemptari,
1283 3291 1369 3376 quod
1385 3292 1518 3376 negotio
1536 3291 1803 3377 impedimentum
1826 3292 1879 3356 vel
1903 3291 2138 3358 difficultatem

479 3393 626 3474 inducat,
659 3415 781 3479 vosque
805 3394 846 3458 de
876 3395 1003 3458 malitia
1025 3395 1079 3458 rel
1102 3395 1266 3458 incautela
1290 3393 1409 3458 exinde
1433 3394 1540 3458 notari
1563 3395 1717 3480 possitis,
1747 3395 1973 3460 venerabilem
1999 3398 2137 3462 fratrem

478 3504 626 3562 nostrum
658 3545 691 3562 ..
715 3497 906 3583 episcopum
929 3497 1146 3578 Erculanum,
1174 3499 1279 3561 virum
1309 3497 1480 3583 providum
1509 3505 1542 3562 et
1570 3497 1764 3578 discretum,
1792 3497 1833 3562 ad
1860 3507 1974 3583 partes
2006 3508 2137 3565 vestras

479 3600 631 3666 duximus
655 3600 895 3682 destinandum,
920 3600 1091 3667 credentes
1115 3601 1202 3687 quod
1226 3603 1310 3666 sieut
1333 3603 1471 3686 angelus
1494 3601 1585 3688 pacis
1608 3608 1641 3666 et
1664 3602 1793 3666 consilii
1816 3602 1940 3667 debeat
1961 3612 2137 3690 speratum
2182 3617 2202 3656 2³

359 3717 397 3759 ne.
412 3722 466 3769 eoa.
481 3705 622 3769 fructum
639 3703 831 3790 producere,
855 3706 1099 3791 tranquillitatis
1116 3705 1270 3771 videlicet
1294 3712 1326 3770 et
1349 3707 1473 3786 salutis,
1497 3728 1597 3792 prava
1620 3707 1653 3770 iu
1669 3706 1795 3771 directa
1816 3714 1849 3772 et
1872 3709 1906 3771 in
1922 3708 1996 3773 vias
2020 3710 2138 3796 planas

479 3830 598 3895 aspera
621 3808 851 3874 convertendo.
898 3808 1060 3882 Quocirca
1086 3811 1335 3875 universitatem
1358 3816 1501 3874 vestram
1533 3810 1728 3875 monendam
1756 3810 1909 3875 duximus
1933 3816 2137 3899 propensius

479 3919 513 3977 et
535 3911 738 3991 hortandam,
761 3933 822 3997 per
844 3913 1027 3998 apostoliea
1049 3913 1143 3977 robis
1167 3915 1292 3999 scripta
1314 3913 1526 3999 precipiendo
1543 3913 1746 3995 mandantes,
1770 3915 1923 3999 quatinus
1947 3937 2028 3981 eum
2053 3921 2137 3983 reci-

479 4016 610 4102 pientes
625 4016 769 4100 beuigne
786 4023 819 4080 et
839 4016 977 4081 honeste
1000 4022 1189 4098 tractantes,
1213 4017 1372 4102 depositis
1394 4017 1613 4082 simultatibus
1630 4025 1663 4082 et
1679 4018 1935 4083 emulationibus
1955 4023 2138 4102 universis,

480 4118 597 4202 quibus
631 4119 802 4184 innumera
835 4118 1007 4206 dispendia
1048 4141 1157 4186 rerum
1194 4127 1227 4186 et
1262 4142 1433 4207 corporum
1469 4143 1507 4185 ao
1546 4123 1693 4208 pericula
1732 4122 1904 4188 imminent
1938 4126 2139 4207 animarum,

480 4221 666 4285 salubribus
690 4223 762 4287 eius
785 4224 928 4304 monitis,
954 4225 1100 4288 consiliis
1125 4232 1159 4290 et
1181 4224 1343 4289 mandatis
1366 4245 1466 4310 super
1488 4245 1568 4310 paee
1592 4225 1736 4310 regionis
1759 4225 1877 4289 devote
1901 4247 1940 4291 ac
1964 4227 2141 4295 humiliter

479 4324 651 4390 intendere
680 4327 881 4410 procuretis,
908 4328 955 4391 ita
982 4328 1068 4412 quod
1098 4334 1235 4393 matrem
1263 4334 1406 4391 vestram
1434 4326 1614 4391 Romanam
1638 4329 1828 4410 eeclesiam,
1861 4350 1925 4414 que
1957 4353 2020 4417 pro
2046 4335 2140 4399 vobis

479 4426 628 4493 laborare
652 4449 718 4492 nou
741 4428 862 4494 desinit
890 4436 1045 4517 reputans
1069 4453 1126 4496 vos
1158 4432 1229 4496 eius
1258 4431 1342 4494 filios
1368 4431 1547 4516 speciales,
1578 4432 1611 4494 in
1639 4431 1812 4497 devotione
1837 4441 1951 4499 vostra
1982 4437 2143 4504 letificari

481 4533 665 4616 contingat,
689 4553 749 4597 nec
773 4532 884 4598 dolere
908 4535 961 4598 rel
984 4535 1139 4620 conqueri
1163 4535 1291 4616 debeat,
1316 4534 1401 4620 quod
1425 4536 1531 4599 miuus
1555 4535 1588 4598 iu
1604 4536 1718 4600 vobisa
1739 4537 1847 4601 filialis
1871 4539 2068 4608 affectionis
2091 4546 2142 4609 iu-

481 4635 608 4698 veuerit
624 4655 719 4719 quam
739 4638 892 4721 speravit.
937 4637 1103 4722 Alioquin,
1127 4659 1200 4702 cum
1222 4660 1281 4725 pro
1297 4639 1397 4702 Terre
1414 4638 1533 4702 Sancte
1550 4640 1683 4724 negotio
1705 4641 1738 4703 iu
1759 4647 1826 4704 toto
1844 4641 1926 4707 orbe
1945 4643 2142 4714 Christiano
2193 4664 2215 4700 ³⁵

480 4758 596 4824 pacem
627 4739 890 4804 mandaverimus
922 4741 1091 4806 observari
1120 4747 1154 4806 ot
1183 4741 1224 4805 ad
1255 4742 1317 4807 hoo
1346 4744 1446 4807 etiam
1474 4742 1632 4827 quosdam
1664 4744 1869 4827 coegerimus
1902 4748 2083 4837 principes
2113 4761 2147 4818 et

326 4853 390 4895 Prov-
401 4857 470 4906 roeo
482 4848 663 4926 magnates,
687 4863 748 4908 uec
771 4842 858 4928 apud
880 4865 939 4908 nos
961 4844 1088 4931 pondus
1111 4852 1143 4909 et
1166 4845 1303 4932 pondus,
1326 4867 1480 4911 mensura
1496 4867 1570 4910 esse
1587 4845 1707 4911 debeat
1730 4853 1763 4911 et
1786 4833 1955 4926 mensura,
1981 4856 2148 4944 episeopo

480 4946 543 5032 ipsi
566 4946 810 5027 mandavimus,
833 4953 869 5011 ut
891 4950 1088 5014 auctoritate
1111 4955 1223 5014 nostra
1246 4957 1360 5015 contra
1382 4949 1611 5014 inobedientes
1636 4957 1670 5014 ot
1692 4950 1835 5014 rebelles
1861 4952 2001 5020 sublato
2028 4963 2147 5049 appel-

480 5051 612 5115 lationis
635 5050 824 5118 obstaculob
846 5053 1025 5140 procedere
1049 5075 1114 5118 non
1137 5060 1323 5140 postponat.

587 5191 664 5256 Dat.
687 5192 840 5276 Viterbii,
864 5193 938 5259 Kal.
963 5193 1069 5281 April.
1092 5216 1177 5259 anno
1202 5192 1338 5259 decimo.

584 5383 801 5391 -—--———-

586 5519 609 5587 ⁸)
628 5539 674 5573 vos
692 5521 723 5573 le.
807 5521 830 5588 l')
851 5525 900 5576 sub
917 5525 1056 5591 apostolica
1073 5527 1219 5578 obedientia
1235 5527 1262 5576 ia
1281 5545 1371 5592 opopa.
1388 5533 1492 5587 nomo,-
1509 5528 1542 5590 σί,
1556 5547 1584 5593 p.
1605 5533 1665 5588 etri,
1682 5538 1733 5579 not.
1752 5548 1778 5580 a.

585 5675 610 5744 1)
628 5691 654 5728 rr.
676 5679 740 5731 678.
