4304 6420
648 411 847 468 EPISTOLAE
865 409 1054 467 SELEO'I'AE.
1088 411 1164 466 1226.

863 766 949 838 291.

190 880 379 973 Honores
402 905 469 970 111
480 925 569 988 papa
585 903 763 970 nicoeam
784 908 813 970 u
831 903 1031 970 amaena
1051 901 1290 984 areensem
1313 905 1342 966 e
1363 900 1470 968 omre
1484 899 1606 966 neco
1621 898 1735 966 orrea·

61 1010 187 1075 varios
207 1026 350 1074 excessum
371 1007 586 1093 [Boimundi]
606 1008 726 1072 cernitis
751 1007 943 1088 Tmpolitont
964 1010 1089 1070 uoluat.
1385 1005 1477 1082 1226,
1502 1003 1574 1070 Ion.
1596 1006 1648 1067 30.

185 1129 257 1184 Hom
277 1131 333 1182 ΙΙΙ
346 1127 413 1198 ch.
431 1127 495 1182 Lib.
515 1127 551 1186 X.
570 1130 631 1181 169.
668 1126 789 1181 Eamus
807 1143 842 1180 ec
862 1126 954 1197 Repo.
974 1129 1045 1180 Ano.
1064 1125 1305 1189 ccct.a.1226,§
1324 1129 1367 1179 57.

185 1213 406 1284 Pottleost,1tep.
427 1217 529 1268 752lc.

295 1421 543 1497 Nicosiensi
569 1428 610 1495 et
637 1422 892 1498 Cesariensi
919 1422 1271 1516 archiepiscopis
1298 1429 1339 1498 et
1365 1423 1514 1497 abbati

729 1543 889 1616 Montis
913 1541 1089 1616 Oliveti.

187 1692 309 1757 (lomes
332 1691 572 1776 Tripolitanos,
604 1691 659 1775 qui
690 1712 747 1776 pro
770 1690 909 1758 dirersis
933 1697 967 1755 ct
990 1692 1088 1755 variis
1111 1692 1307 1757 excessibus
1329 1691 1396 1756 suis
1419 1691 1460 1756 ad
1483 1691 1574 1756 illum
1597 1689 1732 1758 deberet

65 1793 231 1862 intuitum
256 1796 400 1880 erigere,
431 1815 495 1879 quo
518 1795 718 1882 respiciente
741 1794 859 1860 Petrus
892 1796 1013 1880 legitur
1035 1797 1068 1860 in
1095 1817 1222 1861 amaras
1250 1796 1400 1861 lacrimas
1427 1795 1612 1876 effluxisse,
1640 1795 1732 1881 gravi
1749 1808 1904 1863 uanumm.

67 1897 249 1964 demersus
283 1898 458 1963 oblivionis
488 1919 600 1962 somno
630 1905 663 1962 et
692 1904 780 1962 totus
809 1907 868 1984 per
894 1900 1085 1984 voraginem
1111 1899 1353 1986 desperationis
1382 1901 1572 1987 absorptus,
1609 1900 1732 1964 nnllam

70 2003 205 2090 recipit,
230 2023 306 2067 cum
329 2022 504 2088 percussus
527 2001 728 2078 condoleat,
751 2001 967 2089 disciplinam.
1012 2003 1106 2068 Idem
1128 2005 1214 2068 enim
1238 2005 1324 2068 inter
1346 2005 1428 2068 alios
1451 2005 1523 2069 eius
1546 2004 1731 2090 divulgatos

71 2127 237 2172 excessus
260 2103 470 2168 Antiochiam
494 2109 527 2167 ct
549 2111 692 2169 castrum
708 2105 961 2187 Antiochorum,
985 2106 1070 2191 quod
1093 2106 1247 2172 fratribus
1270 2106 1453 2193 Hospitalis
1477 2107 1732 2172 Icrosolimitani

74 2209 331 2275 custodiendum
362 2208 487 2273 dimisit
508 2209 705 2274 venerabilis
729 2210 831 2274 frater
854 2217 966 2276 noster
987 2210 1188 2276 Albonensis
1212 2212 1386 2298 episcopus
1398 2211 1419 2291 ¹,
1451 2216 1528 2276 tunc
1551 2210 1732 2297 apostolice

77 2313 165 2378 sedis
190 2314 335 2400 legatus,
359 2320 393 2377 et
419 2311 549 2377 domum
574 2312 746 2398 quandam,
771 2335 866 2397 quam
891 2315 954 2401 ipsi
969 2315 1093 2379 habent
1115 2315 1202 2403 apud
1218 2315 1386 2400 Tripolim,
1412 2315 1544 2402 capiens
1560 2315 1731 2396 violenter,

78 2419 167 2484 rabie
192 2417 376 2483 concitatus
401 2416 576 2498 diabolica,
606 2439 704 2482 unum
729 2441 771 2483 ex
794 2419 875 2505 ipsis
899 2421 1060 2484 excoriari
1084 2430 1118 2484 et
1140 2420 1257 2498 alium,
1289 2427 1324 2483 ut
1355 2416 1486 2497 dicitur,
1516 2417 1620 2484 occidi
1643 2419 1731 2498 fecit,

1 2572 10 2582 .
81 2529 189 2609 preter
212 2521 246 2585 id
271 2521 356 2608 quod
378 2520 572 2607 quibusdam
595 2542 707 2586 eorum
729 2522 907 2587 crudeliter
929 2531 962 2588 et
985 2524 1157 2590 inhonesto
1174 2523 1330 2600 tractatis,
1354 2521 1472 2587 damna
1494 2523 1542 2587 eis
1565 2521 1677 2607 gravia
1699 2529 1733 2587 et

82 2626 215 2690 iniurias
238 2624 405 2709 irrogavit.
451 2624 547 2688 Unde
570 2624 676 2689 dictus
693 2626 868 2711 episcopus
891 2627 942 2691 his
965 2628 1104 2713 aliisque
1128 2627 1167 2692 do
1193 2627 1300 2691 causis
1323 2625 1471 2713 pluribus
1494 2624 1676 2691 manifestis
1699 2626 1732 2690 in

85 2751 164 2808 eum,
189 2729 348 2806 lautores,
373 2729 550 2815 complices
574 2737 608 2792 et
624 2730 859 2816 participantes
883 2730 989 2796 eidem
1007 2732 1143 2818 protulit
1158 2729 1503 2794 excommunicationis
1526 2729 1732 2808 sententiam,

83 2851 139 2916 que
162 2832 363 2896 auctoritate
386 2831 567 2918 apostolica
596 2832 706 2896 extitit
735 2833 942 2918 postmodum
972 2835 1164 2921 approbata.
1210 2832 1275 2898 Sed
1298 2833 1369 2919 ipse
1393 2839 1547 2918 tanquam
1570 2838 1732 2919 peccator,

83 2936 132 3018 qui
156 2936 355 3014 contemnit,
385 2943 559 3023 postquam
583 2937 615 2999 in
638 2936 834 3022 profundum
866 2937 987 3001 labitur
1013 2939 1181 3016 vitiorum,
1210 2935 1348 3002 eandam
1377 2936 1574 3001 senteutiam
1601 2937 1731 3023 penitus

14 3067 21 3090 ι
82 3037 296 3124 vilipendens,
320 3037 360 3102 dc
384 3037 551 3104 redeundo
573 3039 614 3102 ad
633 3040 827 3105 mandatum
851 3041 1008 3121 ecclesie,
1031 3063 1104 3107 cum
1128 3041 1237 3106 ablata
1259 3039 1407 3105 detineat
1429 3045 1462 3104 et
1484 3039 1526 3105 de
1549 3039 1676 3104 damnis
1699 3047 1733 3105 et

81 3138 204 3205 iniuriis
228 3141 352 3205 nullam
380 3141 638 3206 satisfactionem
666 3142 880 3229 impenderit,
912 3165 975 3208 non
1004 3144 1134 3209 videtur
1164 3143 1262 3208 etiam
1291 3142 1446 3227 cogitare.
1491 3142 1537 3206 Ut
1558 3149 1667 3209 autem
1690 3142 1731 3208 de

79 3244 184 3308 salute
208 3263 268 3308 sua
292 3242 378 3308 idern
401 3246 564 3309 excitatus
588 3267 608 3309 a
631 3245 726 3310 nobis
750 3248 925 3332 recogitet,
959 3247 1013 3331 qui
1045 3268 1105 3332 per
1127 3245 1337 3333 septennium
1359 3245 1513 3332 despexit
1535 3247 1732 3312 sententiam

78 3345 311 3432 supradictam,
334 3346 524 3412 discretioni
548 3355 656 3414 vestre
679 3350 751 3414 etc.²

185 3465 309 3530 Datum
331 3464 447 3547 Reate,
470 3466 524 3531 IIl
546 3467 685 3533 Kalend.
708 3469 805 3535 Febr.
828 3491 912 3534 anno
935 3470 976 3536 X.

699 3763 781 3770 ..b—-
790 3761 1107 3771 .--...--ω-.-.-..

863 4039 949 4113 999.

186 4151 373 4246 Honorius
403 4176 471 4241 111
486 4197 576 4258 papa
603 4177 768 4242 Fm'dem'm
794 4177 1008 4244 Romanorum
1042 4180 1224 4260 irrrpcrotom
1253 4180 1464 4268 [chrimm]
1496 4203 1596 4266 repom
1633 4183 1732 4269 prni

64 4285 179 4345 actae
200 4281 349 4346 minorem
371 4279 570 4345 commendat.
1357 4288 1450 4366 1226,
1473 4287 1567 4354 Febr.
1592 4291 1644 4354 17.

180 4399 252 4455 Hom.
270 4398 329 4453 111
343 4397 414 4469 Rep.
438 4397 493 4451 Vol.
516 4397 547 4462 V,
567 4402 625 4462 1143
645 4398 706 4454 Lib.
727 4400 763 4464 X,
782 4405 846 4455 209.

180 4485 316 4550 Pomm,
335 4483 405 4554 sep.
427 4487 508 4538 7534.

162 4697 409 4786 Friderico,
436 4698 610 4771 illustri
637 4699 940 4775 Romanorum
967 4703 1227 4795 imperatori
1253 4723 1432 4794 semper
1458 4712 1644 4799 augusto

726 4827 767 4896 et
792 4825 884 4916 regi
911 4824 1078 4898 Sicilie.

183 4964 345 5040 Quoniam
369 4967 466 5034 sedes
487 4971 669 5056 apostolica
690 4971 745 5059 pia
767 4977 872 5038 mater
895 4995 1004 5038 curam
1027 4979 1158 5040 tenetur
1173 4975 1360 5062 specialiter
1383 4997 1499 5062 gerere
1521 4977 1729 5063 pupillorum,

61 5057 285 5134 karissimum
313 5072 347 5135 in
369 5070 501 5138 Christo
523 5073 626 5138 lilium
649 5081 798 5140 nostrum
823 5122 830 5138 .
855 5123 863 5140 .
887 5077 1049 5142 illustrem
1073 5100 1184 5163 regem
1208 5077 1312 5167 cipri,
1343 5101 1416 5145 cum
1439 5079 1583 5167 pupillus
1607 5081 1730 5146 existat

62 5181 199 5257 nosque
230 5175 338 5261 ipsum
366 5175 493 5241 sincere
521 5175 554 5239 in
582 5174 725 5241 Domino
755 5176 944 5263 diligamus,
977 5181 1146 5246 serenitati
1169 5188 1225 5247 tue
1248 5181 1402 5247 duximus
1426 5180 1729 5267 commendandum,

66 5264 279 5360 imperialem
300 5276 585 5343 mansuetudinem
607 5279 767 5345 attentius
790 5289 960 5367 rogantes,
990 5284 1159 5368 quatinus,
1189 5305 1263 5349 cum
1291 5285 1408 5351 honori
1434 5291 1491 5350 tuo
1519 5305 1584 5350 non
1614 5305 1729 5373 parurn

554 5475 558 5478 -
568 5475 577 5480 -
586 5475 830 5484 -ᾴ-η---μφ-
837 5477 1245 5486 --..---.-------.....---------..-ἡ
1253 5479 1343 5487 ..ε-ι..-
1353 5479 1623 5488 ——-----—

178 5603 205 5670 1)
222 5601 366 5672 recaptus.
462 5605 491 5674 2)
509 5605 661 5677 Praecipit,
679 5611 711 5663 ut
727 5609 819 5678 ipsum
835 5608 932 5666 (liebus
950 5611 1033 5679 sestis
1050 5611 1164 5666 schram
1180 5612 1238 5666 edu
1256 5611 1377 5676 fidetium
1393 5614 1578 5668 communione
1594 5613 1730 5684 depellam

80 5695 115 5736 ac
127 5686 312 5758 principatum
330 5689 421 5745 sacrm
437 5691 614 5749 interdicunt.
651 5692 744 5766 Rapo.
