4576 6390
799 383 1000 441 EPISTOLAE
1017 383 1207 440 sensenna
1243 383 1318 438 1233.
1819 388 1881 452 437

227 557 305 644 fuge
328 557 509 645 presidium
530 557 727 643 flagitarent,
751 563 922 644 sperantes
944 577 1010 622 non
1032 578 1131 644 posse
1155 557 1311 622 resistere
1335 561 1426 621 tante
1448 555 1650 622 multitudini
1666 556 1882 642 signatorum,

228 681 424 746 quamquam
445 667 568 728 terram
583 661 795 728 fortissimam
819 669 854 727 et
876 661 945 728 fere
969 661 1261 748 inexpugnabilem
1278 660 1432 736 habeant,
1455 681 1519 747 qne
1542 660 1670 746 magnis
1692 660 1881 727 fluminibus

228 785 427 850 aquarumve
451 765 646 831 decursibus
670 772 722 832 est
743 767 879 846 munita,
908 764 989 830 dicti
1011 764 1126 830 fideles
1149 764 1358 852 postmodnm
1380 765 1561 848 intellecto,
1584 765 1671 851 quod
1694 766 1751 832 illa
1773 765 1880 832 indul·

227 868 341 954 gentle
366 890 432 934 non
459 868 663 956 gaudebant,
693 892 756 956 que
785 869 881 935 datvm
909 869 1063 935 euntibus
1095 869 1129 933 in
1158 869 1340 934 subsidium
1363 867 1465 935 Terre
1490 867 1627 951 Sancte,
1659 877 1747 935 retro
1776 871 1881 957 respi-

227 971 352 1037 cientes
387 973 422 1036 in
455 974 649 1039 executione
684 978 836 1039 votorum
875 973 1006 1060 penitus
1039 977 1226 1058 tepuerunt.
1282 971 1391 1046 Quare
1425 973 1518 1059 impii
1551 973 1738 1055 memorati,
1772 974 1882 1040 effecti

225 1076 446 1161 proterviores
470 1078 565 1142 solito
590 1099 608 1143 e
631 1079 809 1164 protervis,
843 1100 885 1142 ex
908 1077 971 1142 hoc
994 1073 1164 1141 audaciam
1188 1082 1393 1142 assumentes
1417 1081 1638 1162 seponentes
1662 1077 1794 1142 omnino
1818 1077 1883 1142 sibi

226 1176 334 1244 Deum
357 1180 556 1245 contrarium
579 1186 612 1246 et
635 1202 671 1246 se
692 1180 785 1263 Deo,
812 1179 971 1246 adversus
1000 1179 1097 1244 fidem
1121 1179 1316 1244 catholicam
1338 1180 1529 1244 calcaneum
1552 1180 1663 1246 sevius
1687 1188 1882 1259 erexerunt;

226 1303 265 1347 ae
288 1283 454 1349 civitatem
469 1283 685 1350 Bremeusem
708 1284 872 1350 hostiliter
893 1282 1070 1365 adeuntes,
1101 1283 1276 1364 ecclesias,
1305 1283 1504 1348 monasteria
1526 1289 1561 1349 et
1582 1283 1656 1349 loca
1677 1285 1882 1371 circumqua-

227 1407 290 1472 que
314 1387 421 1452 vicina
448 1408 510 1452 neo
538 1408 604 1453 non
635 1394 669 1453 et
700 1387 862 1474 quoddam
885 1395 1028 1453 castrum
1050 1386 1328 1452 munitissimum¹
1350 1385 1541 1452 Bremensis
1571 1388 1712 1454 ecclesie
1734 1387 1882 1453 funditus

228 1487 477 1571 destruxerunt,
508 1498 644 1579 propter
673 1491 760 1578 quod
789 1497 916 1556 tentum
946 1497 997 1556 est
1026 1491 1060 1554 in
1091 1490 1239 1576 partibus
1262 1489 1436 1556 Alamanie
1459 1488 1649 1556 scandalum
1678 1493 1883 1573 suscitatum,

226 1593 313 1679 quod
334 1615 400 1658 non
427 1595 534 1660 solum
562 1596 624 1678 illi,
654 1617 769 1662 verum
799 1595 899 1661 etiarn
928 1594 1065 1659 aliarum
1094 1600 1260 1659 sectarum
1288 1593 1442 1674 heretici,
1476 1593 1532 1680 qui
1558 1594 1650 1680 prius
1677 1594 1826 1660 latebant
1848 1595 1882 1659 in

226 1697 372 1782 angulis,
403 1696 444 1764 de
475 1698 664 1763 huiusmodi
698 1698 877 1784 gloriantes
908 1703 1023 1772 conha
1045 1696 1111 1761 Dei
1138 1697 1313 1762 ecclesiam
1343 1703 1377 1762 et
1403 1696 1502 1762 fidem
1531 1697 1726 1762 catholicam
1748 1695 1881 1786 publice

225 1799 444 1882 invalescunt,
464 1822 591 1867 >nomen
616 1800 740 1866 domini
761 1800 854 1878 Iesu,
882 1801 916 1870 in
939 1821 1002 1887 quo
1027 1800 1170 1866 flectitur
1192 1821 1288 1866 omne
1311 1821 1415 1886 genu,
1441 1801 1591 1866 scelestis
1618 1801 1714 1867 labiis
1737 1804 1877 1890 turpiter
1888 1816 1951 1860 Βοω-
1967 1820 2035 1869 uas

224 1902 494 1989 blasphemando.
537 1904 609 1969 Iam
632 1905 720 1969 enim
744 1925 856 1969 eorum
879 1903 990 1970 heresi
1007 1902 1212 1990 dampnanda
1234 1904 1332 1988 longe
1355 1904 1487 1988 lateque
1511 1903 1630 1969 diffuse
1651 1906 1883 1973 miserabiliter

151 2027 175 2067 rs
228 2011 262 2070 et
283 2006 478 2074 mirabiliter
507 2007 656 2072 inficiunt
678 2005 900 2073 Christianum
928 2007 1086 2093 populum
1109 2013 1143 2072 et
1166 2013 1395 2093 corrumpunt,
1427 2007 1562 2093 capiunt
1589 2009 1727 2074 clericos
1759 2016 1793 2074 et
1822 2032 1883 2098 per

226 2109 373 2174 membra
406 2109 615 2198 discerpunt,
655 2111 838 2177 cruciantes
873 2131 930 2174 eos
966 2110 1055 2174 omni
1089 2130 1211 2195 genere
1243 2115 1489 2176 tormentorum.
1544 2107 1653 2183 Quare
1687 2111 1782 2178 nobis
1821 2113 1883 2179 fuit

226 2211 395 2277 humiliter
427 2214 664 2300 supplicatum,
706 2221 743 2279 ιιι
776 2213 983 2279 considerata
1015 2213 1170 2299 qualitate
1203 2214 1330 2300 negotii
1362 2214 1396 2278 in
1427 2214 1527 2302 tantis
1560 2214 1717 2301 periculis
1751 2217 1882 2284 salubre

226 2315 408 2380 remedium
443 2338 609 2404 apponere
641 2317 862 2402 dignaremur.
918 2316 1014 2380 Licet
1047 2317 1147 2402 igitur
1180 2317 1260 2381 talia
1294 2322 1370 2381 sunt
1403 2318 1583 2403 premissa,
1617 2318 1703 2404 quod
1735 2317 1882 2385 dolorem

227 2417 369 2483 afferunt
399 2427 432 2485 et
459 2442 620 2487 merorem
649 2428 683 2487 et
712 2422 859 2508 ploratus
890 2420 1063 2485 materiam
1085 2420 1194 2506 potius
1219 2420 1361 2485 offerunt
1383 2441 1481 2506 quam
1503 2422 1643 2503 relatus,
1674 2423 1750 2508 quia
1771 2429 1882 2489 temen

228 2520 329 2587 habet
350 2520 414 2588 hoc
436 2524 603 2610 proprium
626 2524 810 2612 apostolica
831 2523 948 2606 sedes,
978 2530 1015 2588 ut
1043 2523 1077 2587 in
1099 2522 1181 2604 hiis,
1211 2523 1245 2587 in
1268 2523 1387 2608 quibus
1411 2529 1463 2589 cst
1484 2524 1588 2590 maius
1611 2527 1809 2612 periculum,
1840 2525 1883 2591 ad

202 2679 206 2686 .
226 2623 453 2709 inquirendam
474 2627 664 2714 plenissime
680 2628 864 2708 veritatem,
887 2647 929 2692 ne
952 2627 1062 2692 fucato
1085 2625 1269 2713 decipiatur
1292 2647 1414 2708 errore,
1436 2648 1510 2692 cum
1533 2629 1694 2714 gravitate
1716 2628 1883 2717 procedat,

226 2728 424 2795 fraternitati
466 2737 575 2797 vestre
616 2752 676 2818 per
713 2732 832 2796 iterata
874 2729 997 2817 scripta
1032 2731 1067 2795 in
1097 2729 1218 2795 virtute
1258 2728 1446 2796 obedientie
1485 2730 1633 2797 districte
1671 2731 1883 2820 precipiendo

226 2830 430 2915 mandamus,
453 2835 617 2920 quatinus,
640 2834 669 2899 si
686 2834 872 2899 constiterit
893 2834 1089 2920 pestilentes
1112 2833 1201 2920 ipsos
1224 2833 1258 2896 in
1281 2832 1491 2914 eucharistia,
1513 2835 1681 2922 responsis
1698 2834 1883 2912 demonum,

227 2937 332 3002 cereis
356 2937 540 3002 simulacris
564 2944 598 3003 et
619 2936 823 3003 detestandis
838 2937 1094 3024 phitonissarum
1111 2937 1268 3018 consiliis,
1290 2942 1328 3000 ut
1348 2937 1545 3022 premissum
1568 2944 1630 3020 est,
1652 2944 1719 3003 tam
1741 2938 1885 3024 graviter

229 3041 432 3121 excessisse,
461 3047 496 3106 et
526 3040 703 3126 diligenter
732 3062 753 3106 a
778 3041 873 3106 vobis
900 3041 1016 3106 moniti
1045 3041 1078 3105 in
1105 3041 1167 3106 hac
1196 3039 1398 3128 dampnabili
1428 3041 1610 3128 pertinacia
1632 3039 1885 3130 dampnabiliter

226 3143 461 3229 perdurantes,
497 3145 707 3230 acquiescere
738 3142 823 3209 forte
851 3145 1017 3209 noluerint
1045 3149 1080 3208 et
1108 3143 1149 3209 ad
1178 3145 1285 3209 sinum
1319 3145 1432 3209 matris
1467 3145 1608 3210 ecclesie
1642 3163 1746 3231 prona
1773 3149 1884 3210 mente

227 3247 345 3328 redire,
368 3253 492 3312 tantam
515 3254 549 3313 et
571 3249 670 3313 telem
685 3247 873 3312 cautionem
895 3246 936 3311 de
961 3248 1176 3312 conversione
1202 3268 1262 3311 sua
1285 3253 1319 3312 et
1339 3247 1586 3333 perseverantia
1609 3254 1825 3335 exponentes,
1847 3251 1885 3312 ut

227 3348 268 3414 de
291 3350 435 3416 recidivo
459 3351 604 3437 ipsorum
627 3351 816 3416 nullatenus
839 3348 880 3414 de
911 3355 1023 3414 cetero
1046 3350 1090 3413 sit
1112 3348 1311 3428 verendum,
1342 3350 1419 3435 quia
1446 3349 1480 3414 in
1506 3355 1574 3414 tarn
1597 3350 1713 3436 grandi
1737 3356 1770 3416 et
1792 3349 1885 3435 gravi

227 3453 342 3519 morbo
364 3454 597 3520 recurrendum
624 3461 679 3520 est
707 3453 748 3518 ad
770 3452 931 3518 validiora
958 3453 1120 3536 remedia,
1152 3453 1209 3518 ubi
1232 3453 1471 3519 medicamenta
1498 3453 1585 3518 levia
1608 3476 1672 3519 non
1699 3455 1885 3541 proficiunt,

230 3565 264 3625 et
285 3559 515 3645 apponendum
530 3559 653 3625 sermm
677 3565 710 3623 et
733 3557 819 3643 ignis
835 3557 1037 3639 vulneribus,
1062 3579 1126 3643 que
1144 3558 1291 3623 fomenta
1312 3578 1377 3621 non
1400 3557 1555 3638 sentiunt,
1578 3557 1717 3644 putridis
1734 3557 1884 3622 carnibus

228 3682 271 3727 ne
293 3667 421 3748 partem
444 3662 606 3728 sinceram
628 3662 793 3726 attrahant
811 3661 998 3747 amputatis,
1022 3661 1191 3726 advocetis
1207 3667 1321 3726 contra
1345 3681 1413 3744 eos,
1435 3666 1669 3746 receptatores,
1692 3659 1885 3725 defensores

230 3771 263 3831 et
283 3764 429 3831 fautores
452 3765 599 3852 ipsorum
615 3765 796 3852 spiritualis
821 3771 854 3830 et
877 3765 1056 3829 materialis
1079 3763 1181 3849 gladii
1203 3770 1419 3850 potestatem3
1442 3764 1614 3830 universos
1631 3763 1754 3829 Christi
1769 3762 1885 3828 fideles

228 3875 399 3934 monentes
428 3871 587 3936 attentius
617 3876 651 3934 et
674 3869 853 3936 efficaciter
879 3866 1090 3948 inducentes,
1123 3875 1160 3932 ut
1183 3874 1383 3954 exurgentes
1409 3869 1444 3932 in
1465 3866 1663 3933 adiutorium
1687 3865 1812 3930 Christi
1834 3864 1886 3930 sui

228 3971 388 4038 adversus
411 3993 469 4038 eos
491 3973 631 4038 viriliter
653 3994 690 4038 se
712 3973 895 4058 accingant.
941 3970 1106 4036 Catholici
1128 3992 1225 4052 vero,
1255 3971 1311 4056 qui
1334 3971 1439 4036 crucis
1462 3976 1630 4057 assumpto
1653 3975 1820 4035 caractere
1843 3967 1886 4034 ad

230 4075 409 4142 eorundem
431 4076 653 4142 hereticorum
682 4076 913 4142 exterminium
937 4096 973 4140 se
1004 4075 1226 4156 accinxerint,
1254 4075 1313 4140 illa
1340 4075 1506 4162 gaudeant
1533 4075 1736 4161 indulgentia
1763 4075 1886 4160 illoque

229 4180 401 4266 privilegio
425 4181 491 4246 sint
512 4180 639 4261 muniti,
663 4201 727 4266 que
750 4179 985 4246 accedentibus
1008 4180 1041 4243 in
1058 4177 1160 4244 Terre
1179 4177 1298 4244 Sancte
1315 4178 1498 4244 subsidium
1514 4177 1747 4244 conceduntur.
1791 4177 1885 4243 Alio-

229 4283 308 4369 quin
329 4284 524 4369 pestilentes
548 4285 708 4349 moneatis
731 4283 883 4364 eosdem,
913 4289 950 4347 ιιι
972 4281 1013 4346 de
1037 4281 1138 4346 illatis
1161 4280 1312 4367 dampnis
1336 4287 1371 4346 et
1391 4282 1543 4367 irrogatis
1567 4280 1693 4346 iniuriis
1712 4278 1887 4345 Bremensi

230 4395 264 4454 et
292 4388 366 4452 aliis
396 4387 548 4453 ecclesiis
576 4393 610 4453 et
636 4387 786 4474 personis
818 4385 1053 4452 ecclesiasticis
1086 4405 1264 4470 congruam
1292 4385 1550 4450 satisfactionem
1582 4381 1787 4471 impendant;
1820 4383 1886 4448 illis

229 4512 308 4557 vero
331 4491 463 4556 monitis
485 4491 605 4556 vestris
627 4490 839 4576 acquiescere
862 4511 928 4555 non
951 4489 1152 4570 curantibus,
1173 4489 1207 4552 in
1231 4489 1404 4554 commisso
1427 4488 1520 4554 vobis
1543 4488 1676 4574 negotio
1699 4484 1886 4573 procedatis

152 4601 179 4640 ⁴⁰
232 4594 413 4660 secundum
435 4594 582 4680 priorum
605 4594 841 4659 continentiam
863 4593 1057 4659 litterarum.
1104 4591 1201 4665 Quod
1224 4593 1253 4657 si
1275 4613 1342 4658 non
1364 4613 1479 4659 omnes
1502 4599 1566 4661 etc.

338 4713 415 4779 Dat.
438 4714 593 4780 Laterau.
615 4712 681 4778 XV
703 4712 872 4780 Kalendas
894 4712 982 4797 Iulii,
1005 4734 1091 4778 anno
1115 4713 1267 4800 septimo.

854 4957 1267 4966 ——-—-—————-———-

1009 5181 1096 5256 540.

341 5277 531 5390 Gregorius
553 5305 609 5372 IX
625 5327 714 5388 papa
735 5283 918 5392 [Conrado]
939 5304 1078 5386 episcopo
1102 5301 1338 5385 Oenourpeasi
1359 5306 1389 5368 ct
1409 5302 1540 5368 maioris
1560 5301 1704 5366 calmae
1725 5302 1755 5364 ct
1776 5298 1887 5366 Sancti

236 5411 388 5480 Gerecm's
413 5410 607 5476 dulmensis
624 5409 815 5491 praeponitis
834 5407 979 5488 madet,
1007 5413 1044 5472 ut
1067 5407 1153 5488 filios
1174 5406 1331 5488 quorrdom
1352 5404 1513 5470 Frs'derr'ci
1534 5404 1653 5469 comitis
1674 5402 1712 5468 de
1732 5401 1888 5484 lenem

336 5673 362 5742 1)
378 5670 482 5727 &latter
498 5669 615 5739 maim,
629 5683 720 5739 prope
738 5666 943 5729 Delmcaborstr
962 5665 1066 5722 aum.
1085 5663 1164 5720 stac.
1184 5681 1210 5718 a.
1229 5667 1310 5732 1232,
1327 5663 1376 5720 SC.
1394 5667 1412 5720 t.
1431 5663 1516 5734 XVI,
1530 5680 1561 5736 p.
1581 5665 1641 5718 361.
