4448 6420
1037 395 1085 450 EX
1103 395 1259 452 HONORH
1278 396 1318 450 111
1337 391 1517 451 REGISTRO

1234 661 1320 733 288.

562 774 748 869 fflnorins
763 800 829 865 HI
840 821 930 881 pepe
940 802 1149 880 potestatibus
1163 801 1324 865 ciuitatum
1339 799 1497 864 roncrcbioc
1512 799 1731 862 elrrconitarmc
1746 797 1937 873 stromatei
1953 797 2109 859 Aarmreor

450 905 659 970 marchionem
684 906 860 983 Estcnscm,
890 926 980 986 quem
1008 905 1045 970 dc
1067 905 1209 969 rrmrclcio
1231 904 1435 969 Aacoru‘torm
1464 904 1578 968 iterum
1609 903 1812 978 inoesticcrit,
1846 903 1927 965 siccd
1948 899 2109 964 dominum

451 1028 544 1074 suam
565 1009 720 1089 recipiant
741 1009 828 1090 eique
848 1007 1013 1089 fidelitatis
1034 1010 1215 1073 toreumata
1230 1012 1406 1090 praestent.
1749 1007 1841 1084 1225,
1863 1004 1944 1069 Noc.
1968 1009 2021 1070 29.

557 1127 631 1182 Hoc.
650 1127 709 1182 ΙΙΙ
723 1127 792 1196 nec.
816 1127 872 1181 Vol.
897 1131 925 1192 ν,
945 1133 1093 1194 tro-nm
1110 1127 1172 1182 nto.
1191 1127 1228 1192 Χ,
1247 1131 1309 1182 rae.

555 1214 692 1280 Pottlmat,
712 1214 782 1284 Rep.
801 1208 873 1268 hod.
893 1214 913 1267 1
930 1213 1026 1268 7502h
1038 1244 1068 1253 -
1080 1218 1178 1268 actor.
2158 1221 2169 1256 ⁵

455 1395 767 1468 potestatibus
803 1399 845 1467 et
880 1393 1274 1466 communitatibus
1307 1393 1536 1467 civitatum
1564 1400 1606 1467 et
1638 1401 1887 1468 castrorum
1914 1391 2109 1464 oninium

788 1515 831 1586 in
858 1513 1176 1587 Anchonitana
1203 1513 1399 1587 marchia
1427 1515 1782 1588 consistentium.

564 1663 755 1750 Apostolice
791 1662 878 1727 sedis
913 1663 1101 1748 benignitas
1135 1663 1268 1748 provide
1299 1685 1442 1749 pensans
1474 1664 1591 1728 merita
1623 1663 1841 1748 singulorum,
1875 1662 1938 1725 hiis
1971 1661 2111 1746 gratiam

455 1767 625 1832 consuevit
647 1766 833 1830 uberiorem
858 1765 1058 1851 impendere,
1083 1788 1163 1851 quos
1183 1765 1272 1830 videt
1295 1767 1435 1852 amplius
1459 1769 1492 1830 in
1516 1788 1575 1831 sua
1598 1767 1772 1831 devotione
1794 1765 1935 1844 fervere,
1958 1764 2110 1849 quatinus

456 1871 498 1935 ad
521 1869 680 1954 obsequia
702 1890 762 1933 sua
784 1868 920 1934 devotos
937 1871 1053 1934 lortius
1076 1872 1199 1936 animet
1223 1876 1256 1936 et
1279 1879 1436 1956 provocet
1451 1870 1632 1936 indevotos.
1677 1869 1723 1933 Ut
1746 1890 1825 1953 ergo
1850 1869 1937 1932 clare
1953 1867 2110 1931 memorie
2161 1892 2182 1926 ιιι

454 1973 603 2038 Aeonem
627 1973 847 2038 marchionem
870 1971 1047 2038 Estensem
1071 1973 1169 2058 digne
1192 1981 1417 2038 remuneraret
1439 1973 1480 2038 de
1508 1974 1619 2037 multis
1644 1979 1677 2038 et
1706 1973 1832 2056 magnis
1856 1971 2026 2055 ohsequiis
2050 1969 2112 2033 sibi

455 2077 496 2142 ab
521 2075 637 2141 eodem
653 2076 822 2162 impensis,
847 2077 1018 2162 ipsumque
1042 2077 1082 2142 ad
1099 2077 1309 2142 devotionem
1325 2098 1417 2141 suam
1433 2078 1535 2142 artius
1552 2079 1724 2164 obligaret,
1747 2077 1926 2140 marchiam
1942 2074 2111 2139 Archoni-

455 2188 565 2244 tanam
588 2181 621 2244 in
644 2187 768 2244 rectum
789 2179 974 2266 pheudum⁸
996 2181 1026 2244 ei
1051 2187 1084 2244 et
1106 2181 1263 2266 legitimis
1288 2179 1465 2246 heredibus
1488 2183 1557 2245 suis
1580 2181 1685 2246 libere
1709 2201 1748 2244 ac
1764 2180 1915 2244 absolute
1938 2178 2112 2247 concessit,

456 2284 554 2348 salvis
577 2284 681 2370 ipsius
709 2284 890 2372 apostolice
918 2283 1004 2349 sedis
1033 2286 1131 2349 certis
1162 2285 1321 2367 servitiis,
1350 2306 1413 2370 que
1441 2286 1475 2348 in
1504 2285 1684 2370 privilegiis
1716 2305 1815 2370 super
1845 2282 1907 2347 hoc
1930 2281 2027 2346 factis
2050 2281 2113 2367 ipsi

455 2387 635 2452 marchioni
669 2395 702 2451 et
736 2387 847 2452 inclite
883 2388 1119 2453 reeordationis
1153 2388 1399 2452 Aldebrandino
1435 2410 1473 2452 ac
1506 2388 1625 2452 dilecto
1656 2387 1722 2452 filio
1756 2386 1858 2451 nobili
1886 2385 1956 2450 viro
1987 2385 2111 2450 Aesoni
2159 2411 2179 2447 a

455 2491 685 2557 Anchonitanu
717 2499 750 2556 et
771 2490 907 2556 Estensi
936 2493 1130 2572 marchioni,
1161 2494 1236 2557 filiis
1265 2494 1351 2572 eius,
1383 2494 1438 2578 qui
1466 2493 1506 2558 de
1536 2493 1608 2578 ipsa
1638 2491 1784 2555 marchia
1810 2490 1941 2556 luerunt
1968 2490 2113 2575 legitime

456 2595 618 2675 investiti,
650 2595 779 2680 plenius
804 2596 1040 2680 exprimuntur.
1086 2597 1181 2661 Licet
1205 2597 1304 2680 igitur
1326 2596 1502 2660 marchiam
1527 2596 1634 2681 ipsam
1658 2594 1698 2658 ad
1721 2614 1836 2658 uranus
1858 2599 2003 2673 nostras,
2028 2599 2113 2658 etate

454 2698 559 2785 ipsius
596 2696 794 2761 marchionis
827 2719 865 2762 ae
901 2705 987 2762 statu
1021 2701 1179 2785 temporis
1214 2698 1249 2762 id
1280 2698 1508 2785 poscentibus,
1543 2698 1710 2782 aliquanto
1742 2704 1890 2783 tempore
1924 2695 2114 2761 duxerimus

456 2799 681 2883 retinendam,
713 2801 789 2886 quia
815 2809 926 2866 tamen
955 2802 1042 2868 idem
1072 2804 1216 2868 marchio
1244 2826 1305 2889 per
1326 2801 1393 2868 Dei
1415 2803 1551 2887 gratiam
1581 2801 1622 2868 ad
1652 2823 1724 2866 eam
1754 2801 1906 2886 pervenit
1938 2806 2061 2864 etatem
2083 2808 2114 2864 et

458 2903 530 2969 eius
553 2901 713 2968 industrie
738 2925 777 2967 ae
800 2904 973 2990 probitatis
997 2907 1127 2985 existit,
1161 2905 1247 2991 quod
1277 2905 1413 2993 provide
1443 2906 1533 2969 novit
1562 2925 1744 2990 regerem
1771 2925 1809 2968 ac
1832 2925 1905 2983 sua,
1936 2903 2113 2968 marchiam
2160 2935 2193 2972 m

460 3006 575 3092 ipsam,
599 3007 683 3070 sicut
705 3027 862 3072 concessa
881 3007 943 3071 luit
965 3009 1006 3072 ab
1029 3010 1210 3094 apostolica
1233 3009 1311 3074 sede
1335 3009 1471 3095 prefatis
1493 3009 1579 3094 patri
1601 3029 1639 3072 ac
1664 3007 1757 3072 fratri
1780 3007 1848 3071 suis
1871 3013 1906 3071 et
1929 3006 2004 3088 sibi,
2027 3013 2060 3072 et
2082 3007 2114 3071 in

460 3109 596 3195 prefatis
619 3107 801 3195 privilegiis
824 3112 953 3196 plenius
979 3113 1172 3194 confinetur,
1197 3115 1227 3177 ei
1251 3113 1356 3178 libere
1380 3113 1583 3178 restituimus
1606 3111 1647 3176 de
1671 3111 1804 3175 fratrum
1828 3116 2016 3175 neumarum
2040 3131 2116 3174 con·

461 3212 534 3276 silio
565 3217 598 3276 et
626 3233 805 3292 consensu,
840 3219 873 3277 et
899 3215 1082 3280 iuramento
1113 3216 1281 3281 fidelitatis
1312 3223 1444 3302 recepte
1474 3215 1580 3279 denuo
1609 3215 1650 3278 ab
1683 3214 1812 3294 eodem,
1849 3215 1957 3301 ipsum
1988 3214 2030 3278 de
2060 3212 2117 3277 illa

461 3316 580 3380 iterum
613 3316 840 3381 investivimus
874 3319 1102 3404 sollempniter
1136 3341 1195 3405 per
1228 3321 1418 3384 vexillum&
1485 3318 1631 3404 Ideoque
1667 3318 1873 3382 universitati
1914 3324 2025 3384 vestre
2059 3339 2118 3404 per

461 3419 643 3504 apostolica
674 3420 796 3508 scripta
824 3421 960 3486 firmiter
986 3422 1196 3510 precipiendo
1226 3422 1432 3499 mandamus,
1463 3422 1616 3506 quatinus
1645 3421 1752 3507 ipsum
1784 3422 1869 3485 sicut
1896 3421 2116 3486 marchionem
2164 3449 2203 3485 z:

461 3522 628 3610 dominum
651 3528 795 3587 vestrum
824 3525 1021 3610 recipientes
1051 3525 1191 3606 ilariter,
1224 3527 1318 3610 eique
1350 3524 1518 3589 fidelitatis
1547 3525 1730 3588 iuramenta
1760 3524 1831 3588 sine
1854 3523 2003 3608 qualibet
2033 3524 2115 3589 diffi-

462 3625 585 3690 cultate
607 3632 809 3713 prestantes,
842 3649 880 3691 ao
904 3627 1096 3693 obedientes
1125 3633 1156 3694 ei
1187 3629 1353 3694 humiliter
1377 3636 1410 3694 et
1437 3627 1578 3692 fideliter
1601 3628 1837 3712 obsequentes,
1865 3627 1907 3692 de
1929 3627 2063 3693 iustitiis
2086 3633 2119 3692 et

461 3728 644 3792 rationibus
682 3729 844 3793 universis
876 3729 917 3794 ad
953 3731 1062 3816 ipsum
1093 3731 1318 3816 spectantibus
1347 3732 1444 3817 plene
1474 3731 1701 3816 respondeatis
1733 3729 1856 3812 eidem,
1886 3730 2030 3795 scientes
2059 3752 2118 3795 nos

463 3831 643 3896 venerabili
674 3832 766 3896 fratri
799 3839 910 3897 nostro
946 3883 953 3898 .
990 3883 997 3897 .
1023 3834 1338 3898 -li'orosimfroniensi
1371 3833 1549 3920 episcope²
1584 3855 1643 3919 per
1672 3841 1800 3898 nostras
1831 3832 1963 3898 dedisse
1993 3833 2119 3898 litteras

462 3935 496 3999 in
511 3936 683 4018 mandatis,
707 3943 743 4000 ut
770 3937 798 4000 si
821 3937 886 4021 qui,
910 3936 995 4023 quod
1017 3959 1082 4002 non
1099 3938 1273 4019 credimus,
1298 3960 1333 4003 se
1357 3939 1390 4002 in
1413 3938 1474 4003 hoc
1491 3937 1642 4002 difficiles
1659 3937 1870 4002 exhibuerint
1892 3942 1949 4001 aut
1964 3936 2119 4014 rebelles,

462 4039 534 4125 ipse
568 4040 848 4125 presumptionem
884 4061 996 4106 eorum
1034 4042 1212 4106 monitione
1246 4043 1360 4127 previa
1397 4063 1457 4127 per
1491 4062 1662 4106 censuram
1697 4040 1956 4106 ecclesiasticam
1990 4040 2120 4104 sublato

462 4143 693 4229 appellationis
716 4143 950 4230 impedimento
975 4146 1160 4231 compellat.

569 4263 645 4328 Dat.
669 4263 784 4344 Reate,
807 4264 861 4329 ΙΠ
882 4264 957 4330 Kal.
982 4265 1160 4332 Decembr.
1183 4288 1269 4332 anno
1292 4265 1432 4332 decimo.

570 4383 610 4447 In
632 4383 773 4449 eundem
795 4386 927 4451 modum
951 4388 1108 4474 seriptum
1132 4395 1183 4452 est
1210 4385 1387 4452 baronibus
1411 4393 1445 4451 et
1471 4386 1630 4450 militibus
1659 4406 1719 4471 per
1740 4383 2005 4450 Anchonitanam
2034 4403 2120 4449 mar-

463 4488 570 4553 chiam
593 4489 790 4556 constitutis.

572 4590 611 4656 In
634 4592 774 4657 eundem
797 4593 929 4658 modum
953 4596 1129 4682 episcopis,
1152 4596 1327 4661 abbatibus
1351 4601 1384 4660 et
1405 4593 1479 4658 aliis
1496 4593 1710 4660 ecclesiarum
1726 4592 1861 4679 prelatis
1876 4613 1937 4679 per
1951 4591 2122 4656 Anchoni-

465 4703 573 4760 tanam
596 4696 775 4760 marchiam
798 4698 995 4764 constitutis.

572 4798 611 4862 In
635 4797 776 4864 eundem
799 4801 930 4866 modum
953 4803 1110 4888 potestati
1133 4811 1167 4867 et
1189 4801 1311 4888 populo
1334 4799 1447 4863 Esino.

573 4903 612 4967 In
636 4903 776 4969 eundem
799 4904 930 4970 modum
955 4907 1109 4993 episeopo
1133 4901 1483 4990 Forosimphroniensi.

570 5005 609 5070 In
634 5007 773 5073 eundem
797 5008 928 5073 modum
952 5009 1108 5095 potestati
1132 5018 1165 5075 et
1187 5009 1309 5094 populo
1332 5007 1530 5072 Auximano.

573 5110 613 5174 In
636 5111 776 5176 eundem
799 5111 932 5176 modum
955 5113 1113 5198 potestati
1136 5119 1169 5176 et
1191 5110 1312 5198 populo
1335 5108 1513 5173 Eseulano.

572 5213 612 5277 In
635 5213 775 5279 eundem
798 5214 930 5280 modum
954 5217 1111 5303 potestati
1135 5222 1169 5280 et
1191 5214 1312 5301 populo
1336 5213 1500 5276 Firmano.

571 5316 612 5381 In
635 5317 777 5384 eundem
800 5319 933 5384 modum
956 5319 1114 5406 potestati
1138 5325 1171 5384 et
1195 5317 1316 5404 populo
1338 5314 1461 5379 Montis
1485 5313 1640 5379 Rubiani.

897 5477 1082 5486 mvn—..-
1087 5477 1142 5484 -κ-
1151 5474 1379 5484 φ--η--ιιυμ--ω

568 5577 591 5643 ·)
608 5580 733 5632 theudam
751 5580 782 5631 R.

571 5699 597 5764 1)
618 5700 656 5772 cf.
672 5715 701 5754 a.
719 5702 781 5764 165,
799 5699 831 5753 ia
848 5701 910 5764 tiae.
980 5698 1009 5768 2)
1029 5696 1171 5756 mantuo.
