4596 6406
452 373 515 438 636
667 386 689 416 ἠ
1029 370 1077 428 EX
1095 369 1269 428 ennoean
1287 366 1326 424 IX
1344 364 1525 425 REGISTRO

452 547 551 627 mari,
583 550 617 612 in
639 549 712 636 ipsa
735 546 881 612 ordinem
905 545 1160 612 Cisteroiensem
1184 544 1331 625 inducas,
1353 544 1419 608 illis
1443 565 1486 608 ex
1508 542 1678 630 predictis,
1709 544 1764 631 qui
1787 545 1851 610 iam
1875 544 1953 610 dicti
1976 543 2103 612 ordinis

452 651 600 716 habitum
627 651 773 738 recipere
803 650 981 730 noluerint,
1013 651 1047 715 in
1080 651 1165 715 locis
1193 650 1266 714 aliis
1291 649 1341 713 sui
1364 646 1486 712 ordinis
1514 648 1698 724 collocatis;
1732 648 1988 715 contradictores
2020 658 2104 726 ctc.;

452 755 582 842 proviso
605 754 691 843 quod
715 775 814 841 super
836 754 898 819 hoc
921 754 1182 818 alberstatensis
1207 753 1349 819 ecclesia
1372 758 1582 816 conservetur
1604 747 1799 838 indempnis.
2023 769 2024 772 ’

559 875 636 945 Dat.
658 877 811 941 Lateran.
834 873 952 938 XVIII
973 873 1048 940 Kal.
1073 874 1228 957 Ianuarii,
1250 873 1458 960 pontificatus
1481 873 1583 937 nostri
1605 894 1691 936 anno
1715 871 1917 939 duodecimo.

559 1014 598 1079 In
630 1013 769 1080 eundem
795 1013 864 1078 fere
893 1012 1024 1078 modum
1046 1063 1080 1080 ..
1104 1013 1270 1079 abbatisse
1297 1012 1338 1078 de
1362 1003 1708 1098 Quidelengemburg¹
1730 1011 1990 1077 Alberstatensis
2023 1011 2097 1076 dio·
2165 1036 2177 1073 s

451 1118 537 1182 cesis
560 1139 676 1204 usque:
701 1118 805 1183 saneti
827 1117 1017 1203 Augustini,
1042 1139 1104 1204 que
1127 1118 1186 1182 tibi
1210 1117 1358 1183 subiecta
1380 1118 1477 1204 pleno
1502 1117 1571 1180 iure
1595 1115 1724 1194 dicitur,
1748 1117 1863 1202 religio
1887 1123 2102 1201 stansque:

452 1243 623 1307 exurgere,
647 1243 844 1309 quamquam
866 1223 978 1308 plures
997 1222 1105 1288 Deum
1128 1224 1283 1289 timentes
1308 1244 1364 1288 eos
1389 1222 1430 1286 ad
1453 1221 1515 1287 hoc
1538 1221 1676 1286 sollicite
1694 1227 1757 1286 cto.
1780 1239 1902 1305 usque:
1927 1221 2103 1307 cupientes

450 1326 631 1391 venerabili
648 1326 740 1390 fratri
756 1335 867 1391 nostro
884 1375 891 1390 .
907 1374 915 1390 .
934 1327 1089 1414 episcopo
1106 1328 1325 1394 Ildcsemcnsi
1341 1326 1491 1392 dedimus
1508 1327 1542 1390 in
1557 1325 1729 1403 mandatis,
1753 1331 1788 1389 ut
1803 1326 2024 1411 personaliter
2037 1333 2102 1390 etc.
2206 1363 2209 1382 .

452 1430 560 1494 verbis
583 1437 808 1517 competenter
828 1432 962 1496 mutatis
986 1453 1106 1518 usquc:
1137 1430 1392 1498 contradictores
1420 1452 1481 1517 per
1509 1451 1682 1494 censuram
1704 1428 1961 1494 ecelesiasticam
1984 1429 2104 1516 appel-

451 1533 573 1598 latione
596 1535 781 1621 postposita
802 1536 992 1621 compellas.
1037 1535 1163 1601 Verum
1186 1536 1263 1622 quia
1284 1558 1344 1622 per
1365 1542 1398 1600 te
1422 1556 1521 1622 posse
1544 1533 1716 1620 provenire
1740 1531 1899 1609 creditur,
1922 1538 1959 1596 ut
1982 1531 2102 1597 eadem
2158 1551 2183 1589 ιο

452 1637 594 1701 ecclesia
617 1639 649 1702 iu
673 1645 794 1703 statum
825 1638 1024 1703 laudabilem
1055 1638 1248 1717 deducatur,
1282 1638 1448 1704 devotioni
1476 1643 1530 1701 tue
1562 1637 1596 1700 in
1624 1637 1744 1701 virtute
1776 1635 1961 1701 obedientie
1993 1635 2104 1722 preci-

451 1740 571 1826 piendo
593 1742 799 1823 mandamus,
830 1743 981 1828 quatinus
1006 1742 1076 1807 sine
1100 1741 1280 1828 preindicio
1304 1743 1383 1807 iuris
1412 1741 1460 1806 tui
1489 1761 1622 1827 operam
1645 1738 1837 1824 diligentem
1860 1739 2035 1820 adhibeas,
2067 1745 2106 1803 ut

452 1844 539 1929 quod
561 1846 761 1911 iniunximus
786 1846 893 1912 eidem
916 1847 1090 1932 episcopa,
1114 1868 1172 1933 por
1199 1846 1439 1934 cooperationis
1462 1851 1517 1909 tue
1541 1842 1723 1908 subsidium
1746 1843 1842 1908 facile
1865 1843 2036 1929 perveniat
2060 1842 2104 1906 ad

452 1949 613 2016 effectum.

557 2069 633 2134 Dat.
656 2076 693 2134 ut
716 2093 823 2158 supra.

1066 2161 1476 2170 -.--——--———-

1237 2493 1323 2566 740.

559 2600 750 2710 Gemonias
771 2627 827 2692 1x
848 2649 936 2710 papa
961 2629 1150 2714 [Herbcrlc]
1178 2631 1284 2695 abbati
1307 2630 1442 2696 Sanctae
1471 2627 1646 2713 Genoseane
1672 2627 1867 2693 Parisicnsis
1891 2628 2038 2708 manant,
2070 2634 2109 2694 nt

450 2729 672 2815 B[rnnonem]
700 2734 913 2812 praepositam
942 2733 1141 2800 Inabiccnsern
1173 2738 1203 2798 et
1229 2735 1386 2812 scobinae,
1421 2735 1542 2798 innatos
1570 2738 1599 2796 et
1626 2753 1781 2796 conrmane
1811 2733 1949 2797 civitatis
1970 2733 2108 2816 Magda-

449 2834 613 2916 carpensis
634 2833 677 2897 ad
697 2839 839 2900 mutuam
860 2836 1063 2917 Bonacnrac,
1095 2837 1206 2902 Iacobo
1228 2842 1257 2903 et
1278 2837 1383 2902 Panlo
1405 2835 1581 2902 Sabcctarii
1602 2836 1721 2898 civibus
1741 2834 1897 2900 Romanis
1922 2837 2108 2900 solvendam

447 2957 506 3016 per
528 2955 692 3002 censuram
714 2939 950 3004 ecclesiasticam
972 2941 1143 3022 compellat.

1743 3026 1836 3104 1239,
1857 3026 1961 3092 Mart.
1982 3031 2011 3090 1.
2158 3043 2186 3082 2⁰

556 3140 640 3213 arey.
658 3142 707 3197 rx
725 3143 794 3215 aeq.
815 3144 873 3199 aa.
900 3146 947 3213 vr,
966 3151 1017 3215 aa·
1035 3145 1098 3201 aaa.
1116 3147 1191 3211 xrs,
1210 3150 1271 3201 aaz.

802 3449 842 3466 ..
869 3392 1019 3466 abbati
1046 3394 1206 3467 Sancte
1235 3393 1460 3468 Genovefe
1488 3393 1759 3468 Parisiensls

560 3542 642 3608 Cum
666 3540 776 3607 dilecti
805 3542 863 3606 filii
886 3541 1077 3624 Bonacura,
1106 3543 1247 3608 Iacobus
1271 3550 1304 3610 et
1325 3544 1447 3608 Paulus
1472 3543 1655 3609 Subcctarii
1685 3544 1775 3609 cives
1796 3543 1937 3608 Romani
1959 3543 1997 3609 B.
2022 3565 2101 3630 pre-

450 3648 558 3734 posito
588 3646 781 3727 Lubicensi,
812 3646 897 3732 apud
926 3649 1139 3733 apostolicam
1169 3649 1280 3714 sedem
1311 3671 1369 3736 pro
1397 3648 1618 3724 scabinorum,
1650 3650 1827 3713 iuratorum
1856 3637 1888 3712 et
1917 3649 2100 3712 communis

453 3751 595 3815 civitatis
618 3749 930 3836 Magdeburgensis,
961 3773 1096 3836 quorum
1118 3754 1251 3817 nuntius
1275 3760 1309 3818 et
1331 3761 1522 3840 procurator
1544 3753 1671 3832 existit,
1699 3751 1933 3838 procurandisa
1955 3752 2099 3836 negotiis
2154 3777 2183 3816 ss

457 3854 643 3934 constituto,
667 3855 867 3918 renuntianti
892 3876 1050 3941 expresse
1074 3856 1299 3920 constitutioni
1322 3856 1363 3922 de
1386 3856 1511 3921 duabus
1532 3855 1627 3921 dietis
1645 3855 1731 3920 edite
1748 3855 1781 3919 in
1798 3857 1936 3921 concilio
1951 3856 2101 3941 generali

453 3964 487 4022 et
511 3958 697 4044 exceptioni
721 3956 816 4036 lori²,
849 3956 983 4022 habenti
1015 3981 1113 4046 super
1142 3960 1203 4025 hoc
1236 3961 1277 4025 ab
1306 3961 1354 4024 eis
1382 3966 1416 4024 et
1444 3959 1485 4024 de
1513 3967 1625 4024 mutuo
1654 3959 1874 4025 contrahendo
1898 3958 2100 4034 mandatum,

454 4068 618 4127 trecentas
641 4061 875 4147 quinquaginta
897 4083 1025 4127 marcas
1049 4064 1313 4149 sterlinguorum,
1337 4065 1421 4128 sieut
1442 4063 1528 4128 idem
1548 4063 1735 4150 prepositus
1750 4064 1784 4126 in
1800 4069 1913 4127 nostra
1929 4064 2101 4127 confessus

454 4173 506 4230 cst
528 4167 705 4253 presentia,
727 4166 906 4230 mutuarint
929 4166 1028 4229 certis
1052 4166 1115 4230 sibi
1139 4168 1210 4232 loco
1228 4173 1262 4231 et
1278 4168 1417 4231 termino
1433 4165 1678 4253 persolvendas,
1701 4172 1768 4230 tam
1791 4164 1907 4230 eodem
1930 4166 2099 4252 preposito

452 4293 548 4357 quam
572 4270 804 4335 communitate
828 4268 974 4354 predicta
996 4269 1029 4333 in
1053 4268 1192 4334 solidum
1216 4271 1379 4355 obligatis,
1401 4277 1498 4356 prout
1513 4271 1546 4333 in
1563 4269 1679 4334 litteris
1695 4268 1771 4333 inde
1791 4268 1950 4333 conlectis
1966 4269 2097 4354 plenius

454 4376 650 4439 continetur:
674 4372 863 4437 discretioni
879 4380 934 4437 tue
952 4371 992 4438 de
1009 4375 1167 4461 prepositi
1184 4373 1331 4439 eiusdem
1347 4395 1485 4438 assensu
1499 4373 1710 4460 precipiendo
1727 4372 1928 4454 mandamus,
1945 4375 2097 4459 quatinus

453 4479 480 4541 si
504 4477 544 4542 de
568 4477 710 4563 pecunia
731 4477 804 4562 ipsa
826 4476 951 4541 eisdem
974 4478 1100 4542 civibus
1123 4500 1188 4542 non
1216 4478 1314 4542 luerit
1344 4479 1474 4542 statutis
1504 4477 1545 4542 ad
1574 4476 1635 4542 hoc
1664 4479 1736 4542 loco
1766 4483 1800 4541 et
1827 4477 1965 4542 termino
1998 4477 2097 4541 satis-

454 4581 586 4659 factum,
610 4586 645 4643 tu
661 4601 703 4644 ex
720 4585 796 4643 tunc
811 4580 1024 4666 prepositum,
1049 4583 1211 4664 scabinos,
1234 4583 1358 4646 iuratos
1382 4589 1416 4646 et
1438 4603 1608 4647 commuue
1629 4582 1784 4669 prelatos,
1807 4581 2096 4646 nonobstantibus

454 4675 686 4748 constitutione
710 4691 744 4747 et
767 4685 962 4771 exceptione
985 4686 1148 4751 iamdictis
1172 4693 1204 4751 ct
1227 4685 1440 4771 indulgentia,
1464 4686 1491 4750 si
1515 4707 1612 4771 quam
1628 4685 1760 4763 habent,
1785 4684 1871 4770 quod
1886 4707 1952 4750 non
1967 4686 2098 4772 possint

454 4787 730 4853 excommunicari
745 4788 798 4851 rel
819 4786 970 4852 interdici
993 4791 1057 4854 nisi
1079 4788 1120 4854 dc
1143 4788 1294 4854 mandato
1320 4790 1407 4855 sedis
1430 4791 1611 4877 apostolice
1636 4789 1781 4876 speciali,
1805 4797 1841 4854 ut
1864 4791 1989 4855 civibus
2013 4792 2094 4877 ipsis

450 4893 490 4958 de
514 4899 695 4956 memorata
717 4892 858 4978 pecunia
885 4914 957 4957 cum
985 4895 1080 4959 iustis
1112 4900 1145 4960 et
1168 4893 1343 4961 moderatis
1367 4894 1522 4981 expensis
1546 4915 1583 4959 ac
1607 4892 1719 4958 debita
1741 4895 1980 4958 restauratione
2003 4893 2095 4958 dam-

449 5018 603 5084 pnorum,
635 4997 744 5060 usuris
774 4998 903 5063 omnino
934 4999 1156 5081 cessantibus,
1192 4999 1395 5064 satisfaciant
1420 5005 1456 5063 ut
1478 5005 1650 5080 tenentur,
1682 4999 1861 5063 monitione
1891 5000 2007 5084 previa
2036 5021 2096 5086 per

449 5123 622 5166 censuram
645 5101 901 5167 ecclesiasticam
924 5104 1144 5189 appellatione
1168 5110 1293 5170 remota
1316 5101 1505 5189 compellas.

554 5220 629 5286 Dat.
652 5223 807 5287 Lateran.
829 5221 990 5288 Kalendis
1013 5222 1134 5305 Martii,
1157 5246 1242 5289 anno
1265 5221 1467 5288 duodecimo.

548 5518 571 5583 a)
589 5537 634 5586 pro
653 5520 819 5586 procurandis
838 5521 870 5571 R.

549 5674 574 5740 ll
598 5671 733 5726 Gertradi
750 5671 783 5726 de
803 5675 925 5742 Anasart.
1010 5675 1038 5740 2)
1059 5671 1127 5726 Vide
1145 5674 1266 5742 Biclates,
1284 5673 1485 5740 Kircbrnrecbt
1504 5675 1652 5738 adsensio,
1667 5689 1697 5741 p.
1710 5675 1770 5734 618,
1789 5676 1805 5738 §
1822 5675 1886 5732 223,
