4524 6412
624 471 627 478 y
744 397 944 452 EPISTOLAE
963 397 1151 454 SELECTAE.
1189 397 1264 452 1229.

563 678 565 682 -
673 627 960 721 Lugdunensi
987 625 1334 718 archiepiscope.

288 772 371 839 Cum
392 771 578 838 Fridericus
605 773 712 839 dictus
741 757 918 863 imperator
944 777 1088 852 confuso
1109 775 1242 860 negotio
1266 774 1368 840 Terre
1392 771 1512 838 Sancte
1542 793 1614 838 cum
1638 771 1828 838 Sarracenis

181 882 214 941 et
233 875 305 940 aliis
325 875 511 941 infidelibus
526 875 568 940 ad
588 878 843 943 conculcandam
858 879 1039 944 Romanam
1056 878 1231 944 ecclesiam
1246 884 1280 943 et
1299 873 1553 942 subvertendam
1573 875 1828 942 ecclesiasticam

179 978 366 1045 libertatem
389 979 466 1044 totis
489 979 624 1044 anhelet
645 980 818 1045 affectibus
843 983 988 1068 totisque
1011 981 1135 1046 viribus
1158 982 1338 1058 annitatur,
1361 987 1394 1044 tc
1418 979 1451 1042 in
1475 999 1665 1044 succursum
1687 978 1828 1044 ecclesie

117 1121 129 1159 5
181 1081 410 1150 advocavimus
439 1081 655 1164 confidenter,
687 1091 800 1170 utpote
829 1087 883 1171 qui
912 1086 1049 1172 prestito
1077 1086 1257 1150 iuramento
1281 1083 1323 1148 ad
1350 1080 1589 1148 defendendum
1618 1086 1773 1167 papatum
1795 1086 1829 1146 et

124 1213 127 1222 ·
179 1186 304 1270 regalia
330 1185 419 1250 beati
442 1184 533 1251 Petri
562 1207 636 1252 erse
667 1187 790 1252 teneris
820 1187 959 1254 adiutor.
1006 1186 1072 1253 Sed
1100 1188 1156 1273 qui
1185 1187 1315 1252 virtutis
1346 1207 1472 1267 amore,
1502 1185 1573 1251 zelo
1601 1185 1828 1250 ecclesiastice

108 1313 110 1316 ·
178 1288 343 1354 libertatis
366 1289 516 1376 spiritum
539 1288 739 1355 fortitudinis
761 1289 923 1356 debueras
946 1290 1181 1377 assumpsisse,
1212 1297 1249 1354 ut
1270 1289 1371 1354 nichil
1392 1295 1426 1354 te
1453 1310 1473 1352 a
1494 1289 1607 1353 matris
1636 1295 1692 1355 tue
1715 1295 1828 1375 posset

181 1389 363 1457 subducere
386 1391 535 1473 caritate,
567 1392 631 1456 sibi
658 1392 818 1458 hactenus
848 1415 1037 1459 succurrere
1065 1414 1130 1457 non
1159 1393 1297 1473 curasti,
1326 1413 1392 1456 non
1414 1390 1587 1456 attendens
1611 1412 1709 1477 quam
1731 1391 1827 1457 facilc

181 1495 223 1558 sit
251 1493 311 1558 tibi
342 1493 462 1560 exinde
491 1493 732 1579 ingratitudinis
762 1496 894 1577 vitium,
925 1496 1012 1561 fame
1042 1493 1248 1582 dispendium
1281 1499 1315 1559 et
1345 1493 1519 1558 manifeste
1555 1493 1827 1580 transgressionis

180 1603 291 1662 notam
321 1596 535 1683 probabiliter
565 1597 769 1683 exprobrari.
836 1598 882 1662 Ut
910 1599 1009 1684 igitur
1041 1604 1163 1663 tantam
1193 1598 1352 1663 offensam
1381 1595 1609 1662 emendatione
1638 1595 1737 1662 celeri
1768 1615 1827 1659 ex-

181 1706 327 1766 cusatam
354 1699 492 1766 reddere
516 1699 679 1781 videaris,
709 1701 947 1767 fraternitatem
969 1707 1058 1767 tuam
1081 1722 1250 1786 rogamus,
1282 1720 1452 1764 monemus
1477 1704 1510 1764 et
1531 1699 1714 1780 hortamur,
1746 1700 1830 1763 sicut

180 1804 315 1884 iterum,
353 1803 401 1867 sic
434 1804 590 1868 attentius
623 1826 683 1889 per
715 1805 909 1891 apostolica
930 1804 991 1868 tibi
1025 1805 1146 1891 scripta
1178 1805 1212 1866 in
1245 1804 1366 1868 virtute
1401 1801 1587 1868 obedientie
1623 1802 1682 1867 sub
1717 1801 1829 1867 debito

179 1906 352 1971 iuramenti
368 1904 514 1972 districte
531 1907 742 1994 precipiendo
763 1907 967 1987 mandantes,
991 1928 1029 1971 ac
1050 1907 1085 1970 in
1107 1905 1335 1971 remissionem
1351 1906 1586 1990 peccaminum,
1608 1912 1675 1970 tam
1699 1911 1828 1970 tuorum

181 2029 277 2094 quam
304 2029 418 2074 eorum
446 2011 502 2095 qui
527 2016 636 2074 tecum
664 2010 697 2080 in
726 2009 917 2094 obsequium
948 2009 1090 2074 ecclesie
1118 2009 1288 2087 venerint,
1319 2007 1544 2092 iniungentcs,
1574 2014 1734 2093 quatenus
1758 2007 1829 2071 sine

117 2147 127 2184 5
180 2132 270 2176 more
293 2110 465 2198 dispendio
489 2133 562 2177 cum
585 2133 727 2198 congruo
752 2112 890 2177 exfortio
921 2111 1117 2177 bellatorum
1148 2110 1189 2174 ad
1219 2131 1279 2175 nos
1307 2111 1526 2196 personaliter
1546 2111 1658 2176 venire
1682 2110 1829 2191 festines,

180 2214 320 2279 ecclesie
342 2213 489 2279 Romane
516 2214 562 2280 ita
584 2235 627 2279 ex
649 2215 756 2280 animo
780 2216 978 2296 serviturus,
1011 2214 1098 2298 quod
1121 2235 1165 2280 ex
1186 2214 1297 2279 debito
1321 2215 1472 2279 meritum
1494 2213 1555 2278 tibi
1578 2233 1765 2298 compares,
1797 2217 1830 2277 et

179 2337 239 2381 nos
266 2315 474 2383 decadonem
502 2325 591 2383 tuam
621 2317 728 2404 dignis
756 2317 935 2382 debeamus
964 2318 1121 2403 prosequi
1148 2316 1413 2383 retributionibus
1442 2316 1628 2401 gratiarum.
1672 2315 1829 2400 Alioquin

180 2422 310 2485 noveris
340 2442 400 2486 nos
429 2421 558 2487 dilectis
585 2421 661 2485 filiis
689 2421 801 2485 abbati
833 2419 945 2485 Sancti
966 2420 1130 2501 Victoris,
1160 2420 1284 2485 decano
1313 2426 1347 2484 et
1373 2420 1530 2503 magistro
1553 2417 1691 2483 Iohanni
1721 2419 1828 2482 archi·

179 2523 316 2589 diacono
339 2523 519 2590 Parisiensi
545 2546 604 2611 per
632 2531 761 2589 nostras
789 2524 916 2589 litteras
945 2523 1143 2602 iniunxisse,
1172 2531 1208 2588 ut
1236 2531 1268 2588 te
1298 2523 1339 2587 ad
1369 2521 1403 2586 id
1432 2542 1492 2608 per
1521 2542 1691 2586 censuram
1721 2522 1828 2585 eccle·
1869 2559 1872 2566 ·

182 2627 348 2691 siasticam
369 2628 589 2712 appellatione
613 2635 739 2692 remota
761 2628 970 2713 compellant.

286 2746 362 2811 Dat.
386 2746 525 2829 Perusii,
548 2748 597 2812 IV
619 2747 695 2813 Kal.
719 2747 838 2815 Octcb.
863 2748 1072 2833 pontificatus
1097 2747 1199 2811 nostri
1222 2766 1307 2810 anno
1330 2743 1392 2809 III.

801 2988 1211 2998 ...-.-—-.—-.-—-—-———

880 3267 900 3292 c
964 3215 1053 3288 404.

289 3323 478 3435 Gregorius
506 3350 562 3416 IX
586 3371 677 3432 papa
704 3351 909 3437 [Willrclmo]
942 3355 1081 3436 episcopo
1113 3353 1291 3418 Porisieasi
1323 3351 1462 3417 districte
1489 3352 1659 3433 praecipit,
1695 3355 1731 3415 at
1762 3371 1831 3415 cum

178 3453 399 3539 F[ridcricrrc]
427 3455 529 3518 dictim
553 3455 724 3535 imperator
753 3460 862 3521 eontra
894 3457 1051 3522 ecclesiam
1075 3457 1211 3543 fraudes
1225 3456 1333 3537 impie
1357 3456 1506 3520 moliatur
1531 3475 1657 3536 eamque
1683 3454 1832 3518 violenter

179 3577 384 3642 oppressurus
405 3559 459 3636 sit,
489 3556 533 3622 ad
552 3576 585 3622 sc
607 3577 676 3622 cam
702 3578 839 3642 conpruc
866 3581 965 3624 omna
987 3561 1170 3627 bellatorem
1198 3559 1246 3624 cel
1272 3560 1339 3639 ipse
1364 3559 1471 3622 catat
1497 3558 1546 3622 cel
1566 3579 1634 3622 cam
1654 3559 1723 3622 sinc
1743 3576 1832 3622 mora

102 3695 127 3734 ,⁵
179 3663 294 3726 meae.
1133 3713 1135 3718 ,
1354 3643 1366 3658 “
1470 3663 1564 3738 1229,
1586 3659 1670 3740 sept.
1692 3662 1745 3723 30.

284 3782 366 3852 Grec.
379 3780 429 3834 IX
438 3779 506 3849 Ray.
519 3779 573 3833 Lib
586 3779 648 3846 III,
662 3783 707 3835 65.
742 3782 862 3838 Edimua
878 3785 952 3838 hanc
969 3783 1113 3852 epistolam
1131 3799 1165 3836 err
1177 3780 1270 3852 Rapa.
1282 3781 1352 3835 Ana.
1372 3781 1433 3834 eccl.
1450 3796 1478 3833 α.
1489 3783 1569 3846 1229,
1586 3781 1602 3843 §
1616 3782 1661 3847 36,
1678 3777 1832 3847 suppletam

179 3883 214 3921 ee
234 3866 339 3922 Ocurri.
358 3865 452 3920 Paris.
472 3882 517 3935 ap.
535 3865 833 3939 liuthard-Britain,
851 3871 868 3923 l.
886 3884 908 3922 c.
926 3875 945 3924 t.
963 3871 1023 3938 ΙΙΙ,
1036 3886 1067 3939 p.
1086 3871 1138 3923 164
1157 3866 1270 3935 [EBJ.

281 3950 418 4017 Pctttort,
435 3949 507 4020 Rep.
527 3954 609 4018 6456.

723 4151 733 4172 .
761 4151 771 4172 .
798 4096 1044 4172 Parisiensi
1071 4096 1290 4188 episcopo.

288 4242 371 4338 Cum
394 4243 528 4325 caritas,
560 4263 625 4309 non
649 4265 790 4330 querens
813 4266 877 4331 que
900 4266 960 4311 sua
981 4250 1071 4327 sunt,
1102 4244 1203 4310 nichil
1224 4245 1401 4310 humanum
1423 4264 1444 4308 a
1465 4265 1501 4310 se
1524 4249 1654 4330 reputet
1675 4243 1828 4326 alienum,
1844 4229 1984 4338 Tlfiffggll·
2082 4227 2085 4232 ’

181 4345 320 4432 quisque
343 4346 490 4412 caritatis
512 4354 638 4413 amator
659 4348 777 4413 merito
804 4353 916 4433 potest
945 4349 1112 4436 proprium
1143 4348 1304 4413 extimare
1334 4345 1490 4433 quidquid
1516 4346 1664 4413 imminet
1690 4348 1832 4414 ecclesie

180 4448 337 4534 generali,
359 4470 422 4515 nec
436 4449 536 4515 debet
554 4450 685 4537 proprio
706 4471 853 4537 parcere,
876 4449 932 4516 nbi
957 4452 1103 4537 periculo
1120 4458 1231 4538 potest
1247 4451 1380 4516 obviare
1397 4451 1570 4532 communi,
1593 4472 1634 4517 ne
1655 4451 1833 4518 universali

181 4551 314 4616 utilitati
336 4549 504 4616 videatur⁸
526 4550 672 4638 preferre
701 4553 872 4639 privatam.
919 4553 1005 4620 Sane
1025 4555 1176 4620 Romana
1197 4554 1340 4620 ecclesia
1368 4554 1402 4618 in
1429 4554 1488 4618 tali
1510 4575 1596 4619 nunc
1623 4562 1674 4620 est
1695 4554 1833 4620 articulo

181 4654 374 4734 constituta,
405 4653 491 4739 quod
513 4653 556 4718 ad
578 4653 715 4718 ducrum
740 4655 880 4720 alterum
902 4656 1032 4721 ridetur
1054 4655 1210 4738 adducta,
1240 4656 1396 4722 videlicet
1417 4662 1475 4722 aut
1497 4679 1533 4723 se
1557 4664 1591 4724 et
1612 4658 1834 4724 universalem

183 4757 371 4837 ecclesiam,
403 4755 549 4822 fidelium
576 4756 660 4821 fulta
691 4756 851 4837 subsidio,
881 4760 1062 4825 auxiliante
1092 4757 1234 4824 Domino
1263 4765 1407 4841 tueatur,
1440 4767 1496 4826 aut
1520 4755 1560 4827 'sc
1585 4782 1659 4826 cum
1680 4762 1832 4826 omnibus

179 4859 334 4926 membris
358 4860 436 4941 suis,
459 4858 544 4946 quod
567 4859 665 4939 absit,
687 4860 872 4925 conculcari
887 4863 1056 4947 permittat
1076 4869 1109 4928 et
1130 4863 1273 4948 patiatur
1287 4882 1366 4928 seve
1381 4863 1486 4927 subici
1508 4862 1667 4945 servituti,
1691 4863 1729 4928 F.
1745 4862 1832 4929 dicto

180 4963 377 5049 imperatore
410 4969 524 5029 contra
551 4960 661 5028 Deum
693 4968 727 5027 et
756 4963 929 5028 ecclesiam
964 4963 1110 5045 fraudes,
1148 4965 1282 5052 negotio
1316 4963 1549 5031 miserabiliter
1576 4965 1681 5031 Terre
1712 4964 1831 5030 Sancte

181 5065 331 5147 confuso,
362 5072 396 5130 et
417 5066 505 5130 vires
534 5087 608 5131 cum
632 5064 823 5132 Sarracenis
847 5073 882 5132 et
909 5067 982 5132 aliis
1005 5065 1192 5133 infidelibus
1215 5068 1315 5153 impie
1338 5067 1505 5134 moliente.
1549 5066 1657 5140 Quare
1680 5066 1831 5132 videntes

182 5175 215 5234 et
237 5167 404 5250 dolentes,
427 5167 514 5255 quod
536 5169 640 5256 ipsius
663 5169 700 5235 F.
724 5170 836 5256 iniqua
858 5171 1012 5258 superbia
1034 5177 1068 5237 et
1090 5171 1233 5257 superba
1255 5171 1411 5257 iniquitas
1434 5191 1564 5258 semper
1585 5169 1744 5252 ascendit,
1767 5171 1831 5235 nisi

103 5302 129 5340 ro
182 5271 275 5336 obice
305 5272 429 5337 iustitie
458 5272 670 5358 reprimatur,
700 5273 803 5357 ipsius
827 5274 998 5339 conatibus
1021 5272 1154 5360 dignum
1177 5273 1330 5338 duximus
1354 5271 1501 5354 obviare,
1532 5295 1573 5340 ne
1603 5274 1658 5360 qui
1688 5275 1722 5339 in
1750 5273 1831 5339 iram
1885 5295 1890 5306 ·

181 5381 346 5460 provocat,
370 5374 566 5440 exalteturb.
610 5375 662 5441 De
685 5382 742 5442 tna
763 5376 873 5462 itaque
893 5377 1080 5443 sinceritate
1096 5378 1229 5464 plenam
1250 5378 1284 5441 in
1299 5375 1442 5442 Domino
1457 5376 1610 5445 fiduciam
1633 5379 1830 5461 obtinentes,

286 5669 309 5737 ⁸)
328 5669 462 5720 videantur
479 5668 564 5735 Rapa.
647 5666 671 5733 ¹³)
689 5668 828 5735 Hammone
845 5689 876 5722 er
894 5671 987 5738 Rapa,
1006 5688 1071 5736 quae
1088 5683 1227 5737 sequantur
1245 5691 1276 5725 err
1294 5673 1363 5725 ΗΒ,
