4448 6420
655 325 854 383 EPISTOLAE
872 327 1061 385 SELECTAE.
1098 331 1173 386 1224.
1684 336 1744 400 179

88 501 350 566 benedictionem
373 508 516 566 vestram
547 523 646 587 super
673 523 733 566 uos
763 510 797 567 et
823 524 921 590 super
945 502 1148 568 Christianos
1179 505 1274 570 nobis
1299 506 1475 574 subiectos.
1519 509 1676 574 Pervenit
1699 508 1740 573 ad

88 627 145 669 nos
174 627 328 691 magnum
358 607 530 669 consilium
561 613 653 670 tuum
686 613 719 670 ct
746 607 934 672 mandatum
962 629 1021 693 par
1047 609 1209 693 legatum,
1242 612 1297 695 qui
1327 619 1397 677 erat
1426 612 1512 700 apud
1543 612 1742 694 Damiatam,
1789 659 1795 672 ,

89 707 173 793 quod
200 709 304 773 frater
332 731 424 774 meus
455 711 584 774 veniret
614 711 647 773 in
677 711 858 775 subsidium
883 711 1160 790 Christianorum,
1189 722 1222 779 et
1249 717 1319 801 ipse
1352 724 1423 781 erat
1449 719 1483 781 in
1511 718 1679 803 proposito
1710 723 1744 781 et

89 820 246 898 apparatu
273 812 440 888 veniendi;
473 821 506 877 et
533 814 561 876 si
590 834 647 877 vos
679 813 836 892 audistis,
866 816 914 878 illi
942 817 1020 879 mali
1048 816 1199 881 homines
1227 817 1355 882 Tartari
1386 820 1590 884 intraverunt
1623 826 1743 884 terram

36 946 45 980 o
89 921 234 979 nostram
256 923 290 980 et
312 917 416 981 multa
437 915 556 980 damna
577 915 756 980 intulerunt
779 918 870 1000 genti
892 924 1020 994 nostre,
1046 926 1079 982 et
1102 919 1336 984 interfecerunt
1360 943 1420 986 sex
1443 923 1533 986 milia
1555 922 1596 987 de
1619 924 1741 987 nostris

88 1027 119 1082 et
145 1040 206 1082 nos
235 1041 299 1083 non
330 1020 526 1084 carebamus
555 1019 596 1083 ab
624 1021 721 1105 ipsis,
752 1021 827 1104 quia
851 1020 1064 1085 credebamus
1098 1043 1155 1086 eos
1180 1022 1383 1089 Christianos
1415 1045 1507 1104 esse3
1538 1027 1596 1089 sed
1626 1033 1742 1112 postea

88 1143 182 1208 quam
205 1123 428 1188 intelleximus
460 1145 516 1187 eos
545 1145 610 1187 non
638 1144 713 1188 essa
742 1123 846 1188 bonos
871 1123 1089 1206 Christianos,
1118 1126 1264 1191 collectis
1291 1129 1415 1193 viribus
1446 1129 1683 1193 incurrerimus
1706 1130 1740 1192 in

88 1247 143 1290 eos
167 1232 200 1290 et
223 1227 447 1292 interfecimus
470 1228 585 1312 viginti
614 1229 756 1313 quinqua
785 1228 878 1292 milia
900 1228 940 1292 de
964 1229 1030 1293 illis
1054 1235 1087 1293 et
1111 1231 1256 1316 capimus
1287 1233 1409 1296 multos
1441 1253 1484 1298 ex
1512 1233 1577 1297 illis
1605 1239 1639 1296 et
1662 1233 1739 1297 reli-

88 1351 167 1416 quos
190 1331 375 1415 fugavimus
399 1330 439 1395 de
463 1338 550 1395 terra
571 1339 702 1409 nostra;
726 1339 759 1396 at
781 1338 916 1418 propter
937 1333 999 1396 hoo
1024 1335 1189 1414 remansit,
1213 1319 1301 1419 quod
1324 1357 1388 1399 non
1411 1337 1559 1400 venimus
1584 1335 1625 1400 ad
1648 1356 1739 1400 man·

33 1467 36 1488 ι
89 1431 199 1497 datum
226 1434 338 1518 legati.
384 1435 469 1508 Quia
497 1457 574 1499 vero
605 1434 700 1500 modo
731 1437 970 1518 intelleximus,
998 1437 1084 1521 quod
1108 1437 1285 1522 imperator
1315 1437 1356 1502 de
1385 1438 1537 1503 mandato
1567 1445 1623 1503 tuo
1654 1460 1740 1503 nuno

87 1536 185 1602 debet
217 1537 250 1600 in
285 1537 412 1622 Syriam
449 1539 661 1603 transfretare
696 1538 738 1602 ad
771 1539 999 1603 liberationem
1032 1539 1133 1604 Terre
1169 1540 1306 1619 Sancte,
1342 1542 1517 1626 plurimum
1550 1541 1740 1626 gaudemus.

87 1639 181 1704 Unde
205 1641 333 1705 faciatis
356 1663 415 1705 nos
439 1643 533 1718 scire,
557 1641 685 1727 quando
702 1644 842 1708 transire
859 1642 1011 1709 debuerit
1027 1645 1213 1729 imperator,
1237 1651 1270 1708 et
1292 1666 1352 1709 uos
1377 1645 1543 1709 mittemus
1559 1645 1739 1709 Iohannem

87 1744 345 1808 comestabulum
368 1751 513 1809 nostrum
536 1767 609 1809 cum
633 1752 701 1810 toto
718 1747 865 1811 exercitu
889 1753 1001 1810 nostro
1025 1748 1058 1810 in
1076 1747 1234 1811 auxilium
1253 1747 1512 1812 Christianorum
1537 1754 1570 1812 at
1592 1748 1740 1812 liberati-

87 1867 181 1912 onem
206 1849 311 1912 sauoti
333 1849 475 1934 sepulcri
498 1847 539 1912 ad
561 1849 684 1929 locum,
717 1870 814 1934 quem
838 1850 1071 1914 mandaveritis
1095 1850 1126 1914 ai
1148 1852 1270 1915 venire.
1323 1851 1367 1914 Et
1396 1851 1531 1915 facimus
1555 1871 1613 1914 vos
1645 1851 1740 1931 seire,

31 1977 41 2013 o
85 1950 172 2035 quod
198 1949 304 2016 dictus
333 1951 575 2016 comestabulus
605 1958 717 2015 noster
752 1957 785 2015 et
815 1954 1025 2037 quamplures
1057 1952 1114 2015 alii
1142 1953 1269 2017 nobiles
1300 1953 1340 2018 de
1368 1975 1470 2038 regno
1501 1960 1612 2017 nostro
1643 1974 1739 2018 aoce-

86 2059 204 2139 pemnt
220 2075 351 2118 crucem
366 2061 400 2118 et
421 2059 598 2140 expectant
614 2056 813 2139 passagium.
858 2053 953 2120 Unde
971 2056 1193 2141 supplicamus
1216 2057 1276 2119 tibi
1301 2062 1334 2121 et
1356 2057 1498 2142 petimus
1521 2077 1541 2119 a
1564 2057 1739 2121 sanctitate

86 2165 150 2236 tua,
175 2157 327 2242 quatinus
351 2163 386 2220 tu
408 2160 519 2222 mittas
544 2159 670 2223 litteras
695 2166 729 2222 et
751 2159 1014 2224 benedictionem
1037 2168 1126 2223 tuam
1149 2160 1243 2224 nobis
1261 2159 1467 2240 Christianis,
1491 2160 1546 2244 qui
1570 2181 1681 2224 sumus
1705 2161 1738 2224 in

87 2262 223 2325 oriente.
266 2260 378 2324 Latori
402 2262 604 2346 presentium
628 2261 747 2327 dilecto
770 2270 882 2328 nostro
907 2262 1015 2327 David
1039 2263 1194 2348 episeopo
1218 2263 1258 2327 de
1282 2262 1406 2326 Hanii1
1430 2262 1561 2342 credas,
1585 2269 1739 2347 tanquam

86 2365 125 2428 ab
149 2385 205 2428 oro
228 2371 341 2428 nostro
364 2364 505 2446 audires,
529 2369 563 2429 et
586 2365 708 2429 habeas
732 2388 791 2430 nos
815 2366 1097 2432 recommendatos
1121 2367 1154 2428 in
1179 2365 1381 2429 orationibus
1404 2366 1468 2429 tuis
1491 2365 1623 2429 sanctis.

874 2835 960 2908 tbi.

192 2946 365 3039 Iohannes
386 2977 609 3041 comestabulus
630 2975 767 3040 Brutine
789 2975 852 3038 aive
875 2974 1047 3038 Armeniae
1064 2971 1243 3036 Hortarium
1259 2972 1326 3036 ΙΙΙ
1338 2992 1459 3052 papum
1481 2972 1518 3035 rte
1540 2977 1637 3037 morte
1658 2973 1740 3055 repis

85 3080 134 3143 oni
155 3079 242 3143 etde
263 3079 406 3143 electione
432 3081 615 3144 comessoris
637 3081 795 3144 certiorem
823 3079 922 3160 socit;
948 3082 1090 3155 excrescet,
1119 3077 1201 3158 qnod
1225 3080 1355 3157 propter
1382 3077 1591 3141 incursionem
1625 3076 1738 3141 Tarta-

84 3203 189 3246 rornm
208 3180 400 3247 Christianis
413 3183 500 3263 oprtet
513 3183 698 3247 Domiatam
714 3183 951 3247 consistentibus
972 3203 1036 3246 non
1058 3181 1176 3245 venerit
1198 3181 1232 3243 in
1253 3181 1421 3258 auxilinm,
1440 3180 1596 3260 promittit
1616 3199 1648 3243 se
1669 3200 1738 3244 cnm

85 3286 296 3369 qnadraginta
319 3285 446 3349 milibus
467 3285 650 3350 bellatorum
672 3286 864 3366 temeratori,
888 3286 1013 3366 qnando
1035 3284 1209 3360 transierit,
1232 3283 1407 3361 affntnrnm
1429 3301 1501 3347 esse.

1265 3387 1349 3450 Ante
1373 3389 1467 3463 1224,
1491 3385 1576 3451 Mai.
1600 3386 1650 3448 12.

188 3507 261 3561 Han.
280 3509 338 3561 ΙΙΙ
357 3508 425 3577 Κεφ,
449 3509 506 3564 Vol.
523 3508 581 3572 IV,
603 3513 669 3572 189;
693 3510 755 3563 In‘b.
783 3510 873 3578 VIII,
898 3514 962 3564 433.
1010 3509 1115 3563 Pertaii
1138 3508 1276 3576 exemptor
1297 3507 1482 3577 suppleot'mna
1500 3522 1535 3559 en
1554 3505 1646 3575 naon.
1664 3505 1740 3559 Ana.

86 3595 144 3648 ecct.
161 3611 188 3648 o.
208 3599 286 3658 1224,
304 3599 379 3660 §19.

557 3724 724 3796 Littera
752 3724 804 3796 ad
832 3723 1057 3796 dominum
1084 3743 1258 3814 papam.

190 3873 403 3938 Sanctissimo
431 3873 516 3960 patri
546 3879 580 3937 et
614 3872 745 3936 domiuo
775 3873 877 3936 totius
905 3870 1178 3951 Christianitatis,
1213 3869 1339 3934 tenenti
1374 3867 1487 3933 sedem
1514 3865 1604 3931 beati
1636 3865 1739 3954 Petri,

86 3975 247 4040 Iohannes
271 3983 381 4041 vester
403 3976 560 4041 obediens
584 3977 746 4052 serviens,
771 3974 1013 4040 comestabulus
1035 3974 1136 4038 totius
1159 3974 1271 4038 Bratie
1294 3973 1363 4036 sive
1386 3970 1564 4051 Armenia,
1589 3967 1739 4042 salutem,

30 4098 43 4132 ἰ
87 4081 191 4165 capite
215 4081 370 4144 inclinato
394 4080 562 4165 usquead
586 4079 697 4165 pedes.
744 4078 779 4143 Si
801 4100 859 4142 vos
883 4079 1018 4162 queritis
1043 4076 1083 4141 de
1109 4086 1197 4141 statu
1220 4098 1308 4158 meo,
1338 4097 1399 4162 per
1421 4081 1564 4138 vestram
1589 4077 1735 4135 sanctam

84 4181 342 4248 benedictionem
377 4183 482 4249 bonus
518 4191 569 4248 est
603 4191 706 4247 status
736 4203 845 4262 meus,
879 4189 912 4244 et
942 4182 1089 4266 significo
1120 4181 1286 4245 sanctitati
1309 4185 1432 4258 vestre,
1470 4177 1555 4263 quod
1587 4175 1738 4241 domiuus

84 4307 173 4351 meus
197 4308 258 4352 rex
281 4295 331 4352 est
347 4294 505 4368 mortuus,
529 4295 561 4352 et
585 4309 657 4351 cum
675 4293 789 4350 sancta
811 4286 917 4369 gratia
941 4293 974 4348 et
989 4284 1217 4348 benedictione
1241 4291 1353 4348 vestra
1375 4303 1435 4346 nos
1452 4281 1612 4366 elegimus
1636 4279 1736 4342 allum

85 4391 115 4454 in
137 4413 260 4476 regern.
307 4391 463 4455 Sanctum
492 4398 526 4455 et
556 4392 676 4454 iustum
703 4389 893 4453 mandatum
915 4395 1078 4468 vestrum,
1110 4388 1195 4474 quod
1226 4389 1357 4472 legatus
1380 4392 1491 4450 vester
1517 4385 1558 4450 de
1581 4382 1736 4447 Damiata

85 4495 247 4559 mandavit
269 4494 374 4575 uobis,
397 4494 609 4580 pervenitad
632 4514 745 4578 regem
768 4499 801 4557 et
824 4490 865 4556 ad
888 4513 957 4564 me;
981 4491 1039 4555 sed
1063 4512 1135 4554 cum
1152 4511 1399 4577 prepararemus
1423 4510 1483 4552 nos
1507 4487 1678 4573 magnilica
1701 4485 1736 4548 in
1773 4487 1777 4492 '

30 4608 40 4640 '·
86 4601 180 4664 armis
203 4605 238 4663 et
261 4599 364 4683 equis,
387 4598 584 4662 victualibus
608 4603 640 4662 ot
663 4598 813 4682 personis
837 4596 949 4659 venire
973 4594 1013 4657 ad
1038 4615 1227 4659 succursum
1251 4593 1508 4657 Christianorum
1534 4596 1567 4656 at
1589 4589 1737 4654 liberati-

86 4723 176 4767 onem
201 4703 359 4787 sepulcri,
382 4701 525 4778 Tartari,
549 4722 644 4764 cruce
667 4699 866 4786 precedente
891 4721 962 4778 eos,
992 4698 1195 4761 intraverunt
1218 4702 1337 4760 terram
1360 4701 1505 4759 nostram
1536 4701 1569 4759 et
1598 4694 1644 4758 sio
1678 4692 1737 4756 sub

86 4808 193 4891 specie
218 4805 404 4870 Christiana
437 4805 606 4889 religionis
631 4803 833 4889 deceperunt
865 4824 925 4866 nos
955 4808 987 4866 ct
1016 4824 1121 4886 usque
1151 4801 1192 4865 ad
1220 4823 1280 4865 sex
1310 4801 1400 4864 milia
1429 4798 1664 4863 interfecerunt
1695 4795 1735 4859 do

85 4911 212 4974 uostris.
259 4908 318 4973 Set
341 4915 513 4996 postquam
537 4909 760 4972 intelleximus
785 4929 842 4971 eos
872 4928 937 4971 non
962 4927 1036 4970 esse
1061 4926 1157 4969 veros
1181 4903 1403 4982 Christianos,
1435 4923 1494 4966 nos
1525 4921 1599 4965 cum
1628 4899 1734 4984 gratia

86 5019 190 5076 vestra
213 5019 247 5078 et
270 5013 392 5076 auxilio
418 5019 528 5076 sancte
553 5013 658 5076 crucis
682 5011 917 5075 insurreximus
949 5011 983 5073 in
1013 5017 1148 5088 eos,··et
1170 5007 1393 5072 interfecimus
1422 5005 1461 5069 de
1490 5005 1538 5068 eis
1565 5001 1736 5088 usquead

30 5115 42 5146 '¹
87 5115 196 5200 viginti
226 5116 369 5201 quinque
398 5115 489 5179 milia
518 5115 680 5200 equitum,
714 5121 747 5179 et
774 5113 931 5198 quosdam
959 5135 1002 5176 ex
1031 5113 1113 5198 ipsis
1141 5112 1286 5197 cepimus
1315 5110 1462 5192 aliosque
1487 5105 1670 5190 fugavimus
1695 5103 1735 5168 de

87 5215 198 5282 linibus
223 5220 361 5298 nostris,
394 5225 427 5282 et
455 5220 519 5283 ista
541 5219 602 5282 fuit
632 5239 744 5297 causa,
777 5238 877 5302 quare
901 5237 966 5280 non
989 5217 1154 5302 potuimus
1177 5213 1356 5298 adimplere
1379 5209 1567 5274 mandatum
1591 5215 1736 5273 vestrum

87 5319 199 5386 factum
224 5343 283 5408 per
305 5323 464 5406 legatum.
510 5321 633 5386 Verum
658 5321 733 5404 quia
755 5319 997 5398 intelleximus,
1026 5318 1113 5403 quod
1137 5316 1317 5382 mandastis
1347 5313 1538 5400 imperatori
1561 5321 1595 5377 et
1618 5312 1737 5376 ceteris

185 5617 211 5686 l)
233 5614 401 5684 Episcopum
420 5615 452 5668 dc
472 5615 527 5668 Ani
542 5631 630 5684 prope
648 5615 742 5682 fontes
762 5611 920 5681 Euphratis
940 5627 996 5665 coac
1015 5612 1105 5664 erecto.

1472 5699 1526 5753 23*
