<?xml version="1.0" encoding="UTF-8"?>
<!DOCTYPE html PUBLIC "-//W3C//DTD XHTML 1.0 Transitional//EN"
    "http://www.w3.org/TR/xhtml1/DTD/xhtml1-transitional.dtd">
<html xmlns="http://www.w3.org/1999/xhtml" xml:lang="en" lang="en">
 <head>
  <title>
</title>
<meta http-equiv="Content-Type" content="text/html;charset=utf-8" />
  <meta name='ocr-system' content='tesseract 3.04.00' />
  <meta name='ocr-capabilities' content='ocr_page ocr_carea ocr_par ocr_line ocrx_word'/>
</head>
<body>
  <div class='ocr_page' id='page_1' title='image "./monumentagerman00peipgoog/monumentagerman00peipgoog_0576.png"; bbox 0 0 4590 6366; ppageno 0'>
   <div class='ocr_carea' id='block_1_1' title="bbox 107 5519 135 5562">
    <p class='ocr_par' dir='ltr' id='par_1_1' title="bbox 107 5519 135 5562">
     <span class='ocr_line' id='line_1_1' title="bbox 107 5519 135 5562; baseline -0.107 0"><span class='ocrx_word' id='word_1_1' title='bbox 107 5519 135 5562; x_wconf 78' lang='lat' dir='ltr'><em>lo</em></span> 
     </span>
    </p>
   </div>
   <div class='ocr_carea' id='block_1_2' title="bbox 726 387 1851 452">
    <p class='ocr_par' dir='ltr' id='par_1_2' title="bbox 726 387 1851 452">
     <span class='ocr_line' id='line_1_2' title="bbox 726 387 1851 452; baseline 0.01 -12"><span class='ocrx_word' id='word_1_2' title='bbox 726 387 927 442; x_wconf 75' lang='lat' dir='ltr'><strong>EPISTOLAE</strong></span> <span class='ocrx_word' id='word_1_3' title='bbox 945 387 1134 444; x_wconf 71' lang='lat' dir='ltr'><em>subacuta.</em></span> <span class='ocrx_word' id='word_1_4' title='bbox 1170 390 1246 445; x_wconf 78' lang='lat'><em>1235.</em></span> <span class='ocrx_word' id='word_1_5' title='bbox 1788 391 1851 452; x_wconf 82' lang='lat'><em>553</em></span> 
     </span>
    </p>
   </div>
   <div class='ocr_carea' id='block_1_3' title="bbox 191 559 1851 644">
    <p class='ocr_par' dir='ltr' id='par_1_3' title="bbox 191 559 1851 644">
     <span class='ocr_line' id='line_1_3' title="bbox 191 559 1851 644; baseline 0.002 -23"><span class='ocrx_word' id='word_1_6' title='bbox 191 559 324 639; x_wconf 71' lang='lat' dir='ltr'><em>iceroqoo</em></span> <span class='ocrx_word' id='word_1_7' title='bbox 354 559 523 623; x_wconf 80' lang='lat' dir='ltr'><em>rrorraaltos</em></span> <span class='ocrx_word' id='word_1_8' title='bbox 554 559 748 623; x_wconf 76' lang='lat' dir='ltr'><em>collaterales</em></span> <span class='ocrx_word' id='word_1_9' title='bbox 777 559 979 640; x_wconf 79' lang='lat' dir='ltr'><em>imperatoris</em></span> <span class='ocrx_word' id='word_1_10' title='bbox 1010 562 1133 626; x_wconf 78' lang='lat' dir='ltr'><em>litteras</em></span> <span class='ocrx_word' id='word_1_11' title='bbox 1159 562 1307 644; x_wconf 72' lang='lat' dir='ltr'><em>diripere,</em></span> <span class='ocrx_word' id='word_1_12' title='bbox 1340 562 1454 642; x_wconf 79' lang='lat' dir='ltr'><em>quibas</em></span> <span class='ocrx_word' id='word_1_13' title='bbox 1477 581 1549 642; x_wconf 79' lang='lat' dir='ltr'><em>poc</em></span> <span class='ocrx_word' id='word_1_14' title='bbox 1585 560 1710 626; x_wconf 81' lang='lat' dir='ltr'><em>turbari</em></span> <span class='ocrx_word' id='word_1_15' title='bbox 1732 562 1851 641; x_wconf 79' lang='lat' dir='ltr'><em>possit;</em></span> 
     </span>
    </p>
   </div>
   <div class='ocr_carea' id='block_1_4' title="bbox 192 664 1438 747">
    <p class='ocr_par' dir='ltr' id='par_1_4' title="bbox 192 664 1438 747">
     <span class='ocr_line' id='line_1_4' title="bbox 192 664 1438 747; baseline 0.001 -20"><span class='ocrx_word' id='word_1_16' title='bbox 192 669 289 747; x_wconf 76' lang='lat' dir='ltr'><em>repat,</em></span> <span class='ocrx_word' id='word_1_17' title='bbox 311 667 347 727; x_wconf 86' lang='lat' dir='ltr'><em>at</em></span> <span class='ocrx_word' id='word_1_18' title='bbox 368 683 402 727; x_wconf 92' lang='lat' dir='ltr'><em>os</em></span> <span class='ocrx_word' id='word_1_19' title='bbox 422 665 536 746; x_wconf 77' lang='lat' dir='ltr'><em>iniquo</em></span> <span class='ocrx_word' id='word_1_20' title='bbox 558 664 750 744; x_wconf 74' lang='lat' dir='ltr'><em>loquentiam</em></span> <span class='ocrx_word' id='word_1_21' title='bbox 771 665 920 743; x_wconf 80' lang='lat' dir='ltr'><em>obstruat,</em></span> <span class='ocrx_word' id='word_1_22' title='bbox 943 666 1023 729; x_wconf 84' lang='lat' dir='ltr'><em>sicat</em></span> <span class='ocrx_word' id='word_1_23' title='bbox 1045 667 1110 746; x_wconf 81' lang='lat' dir='ltr'><em>ipsc</em></span> <span class='ocrx_word' id='word_1_24' title='bbox 1132 666 1196 729; x_wconf 86' lang='lat' dir='ltr'><em>eice</em></span> <span class='ocrx_word' id='word_1_25' title='bbox 1218 685 1310 730; x_wconf 86' lang='lat' dir='ltr'><em>ocrsa</em></span> <span class='ocrx_word' id='word_1_26' title='bbox 1329 665 1438 746; x_wconf 82' lang='lat' dir='ltr'><em>faciat.</em></span> 
     </span>
    </p>
   </div>
   <div class='ocr_carea' id='block_1_5' title="bbox 299 768 1762 922">
    <p class='ocr_par' dir='ltr' id='par_1_5' title="bbox 299 768 1762 922">
     <span class='ocr_line' id='line_1_5' title="bbox 1485 768 1762 851; baseline 0.007 -19"><span class='ocrx_word' id='word_1_27' title='bbox 1485 769 1579 846; x_wconf 86' lang='lat'><em>1235,</em></span> <span class='ocrx_word' id='word_1_28' title='bbox 1602 768 1687 851; x_wconf 76' lang='lat' dir='ltr'><em>Sept.</em></span> <span class='ocrx_word' id='word_1_29' title='bbox 1709 771 1762 834; x_wconf 83' lang='lat'><em>20.</em></span> 
     </span>
     <span class='ocr_line' id='line_1_6' title="bbox 299 850 1055 922; baseline 0.003 -16"><span class='ocrx_word' id='word_1_30' title='bbox 299 850 382 922; x_wconf 67' lang='lat' dir='ltr'><em>Grec.</em></span> <span class='ocrx_word' id='word_1_31' title='bbox 400 852 450 906; x_wconf 87' lang='lat' dir='ltr'><em>IX</em></span> <span class='ocrx_word' id='word_1_32' title='bbox 468 852 536 920; x_wconf 74' lang='lat' dir='ltr'><em>Ray.</em></span> <span class='ocrx_word' id='word_1_33' title='bbox 560 853 616 907; x_wconf 85' lang='lat' dir='ltr'><em>Vol.</em></span> <span class='ocrx_word' id='word_1_34' title='bbox 642 852 671 920; x_wconf 81' lang='lat' dir='ltr'><em>V,</em></span> <span class='ocrx_word' id='word_1_35' title='bbox 692 855 814 912; x_wconf 75' lang='lat'><strong><em>72-73,·</em></strong></span> <span class='ocrx_word' id='word_1_36' title='bbox 833 852 897 908; x_wconf 85' lang='lat' dir='ltr'><em>Lib.</em></span> <span class='ocrx_word' id='word_1_37' title='bbox 915 852 971 917; x_wconf 89' lang='lat' dir='ltr'><em>IX,</em></span> <span class='ocrx_word' id='word_1_38' title='bbox 990 857 1055 908; x_wconf 77' lang='lat'><em>236.</em></span> 
     </span>
    </p>
   </div>
   <div class='ocr_carea' id='block_1_6' title="bbox 297 938 641 1008">
    <p class='ocr_par' dir='ltr' id='par_1_6' title="bbox 297 938 641 1008">
     <span class='ocr_line' id='line_1_7' title="bbox 297 938 641 1008; baseline -0.003 -15"><span class='ocrx_word' id='word_1_39' title='bbox 297 939 435 1004; x_wconf 78' lang='lat' dir='ltr'><em>Pottlrost,</em></span> <span class='ocrx_word' id='word_1_40' title='bbox 455 938 524 1008; x_wconf 69' lang='lat' dir='ltr'><em>Rea.</em></span> <span class='ocrx_word' id='word_1_41' title='bbox 544 942 641 994; x_wconf 85' lang='grc'><strong><em>10018.</em></strong></span> 
     </span>
    </p>
   </div>
   <div class='ocr_carea' id='block_1_7' title="bbox 331 1152 1710 1248">
    <p class='ocr_par' dir='ltr' id='par_1_7' title="bbox 331 1152 1710 1248">
     <span class='ocr_line' id='line_1_8' title="bbox 331 1152 1710 1248; baseline 0 -20"><span class='ocrx_word' id='word_1_42' title='bbox 331 1155 580 1243; x_wconf 86' lang='lat' dir='ltr'><em>Friderie0,</em></span> <span class='ocrx_word' id='word_1_43' title='bbox 610 1152 906 1226; x_wconf 86' lang='lat' dir='ltr'><em>Romanorum</em></span> <span class='ocrx_word' id='word_1_44' title='bbox 934 1153 1184 1246; x_wconf 86' lang='lat' dir='ltr'><em>imperatori</em></span> <span class='ocrx_word' id='word_1_45' title='bbox 1210 1177 1389 1247; x_wconf 83' lang='lat' dir='ltr'><em>semper</em></span> <span class='ocrx_word' id='word_1_46' title='bbox 1415 1159 1604 1248; x_wconf 82' lang='lat' dir='ltr'><em>augusto</em></span> <span class='ocrx_word' id='word_1_47' title='bbox 1632 1161 1710 1230; x_wconf 88' lang='lat' dir='ltr'><em>ete.</em></span> 
     </span>
    </p>
   </div>
   <div class='ocr_carea' id='block_1_8' title="bbox 192 1303 1848 1595">
    <p class='ocr_par' dir='ltr' id='par_1_8' title="bbox 192 1303 1848 1595">
     <span class='ocr_line' id='line_1_9' title="bbox 301 1303 1847 1390; baseline -0.001 -20"><span class='ocrx_word' id='word_1_48' title='bbox 301 1306 458 1371; x_wconf 85' lang='lat' dir='ltr'><em>Consueti</em></span> <span class='ocrx_word' id='word_1_49' title='bbox 482 1303 653 1369; x_wconf 79' lang='lat' dir='ltr'><em>fecundius</em></span> <span class='ocrx_word' id='word_1_50' title='bbox 677 1303 710 1367; x_wconf 91' lang='lat' dir='ltr'><em>in</em></span> <span class='ocrx_word' id='word_1_51' title='bbox 733 1325 818 1389; x_wconf 89' lang='lat' dir='ltr'><em>aqua</em></span> <span class='ocrx_word' id='word_1_52' title='bbox 833 1303 964 1367; x_wconf 89' lang='lat' dir='ltr'><em>turbata</em></span> <span class='ocrx_word' id='word_1_53' title='bbox 985 1303 1106 1390; x_wconf 88' lang='lat' dir='ltr'><em>piscari</em></span> <span class='ocrx_word' id='word_1_54' title='bbox 1122 1305 1212 1390; x_wconf 83' lang='lat' dir='ltr'><em>pacis</em></span> <span class='ocrx_word' id='word_1_55' title='bbox 1229 1305 1437 1371; x_wconf 83' lang='lat' dir='ltr'><em>dulcedinem</em></span> <span class='ocrx_word' id='word_1_56' title='bbox 1460 1307 1574 1370; x_wconf 89' lang='lat' dir='ltr'><em>mortis</em></span> <span class='ocrx_word' id='word_1_57' title='bbox 1597 1305 1847 1370; x_wconf 80' lang='lat' dir='ltr'><em>amaritudinem</em></span> 
     </span>
     <span class='ocr_line' id='line_1_10' title="bbox 195 1407 1848 1495; baseline -0.001 -21"><span class='ocrx_word' id='word_1_58' title='bbox 195 1411 372 1490; x_wconf 89' lang='lat' dir='ltr'><em>extimant,</em></span> <span class='ocrx_word' id='word_1_59' title='bbox 405 1409 567 1473; x_wconf 88' lang='lat' dir='ltr'><em>seminant</em></span> <span class='ocrx_word' id='word_1_60' title='bbox 595 1408 671 1472; x_wconf 88' lang='lat' dir='ltr'><em>lites</em></span> <span class='ocrx_word' id='word_1_61' title='bbox 695 1414 728 1472; x_wconf 93' lang='lat' dir='ltr'><em>et</em></span> <span class='ocrx_word' id='word_1_62' title='bbox 755 1407 878 1491; x_wconf 84' lang='lat' dir='ltr'><em>iurgia,</em></span> <span class='ocrx_word' id='word_1_63' title='bbox 909 1414 945 1470; x_wconf 89' lang='lat' dir='ltr'><em>ut</em></span> <span class='ocrx_word' id='word_1_64' title='bbox 969 1429 1012 1470; x_wconf 89' lang='lat' dir='ltr'><em>ex</em></span> <span class='ocrx_word' id='word_1_65' title='bbox 1040 1407 1103 1470; x_wconf 89' lang='lat' dir='ltr'><em>hiis</em></span> <span class='ocrx_word' id='word_1_66' title='bbox 1127 1408 1309 1492; x_wconf 90' lang='lat' dir='ltr'><em>iniquitatis</em></span> <span class='ocrx_word' id='word_1_67' title='bbox 1333 1409 1518 1495; x_wconf 88' lang='lat' dir='ltr'><em>manipulos</em></span> <span class='ocrx_word' id='word_1_68' title='bbox 1542 1415 1576 1473; x_wconf 94' lang='lat' dir='ltr'><em>et</em></span> <span class='ocrx_word' id='word_1_69' title='bbox 1599 1409 1734 1474; x_wconf 88' lang='lat' dir='ltr'><em>sceleris</em></span> <span class='ocrx_word' id='word_1_70' title='bbox 1758 1409 1848 1473; x_wconf 90' lang='lat' dir='ltr'><em>lucra</em></span> 
     </span>
     <span class='ocr_line' id='line_1_11' title="bbox 192 1509 1846 1595; baseline 0.001 -20"><span class='ocrx_word' id='word_1_71' title='bbox 192 1519 327 1577; x_wconf 89' lang='lat' dir='ltr'><em>metant.</em></span> <span class='ocrx_word' id='word_1_72' title='bbox 373 1512 550 1576; x_wconf 79' lang='lat' dir='ltr'><em>Efficacius</em></span> <span class='ocrx_word' id='word_1_73' title='bbox 582 1517 692 1574; x_wconf 90' lang='lat' dir='ltr'><em>autem</em></span> <span class='ocrx_word' id='word_1_74' title='bbox 717 1509 809 1573; x_wconf 90' lang='lat' dir='ltr'><em>dolos</em></span> <span class='ocrx_word' id='word_1_75' title='bbox 838 1510 952 1574; x_wconf 89' lang='lat' dir='ltr'><em>hostes</em></span> <span class='ocrx_word' id='word_1_76' title='bbox 976 1509 1147 1575; x_wconf 84' lang='lat' dir='ltr'><em>domestici</em></span> <span class='ocrx_word' id='word_1_77' title='bbox 1170 1511 1416 1591; x_wconf 89' lang='lat' dir='ltr'><em>machinantur,</em></span> <span class='ocrx_word' id='word_1_78' title='bbox 1447 1513 1501 1595; x_wconf 90' lang='lat' dir='ltr'><em>qui</em></span> <span class='ocrx_word' id='word_1_79' title='bbox 1530 1517 1620 1576; x_wconf 89' lang='lat' dir='ltr'><em>recta</em></span> <span class='ocrx_word' id='word_1_80' title='bbox 1643 1510 1846 1577; x_wconf 89' lang='lat' dir='ltr'><em>dominorum</em></span> 
     </span>
    </p>
   </div>
   <div class='ocr_carea' id='block_1_9' title="bbox 111 1613 1845 1703">
    <p class='ocr_par' dir='ltr' id='par_1_9' title="bbox 111 1613 1845 1703">
     <span class='ocr_line' id='line_1_12' title="bbox 111 1613 1845 1703; baseline -0.002 -21"><span class='ocrx_word' id='word_1_81' title='bbox 111 1619 112 1622; x_wconf 67' lang='grc'>’</span> <span class='ocrx_word' id='word_1_82' title='bbox 194 1639 295 1703; x_wconf 89' lang='lat' dir='ltr'><em>opera</em></span> <span class='ocrx_word' id='word_1_83' title='bbox 328 1617 547 1703; x_wconf 82' lang='lat' dir='ltr'><em>depravantes</em></span> <span class='ocrx_word' id='word_1_84' title='bbox 582 1615 690 1678; x_wconf 91' lang='lat' dir='ltr'><em>lucem</em></span> <span class='ocrx_word' id='word_1_85' title='bbox 725 1613 880 1678; x_wconf 86' lang='lat' dir='ltr'><em>tenebras</em></span> <span class='ocrx_word' id='word_1_86' title='bbox 913 1619 1059 1678; x_wconf 86' lang='lat' dir='ltr'><em>statuunt</em></span> <span class='ocrx_word' id='word_1_87' title='bbox 1094 1621 1127 1678; x_wconf 93' lang='lat' dir='ltr'><em>et</em></span> <span class='ocrx_word' id='word_1_88' title='bbox 1157 1615 1359 1699; x_wconf 83' lang='lat' dir='ltr'><em>quibusdam</em></span> <span class='ocrx_word' id='word_1_89' title='bbox 1382 1616 1552 1680; x_wconf 85' lang='lat' dir='ltr'><em>venenatis</em></span> <span class='ocrx_word' id='word_1_90' title='bbox 1587 1614 1845 1679; x_wconf 90' lang='lat' dir='ltr'><em>immixtionibus</em></span> 
     </span>
    </p>
   </div>
   <div class='ocr_carea' id='block_1_10' title="bbox 187 1716 1968 2948">
    <p class='ocr_par' dir='ltr' id='par_1_10' title="bbox 187 1716 1968 2948">
     <span class='ocr_line' id='line_1_13' title="bbox 191 1716 1845 1807; baseline -0.002 -22"><span class='ocrx_word' id='word_1_91' title='bbox 191 1721 289 1786; x_wconf 90' lang='lat' dir='ltr'><em>corda</em></span> <span class='ocrx_word' id='word_1_92' title='bbox 311 1720 495 1807; x_wconf 87' lang='lat' dir='ltr'><em>principum</em></span> <span class='ocrx_word' id='word_1_93' title='bbox 520 1718 666 1782; x_wconf 89' lang='lat' dir='ltr'><em>caritatis</em></span> <span class='ocrx_word' id='word_1_94' title='bbox 697 1716 856 1781; x_wconf 92' lang='lat' dir='ltr'><em>bitumine</em></span> <span class='ocrx_word' id='word_1_95' title='bbox 881 1718 1036 1802; x_wconf 87' lang='lat' dir='ltr'><em>colligata</em></span> <span class='ocrx_word' id='word_1_96' title='bbox 1059 1718 1259 1799; x_wconf 82' lang='lat' dir='ltr'><em>dissolvunt,</em></span> <span class='ocrx_word' id='word_1_97' title='bbox 1289 1727 1326 1784; x_wconf 89' lang='lat' dir='ltr'><em>ut</em></span> <span class='ocrx_word' id='word_1_98' title='bbox 1350 1721 1521 1784; x_wconf 86' lang='lat' dir='ltr'><em>vulnerata</em></span> <span class='ocrx_word' id='word_1_99' title='bbox 1542 1741 1623 1805; x_wconf 89' lang='lat' dir='ltr'><em>paee</em></span> <span class='ocrx_word' id='word_1_100' title='bbox 1647 1740 1723 1785; x_wconf 88' lang='lat' dir='ltr'><em>suas</em></span> <span class='ocrx_word' id='word_1_101' title='bbox 1749 1741 1845 1785; x_wconf 87' lang='lat' dir='ltr'><em>exer-</em></span> 
     </span>
     <span class='ocr_line' id='line_1_14' title="bbox 191 1821 1845 1908; baseline -0.002 -19"><span class='ocrx_word' id='word_1_102' title='bbox 191 1846 266 1889; x_wconf 89' lang='lat' dir='ltr'><em>cere</em></span> <span class='ocrx_word' id='word_1_103' title='bbox 289 1824 435 1888; x_wconf 85' lang='lat' dir='ltr'><em>malicias</em></span> <span class='ocrx_word' id='word_1_104' title='bbox 459 1822 596 1886; x_wconf 91' lang='lat' dir='ltr'><em>liberius</em></span> <span class='ocrx_word' id='word_1_105' title='bbox 619 1823 766 1900; x_wconf 86' lang='lat' dir='ltr'><em>valeant,</em></span> <span class='ocrx_word' id='word_1_106' title='bbox 797 1843 877 1906; x_wconf 87' lang='lat' dir='ltr'><em>quas</em></span> <span class='ocrx_word' id='word_1_107' title='bbox 908 1821 1081 1886; x_wconf 90' lang='lat' dir='ltr'><em>concordie</em></span> <span class='ocrx_word' id='word_1_108' title='bbox 1113 1829 1261 1908; x_wconf 86' lang='lat' dir='ltr'><em>tempore</em></span> <span class='ocrx_word' id='word_1_109' title='bbox 1292 1823 1333 1887; x_wconf 90' lang='lat' dir='ltr'><em>ab</em></span> <span class='ocrx_word' id='word_1_110' title='bbox 1357 1844 1473 1887; x_wconf 89' lang='lat' dir='ltr'><em>oscuro</em></span> <span class='ocrx_word' id='word_1_111' title='bbox 1497 1823 1659 1887; x_wconf 78' lang='lat' dir='ltr'><em>fraudium</em></span> <span class='ocrx_word' id='word_1_112' title='bbox 1682 1824 1715 1886; x_wconf 93' lang='lat' dir='ltr'><em>in</em></span> <span class='ocrx_word' id='word_1_113' title='bbox 1738 1825 1845 1888; x_wconf 87' lang='lat' dir='ltr'><em>lucem</em></span> 
     </span>
     <span class='ocr_line' id='line_1_15' title="bbox 190 1925 1845 2015; baseline -0.001 -23"><span class='ocrx_word' id='word_1_114' title='bbox 190 1928 370 2015; x_wconf 92' lang='lat' dir='ltr'><em>producere</em></span> <span class='ocrx_word' id='word_1_115' title='bbox 394 1947 459 1990; x_wconf 93' lang='lat' dir='ltr'><em>non</em></span> <span class='ocrx_word' id='word_1_116' title='bbox 483 1925 656 1990; x_wconf 86' lang='lat' dir='ltr'><em>audebant.</em></span> <span class='ocrx_word' id='word_1_117' title='bbox 702 1925 776 1989; x_wconf 91' lang='lat' dir='ltr'><em>Hiis</em></span> <span class='ocrx_word' id='word_1_118' title='bbox 802 1925 888 1990; x_wconf 91' lang='lat' dir='ltr'><em>enim</em></span> <span class='ocrx_word' id='word_1_119' title='bbox 906 1925 1044 1990; x_wconf 88' lang='lat' dir='ltr'><em>sathane</em></span> <span class='ocrx_word' id='word_1_120' title='bbox 1062 1927 1203 1990; x_wconf 88' lang='lat' dir='ltr'><em>stimulis</em></span> <span class='ocrx_word' id='word_1_121' title='bbox 1227 1928 1338 2013; x_wconf 90' lang='lat' dir='ltr'><em>sepius</em></span> <span class='ocrx_word' id='word_1_122' title='bbox 1363 1927 1458 1993; x_wconf 89' lang='lat' dir='ltr'><em>sedes</em></span> <span class='ocrx_word' id='word_1_123' title='bbox 1475 1929 1657 2013; x_wconf 88' lang='lat' dir='ltr'><em>apostolica</em></span> <span class='ocrx_word' id='word_1_124' title='bbox 1678 1929 1845 2014; x_wconf 86' lang='lat' dir='ltr'><em>pungitur,</em></span> 
     </span>
     <span class='ocr_line' id='line_1_16' title="bbox 191 2028 1846 2118; baseline 0.001 -23"><span class='ocrx_word' id='word_1_125' title='bbox 191 2031 350 2118; x_wconf 89' lang='lat' dir='ltr'><em>aquibus</em></span> <span class='ocrx_word' id='word_1_126' title='bbox 382 2030 481 2094; x_wconf 89' lang='lat' dir='ltr'><em>etiam</em></span> <span class='ocrx_word' id='word_1_127' title='bbox 508 2031 661 2093; x_wconf 88' lang='lat' dir='ltr'><em>immunis</em></span> <span class='ocrx_word' id='word_1_128' title='bbox 692 2030 872 2116; x_wconf 89' lang='lat' dir='ltr'><em>imperialis</em></span> <span class='ocrx_word' id='word_1_129' title='bbox 905 2030 994 2093; x_wconf 88' lang='lat' dir='ltr'><em>curia</em></span> <span class='ocrx_word' id='word_1_130' title='bbox 1024 2051 1089 2094; x_wconf 92' lang='lat' dir='ltr'><em>non</em></span> <span class='ocrx_word' id='word_1_131' title='bbox 1120 2028 1272 2094; x_wconf 90' lang='lat' dir='ltr'><em>habetur.</em></span> <span class='ocrx_word' id='word_1_132' title='bbox 1317 2031 1401 2094; x_wconf 88' lang='lat' dir='ltr'><em>Nam</em></span> <span class='ocrx_word' id='word_1_133' title='bbox 1426 2053 1498 2095; x_wconf 90' lang='lat' dir='ltr'><em>eum</em></span> <span class='ocrx_word' id='word_1_134' title='bbox 1522 2032 1600 2096; x_wconf 92' lang='lat' dir='ltr'><em>olim</em></span> <span class='ocrx_word' id='word_1_135' title='bbox 1623 2053 1681 2118; x_wconf 92' lang='lat' dir='ltr'><em>pro</em></span> <span class='ocrx_word' id='word_1_136' title='bbox 1706 2031 1846 2117; x_wconf 89' lang='lat' dir='ltr'><em>quodam</em></span> 
     </span>
     <span class='ocr_line' id='line_1_17' title="bbox 191 2133 1846 2223; baseline 0.001 -25"><span class='ocrx_word' id='word_1_137' title='bbox 191 2135 323 2218; x_wconf 87' lang='lat' dir='ltr'><em>negotio</em></span> <span class='ocrx_word' id='word_1_138' title='bbox 353 2140 408 2198; x_wconf 92' lang='lat' dir='ltr'><em>tuo</em></span> <span class='ocrx_word' id='word_1_139' title='bbox 438 2135 681 2220; x_wconf 77' lang='lat' dir='ltr'><em>scripserimus,</em></span> <span class='ocrx_word' id='word_1_140' title='bbox 712 2135 798 2197; x_wconf 90' lang='lat' dir='ltr'><em>sicut</em></span> <span class='ocrx_word' id='word_1_141' title='bbox 826 2134 1049 2198; x_wconf 84' lang='lat' dir='ltr'><em>intelleximus</em></span> <span class='ocrx_word' id='word_1_142' title='bbox 1083 2133 1213 2218; x_wconf 91' lang='lat' dir='ltr'><em>quidam</em></span> <span class='ocrx_word' id='word_1_143' title='bbox 1242 2135 1423 2219; x_wconf 89' lang='lat' dir='ltr'><em>iniquitatis</em></span> <span class='ocrx_word' id='word_1_144' title='bbox 1453 2136 1530 2217; x_wconf 88' lang='lat' dir='ltr'><em>filii,</em></span> <span class='ocrx_word' id='word_1_145' title='bbox 1562 2137 1616 2222; x_wconf 94' lang='lat' dir='ltr'><em>qui</em></span> <span class='ocrx_word' id='word_1_146' title='bbox 1640 2157 1846 2223; x_wconf 88' lang='lat' dir='ltr'><em>nequaquam</em></span> 
     </span>
     <span class='ocr_line' id='line_1_18' title="bbox 189 2236 1847 2323; baseline 0.002 -23"><span class='ocrx_word' id='word_1_147' title='bbox 189 2238 313 2303; x_wconf 86' lang='lat' dir='ltr'><em>vellent</em></span> <span class='ocrx_word' id='word_1_148' title='bbox 344 2238 517 2303; x_wconf 89' lang='lat' dir='ltr'><em>ecelesiam</em></span> <span class='ocrx_word' id='word_1_149' title='bbox 545 2238 683 2323; x_wconf 91' lang='lat' dir='ltr'><em>imperio</em></span> <span class='ocrx_word' id='word_1_150' title='bbox 708 2238 838 2302; x_wconf 88' lang='lat' dir='ltr'><em>vinculo</em></span> <span class='ocrx_word' id='word_1_151' title='bbox 862 2236 1047 2302; x_wconf 90' lang='lat' dir='ltr'><em>dilectionis</em></span> <span class='ocrx_word' id='word_1_152' title='bbox 1078 2237 1183 2318; x_wconf 89' lang='lat' dir='ltr'><em>uniri,</em></span> <span class='ocrx_word' id='word_1_153' title='bbox 1216 2240 1361 2302; x_wconf 88' lang='lat' dir='ltr'><em>occultas</em></span> <span class='ocrx_word' id='word_1_154' title='bbox 1389 2239 1515 2304; x_wconf 88' lang='lat' dir='ltr'><em>litteras</em></span> <span class='ocrx_word' id='word_1_155' title='bbox 1546 2247 1580 2305; x_wconf 88' lang='lat' dir='ltr'><em>et</em></span> <span class='ocrx_word' id='word_1_156' title='bbox 1610 2240 1745 2304; x_wconf 83' lang='lat' dir='ltr'><em>sedulas</em></span> <span class='ocrx_word' id='word_1_157' title='bbox 1768 2239 1847 2304; x_wconf 91' lang='lat' dir='ltr'><em>dieti</em></span> 
     </span>
     <span class='ocr_line' id='line_1_19' title="bbox 189 2340 1845 2429; baseline 0.001 -23"><span class='ocrx_word' id='word_1_158' title='bbox 189 2342 316 2426; x_wconf 86' lang='lat' dir='ltr'><em>negotii</em></span> <span class='ocrx_word' id='word_1_159' title='bbox 339 2341 572 2406; x_wconf 83' lang='lat' dir='ltr'><em>executoribus</em></span> <span class='ocrx_word' id='word_1_160' title='bbox 597 2342 863 2422; x_wconf 90' lang='lat' dir='ltr'><em>transmiserunt,</em></span> <span class='ocrx_word' id='word_1_161' title='bbox 887 2362 928 2405; x_wconf 92' lang='lat' dir='ltr'><em>ne</em></span> <span class='ocrx_word' id='word_1_162' title='bbox 953 2340 995 2404; x_wconf 90' lang='lat' dir='ltr'><em>ad</em></span> <span class='ocrx_word' id='word_1_163' title='bbox 1018 2342 1121 2427; x_wconf 91' lang='lat' dir='ltr'><em>ipsius</em></span> <span class='ocrx_word' id='word_1_164' title='bbox 1146 2343 1379 2407; x_wconf 84' lang='lat' dir='ltr'><em>executionem</em></span> <span class='ocrx_word' id='word_1_165' title='bbox 1401 2343 1634 2429; x_wconf 89' lang='lat' dir='ltr'><em>procederent,</em></span> <span class='ocrx_word' id='word_1_166' title='bbox 1657 2349 1845 2408; x_wconf 88' lang='lat' dir='ltr'><em>asserentes</em></span> 
     </span>
     <span class='ocr_line' id='line_1_20' title="bbox 189 2442 1845 2534; baseline 0.001 -26"><span class='ocrx_word' id='word_1_167' title='bbox 189 2445 392 2510; x_wconf 87' lang='lat' dir='ltr'><em>mendaciter</em></span> <span class='ocrx_word' id='word_1_168' title='bbox 414 2442 501 2529; x_wconf 91' lang='lat' dir='ltr'><em>quod</em></span> <span class='ocrx_word' id='word_1_169' title='bbox 525 2467 638 2509; x_wconf 90' lang='lat' dir='ltr'><em>eorum</em></span> <span class='ocrx_word' id='word_1_170' title='bbox 655 2446 764 2510; x_wconf 88' lang='lat' dir='ltr'><em>littere</em></span> <span class='ocrx_word' id='word_1_171' title='bbox 788 2446 828 2510; x_wconf 90' lang='lat' dir='ltr'><em>de</em></span> <span class='ocrx_word' id='word_1_172' title='bbox 853 2451 965 2509; x_wconf 88' lang='lat' dir='ltr'><em>nostra</em></span> <span class='ocrx_word' id='word_1_173' title='bbox 981 2447 1184 2510; x_wconf 89' lang='lat' dir='ltr'><em>conscientia</em></span> <span class='ocrx_word' id='word_1_174' title='bbox 1202 2453 1403 2512; x_wconf 88' lang='lat' dir='ltr'><em>emanarent.</em></span> <span class='ocrx_word' id='word_1_175' title='bbox 1450 2446 1556 2534; x_wconf 82' lang='lat' dir='ltr'><em>Super</em></span> <span class='ocrx_word' id='word_1_176' title='bbox 1580 2469 1643 2534; x_wconf 91' lang='lat' dir='ltr'><em>quo</em></span> <span class='ocrx_word' id='word_1_177' title='bbox 1667 2448 1764 2525; x_wconf 92' lang='lat' dir='ltr'><em>illius,</em></span> <span class='ocrx_word' id='word_1_178' title='bbox 1788 2447 1845 2532; x_wconf 88' lang='lat' dir='ltr'><em>qui</em></span> 
     </span>
     <span class='ocr_line' id='line_1_21' title="bbox 189 2547 1968 2633; baseline -0.001 -21"><span class='ocrx_word' id='word_1_179' title='bbox 189 2549 289 2613; x_wconf 91' lang='lat' dir='ltr'><em>nichil</em></span> <span class='ocrx_word' id='word_1_180' title='bbox 312 2550 467 2633; x_wconf 88' lang='lat' dir='ltr'><em>ignorans</em></span> <span class='ocrx_word' id='word_1_181' title='bbox 491 2555 652 2613; x_wconf 88' lang='lat' dir='ltr'><em>scrutator</em></span> <span class='ocrx_word' id='word_1_182' title='bbox 675 2555 726 2612; x_wconf 88' lang='lat' dir='ltr'><em>est</em></span> <span class='ocrx_word' id='word_1_183' title='bbox 749 2547 894 2612; x_wconf 87' lang='lat' dir='ltr'><em>cordium</em></span> <span class='ocrx_word' id='word_1_184' title='bbox 917 2555 950 2612; x_wconf 91' lang='lat' dir='ltr'><em>et</em></span> <span class='ocrx_word' id='word_1_185' title='bbox 973 2548 1122 2631; x_wconf 87' lang='lat' dir='ltr'><em>cognitor</em></span> <span class='ocrx_word' id='word_1_186' title='bbox 1146 2557 1361 2631; x_wconf 88' lang='lat' dir='ltr'><em>secretorum,</em></span> <span class='ocrx_word' id='word_1_187' title='bbox 1390 2551 1614 2614; x_wconf 89' lang='lat' dir='ltr'><em>testimonium</em></span> <span class='ocrx_word' id='word_1_188' title='bbox 1643 2551 1843 2632; x_wconf 85' lang='lat' dir='ltr'><em>invocamus,</em></span> <span class='ocrx_word' id='word_1_189' title='bbox 1858 2569 1909 2624; x_wconf 76' lang='lat' dir='ltr'><em>Sap.</em></span> <span class='ocrx_word' id='word_1_190' title='bbox 1928 2573 1968 2622; x_wconf 77' lang='lat' dir='ltr'><em>rs.</em></span> 
     </span>
     <span class='ocr_line' id='line_1_22' title="bbox 189 2651 1842 2741; baseline 0.002 -25"><span class='ocrx_word' id='word_1_191' title='bbox 189 2653 276 2737; x_wconf 89' lang='lat' dir='ltr'><em>quod</em></span> <span class='ocrx_word' id='word_1_192' title='bbox 297 2673 462 2738; x_wconf 92' lang='lat' dir='ltr'><em>nunquam</em></span> <span class='ocrx_word' id='word_1_193' title='bbox 486 2674 505 2715; x_wconf 91' lang='lat' dir='ltr'><em>a</em></span> <span class='ocrx_word' id='word_1_194' title='bbox 527 2652 622 2716; x_wconf 90' lang='lat' dir='ltr'><em>nobis</em></span> <span class='ocrx_word' id='word_1_195' title='bbox 647 2673 759 2716; x_wconf 88' lang='lat' dir='ltr'><em>eorum</em></span> <span class='ocrx_word' id='word_1_196' title='bbox 782 2651 979 2716; x_wconf 88' lang='lat' dir='ltr'><em>machinatio</em></span> <span class='ocrx_word' id='word_1_197' title='bbox 1003 2651 1133 2737; x_wconf 85' lang='lat' dir='ltr'><em>prodiit,</em></span> <span class='ocrx_word' id='word_1_198' title='bbox 1157 2660 1207 2716; x_wconf 90' lang='lat' dir='ltr'><em>set</em></span> <span class='ocrx_word' id='word_1_199' title='bbox 1230 2675 1310 2739; x_wconf 90' lang='lat' dir='ltr'><em>pure</em></span> <span class='ocrx_word' id='word_1_200' title='bbox 1334 2653 1375 2719; x_wconf 89' lang='lat' dir='ltr'><em>de</em></span> <span class='ocrx_word' id='word_1_201' title='bbox 1399 2655 1526 2741; x_wconf 89' lang='lat' dir='ltr'><em>impura</em></span> <span class='ocrx_word' id='word_1_202' title='bbox 1549 2655 1695 2741; x_wconf 89' lang='lat' dir='ltr'><em>ipsorum</em></span> <span class='ocrx_word' id='word_1_203' title='bbox 1718 2655 1842 2720; x_wconf 92' lang='lat' dir='ltr'><em>machi-</em></span> 
     </span>
     <span class='ocr_line' id='line_1_23' title="bbox 187 2753 1842 2843; baseline 0.002 -25"><span class='ocrx_word' id='word_1_204' title='bbox 187 2757 319 2821; x_wconf 87' lang='lat' dir='ltr'><em>natione</em></span> <span class='ocrx_word' id='word_1_205' title='bbox 342 2757 520 2842; x_wconf 89' lang='lat' dir='ltr'><em>proeessit,</em></span> <span class='ocrx_word' id='word_1_206' title='bbox 551 2754 638 2840; x_wconf 92' lang='lat' dir='ltr'><em>quod</em></span> <span class='ocrx_word' id='word_1_207' title='bbox 669 2756 702 2819; x_wconf 93' lang='lat' dir='ltr'><em>in</em></span> <span class='ocrx_word' id='word_1_208' title='bbox 725 2755 812 2818; x_wconf 83' lang='lat' dir='ltr'><em>lacto</em></span> <span class='ocrx_word' id='word_1_209' title='bbox 844 2755 936 2839; x_wconf 82' lang='lat' dir='ltr'><em>regni</em></span> <span class='ocrx_word' id='word_1_210' title='bbox 960 2753 1216 2818; x_wconf 88' lang='lat' dir='ltr'><em>Ierosolimitani</em></span> <span class='ocrx_word' id='word_1_211' title='bbox 1240 2756 1412 2822; x_wconf 86' lang='lat' dir='ltr'><em>evidenter</em></span> <span class='ocrx_word' id='word_1_212' title='bbox 1434 2758 1595 2843; x_wconf 87' lang='lat' dir='ltr'><em>arguere¹</em></span> <span class='ocrx_word' id='word_1_213' title='bbox 1619 2779 1656 2822; x_wconf 89' lang='lat' dir='ltr'><em>ae</em></span> <span class='ocrx_word' id='word_1_214' title='bbox 1680 2779 1756 2840; x_wconf 89' lang='lat' dir='ltr'><em>eos,</em></span> <span class='ocrx_word' id='word_1_215' title='bbox 1788 2758 1842 2842; x_wconf 93' lang='lat' dir='ltr'><em>qui</em></span> 
     </span>
     <span class='ocr_line' id='line_1_24' title="bbox 188 2858 1841 2948; baseline 0.001 -26"><span class='ocrx_word' id='word_1_216' title='bbox 188 2862 351 2924; x_wconf 87' lang='lat' dir='ltr'><em>contraria</em></span> <span class='ocrx_word' id='word_1_217' title='bbox 381 2860 596 2946; x_wconf 85' lang='lat' dir='ltr'><em>scripserant,</em></span> <span class='ocrx_word' id='word_1_218' title='bbox 626 2879 685 2944; x_wconf 91' lang='lat' dir='ltr'><em>per</em></span> <span class='ocrx_word' id='word_1_219' title='bbox 715 2858 868 2922; x_wconf 82' lang='lat' dir='ltr'><em>effectum</em></span> <span class='ocrx_word' id='word_1_220' title='bbox 895 2858 1004 2943; x_wconf 89' lang='lat' dir='ltr'><em>operis</em></span> <span class='ocrx_word' id='word_1_221' title='bbox 1036 2858 1068 2922; x_wconf 94' lang='lat' dir='ltr'><em>in</em></span> <span class='ocrx_word' id='word_1_222' title='bbox 1099 2866 1236 2944; x_wconf 89' lang='lat' dir='ltr'><em>utroque</em></span> <span class='ocrx_word' id='word_1_223' title='bbox 1267 2861 1423 2946; x_wconf 78' lang='lat' dir='ltr'><em>negotio²</em></span> <span class='ocrx_word' id='word_1_224' title='bbox 1446 2862 1622 2926; x_wconf 88' lang='lat' dir='ltr'><em>mendaces</em></span> <span class='ocrx_word' id='word_1_225' title='bbox 1645 2863 1768 2948; x_wconf 89' lang='lat' dir='ltr'><em>poteris</em></span> <span class='ocrx_word' id='word_1_226' title='bbox 1792 2863 1841 2925; x_wconf 90' lang='lat' dir='ltr'><em>in-</em></span> 
     </span>
    </p>
   </div>
   <div class='ocr_carea' id='block_1_11' title="bbox 144 2961 1841 3049">
    <p class='ocr_par' dir='ltr' id='par_1_11' title="bbox 144 2961 1841 3049">
     <span class='ocr_line' id='line_1_25' title="bbox 144 2961 1841 3049; baseline 0.002 -24"><span class='ocrx_word' id='word_1_227' title='bbox 144 2999 146 3002; x_wconf 94' lang='lat'>·</span> <span class='ocrx_word' id='word_1_228' title='bbox 188 2964 309 3026; x_wconf 88' lang='lat' dir='ltr'><em>venire.</em></span> <span class='ocrx_word' id='word_1_229' title='bbox 354 2962 511 3027; x_wconf 91' lang='lat' dir='ltr'><em>Nonnulli</em></span> <span class='ocrx_word' id='word_1_230' title='bbox 535 2982 612 3027; x_wconf 83' lang='lat' dir='ltr'><em>vero</em></span> <span class='ocrx_word' id='word_1_231' title='bbox 636 2961 841 3026; x_wconf 85' lang='lat' dir='ltr'><em>collaterales</em></span> <span class='ocrx_word' id='word_1_232' title='bbox 865 2963 931 3040; x_wconf 88' lang='lat' dir='ltr'><em>tui,</em></span> <span class='ocrx_word' id='word_1_233' title='bbox 964 2963 1056 3049; x_wconf 91' lang='lat' dir='ltr'><em>pacis</em></span> <span class='ocrx_word' id='word_1_234' title='bbox 1088 2963 1269 3049; x_wconf 90' lang='lat' dir='ltr'><em>imperialis</em></span> <span class='ocrx_word' id='word_1_235' title='bbox 1301 2968 1401 3030; x_wconf 91' lang='lat' dir='ltr'><em>emuli</em></span> <span class='ocrx_word' id='word_1_236' title='bbox 1431 2968 1517 3031; x_wconf 90' lang='lat' dir='ltr'><em>sicut</em></span> <span class='ocrx_word' id='word_1_237' title='bbox 1541 2966 1685 3032; x_wconf 90' lang='lat' dir='ltr'><em>ereditur</em></span> <span class='ocrx_word' id='word_1_238' title='bbox 1707 2967 1841 3044; x_wconf 80' lang='lat' dir='ltr'><em>inimici,</em></span> 
     </span>
    </p>
   </div>
   <div class='ocr_carea' id='block_1_12' title="bbox 185 3064 1845 3985">
    <p class='ocr_par' dir='ltr' id='par_1_12' title="bbox 185 3064 1845 3985">
     <span class='ocr_line' id='line_1_26' title="bbox 187 3064 1842 3153; baseline 0.002 -24"><span class='ocrx_word' id='word_1_239' title='bbox 187 3087 244 3130; x_wconf 90' lang='lat' dir='ltr'><em>eas</em></span> <span class='ocrx_word' id='word_1_240' title='bbox 266 3066 307 3129; x_wconf 90' lang='lat' dir='ltr'><em>de</em></span> <span class='ocrx_word' id='word_1_241' title='bbox 330 3087 487 3151; x_wconf 88' lang='lat' dir='ltr'><em>processu</em></span> <span class='ocrx_word' id='word_1_242' title='bbox 511 3073 621 3130; x_wconf 83' lang='lat' dir='ltr'><em>vestro</em></span> <span class='ocrx_word' id='word_1_243' title='bbox 646 3066 771 3129; x_wconf 87' lang='lat' dir='ltr'><em>litteras</em></span> <span class='ocrx_word' id='word_1_244' title='bbox 795 3064 949 3150; x_wconf 86' lang='lat' dir='ltr'><em>dirigunt,</em></span> <span class='ocrx_word' id='word_1_245' title='bbox 973 3066 1092 3151; x_wconf 90' lang='lat' dir='ltr'><em>quibus</em></span> <span class='ocrx_word' id='word_1_246' title='bbox 1115 3068 1144 3131; x_wconf 90' lang='lat' dir='ltr'><em>si</em></span> <span class='ocrx_word' id='word_1_247' title='bbox 1167 3068 1288 3132; x_wconf 84' lang='lat' dir='ltr'><em>veritas</em></span> <span class='ocrx_word' id='word_1_248' title='bbox 1313 3071 1409 3134; x_wconf 81' lang='lat' dir='ltr'><em>testis</em></span> <span class='ocrx_word' id='word_1_249' title='bbox 1423 3072 1603 3151; x_wconf 86' lang='lat' dir='ltr'><em>assisteret,</em></span> <span class='ocrx_word' id='word_1_250' title='bbox 1629 3076 1733 3134; x_wconf 89' lang='lat' dir='ltr'><em>totum</em></span> <span class='ocrx_word' id='word_1_251' title='bbox 1756 3068 1842 3153; x_wconf 91' lang='lat' dir='ltr'><em>quod</em></span> 
     </span>
     <span class='ocr_line' id='line_1_27' title="bbox 189 3168 1842 3258; baseline 0.002 -25"><span class='ocrx_word' id='word_1_252' title='bbox 189 3174 343 3255; x_wconf 84' lang='lat' dir='ltr'><em>superte</em></span> <span class='ocrx_word' id='word_1_253' title='bbox 367 3168 514 3233; x_wconf 84' lang='lat' dir='ltr'><em>fundavit</em></span> <span class='ocrx_word' id='word_1_254' title='bbox 537 3168 699 3233; x_wconf 89' lang='lat' dir='ltr'><em>Dominus</em></span> <span class='ocrx_word' id='word_1_255' title='bbox 723 3168 888 3232; x_wconf 87' lang='lat' dir='ltr'><em>edificium</em></span> <span class='ocrx_word' id='word_1_256' title='bbox 911 3170 1038 3234; x_wconf 90' lang='lat' dir='ltr'><em>ruinam</em></span> <span class='ocrx_word' id='word_1_257' title='bbox 1063 3173 1191 3256; x_wconf 88' lang='lat' dir='ltr'><em>patiens</em></span> <span class='ocrx_word' id='word_1_258' title='bbox 1215 3171 1391 3258; x_wconf 89' lang='lat' dir='ltr'><em>deperiret.</em></span> <span class='ocrx_word' id='word_1_259' title='bbox 1435 3174 1561 3239; x_wconf 82' lang='lat' dir='ltr'><em>Verum</em></span> <span class='ocrx_word' id='word_1_260' title='bbox 1585 3194 1657 3238; x_wconf 89' lang='lat' dir='ltr'><em>cum</em></span> <span class='ocrx_word' id='word_1_261' title='bbox 1681 3194 1739 3237; x_wconf 89' lang='lat' dir='ltr'><em>nos</em></span> <span class='ocrx_word' id='word_1_262' title='bbox 1765 3173 1842 3236; x_wconf 92' lang='lat' dir='ltr'><em>olim</em></span> 
     </span>
     <span class='ocr_line' id='line_1_28' title="bbox 186 3273 1842 3362; baseline 0.001 -23"><span class='ocrx_word' id='word_1_263' title='bbox 186 3273 250 3339; x_wconf 88' lang='lat' dir='ltr'><em>hiis</em></span> <span class='ocrx_word' id='word_1_264' title='bbox 273 3274 444 3339; x_wconf 74' lang='lat' dir='ltr'><em>fraudibus</em></span> <span class='ocrx_word' id='word_1_265' title='bbox 468 3278 678 3338; x_wconf 89' lang='lat' dir='ltr'><em>occurrentes</em></span> <span class='ocrx_word' id='word_1_266' title='bbox 701 3279 810 3337; x_wconf 89' lang='lat' dir='ltr'><em>tecum</em></span> <span class='ocrx_word' id='word_1_267' title='bbox 832 3274 867 3336; x_wconf 92' lang='lat' dir='ltr'><em>in</em></span> <span class='ocrx_word' id='word_1_268' title='bbox 897 3274 1129 3339; x_wconf 73' lang='lat' dir='ltr'><em>reformatione</em></span> <span class='ocrx_word' id='word_1_269' title='bbox 1163 3276 1271 3362; x_wconf 88' lang='lat' dir='ltr'><em>pacis,</em></span> <span class='ocrx_word' id='word_1_270' title='bbox 1307 3277 1335 3340; x_wconf 89' lang='lat' dir='ltr'><em>si</em></span> <span class='ocrx_word' id='word_1_271' title='bbox 1365 3275 1450 3342; x_wconf 86' lang='lat' dir='ltr'><em>bene</em></span> <span class='ocrx_word' id='word_1_272' title='bbox 1483 3278 1616 3358; x_wconf 82' lang='lat' dir='ltr'><em>recolis,</em></span> <span class='ocrx_word' id='word_1_273' title='bbox 1652 3277 1842 3342; x_wconf 83' lang='lat' dir='ltr'><em>duxerimus</em></span> 
     </span>
     <span class='ocr_line' id='line_1_29' title="bbox 188 3375 1842 3467; baseline 0.002 -26"><span class='ocrx_word' id='word_1_274' title='bbox 188 3378 403 3442; x_wconf 89' lang='lat' dir='ltr'><em>ordinandum</em></span> <span class='ocrx_word' id='word_1_275' title='bbox 415 3378 438 3458; x_wconf 86' lang='lat'><em>³,</em></span> <span class='ocrx_word' id='word_1_276' title='bbox 461 3385 497 3442; x_wconf 93' lang='lat' dir='ltr'><em>ut</em></span> <span class='ocrx_word' id='word_1_277' title='bbox 520 3378 547 3441; x_wconf 94' lang='lat' dir='ltr'><em>si</em></span> <span class='ocrx_word' id='word_1_278' title='bbox 572 3377 649 3462; x_wconf 93' lang='lat' dir='ltr'><em>quid</em></span> <span class='ocrx_word' id='word_1_279' title='bbox 672 3375 714 3440; x_wconf 90' lang='lat' dir='ltr'><em>ad</em></span> <span class='ocrx_word' id='word_1_280' title='bbox 737 3378 877 3441; x_wconf 89' lang='lat' dir='ltr'><em>alterum</em></span> <span class='ocrx_word' id='word_1_281' title='bbox 902 3377 942 3441; x_wconf 87' lang='lat' dir='ltr'><em>de</em></span> <span class='ocrx_word' id='word_1_282' title='bbox 966 3379 1069 3443; x_wconf 90' lang='lat' dir='ltr'><em>altero</em></span> <span class='ocrx_word' id='word_1_283' title='bbox 1093 3378 1181 3463; x_wconf 90' lang='lat' dir='ltr'><em>quod</em></span> <span class='ocrx_word' id='word_1_284' title='bbox 1204 3401 1321 3466; x_wconf 90' lang='lat' dir='ltr'><em>pacem</em></span> <span class='ocrx_word' id='word_1_285' title='bbox 1344 3380 1471 3444; x_wconf 89' lang='lat' dir='ltr'><em>lederet</em></span> <span class='ocrx_word' id='word_1_286' title='bbox 1494 3381 1692 3467; x_wconf 87' lang='lat' dir='ltr'><em>perveniret,</em></span> <span class='ocrx_word' id='word_1_287' title='bbox 1716 3381 1842 3446; x_wconf 89' lang='lat' dir='ltr'><em>latrati-</em></span> 
     </span>
     <span class='ocr_line' id='line_1_30' title="bbox 185 3480 1843 3569; baseline 0.002 -24"><span class='ocrx_word' id='word_1_288' title='bbox 185 3481 247 3546; x_wconf 90' lang='lat' dir='ltr'><em>bus</em></span> <span class='ocrx_word' id='word_1_289' title='bbox 272 3481 513 3547; x_wconf 89' lang='lat' dir='ltr'><em>detrahentium</em></span> <span class='ocrx_word' id='word_1_290' title='bbox 536 3481 611 3545; x_wconf 92' lang='lat' dir='ltr'><em>hinc</em></span> <span class='ocrx_word' id='word_1_291' title='bbox 635 3480 711 3545; x_wconf 90' lang='lat' dir='ltr'><em>inde</em></span> <span class='ocrx_word' id='word_1_292' title='bbox 735 3480 975 3566; x_wconf 88' lang='lat' dir='ltr'><em>denegaremus</em></span> <span class='ocrx_word' id='word_1_293' title='bbox 999 3481 1161 3547; x_wconf 88' lang='lat' dir='ltr'><em>auditum:</em></span> <span class='ocrx_word' id='word_1_294' title='bbox 1195 3485 1408 3549; x_wconf 88' lang='lat' dir='ltr'><em>serenitatem</em></span> <span class='ocrx_word' id='word_1_295' title='bbox 1432 3491 1521 3548; x_wconf 90' lang='lat' dir='ltr'><em>tuam</em></span> <span class='ocrx_word' id='word_1_296' title='bbox 1544 3483 1723 3569; x_wconf 85' lang='lat' dir='ltr'><em>rogandam</em></span> <span class='ocrx_word' id='word_1_297' title='bbox 1747 3484 1843 3549; x_wconf 87' lang='lat' dir='ltr'><em>duxi-</em></span> 
     </span>
     <span class='ocr_line' id='line_1_31' title="bbox 187 3584 1845 3673; baseline 0 -23"><span class='ocrx_word' id='word_1_298' title='bbox 187 3607 259 3650; x_wconf 89' lang='lat' dir='ltr'><em>mus</em></span> <span class='ocrx_word' id='word_1_299' title='bbox 284 3593 317 3650; x_wconf 89' lang='lat' dir='ltr'><em>et</em></span> <span class='ocrx_word' id='word_1_300' title='bbox 339 3586 550 3666; x_wconf 90' lang='lat' dir='ltr'><em>monendam,</em></span> <span class='ocrx_word' id='word_1_301' title='bbox 581 3585 733 3670; x_wconf 87' lang='lat' dir='ltr'><em>quatinus</em></span> <span class='ocrx_word' id='word_1_302' title='bbox 763 3607 836 3650; x_wconf 89' lang='lat' dir='ltr'><em>eum</em></span> <span class='ocrx_word' id='word_1_303' title='bbox 860 3586 939 3649; x_wconf 89' lang='lat' dir='ltr'><em>talia</em></span> <span class='ocrx_word' id='word_1_304' title='bbox 962 3584 1002 3649; x_wconf 91' lang='lat' dir='ltr'><em>de</em></span> <span class='ocrx_word' id='word_1_305' title='bbox 1026 3586 1119 3649; x_wconf 91' lang='lat' dir='ltr'><em>nobis</em></span> <span class='ocrx_word' id='word_1_306' title='bbox 1143 3586 1184 3651; x_wconf 90' lang='lat' dir='ltr'><em>ad</em></span> <span class='ocrx_word' id='word_1_307' title='bbox 1207 3609 1304 3652; x_wconf 90' lang='lat' dir='ltr'><em>aures</em></span> <span class='ocrx_word' id='word_1_308' title='bbox 1328 3595 1401 3652; x_wconf 90' lang='lat' dir='ltr'><em>tuas</em></span> <span class='ocrx_word' id='word_1_309' title='bbox 1424 3589 1642 3673; x_wconf 86' lang='lat' dir='ltr'><em>perveniunt,</em></span> <span class='ocrx_word' id='word_1_310' title='bbox 1673 3610 1710 3651; x_wconf 90' lang='lat' dir='ltr'><em>os</em></span> <span class='ocrx_word' id='word_1_311' title='bbox 1733 3588 1845 3672; x_wconf 90' lang='lat' dir='ltr'><em>iniqua</em></span> 
     </span>
     <span class='ocr_line' id='line_1_32' title="bbox 187 3691 1841 3774; baseline 0.002 -20"><span class='ocrx_word' id='word_1_312' title='bbox 187 3691 406 3774; x_wconf 86' lang='lat' dir='ltr'><em>loquentium,</em></span> <span class='ocrx_word' id='word_1_313' title='bbox 440 3691 523 3754; x_wconf 91' lang='lat' dir='ltr'><em>sicut</em></span> <span class='ocrx_word' id='word_1_314' title='bbox 556 3699 589 3756; x_wconf 93' lang='lat' dir='ltr'><em>et</em></span> <span class='ocrx_word' id='word_1_315' title='bbox 618 3713 677 3755; x_wconf 88' lang='lat' dir='ltr'><em>nos</em></span> <span class='ocrx_word' id='word_1_316' title='bbox 701 3712 798 3756; x_wconf 88' lang='lat' dir='ltr'><em>versa</em></span> <span class='ocrx_word' id='word_1_317' title='bbox 828 3692 901 3756; x_wconf 90' lang='lat' dir='ltr'><em>viee</em></span> <span class='ocrx_word' id='word_1_318' title='bbox 932 3691 1082 3771; x_wconf 87' lang='lat' dir='ltr'><em>lecimus,</em></span> <span class='ocrx_word' id='word_1_319' title='bbox 1117 3692 1268 3757; x_wconf 90' lang='lat' dir='ltr'><em>obstruas</em></span> <span class='ocrx_word' id='word_1_320' title='bbox 1298 3699 1332 3756; x_wconf 93' lang='lat' dir='ltr'><em>et</em></span> <span class='ocrx_word' id='word_1_321' title='bbox 1358 3693 1469 3772; x_wconf 90' lang='lat' dir='ltr'><em>nobis,</em></span> <span class='ocrx_word' id='word_1_322' title='bbox 1500 3700 1536 3757; x_wconf 92' lang='lat' dir='ltr'><em>ut</em></span> <span class='ocrx_word' id='word_1_323' title='bbox 1565 3693 1763 3758; x_wconf 88' lang='lat' dir='ltr'><em>excellentie</em></span> <span class='ocrx_word' id='word_1_324' title='bbox 1786 3699 1841 3757; x_wconf 88' lang='lat' dir='ltr'><em>tue</em></span> 
     </span>
     <span class='ocr_line' id='line_1_33' title="bbox 186 3794 1841 3883; baseline 0.002 -26"><span class='ocrx_word' id='word_1_325' title='bbox 186 3795 306 3859; x_wconf 90' lang='lat' dir='ltr'><em>litteris</em></span> <span class='ocrx_word' id='word_1_326' title='bbox 336 3796 456 3860; x_wconf 90' lang='lat' dir='ltr'><em>nostris</em></span> <span class='ocrx_word' id='word_1_327' title='bbox 484 3796 606 3860; x_wconf 87' lang='lat' dir='ltr'><em>veritas</em></span> <span class='ocrx_word' id='word_1_328' title='bbox 637 3797 839 3876; x_wconf 88' lang='lat' dir='ltr'><em>innoteseat,</em></span> <span class='ocrx_word' id='word_1_329' title='bbox 875 3794 987 3859; x_wconf 89' lang='lat' dir='ltr'><em>audita</em></span> <span class='ocrx_word' id='word_1_330' title='bbox 1015 3795 1190 3862; x_wconf 89' lang='lat' dir='ltr'><em>rescribas.</em></span> <span class='ocrx_word' id='word_1_331' title='bbox 1244 3795 1297 3860; x_wconf 85' lang='lat' dir='ltr'><em>Sic</em></span> <span class='ocrx_word' id='word_1_332' title='bbox 1328 3797 1449 3860; x_wconf 88' lang='lat' dir='ltr'><em>etenim</em></span> <span class='ocrx_word' id='word_1_333' title='bbox 1482 3819 1548 3883; x_wconf 88' lang='lat' dir='ltr'><em>pax</em></span> <span class='ocrx_word' id='word_1_334' title='bbox 1576 3797 1610 3860; x_wconf 92' lang='lat' dir='ltr'><em>in</em></span> <span class='ocrx_word' id='word_1_335' title='bbox 1640 3817 1699 3860; x_wconf 89' lang='lat' dir='ltr'><em>suo</em></span> <span class='ocrx_word' id='word_1_336' title='bbox 1729 3795 1841 3880; x_wconf 86' lang='lat' dir='ltr'><em>vigore</em></span> 
     </span>
     <span class='ocr_line' id='line_1_34' title="bbox 188 3898 1509 3985; baseline 0.004 -24"><span class='ocrx_word' id='word_1_337' title='bbox 188 3898 372 3962; x_wconf 86' lang='lat' dir='ltr'><em>servabitur</em></span> <span class='ocrx_word' id='word_1_338' title='bbox 394 3906 427 3963; x_wconf 89' lang='lat' dir='ltr'><em>et</em></span> <span class='ocrx_word' id='word_1_339' title='bbox 450 3899 484 3962; x_wconf 93' lang='lat' dir='ltr'><em>iu</em></span> <span class='ocrx_word' id='word_1_340' title='bbox 507 3900 557 3962; x_wconf 93' lang='lat' dir='ltr'><em>sui</em></span> <span class='ocrx_word' id='word_1_341' title='bbox 579 3899 740 3963; x_wconf 89' lang='lat' dir='ltr'><em>lesionem</em></span> <span class='ocrx_word' id='word_1_342' title='bbox 764 3899 881 3985; x_wconf 89' lang='lat' dir='ltr'><em>capitis</em></span> <span class='ocrx_word' id='word_1_343' title='bbox 907 3919 1121 3964; x_wconf 89' lang='lat' dir='ltr'><em>susurronum</em></span> <span class='ocrx_word' id='word_1_344' title='bbox 1144 3899 1298 3982; x_wconf 87' lang='lat' dir='ltr'><em>iniquitas</em></span> <span class='ocrx_word' id='word_1_345' title='bbox 1321 3901 1509 3968; x_wconf 86' lang='lat' dir='ltr'><em>mentietur.</em></span> 
     </span>
    </p>
   </div>
   <div class='ocr_carea' id='block_1_13' title="bbox 294 4018 1427 4107">
    <p class='ocr_par' dir='ltr' id='par_1_13' title="bbox 294 4018 1427 4107">
     <span class='ocr_line' id='line_1_35' title="bbox 294 4018 1427 4107; baseline 0.004 -25"><span class='ocrx_word' id='word_1_346' title='bbox 294 4018 371 4085; x_wconf 89' lang='lat' dir='ltr'><em>Dat.</em></span> <span class='ocrx_word' id='word_1_347' title='bbox 395 4019 509 4100; x_wconf 78' lang='lat' dir='ltr'><em>Asisii,</em></span> <span class='ocrx_word' id='word_1_348' title='bbox 532 4019 599 4084; x_wconf 89' lang='lat' dir='ltr'><em>XII</em></span> <span class='ocrx_word' id='word_1_349' title='bbox 622 4019 696 4084; x_wconf 89' lang='lat' dir='ltr'><em>Kal.</em></span> <span class='ocrx_word' id='word_1_350' title='bbox 721 4019 838 4084; x_wconf 90' lang='lat' dir='ltr'><em>Octob.</em></span> <span class='ocrx_word' id='word_1_351' title='bbox 862 4020 1071 4107; x_wconf 88' lang='lat' dir='ltr'><em>pontificatus</em></span> <span class='ocrx_word' id='word_1_352' title='bbox 1096 4019 1198 4083; x_wconf 84' lang='lat' dir='ltr'><em>nostri</em></span> <span class='ocrx_word' id='word_1_353' title='bbox 1222 4041 1307 4084; x_wconf 89' lang='lat' dir='ltr'><em>anno</em></span> <span class='ocrx_word' id='word_1_354' title='bbox 1331 4042 1427 4087; x_wconf 91' lang='lat' dir='ltr'><em>nono.</em></span> 
     </span>
    </p>
   </div>
   <div class='ocr_carea' id='block_1_14' title="bbox 190 4139 1842 4332">
    <p class='ocr_par' dir='ltr' id='par_1_14' title="bbox 190 4139 1842 4332">
     <span class='ocr_line' id='line_1_36' title="bbox 296 4139 1842 4227; baseline 0.001 -24"><span class='ocrx_word' id='word_1_355' title='bbox 296 4139 460 4226; x_wconf 84' lang='lat' dir='ltr'><em>Scriptum</em></span> <span class='ocrx_word' id='word_1_356' title='bbox 495 4147 546 4206; x_wconf 89' lang='lat' dir='ltr'><em>est</em></span> <span class='ocrx_word' id='word_1_357' title='bbox 579 4162 677 4227; x_wconf 90' lang='lat' dir='ltr'><em>super</em></span> <span class='ocrx_word' id='word_1_358' title='bbox 712 4141 773 4205; x_wconf 90' lang='lat' dir='ltr'><em>hoc</em></span> <span class='ocrx_word' id='word_1_359' title='bbox 809 4189 842 4207; x_wconf 93' lang='lat'><em>..</em></span> <span class='ocrx_word' id='word_1_360' title='bbox 874 4142 1031 4226; x_wconf 85' lang='lat' dir='ltr'><em>magistro</em></span> <span class='ocrx_word' id='word_1_361' title='bbox 1066 4140 1181 4205; x_wconf 86' lang='lat' dir='ltr'><em>domus</em></span> <span class='ocrx_word' id='word_1_362' title='bbox 1214 4149 1326 4207; x_wconf 87' lang='lat' dir='ltr'><em>sancte</em></span> <span class='ocrx_word' id='word_1_363' title='bbox 1354 4143 1459 4208; x_wconf 82' lang='lat' dir='ltr'><em>Maria</em></span> <span class='ocrx_word' id='word_1_364' title='bbox 1482 4142 1770 4222; x_wconf 76' lang='lat' dir='ltr'><em>Teutonicorum⁴,</em></span> <span class='ocrx_word' id='word_1_365' title='bbox 1805 4147 1842 4205; x_wconf 91' lang='lat' dir='ltr'><em>ut</em></span> 
     </span>
     <span class='ocr_line' id='line_1_37' title="bbox 190 4243 1712 4332; baseline 0.001 -24"><span class='ocrx_word' id='word_1_366' title='bbox 190 4243 297 4308; x_wconf 88' lang='lat' dir='ltr'><em>eidem</em></span> <span class='ocrx_word' id='word_1_367' title='bbox 320 4243 510 4330; x_wconf 88' lang='lat' dir='ltr'><em>imperatori</em></span> <span class='ocrx_word' id='word_1_368' title='bbox 532 4245 694 4331; x_wconf 88' lang='lat' dir='ltr'><em>premissa</em></span> <span class='ocrx_word' id='word_1_369' title='bbox 715 4244 895 4332; x_wconf 88' lang='lat' dir='ltr'><em>prudenter</em></span> <span class='ocrx_word' id='word_1_370' title='bbox 918 4245 1039 4310; x_wconf 88' lang='lat' dir='ltr'><em>referat</em></span> <span class='ocrx_word' id='word_1_371' title='bbox 1061 4251 1095 4308; x_wconf 93' lang='lat' dir='ltr'><em>et</em></span> <span class='ocrx_word' id='word_1_372' title='bbox 1117 4245 1226 4331; x_wconf 90' lang='lat' dir='ltr'><em>ipsum</em></span> <span class='ocrx_word' id='word_1_373' title='bbox 1249 4244 1290 4309; x_wconf 91' lang='lat' dir='ltr'><em>ad</em></span> <span class='ocrx_word' id='word_1_374' title='bbox 1314 4246 1348 4311; x_wconf 90' lang='lat' dir='ltr'><em>id</em></span> <span class='ocrx_word' id='word_1_375' title='bbox 1372 4246 1549 4312; x_wconf 90' lang='lat' dir='ltr'><em>studiosius</em></span> <span class='ocrx_word' id='word_1_376' title='bbox 1570 4245 1712 4311; x_wconf 88' lang='lat' dir='ltr'><em>inducat.</em></span> 
     </span>
    </p>
   </div>
   <div class='ocr_carea' id='block_1_15' title="bbox 810 4525 1220 4534">
    <p class='ocr_par' dir='ltr' id='par_1_15' title="bbox 810 4525 1220 4534">
     <span class='ocr_line' id='line_1_38' title="bbox 810 4525 1220 4534; baseline -0.005 0"><span class='ocrx_word' id='word_1_377' title='bbox 810 4525 1220 4534; x_wconf 55' lang='grc' dir='ltr'><em>-ψ</em></span> 
     </span>
    </p>
   </div>
   <div class='ocr_carea' id='block_1_16' title="bbox 883 4787 1057 4859">
    <p class='ocr_par' dir='ltr' id='par_1_16' title="bbox 883 4787 1057 4859">
     <span class='ocr_line' id='line_1_39' title="bbox 883 4787 1057 4859; baseline 0.029 -5"><span class='ocrx_word' id='word_1_378' title='bbox 883 4851 884 4854; x_wconf 74' lang='grc'><strong><em>,</em></strong></span> <span class='ocrx_word' id='word_1_379' title='bbox 970 4787 1057 4859; x_wconf 83' lang='grc'>656.</span> 
     </span>
    </p>
   </div>
   <div class='ocr_carea' id='block_1_17' title="bbox 186 4897 1842 5320">
    <p class='ocr_par' dir='ltr' id='par_1_17' title="bbox 186 4897 1842 5320">
     <span class='ocr_line' id='line_1_40' title="bbox 296 4897 1842 5012; baseline 0 -20"><span class='ocrx_word' id='word_1_380' title='bbox 296 4897 488 5008; x_wconf 53' lang='lat' dir='ltr'><em>&amp;reportas</em></span> <span class='ocrx_word' id='word_1_381' title='bbox 509 4926 565 4992; x_wconf 85' lang='lat' dir='ltr'><em>IX</em></span> <span class='ocrx_word' id='word_1_382' title='bbox 583 4947 670 5007; x_wconf 82' lang='lat' dir='ltr'><em>papa</em></span> <span class='ocrx_word' id='word_1_383' title='bbox 692 4927 893 5012; x_wconf 85' lang='lat' dir='ltr'><em>F[ridcrico]</em></span> <span class='ocrx_word' id='word_1_384' title='bbox 913 4926 1129 4991; x_wconf 81' lang='lat' dir='ltr'><em>Romanorum</em></span> <span class='ocrx_word' id='word_1_385' title='bbox 1151 4928 1334 5008; x_wconf 81' lang='lat' dir='ltr'><em>irrrpcratori</em></span> <span class='ocrx_word' id='word_1_386' title='bbox 1354 4929 1463 4992; x_wconf 84' lang='lat' dir='ltr'><em>scribit</em></span> <span class='ocrx_word' id='word_1_387' title='bbox 1483 4948 1515 4992; x_wconf 91' lang='lat' dir='ltr'><em>se</em></span> <span class='ocrx_word' id='word_1_388' title='bbox 1537 4929 1723 4992; x_wconf 79' lang='lat' dir='ltr'><em>sententiam</em></span> <span class='ocrx_word' id='word_1_389' title='bbox 1746 4929 1842 4992; x_wconf 84' lang='lat' dir='ltr'><em>iater-</em></span> 
     </span>
     <span class='ocr_line' id='line_1_41' title="bbox 186 5029 1841 5114; baseline 0.001 -22"><span class='ocrx_word' id='word_1_390' title='bbox 186 5029 278 5107; x_wconf 85' lang='lat' dir='ltr'><em>dicti,</em></span> <span class='ocrx_word' id='word_1_391' title='bbox 308 5051 403 5110; x_wconf 82' lang='lat' dir='ltr'><em>qorrm</em></span> <span class='ocrx_word' id='word_1_392' title='bbox 429 5031 673 5114; x_wconf 74' lang='lat' dir='ltr'><em>[Theodericus]</em></span> <span class='ocrx_word' id='word_1_393' title='bbox 706 5029 955 5112; x_wconf 80' lang='lat' dir='ltr'><em>archiepiscopos</em></span> <span class='ocrx_word' id='word_1_394' title='bbox 981 5031 1155 5096; x_wconf 82' lang='lat' dir='ltr'><em>Raoerrnas</em></span> <span class='ocrx_word' id='word_1_395' title='bbox 1188 5033 1224 5094; x_wconf 84' lang='lat' dir='ltr'><em>ia</em></span> <span class='ocrx_word' id='word_1_396' title='bbox 1258 5033 1337 5096; x_wconf 82' lang='lat' dir='ltr'><em>ciues</em></span> <span class='ocrx_word' id='word_1_397' title='bbox 1370 5033 1563 5096; x_wconf 82' lang='lat' dir='ltr'><em>Accoaeascs</em></span> <span class='ocrx_word' id='word_1_398' title='bbox 1585 5032 1841 5113; x_wconf 76' lang='lat' dir='ltr'><em>promrrlpoocrit,</em></span> 
     </span>
     <span class='ocr_line' id='line_1_42' title="bbox 186 5133 1842 5216; baseline -0.001 -18"><span class='ocrx_word' id='word_1_399' title='bbox 186 5135 356 5198; x_wconf 80' lang='lat' dir='ltr'><em>retaaossc.</em></span> <span class='ocrx_word' id='word_1_400' title='bbox 400 5133 515 5216; x_wconf 76' lang='lat' dir='ltr'><em>Ropat,</em></span> <span class='ocrx_word' id='word_1_401' title='bbox 543 5137 579 5197; x_wconf 86' lang='lat' dir='ltr'><em>at</em></span> <span class='ocrx_word' id='word_1_402' title='bbox 606 5153 675 5198; x_wconf 83' lang='lat' dir='ltr'><em>cam</em></span> <span class='ocrx_word' id='word_1_403' title='bbox 702 5135 811 5198; x_wconf 81' lang='lat' dir='ltr'><em>acatii</em></span> <span class='ocrx_word' id='word_1_404' title='bbox 831 5135 1060 5200; x_wconf 81' lang='lat' dir='ltr'><em>Accoacasium</em></span> <span class='ocrx_word' id='word_1_405' title='bbox 1083 5137 1278 5201; x_wconf 81' lang='lat' dir='ltr'><em>ordinat-ioci</em></span> <span class='ocrx_word' id='word_1_406' title='bbox 1306 5136 1448 5200; x_wconf 86' lang='lat' dir='ltr'><em>ecclesiae</em></span> <span class='ocrx_word' id='word_1_407' title='bbox 1475 5153 1508 5198; x_wconf 90' lang='lat' dir='ltr'><em>sc</em></span> <span class='ocrx_word' id='word_1_408' title='bbox 1530 5135 1714 5198; x_wconf 80' lang='lat' dir='ltr'><em>comoritterc</em></span> <span class='ocrx_word' id='word_1_409' title='bbox 1736 5135 1842 5212; x_wconf 83' lang='lat' dir='ltr'><em>veliet,</em></span> 
     </span>
     <span class='ocr_line' id='line_1_43' title="bbox 186 5237 1842 5320; baseline 0.001 -19"><span class='ocrx_word' id='word_1_410' title='bbox 186 5238 248 5301; x_wconf 83' lang='lat' dir='ltr'><em>sihi</em></span> <span class='ocrx_word' id='word_1_411' title='bbox 280 5237 317 5300; x_wconf 88' lang='lat' dir='ltr'><em>dc</em></span> <span class='ocrx_word' id='word_1_412' title='bbox 350 5237 406 5314; x_wconf 85' lang='lat' dir='ltr'><em>iis,</em></span> <span class='ocrx_word' id='word_1_413' title='bbox 444 5258 523 5318; x_wconf 80' lang='lat' dir='ltr'><em>quae</em></span> <span class='ocrx_word' id='word_1_414' title='bbox 559 5239 595 5301; x_wconf 83' lang='lat' dir='ltr'><em>io</em></span> <span class='ocrx_word' id='word_1_415' title='bbox 629 5238 738 5302; x_wconf 82' lang='lat' dir='ltr'><em>cedato</em></span> <span class='ocrx_word' id='word_1_416' title='bbox 765 5259 859 5320; x_wconf 80' lang='lat' dir='ltr'><em>quam</em></span> <span class='ocrx_word' id='word_1_417' title='bbox 892 5240 996 5304; x_wconf 82' lang='lat' dir='ltr'><em>mittat</em></span> <span class='ocrx_word' id='word_1_418' title='bbox 1025 5243 1263 5319; x_wconf 80' lang='lat' dir='ltr'><em>contineantur,</em></span> <span class='ocrx_word' id='word_1_419' title='bbox 1298 5238 1469 5305; x_wconf 82' lang='lat' dir='ltr'><em>volontatis</em></span> <span class='ocrx_word' id='word_1_420' title='bbox 1504 5257 1579 5302; x_wconf 85' lang='lat' dir='ltr'><em>suae</em></span> <span class='ocrx_word' id='word_1_421' title='bbox 1619 5237 1842 5319; x_wconf 71' lang='lat' dir='ltr'><em>barcptacitam</em></span> 
     </span>
    </p>
   </div>
   <div class='ocr_carea' id='block_1_18' title="bbox 184 5497 1842 5746">
    <p class='ocr_par' dir='ltr' id='par_1_18' title="bbox 184 5497 1842 5746">
     <span class='ocr_line' id='line_1_44' title="bbox 291 5497 1842 5569; baseline 0.002 -20"><span class='ocrx_word' id='word_1_422' title='bbox 291 5497 317 5564; x_wconf 82' lang='lat'><em>1)</em></span> <span class='ocrx_word' id='word_1_423' title='bbox 339 5497 381 5565; x_wconf 81' lang='lat' dir='ltr'><em>Os.</em></span> <span class='ocrx_word' id='word_1_424' title='bbox 400 5515 428 5551; x_wconf 82' lang='lat' dir='ltr'><em>a.</em></span> <span class='ocrx_word' id='word_1_425' title='bbox 447 5501 501 5552; x_wconf 77' lang='grc'><em>649</em></span> <span class='ocrx_word' id='word_1_426' title='bbox 518 5504 543 5553; x_wconf 90' lang='lat' dir='ltr'><em>ct</em></span> <span class='ocrx_word' id='word_1_427' title='bbox 562 5503 625 5554; x_wconf 83' lang='lat'><em>650.</em></span> <span class='ocrx_word' id='word_1_428' title='bbox 716 5499 743 5564; x_wconf 74' lang='lat'><em>2)</em></span> <span class='ocrx_word' id='word_1_429' title='bbox 761 5499 825 5554; x_wconf 77' lang='lat' dir='ltr'><em>Scit.</em></span> <span class='ocrx_word' id='word_1_430' title='bbox 843 5500 920 5569; x_wconf 70' lang='lat' dir='ltr'><em>repat</em></span> <span class='ocrx_word' id='word_1_431' title='bbox 938 5497 1188 5568; x_wconf 78' lang='lat' dir='ltr'><em>Hierosolymitam&#39;</em></span> <span class='ocrx_word' id='word_1_432' title='bbox 1206 5503 1231 5552; x_wconf 87' lang='lat' dir='ltr'><em>ct</em></span> <span class='ocrx_word' id='word_1_433' title='bbox 1248 5498 1441 5554; x_wconf 76' lang='lat' dir='ltr'><em>Lombards&#39;ae.</em></span> <span class='ocrx_word' id='word_1_434' title='bbox 1530 5498 1560 5566; x_wconf 86' lang='grc'><em>3)</em></span> <span class='ocrx_word' id='word_1_435' title='bbox 1585 5497 1619 5552; x_wconf 87' lang='lat' dir='ltr'><em>Ut</em></span> <span class='ocrx_word' id='word_1_436' title='bbox 1644 5497 1842 5565; x_wconf 66' lang='lat' dir='ltr'><em>lllr&#39;atcelmcaa,</em></span> 
     </span>
     <span class='ocr_line' id='line_1_45' title="bbox 185 5583 1842 5658; baseline -0.001 -20"><span class='ocrx_word' id='word_1_437' title='bbox 185 5583 279 5638; x_wconf 80' lang='lat' dir='ltr'><em>Friccl.</em></span> <span class='ocrx_word' id='word_1_438' title='bbox 293 5584 338 5650; x_wconf 89' lang='grc' dir='ltr'><em>ΙΙ,</em></span> <span class='ocrx_word' id='word_1_439' title='bbox 356 5590 374 5637; x_wconf 83' lang='lat' dir='ltr'><em>t.</em></span> <span class='ocrx_word' id='word_1_440' title='bbox 388 5585 433 5650; x_wconf 87' lang='grc' dir='ltr'><em>ΙΙ,</em></span> <span class='ocrx_word' id='word_1_441' title='bbox 447 5603 478 5655; x_wconf 81' lang='lat' dir='ltr'><em>p.</em></span> <span class='ocrx_word' id='word_1_442' title='bbox 496 5591 539 5652; x_wconf 86' lang='lat'><em>10,</em></span> <span class='ocrx_word' id='word_1_443' title='bbox 555 5593 604 5640; x_wconf 82' lang='lat' dir='ltr'><em>aot</em></span> <span class='ocrx_word' id='word_1_444' title='bbox 621 5594 637 5642; x_wconf 90' lang='lat'><em>1</em></span> <span class='ocrx_word' id='word_1_445' title='bbox 650 5590 741 5658; x_wconf 80' lang='lat' dir='ltr'><em>putot,</em></span> <span class='ocrx_word' id='word_1_446' title='bbox 759 5587 906 5656; x_wconf 75' lang='lat' dir='ltr'><em>Anepsiae</em></span> <span class='ocrx_word' id='word_1_447' title='bbox 923 5605 949 5640; x_wconf 89' lang='lat' dir='ltr'><em>a.</em></span> <span class='ocrx_word' id='word_1_448' title='bbox 969 5590 1051 5653; x_wconf 82' lang='lat'><em>1230,</em></span> <span class='ocrx_word' id='word_1_449' title='bbox 1068 5587 1139 5655; x_wconf 79' lang='lat' dir='ltr'><em>Sept.</em></span> <span class='ocrx_word' id='word_1_450' title='bbox 1158 5591 1189 5648; x_wconf 86' lang='grc'><em>1,·</em></span> <span class='ocrx_word' id='word_1_451' title='bbox 1208 5585 1257 5639; x_wconf 88' lang='lat' dir='ltr'><em>scd</em></span> <span class='ocrx_word' id='word_1_452' title='bbox 1273 5585 1398 5654; x_wconf 78' lang='lat' dir='ltr'><em>sortasse</em></span> <span class='ocrx_word' id='word_1_453' title='bbox 1415 5586 1503 5641; x_wconf 83' lang='lat' dir='ltr'><em>Reate</em></span> <span class='ocrx_word' id='word_1_454' title='bbox 1520 5603 1546 5639; x_wconf 90' lang='lat' dir='ltr'><em>a.</em></span> <span class='ocrx_word' id='word_1_455' title='bbox 1564 5589 1644 5651; x_wconf 72' lang='grc'><strong><em>1231,</em></strong></span> <span class='ocrx_word' id='word_1_456' title='bbox 1662 5585 1842 5656; x_wconf 79' lang='lat' dir='ltr'><em>Ial.—Aa9.,·</em></span> 
     </span>
     <span class='ocr_line' id='line_1_46' title="bbox 184 5670 1203 5746; baseline 0.003 -22"><span class='ocrx_word' id='word_1_457' title='bbox 184 5670 220 5740; x_wconf 80' lang='lat' dir='ltr'><em>cf.</em></span> <span class='ocrx_word' id='word_1_458' title='bbox 240 5670 484 5738; x_wconf 68' lang='lat' dir='ltr'><em>Rhama-Fictor,</em></span> <span class='ocrx_word' id='word_1_459' title='bbox 503 5672 570 5741; x_wconf 69' lang='lat' dir='ltr'><em>Rea.</em></span> <span class='ocrx_word' id='word_1_460' title='bbox 590 5673 670 5730; x_wconf 84' lang='lat' dir='ltr'><em>Frr&#39;d.</em></span> <span class='ocrx_word' id='word_1_461' title='bbox 689 5672 734 5744; x_wconf 84' lang='grc' dir='ltr'><em>ΙΙ,</em></span> <span class='ocrx_word' id='word_1_462' title='bbox 750 5689 777 5729; x_wconf 86' lang='lat' dir='ltr'><em>a.</em></span> <span class='ocrx_word' id='word_1_463' title='bbox 795 5671 878 5742; x_wconf 55' lang='lat'><em>20³7,</em></span> <span class='ocrx_word' id='word_1_464' title='bbox 896 5687 917 5730; x_wconf 92' lang='lat' dir='ltr'><em>c.</em></span> <span class='ocrx_word' id='word_1_465' title='bbox 988 5673 1015 5746; x_wconf 81' lang='lat'><em>4)</em></span> <span class='ocrx_word' id='word_1_466' title='bbox 1036 5672 1203 5728; x_wconf 79' lang='lat' dir='ltr'><em>Hermanno.</em></span> 
     </span>
    </p>
   </div>
   <div class='ocr_carea' id='block_1_19' title="bbox 290 5784 1635 5845">
    <p class='ocr_par' dir='ltr' id='par_1_19' title="bbox 290 5784 1635 5845">
     <span class='ocr_line' id='line_1_47' title="bbox 290 5784 1635 5845; baseline 0.005 -10"><span class='ocrx_word' id='word_1_467' title='bbox 290 5787 352 5845; x_wconf 76' lang='lat' dir='ltr'><em>Bra.</em></span> <span class='ocrx_word' id='word_1_468' title='bbox 370 5787 452 5840; x_wconf 82' lang='lat' dir='ltr'><em>Pom.</em></span> <span class='ocrx_word' id='word_1_469' title='bbox 470 5789 490 5844; x_wconf 86' lang='lat'><em>1.</em></span> <span class='ocrx_word' id='word_1_470' title='bbox 1600 5784 1635 5842; x_wconf 76' lang='lat'><em>70</em></span> 
     </span>
    </p>
   </div>
   <div class='ocr_carea' id='block_1_20' title="bbox 0 0 2300 6360">
    <p class='ocr_par' dir='ltr' id='par_1_20' title="bbox 0 0 2300 6360">
     <span class='ocr_line' id='line_1_48' title="bbox 0 0 2300 6360; baseline 0 0"><span class='ocrx_word' id='word_1_471' title='bbox 0 0 2300 6360; x_wconf 95' lang='lat' dir='ltr'><em> </em></span> 
     </span>
    </p>
   </div>
  </div>
 </body>
</html>
