4448 6420
323 397 386 458 232
911 391 958 444 EX
978 391 1134 446 HONORIl
1153 389 1192 442 Ill
1211 388 1392 442 auersum)

324 710 333 727 .
363 713 371 729 .
400 656 451 728 de
477 655 738 747 Alderspac¹
766 654 1080 730 Cisterciensis
1111 660 1152 728 et
1179 711 1187 726 .
1216 709 1225 728 .
1254 655 1305 727 de
1333 651 1645 726 Heidenheim²
1673 651 1911 725 abbatibus
1938 657 1981 724 et

327 832 334 848 .
366 832 375 848 .
403 776 632 867 preposito
660 776 712 850 de
731 773 1468 866 Speinshart³Premonstratensis
1495 772 1700 845 ordinum
1718 771 1982 845 Eistetensis

810 900 853 968 et
878 894 1231 985 Ratisponensis
1258 894 1495 968 dicessum.

430 1043 553 1109 Dileoti
571 1043 631 1107 filii
645 1043 685 1109 R.
705 1042 849 1109 decanus
874 1049 907 1108 et
922 1042 967 1107 H.
986 1042 1178 1107 scolasticus
1194 1041 1447 1129 Ratisponensis
1467 1063 1527 1129 pro
1551 1063 1586 1106 se
1609 1062 1648 1105 eo
1664 1041 1779 1105 maiori
1802 1046 1836 1106 et
1858 1040 1980 1104 saniori

324 1153 417 1234 parte
441 1147 577 1232 capituli
601 1147 652 1211 sui
684 1147 878 1211 transmissa
900 1146 995 1210 nobis
1019 1146 1179 1233 petitione
1203 1152 1417 1222 monuerunt,
1448 1144 1535 1232 quod
1563 1165 1668 1231 nuper
1695 1164 1808 1210 aarum
1838 1143 1979 1208 ecclesia

324 1252 466 1339 pastoris
497 1250 628 1326 solatio¹
645 1249 824 1315 destituta⁴
852 1250 1083 1315 ministeriales
1115 1249 1234 1336 ipsius,
1271 1271 1307 1314 se
1339 1250 1391 1315 ius
1426 1251 1461 1315 in
1494 1249 1642 1337 episcopi
1671 1248 1831 1314 electione
1857 1247 1980 1312 habere

324 1355 488 1434 dieentes,
522 1354 563 1419 ad
595 1375 667 1420 eam
695 1353 926 1420 celebrandam
961 1375 996 1419 se
1025 1352 1152 1417 admitti
1185 1374 1250 1417 una
1280 1374 1353 1418 cum
1389 1353 1531 1440 capitulo
1559 1353 1741 1440 petierunt,
1771 1371 1909 1437 cumque
1939 1347 1981 1414 ad

327 1457 516 1544 eligendum
547 1457 674 1543 prefixa
701 1457 756 1523 die
784 1458 962 1543 capitulum
979 1457 1199 1521 convenisset
1227 1462 1261 1520 et
1287 1457 1533 1538 ministeriales,
1562 1457 1628 1543 ipsi
1656 1455 1809 1520 electioni
1830 1453 1981 1518 faciende

327 1583 362 1626 se
385 1561 600 1626 vehementer
622 1560 774 1645 ingerere
790 1566 1029 1646 presumentes,
1053 1581 1130 1623 mcx
1146 1559 1303 1624 maiorem
1320 1560 1543 1646 prepositum⁵
1559 1558 1835 1646 Retisponenscm
1857 1563 1980 1621 temere

325 1664 359 1728 in
383 1663 574 1750 episcopum
596 1663 814 1743 nominarunt,
838 1684 912 1727 eum
937 1663 1000 1727 sibi
1022 1663 1092 1727 dari
1115 1663 1212 1727 minis
1235 1662 1392 1728 adhibitis
1417 1663 1638 1744 acclamando,
1661 1682 1797 1748 quorum
1821 1661 1911 1724 furor
1933 1661 1980 1724 sic

326 1789 484 1833 accensus
517 1768 627 1833 extitit
659 1773 772 1832 contra
805 1768 915 1854 ipsos,
945 1766 982 1831 ut
1012 1767 1144 1853 plurimi
1172 1788 1215 1831 ex
1247 1767 1326 1847 hiis,
1360 1767 1425 1831 nisi
1453 1767 1594 1852 protecti
1629 1766 1768 1830 fuissent
1797 1786 1817 1829 a
1844 1763 1981 1843 civibus,

326 1872 441 1936 mortis
464 1871 645 1958 perieulum
668 1871 894 1936 incurrissent.
939 1870 1085 1935 Tandem
1114 1869 1384 1934 ministerialibus
1414 1868 1527 1935 dolose
1557 1891 1649 1956 spem
1676 1867 1897 1933 tribuentibus
1921 1865 1983 1931 sibi

325 1975 416 2062 pacis
441 1980 475 2039 et
497 1975 579 2060 ipsis
603 1975 664 2038 sub
681 1974 868 2039 huiusmodi
885 1975 1115 2061 expectatione
1132 1973 1349 2048 manentibus,
1372 1974 1480 2039 dictus
1503 1974 1701 2060 prepositus,
1724 1992 1789 2035 non
1808 1969 1981 2036 attendens

327 2076 414 2163 quod
436 2099 497 2164 per
519 2077 645 2142 laicalis
670 2077 896 2164 impressionis
919 2078 1058 2142 abusum
1081 2077 1188 2142 fuerat
1203 2077 1400 2157 nominatus,
1424 2098 1498 2141 eum
1520 2077 1634 2163 paucis
1651 2075 1827 2150 canonicis,
1851 2081 1981 2160 captato

326 2186 475 2267 tempore
499 2202 562 2267 quo
585 2180 642 2245 alii
658 2181 873 2262 dormiebant,
896 2182 930 2246 in
952 2181 1089 2246 eandem
1106 2182 1282 2246 ecelesiam
1304 2202 1362 2267 pro
1386 2181 1543 2267 episeopo
1567 2201 1602 2245 se
1626 2180 1768 2260 intrusit,
1793 2177 1982 2243 cathedram

326 2285 549 2371 pontificalem
566 2285 723 2351 invadens
747 2307 848 2372 seque
871 2286 1010 2373 pulsatis
1027 2286 1194 2373 campanis
1211 2285 1336 2350 faciens
1352 2284 1628 2371 Ratisponensem
1642 2284 1829 2370 pontificem
1851 2282 1981 2368 publice

326 2388 538 2476 proclamari,
572 2389 685 2475 sicque
721 2389 865 2454 intrusus
898 2411 958 2476 pra
992 2389 1137 2476 ipsorum
1169 2395 1300 2474 pastore
1334 2409 1369 2454 se
1400 2388 1486 2473 gerit
1515 2388 1549 2451 in
1579 2407 1689 2452 eorum
1721 2407 1787 2450 non
1818 2386 1983 2450 modicum

327 2491 543 2578 preludiaium
566 2498 600 2556 et
621 2512 812 2576 gravamen,
842 2498 977 2578 propter
1007 2490 1093 2576 quod
1124 2490 1223 2555 iidem
1253 2512 1313 2576 per
1343 2491 1573 2576 appellationis
1605 2489 1787 2554 remedium
1813 2508 1983 2554 recurrero

326 2595 369 2659 ad
405 2594 519 2660 sedem
551 2594 766 2681 apostolicam
801 2599 877 2658 sunt
910 2594 1026 2659 coacti.
1071 2592 1167 2658 Unde
1196 2593 1364 2658 humiliter
1394 2594 1561 2679 petierunt
1594 2614 1614 2658 a
1644 2592 1757 2670 nobis,
1789 2585 1825 2656 ut
1854 2592 1895 2658 ad
1922 2613 1982 2656 nos

327 2697 537 2784 dignaremur
559 2718 692 2763 causam
714 2697 903 2762 huiusmodi
925 2717 1096 2778 revocare,
1120 2718 1172 2777 ue,
1197 2697 1225 2761 si
1248 2697 1321 2761 aliis
1345 2698 1579 2777 committatur,
1602 2695 1692 2761 diem
1716 2717 1789 2760 eam
1811 2699 1981 2782 prorogari
2036 2723 2062 2760 20

327 2803 496 2886 contingat
526 2802 559 2866 in
589 2822 688 2886 grave
712 2801 815 2886 ipsius
839 2801 980 2866 ecclesie
1003 2799 1244 2865 detrimentum.
1289 2799 1421 2864 Ulrieus
1443 2821 1521 2865 vero
1549 2806 1743 2886 procurator
1765 2798 1805 2865 G.
1829 2801 1927 2865 electi
1949 2801 1983 2864 in

331 2906 523 2991 episcopum
545 2904 842 2990 Ratisponensem,
871 2906 990 2970 litteris
1015 2904 1242 2970 contradicens
1272 2905 1305 2968 in
1328 2905 1495 2970 audientia
1517 2905 1648 2993 publiea
1669 2906 1840 2992 proposuit
1862 2927 1905 2970 ex
1926 2904 1984 2969 ad-

328 3029 441 3088 verso,
474 3006 561 3094 quod
595 3029 668 3072 oum
697 3008 751 3073 die
779 3009 885 3095 primo
921 3008 1074 3073 electioni
1106 3007 1232 3093 prefixa
1268 3007 1446 3093 capitulum
1478 3009 1710 3075 convenissent
1746 3009 1780 3073 in
1809 3030 1909 3073 unum
1942 3007 1983 3074 de

329 3110 490 3176 electione
519 3111 621 3175 futuri
649 3112 813 3198 pontificis
841 3111 1029 3191 tractaturi,
1060 3131 1121 3174 nec
1155 3117 1291 3196 possent
1321 3117 1455 3196 propter
1484 3112 1640 3177 laiccmm
1668 3112 1877 3177 insolentiam
1905 3133 1983 3176 con-

329 3213 479 3293 cordare,
502 3213 543 3279 dc
567 3216 733 3280 communi
756 3236 920 3280 consensu
942 3214 1044 3279 elium
1066 3213 1154 3279 diem
1177 3220 1210 3278 et
1232 3215 1347 3278 horam
1369 3213 1411 3278 ad
1434 3215 1622 3300 eligendum
1644 3215 1832 3302 pontificem
1853 3236 1982 3301 perem-
2036 3240 2061 3276 a

328 3316 435 3403 ptorie
469 3323 666 3384 statuerunt.
711 3317 857 3405 Cumque
890 3318 1056 3405 predictus
1092 3319 1217 3384 electus
1252 3327 1286 3384 et
1321 3320 1425 3383 maior
1457 3325 1490 3384 et
1523 3320 1633 3384 sanior
1664 3340 1740 3405 pars
1775 3318 1911 3404 capituli
1944 3318 1984 3383 ad

330 3425 486 3484 statutum
521 3421 629 3486 locum
663 3422 696 3486 in
726 3422 852 3508 prefixa
879 3421 1019 3486 termino
1054 3421 1266 3502 accedentes,
1300 3421 1466 3508 predictos
1499 3421 1660 3488 decanum
1688 3428 1722 3486 et
1756 3427 1884 3508 partem
1913 3422 1984 3487 eius

330 3523 518 3600 citaverint,
550 3529 603 3604 ut,
635 3525 727 3589 iuxta
760 3524 846 3610 quod
877 3525 973 3589 simul
1005 3531 1202 3604 statuerant,
1239 3525 1453 3591 convenirent
1482 3547 1555 3590 curn
1586 3527 1653 3602 eis,
1686 3533 1723 3591 ut
1752 3526 1793 3592 de
1822 3526 1984 3613 pontificis

331 3625 493 3691 electione
507 3631 697 3708 tractarent,
721 3633 754 3691 et
776 3627 840 3712 ipsi
862 3648 923 3692 nec
950 3625 991 3691 ad
1015 3647 1072 3691 eos
1095 3626 1253 3692 accedere
1276 3649 1338 3693 nec
1362 3649 1397 3693 se
1422 3635 1573 3693 curarent
1588 3630 1796 3715 aliquatenus
1813 3649 1987 3708 excusare,

330 3728 434 3794 maior
456 3734 491 3793 et
513 3729 622 3794 sanior
644 3751 719 3816 pars
742 3729 823 3794 dieti
847 3731 998 3817 capituli,
1030 3751 1093 3816 que
1117 3751 1190 3795 cum
1213 3731 1319 3796 eleeto
1347 3732 1420 3818 ipso
1444 3738 1657 3813 convenerat,
1685 3733 1804 3797 timens
1825 3731 1983 3796 laicorum
2036 3760 2062 3800 sc

330 3833 539 3898 insolentiam
562 3839 596 3899 et
617 3833 732 3898 videns
762 3855 805 3898 ex
826 3833 983 3899 dilatione
1011 3834 1199 3899 huiusmodi
1221 3856 1321 3919 grave
1345 3836 1409 3922 ipsi
1432 3837 1574 3902 ecclesie
1597 3837 1779 3922 perieulum
1801 3835 1983 3916 imminere,

329 3935 513 4022 predictum
536 3936 679 4000 electum
695 3937 836 4022 Spiritus
860 3938 963 4002 sancti
979 3938 1085 4023 gratia
1099 3937 1258 4002 advocata
1271 3939 1470 4004 unanimiter
1492 3940 1525 4003 in
1549 3960 1644 4003 suum
1668 3939 1770 4024 elegit
1791 3939 1982 4026 episcopum

331 4046 365 4104 et
387 4045 562 4126 pastorem.
609 4040 667 4106 Set
688 4040 855 4128 predictus
879 4040 1024 4107 decanus
1048 4047 1082 4106 et
1096 4040 1242 4106 fautores
1266 4042 1379 4128 ipsius,
1403 4064 1539 4127 quorum
1562 4043 1693 4129 quidam
1709 4044 1850 4108 electum
1874 4042 1981 4129 ipsum

331 4143 515 4227 elegerant,
548 4143 701 4208 electioni
732 4144 829 4208 electi
844 4173 847 4184 =
862 4165 898 4208 se
921 4151 1035 4209 eontra
1057 4144 1214 4209 iustitiam
1238 4151 1460 4232 opponentes,
1491 4152 1527 4211 ut
1549 4147 1706 4210 maiorem
1728 4166 1901 4211 numerum
1924 4144 1981 4209 ad·

329 4245 548 4310 versariorum
581 4243 645 4310 sibi
677 4251 876 4324 statuerent,
904 4252 1016 4332 preter
1046 4247 1178 4310 maioris
1207 4253 1241 4311 et
1273 4247 1411 4312 sanioris
1439 4249 1542 4335 partis
1574 4269 1748 4314 assensum
1777 4249 1985 4314 installarunt

330 4347 488 4434 quosdam
516 4349 550 4413 in
580 4346 759 4414 minoribus
792 4347 960 4413 ordinibus
990 4349 1187 4414 constitutos
1216 4356 1331 4414 contra
1360 4351 1463 4436 ipsius
1496 4352 1636 4417 ecclesie
1666 4351 1878 4438 approbatam
1906 4373 1983 4416 con-

260 4495 267 4514 ,
331 4451 539 4517 suetudinem
562 4458 596 4518 et
617 4453 801 4537 antiquam,
832 4458 865 4516 et
886 4435 1045 4538 quosdam
1069 4452 1109 4517 ad
1138 4474 1248 4517 sacros
1280 4452 1429 4519 fecerunt
1452 4453 1583 4520 ordines
1605 4455 1800 4542 promoveri,
1823 4455 1985 4540 quendam

331 4555 431 4619 etiam
454 4554 496 4619 ab
520 4552 707 4619 obedientia
729 4554 914 4619 absolutum
940 4562 974 4620 et
1002 4557 1103 4621 alium
1125 4556 1166 4621 de
1196 4557 1364 4642 apostasia
1393 4558 1607 4622 monachatus
1634 4557 1765 4644 publice
1795 4557 1985 4624 infamatum

331 4677 398 4721 non
427 4657 498 4722 sine
529 4656 643 4722 fraude
674 4678 712 4722 ac
741 4658 923 4745 preludioic
954 4659 1174 4746 predictorum
1202 4661 1300 4724 electi
1330 4667 1365 4725 et
1395 4681 1453 4725 sue
1483 4661 1585 4746 partis
1616 4661 1649 4725 in
1678 4662 1851 4727 canonicos
1878 4662 1985 4727 minus

331 4760 487 4825 canonice
510 4767 717 4846 recepcmnt.
755 4760 852 4826 Unde
875 4762 1019 4848 petebat,
1042 4768 1080 4826 ut
1102 4763 1265 4848 aliquibus
1281 4762 1433 4828 diseretis
1458 4764 1603 4829 scribere
1618 4764 1838 4850 dignaremur,
1862 4766 1917 4851 qui
1940 4764 1982 4830 de

331 4863 492 4928 electione
527 4870 783 4948 cognoscerent,
818 4871 851 4928 et
885 4865 913 4929 si
948 4886 1021 4930 eam
1053 4868 1244 4931 canonicam
1271 4867 1473 4948 invenirent,
1506 4888 1567 4954 per
1594 4867 1817 4933 venerabilem
1849 4869 1984 4933 fratrem

330 4972 478 5032 nostrum
516 5013 524 5028 .
557 5014 564 5029 .
596 4964 893 5052 Salseburgensem
927 4968 1234 5055 arehiepiscopum⁶
1266 4971 1370 5057 ipsius
1405 4970 1692 5056 metropolitanum
1726 4969 1872 5036 lacerent
1906 4992 1983 5036 con-

329 5070 462 5135 firmari.
508 5069 593 5143 Quia
620 5086 699 5134 vero
722 5071 817 5134 nobis
840 5091 906 5136 non
929 5073 1076 5136 constitit
1099 5072 1139 5138 de
1163 5074 1349 5159 premissis,
1373 5073 1580 5152 mandamus,
1604 5075 1756 5159 quatinus
1780 5075 1905 5139 vocatis
1929 5076 1984 5161 qui

329 5174 452 5241 luerint
475 5173 633 5240 evocandi
651 5173 793 5240 audiatis
816 5194 959 5256 causam,
983 5181 1017 5240 et
1039 5196 1112 5240 eam
1136 5176 1338 5242 sufficienter
1353 5178 1545 5242 instructam
1568 5176 1610 5241 ad
1625 5183 1769 5242 nostram
1786 5178 1985 5264 presentiam

1970 5345 1978 5382 l

434 5464 461 5532 1)
480 5464 650 5531 Atuatuci,
667 5467 719 5521 Kr.
739 5465 960 5536 Niederhapera‚
978 5465 1110 5520 Bearlmt
1128 5466 1283 5536 Balchosea.
1386 5468 1415 5537 2)
1434 5469 1484 5524 Ea
1500 5468 1686 5538 septentrione
1706 5467 1815 5534 Wmce,
1839 5468 1984 5525 warram
2036 5495 2062 5534 η

329 5549 483 5607 Icatlcraie.
553 5549 580 5620 3)
599 5551 651 5606 Kr.
672 5550 829 5621 Oherpsata,
847 5551 980 5607 Beadmt
997 5552 1183 5609 Eecheabach.
1259 5555 1287 5622 4)
1308 5553 1454 5608 Corradus
1472 5555 1521 5608 IV
1534 5557 1658 5611 mortuus
1677 5557 1737 5611 erar
1753 5558 1833 5620 1226,
1851 5555 1942 5630 Apul.
1960 5558 1986 5610 9.

330 5637 358 5706 5)
377 5636 560 5704 Golasridum.
630 5638 657 5707 6)
676 5638 881 5695 Eberhardum.
