4524 6412
765 381 965 440 EPISTOLAE
983 381 1172 442 SELECTAE.
1208 383 1284 442 lant.

983 687 1068 761 362.

306 796 497 908 Grcporc'as
519 824 575 889 IX
591 845 680 906 papa
701 825 798 890 cidem
820 825 964 904 mandat,
992 831 1028 890 ut
1055 847 1132 909 quos
1158 828 1273 892 mtto-u
1300 829 1444 910 capedirc
1473 831 1517 896 ad
1542 831 1793 916 investigandum
1815 836 1850 899 ta

192 930 340 1011 portibus
364 928 557 992 lbcatoniac
572 929 747 1009 pravitatis
770 929 919 993 lrcrcttccc
941 934 1105 994 sectatores
1126 931 1223 996 socios
1245 933 1307 996 stat
1328 938 1478 999 asserant.

1495 1041 1589 1118 1227,
1612 1040 1686 1105 luta
1711 1043 1761 1105 12.

300 1118 382 1187 (ἶνες.
400 1117 451 1171 IX
467 1116 536 1188 Rep.
555 1116 617 1170 Lib.
635 1117 661 1185 1,
680 1120 741 1170 109.

300 1204 436 1272 Potttoat,
454 1204 520 1274 Rep.
541 1207 620 1257 7931.

229 1419 469 1512 Gregorius
497 1425 575 1492 etc.
604 1418 743 1492 eidem
771 1439 908 1509 super
934 1417 1081 1491 officio
1109 1420 1433 1511 predicationis
1459 1423 1542 1495 sibi
1569 1409 1823 1498 commisse.¹

304 1566 566 1634 Sollicitudinem
600 1573 707 1643 tuam,
742 1588 838 1652 quam
873 1566 1049 1652 diligenter
1082 1568 1224 1633 intendis
1259 1569 1299 1634 ad
1335 1571 1598 1656 investigandum
1633 1574 1666 1638 in
1700 1575 1847 1660 partibus

196 1673 380 1738 Theutonie
409 1671 579 1757 pravitatis
607 1670 752 1735 heretice
777 1678 974 1746 sectatores,
1007 1671 1041 1734 in
1063 1671 1204 1736 Domino
1228 1674 1477 1754 comendamus,
1509 1675 1585 1739 dum
1608 1678 1712 1762 pestis
1735 1678 1848 1743 huius-

196 1776 294 1858 modi,
311 1781 432 1862 quanto
450 1773 553 1860 serpit
574 1774 743 1852 occultius,
765 1782 855 1840 tanto
875 1776 1005 1859 gravius
1022 1775 1151 1841 vineam
1167 1775 1374 1842 Dominicam
1393 1779 1427 1843 in
1444 1779 1648 1865 simplicibus
1664 1781 1848 1847 demolitur.

197 1879 282 1953 Quia
304 1900 383 1943 vero
408 1877 573 1942 efficacius
597 1877 776 1963 procedere
800 1879 922 1966 poteris
946 1877 987 1942 ad
1010 1878 1153 1944 heresim
1177 1879 1218 1944 de
1242 1881 1306 1945 illis
1330 1882 1478 1967 partibus
1501 1883 1711 1966 abolendam,
1736 1886 1763 1949 si
1787 1886 1847 1950 ali-

194 1984 248 2067 qui
279 2004 299 2047 a
328 1988 362 2047 te
391 1981 514 2046 fuerint
541 1981 574 2045 in
604 1987 731 2067 partem
761 1981 859 2044 huius
888 1981 1119 2046 sollicitudinis
1150 1984 1293 2064 evocati,
1322 1984 1470 2050 districte
1498 1986 1558 2050 tibi
1585 2008 1645 2073 per
1667 1990 1849 2074 apostolica

195 2087 316 2172 scripta
331 2084 533 2165 mandamus,
557 2085 709 2169 quatinus
732 2084 909 2170 assumptis
933 2084 974 2148 ad
998 2085 1136 2150 eandem
1157 2086 1411 2152 sollicitudinem
1433 2109 1514 2173 quos
1533 2090 1663 2154 noveris
1680 2092 1847 2177 expedire,

195 2189 369 2274 diligenter
391 2196 427 2254 et
449 2189 623 2274 vigilanter
652 2189 796 2274 inquiras
819 2188 966 2253 heretica
994 2190 1154 2274 pravitate
1178 2189 1315 2254 inlectos
1344 2191 1546 2278 inpartibus
1575 2196 1781 2276 memoratis,
1812 2202 1848 2258 ut

193 2294 348 2380 perillus
372 2292 413 2356 ad
436 2314 517 2377 quos
540 2293 684 2378 pertinet
706 2292 830 2356 zizania
854 2293 963 2356 valeat
986 2292 1026 2356 de
1050 2315 1129 2378 agro
1152 2294 1286 2358 Domini
1310 2295 1476 2381 extirpari

302 2414 390 2477 Data
411 2412 575 2497 Anagnia,
598 2413 633 2476 ΙΙ
654 2412 732 2476 Idus
755 2411 851 2492 Iunii,
874 2434 958 2477 anno
983 2413 1098 2498 prime.

814 2673 1226 2681 *nn—*—

978 2918 1063 2990 363.

299 3031 489 3142 Gregorius
510 3055 566 3122 IX
588 3077 676 3138 papa
697 3056 901 3140 [acon-roo]
926 3057 1066 3139 episcopo
1101 3057 1287 3124 Potccoicasi
1316 3064 1345 3124 et
1373 3061 1441 3124 cias
1469 3059 1682 3125 cooiadicc'bus
1708 3059 1848 3136 mandat,

190 3170 226 3231 at
247 3183 316 3229 cam
336 3162 511 3228 electionem
531 3157 730 3244 [Gotafrc'dt]
749 3160 922 3240 praepositi
944 3159 1187 3242 Rattspoacasta
1209 3162 1244 3224 ia
1266 3164 1441 3244 episcopam
1462 3162 1722 3243 Ratispoacascm
1743 3181 1848 3227 casso-

192 3267 281 3345 oert't,
303 3263 458 3347 quidquid
478 3263 535 3329 ille
556 3263 659 3345 operit,
682 3262 811 3327 irritam
833 3261 1011 3329 maneant.
1492 3268 1586 3344 1227,
1609 3267 1683 3331 Iun.
1708 3267 1758 3330 19.

297 3384 379 3453 (ἔτερ.
398 3383 448 3437 IX
465 3383 534 3454 Rep.
558 3383 613 3438 Vol.
634 3382 660 3446 I,
678 3385 729 3449 18;
746 3381 809 3436 Lib.
827 3383 853 3444 I,
872 3386 927 3436 114.

308 3595 549 3689 Gregorius
577 3600 654 3669 etc.
683 3595 895 3688 episcopo
923 3596 1180 3671 Pataviensi
1209 3602 1250 3671 et
1276 3597 1591 3672 coniudicibus
1618 3600 1725 3673 suis,

302 3746 384 3810 Cum
408 3746 603 3811 electionem
627 3745 668 3810 de
699 3794 706 3810 .
731 3794 739 3808 .
768 3745 1004 3831 Ratisponensi
1026 3745 1193 3831 preposito
1217 3745 1250 3808 in
1273 3743 1548 3830 Ratisponensem
1572 3747 1763 3833 episcopum
1787 3769 1847 3833 per

191 3849 341 3914 laicalem
364 3849 615 3935 impressionem
638 3848 881 3934 presumptam¹
905 3849 1143 3913 cassaverImus
1166 3849 1292 3912 iustitia
1312 3849 1478 3933 exigente,
1501 3848 1649 3915 districte
1672 3850 1766 3914 vobis
1788 3871 1848 3936 per

192 3952 374 4039 apostolica
397 3952 519 4038 scripta
541 3953 750 4034 mandamus,
780 3954 932 4038 quatinus
964 3954 992 4017 si
1020 3953 1207 4039 prepositus
1236 3954 1322 4038 ipse,
1350 3953 1405 4038 qui
1434 3975 1470 4017 se
1498 3955 1603 4038 gessit
1632 3961 1756 4018 temere
1786 3975 1845 4039 pro

194 4057 316 4136 electo,
343 4056 453 4141 aliqua
481 4055 522 4121 de
549 4056 645 4121 bonis
668 4056 910 4143 episcopalibus
938 4056 1124 4136 infeudare,
1154 4055 1293 4136 donare,
1322 4055 1481 4135 vendere,
1513 4055 1659 4142 obligare
1683 4078 1742 4121 seu
1765 4077 1845 4141 quo·
1952 4087 1955 4092 ·

193 4159 372 4225 modolibet
400 4158 544 4225 alienare
573 4161 788 4248 presumpsit,
817 4160 1001 4226 decernatis
1032 4161 1160 4224 irritum
1183 4166 1217 4224 et
1245 4159 1355 4239 inane,
1389 4159 1544 4246 quidquid
1568 4160 1752 4248 superbiis
1776 4161 1845 4224 sive
1886 4219 1898 4226 .

192 4285 291 4349 super
312 4263 547 4328 beneficiorum
570 4265 799 4330 collationibus
822 4265 942 4330 lactum
966 4265 1157 4329 inveneritis
1180 4263 1407 4351 pereundam,
1431 4285 1469 4328 ac
1492 4262 1661 4328 infeudata
1684 4285 1743 4329 seu
1766 4283 1846 4348 quo-

192 4366 374 4432 modolibet
395 4367 538 4431 alienata
560 4388 619 4453 per
640 4367 747 4453 ipsum
771 4367 811 4432 ad
835 4368 885 4432 ius
909 4374 943 4432 et
965 4369 1198 4454 proprietatem
1221 4367 1474 4453 Ratisponensis
1498 4367 1644 4453 episcopi
1668 4368 1846 4442 revocetis;

192 4469 467 4550 contradictores,
491 4470 519 4532 si
546 4471 600 4554 qui
623 4470 758 4552 fuerint,
781 4472 834 4536 vel
856 4471 999 4536 rebelles
1022 4471 1119 4535 modo
1142 4470 1289 4557 predicto
1312 4492 1371 4556 per
1393 4492 1565 4536 censuram
1589 4471 1846 4536 ecclesiasticam

191 4573 413 4660 appellatione
445 4574 628 4658 postposita
656 4580 921 4661 compescentes,
953 4575 1051 4640 simili
1081 4595 1220 4640 censura
1251 4574 1477 4661 compellendo
1500 4575 1608 4661 ipsum
1630 4576 1846 4660 prepositum,

192 4684 228 4741 ut
252 4677 280 4740 si
297 4697 362 4762 qua
384 4675 424 4740 de
448 4675 542 4740 bonis
562 4677 806 4764 episcopalibus
830 4678 863 4741 in
886 4700 964 4742 usus
988 4699 1064 4742 suos
1087 4677 1272 4744 huiusmodi
1289 4678 1459 4743 electionis
1476 4678 1648 4743 occasione
1673 4679 1844 4757 convertit,

192 4803 232 4847 ea
263 4781 327 4867 ipsi
350 4780 505 4868 episcopo
528 4781 681 4846 restituat
710 4782 873 4849 universa.
916 4781 969 4846 Ad
999 4781 1062 4846 hec
1092 4802 1166 4846 cum
1188 4781 1386 4847 venerabilis
1409 4781 1509 4847 frater
1535 4788 1648 4846 noster
1670 4830 1678 4845 .
1702 4829 1709 4845 .
1733 4781 1844 4845 Ratis-

191 4884 347 4970 ponensis
377 4883 574 4970 episcopus²
602 4885 643 4949 ad
669 4886 869 4972 presentiam
899 4886 1103 4971 imperialem
1138 4886 1314 4950 accesserit
1343 4906 1401 4971 pro
1438 4887 1579 4951 ecclesie
1614 4907 1672 4950 sue
1701 4885 1843 4969 negotiis

191 4989 437 5075 promovendis,
468 4989 616 5054 volumus
647 4995 681 5053 et
710 4987 920 5069 mandamus,
950 4995 986 5053 ut
1015 4987 1120 5054 donec
1149 4988 1190 5053 ad
1214 4989 1387 5053 ecclesiam
1418 4989 1523 5073 ipsam
1546 4988 1744 5066 accesserit,
1775 4988 1846 5050 eius

191 5091 334 5158 bonores
362 5099 396 5157 et
418 5093 489 5156 iura
515 5090 665 5178 diligenti
689 5091 909 5157 sollicitudine
933 5094 1151 5174 conservetis,
1182 5093 1349 5177 quoslibet
1371 5093 1426 5178 qui
1450 5113 1489 5157 ea
1512 5091 1771 5178 presumpserint
1792 5091 1843 5153 in-

115 5225 139 5261 ·s
192 5195 312 5261 vadere
336 5196 389 5260 vel
411 5195 555 5274 turbare,
578 5195 674 5260 modo
698 5195 846 5282 predicto
869 5217 928 5282 por
951 5218 1122 5261 censuram
1143 5197 1402 5261 ecclesiasticam
1423 5196 1644 5282 appellatione
1661 5194 1846 5279 postposite

192 5298 441 5388 compescendo.
486 5297 581 5372 Quod
605 5299 634 5364 si
656 5321 720 5364 non
745 5320 858 5365 omnes
880 5337 933 5381 -,
957 5307 994 5364 tn
1016 5321 1056 5365 ea
1078 5301 1178 5366 trater
1203 5301 1357 5386 episcope
1380 5321 1454 5364 cum
1476 5320 1589 5364 eorum
1611 5298 1715 5363 altero
1740 5303 1802 5360 otc.

295 5418 382 5484 Data
405 5419 567 5504 Anagnia,
589 5418 675 5483 XIII
698 5418 773 5483 Kal.
796 5419 883 5502 Iulii,
906 5441 990 5484 anno
1014 5418 1040 5482 Ι.

304 5599 536 5606 .--...---..
1684 5597 1727 5602 ·-
1730 5597 1739 5602 ·

296 5699 321 5766 l)
340 5697 376 5766 cs.
390 5713 415 5753 n.
432 5703 496 5752 305,
557 5697 585 5764 2)
604 5696 779 5766 sigefridum
797 5696 830 5750 de
848 5715 879 5750 re
897 5696 933 5765 cf.
948 5696 1029 5760 Rr'ed,
1052 5695 1116 5750 coc.
1129 5696 1197 5766 dipl.
1211 5697 1357 5754 Ratisbon.
1371 5704 1389 5752 t.
1403 5699 1428 5752 Ι.
1438 5715 1467 5766 p.
1483 5699 1635 5756 tlt-351,
1647 5711 1673 5750 n.
1690 5697 1846 5747 tor-369.
