4524 6412
792 395 991 450 EPISTOLAE
1009 395 1198 451 suescunt.
1234 397 1308 451 1227.
1817 399 1879 464 257

226 567 378 632 fidelibus
409 569 456 632 ibi
489 570 709 635 existentibus
740 570 937 654 gratiosior?
991 569 1072 643 Quis
1103 569 1283 664 terribilior
1308 570 1518 634 infidelibus?
1571 569 1652 643 Quis
1681 572 1791 636 utilior
1821 572 1880 636 toti

227 671 360 756 negotio
384 671 485 736 Terre
510 671 653 737 Sancte?
697 672 785 737 Ecce
816 674 845 736 si
874 673 963 737 nulla
993 673 1056 737 sibi
1080 678 1169 737 esset
1191 674 1351 738 affinitate
1372 673 1581 753 coniunctus,
1613 674 1749 740 deberet
1772 683 1880 740 tamen

228 781 362 859 propter
385 775 611 841 strenuitatem
635 783 669 840 et
691 776 884 840 industriam
907 776 977 840 eius
1001 787 1035 840 et
1057 783 1192 862 propter
1216 798 1288 841 eum
1312 798 1409 862 quam
1431 777 1531 843 habet
1553 779 1691 862 gratiam
1713 779 1883 843 hominum

228 878 443 964 notitiamque
458 881 616 958 locorum,
641 879 705 944 sibi
722 901 858 964 regnum
876 880 1079 944 committere
1097 878 1328 965 supradictum.
1376 879 1441 945 Sed
1457 881 1521 945 etsi
1544 882 1726 967 simplicem
1742 883 1880 947 militem

162 1030 167 1042 .
227 981 261 1043 in
293 1003 443 1046 socerum
470 984 719 1069 assumpsisset,
750 983 887 1047 deberet
916 1004 990 1047 eum
1019 981 1175 1047 decorare
1207 984 1299 1068 regia
1327 983 1496 1069 dignitate.
1541 984 1594 1048 An
1621 984 1789 1070 pulchrius
1819 985 1881 1049 sibi

227 1092 279 1149 est
308 1085 421 1149 militis
449 1107 607 1171 generum
636 1109 711 1151 esse
742 1108 839 1172 quam
869 1087 978 1171 regist
1029 1087 1082 1149 An
1113 1086 1282 1171 pulchrius
1312 1088 1376 1151 erit
1402 1086 1496 1166 filiis,
1527 1109 1608 1173 quos
1640 1109 1683 1152 ex
1710 1089 1777 1152 lilia
1804 1088 1882 1152 dicti

226 1189 315 1272 regis
338 1189 510 1274 suscipiet,
540 1211 636 1253 avum
665 1190 801 1254 militem
829 1188 952 1253 habere
976 1209 1072 1272 quam
1102 1191 1250 1274 regem‘t'
1296 1189 1370 1256 Hec
1394 1197 1428 1254 et
1451 1190 1570 1255 similia
1592 1192 1684 1277 parvi
1706 1192 1882 1277 loquuntur

228 1298 262 1355 et
283 1293 403 1375 magni,
426 1292 624 1357 admirantes
648 1314 748 1379 super
770 1290 957 1356 huiusmodi
981 1291 1077 1371 lacto,
1100 1299 1133 1356 et
1155 1291 1247 1370 illud,
1270 1299 1307 1357 ut
1329 1294 1500 1378 loquamur
1522 1293 1641 1374 venus,
1665 1293 1880 1360 detestantes.

228 1394 333 1459 Nobis
367 1416 495 1480 quoque
533 1417 570 1460 ac
604 1396 759 1461 iratribus
799 1395 920 1460 nostris
962 1394 1138 1457 insultatur
1170 1415 1190 1457 a
1223 1395 1349 1475 multis,
1388 1417 1427 1460 eo
1463 1395 1548 1480 quod
1583 1379 1680 1461 huius
1715 1397 1882 1462 affinitatis

163 1524 168 1554 ι
228 1498 426 1564 mediatores
455 1499 640 1576 extitimus,
668 1501 804 1586 ipsaque
835 1498 922 1582 regis
953 1495 1123 1583 depressio
1155 1498 1250 1562 nobis
1275 1493 1512 1583 quodaminodo
1546 1501 1734 1586 imputatur.
1779 1500 1882 1566 Deni-

229 1623 291 1687 que
325 1623 385 1688 per
415 1603 539 1666 factum
574 1603 659 1667 inter
691 1610 724 1666 te
759 1608 792 1667 et
820 1602 927 1686 ipsum
956 1621 1069 1685 regem
1103 1599 1274 1664 dissidium
1307 1602 1482 1665 multorum
1510 1601 1641 1668 devotio
1669 1605 1755 1668 circa
1781 1604 1883 1668 Terre

230 1705 350 1770 Sancte
373 1705 568 1786 subsidium,
592 1713 629 1769 ut
651 1705 785 1782 dicitur,
809 1703 1010 1788 refrigescit,
1034 1724 1132 1788 quam
1154 1703 1256 1767 iacies
1279 1705 1501 1784 recalescere,
1526 1706 1554 1769 si
1577 1704 1618 1769 ad
1641 1706 1748 1792 ipsum
1771 1727 1882 1791 regem

230 1816 331 1886 tuum,
354 1817 391 1873 ut
413 1808 519 1887 decet,
543 1811 667 1873 vultum
690 1816 724 1874 et
746 1808 890 1872 animum
914 1807 1079 1870 curaveris
1104 1827 1269 1873 serenare.
1320 1806 1558 1873 Desiderantes
1582 1828 1660 1893 ergo
1685 1808 1767 1873 hanc
1792 1811 1884 1895 quasi

228 1911 389 1997 quandam
424 1912 576 1977 nebulam
608 1935 627 1977 a
659 1913 707 1977 tui
743 1913 921 1976 serenitate
954 1911 1094 1974 nominis
1125 1926 1313 1991 removere,
1346 1933 1384 1975 ac
1420 1913 1515 1977 simul
1550 1934 1609 1999 pro
1644 1913 1748 1999 ipsius
1783 1914 1883 1979 Terre

231 2016 351 2080 Sancte
387 2015 549 2094 subsidio,
584 2016 636 2080 aui
671 2023 728 2079 tua
763 2023 796 2079 et
830 2013 977 2080 eiusdem
1012 2013 1099 2098 regis
1133 2014 1359 2078 reconciliatio
1394 2021 1445 2079 est
1477 2016 1651 2101 plurimum
1686 2018 1884 2091 neccssaria,

230 2126 429 2206 satagentes,
453 2121 668 2186 serenitatem·
682 2127 770 2182 tuam
792 2139 971 2194 monemus,
995 2137 1148 2200 rogamus
1166 2123 1200 2180 et
1221 2116 1431 2182 obsecramus
1453 2118 1487 2182 in
1503 2116 1634 2183 domino
1649 2119 1728 2185 Iesu
1744 2118 1885 2198 Christo,

230 2225 433 2310 postulantes
460 2245 520 2310 pro
543 2243 677 2286 munere
709 2223 858 2308 speciali,
889 2221 1043 2306 quatinus
1072 2226 1181 2285 tecum
1205 2220 1276 2305 ipse
1299 2221 1500 2306 recogitans,
1523 2243 1618 2307 quam
1643 2221 1820 2288 absurdum
1843 2224 1886 2286 sit

230 2333 356 2392 tantum
389 2335 422 2391 ct
451 2328 551 2391 talem
585 2326 689 2390 virum
726 2326 900 2390 occasione
928 2323 1097 2388 affinitatis
1126 2331 1182 2388 tue
1215 2324 1458 2408 magnificentie
1491 2324 1644 2410 deprimi,
1676 2347 1750 2391 cum
1782 2327 1885 2390 solam

230 2431 485 2494 familiaritatem
509 2435 565 2494 tue
589 2429 800 2494 sublimitatis
832 2427 970 2514 adeptos
992 2448 1052 2514 per
1081 2447 1154 2491 eam
1188 2426 1305 2492 deceat
1332 2427 1487 2508 exaltari,
1521 2449 1558 2492 ac
1587 2428 1756 2516 sepedicta
1783 2428 1885 2494 Terre

152 2556 164 2594 r
232 2534 351 2599 Sancte
373 2534 547 2597 utilitatem
571 2532 754 2610 attendens,
778 2532 900 2597 dictum
923 2553 1034 2616 regern
1057 2531 1090 2594 in
1113 2531 1294 2616 imperialis
1310 2531 1416 2614 gratie
1437 2529 1674 2616 plenitudinem
1691 2552 1886 2612 reassumas,

230 2658 369 2723 eumque
393 2636 455 2700 tibi
477 2636 524 2700 sic
548 2635 725 2700 efficaciter
748 2635 960 2712 reconcilies,
991 2633 1077 2719 quod
1106 2635 1155 2698 tui
1178 2635 1390 2698 serenitatem
1413 2634 1513 2698 animi
1537 2656 1712 2720 argaeum
1734 2637 1807 2722 ipsa
1829 2658 1887 2701 ex·

230 2741 389 2806 hibitione
414 2740 522 2824 operis
551 2739 762 2820 manifestas,
795 2760 867 2802 cum
892 2739 920 2802 si
943 2737 1119 2824 diligenter
1141 2737 1293 2802 attendas
1316 2737 1398 2802 illud
1422 2758 1486 2823 quo
1508 2737 1568 2802 tibi
1590 2739 1719 2802 iunctus
1743 2743 1794 2802 est
1815 2737 1886 2800 vin-

232 2846 358 2924 culum,
380 2843 477 2907 facile
500 2843 608 2930 possis
631 2841 803 2907 advertere
826 2841 991 2906 neminem
1015 2861 1107 2922 esse,
1141 2861 1282 2926 persona
1304 2841 1364 2904 filii
1387 2842 1434 2904 tui
1457 2839 1626 2905 dumtaxat
1648 2846 1804 2926 excepta,
1834 2840 1889 2924 qui

230 2956 264 3014 te
288 2947 447 3012 sincerius
470 2947 541 3032 ipso
564 2968 642 3031 rege
664 2946 802 3031 diligere
819 2945 947 3026 debeat,
971 2947 1023 3009 vel
1046 2944 1088 3009 de
1111 2966 1175 3029 quo
1198 2952 1256 3009 tua
1273 2944 1455 3009 sublimitas
1471 2943 1622 3008 fiduciam
1644 2944 1750 3030 possit
1772 2965 1888 3028 gerere

233 3051 416 3117 certiorem.
481 3049 528 3114 Ut
561 3057 671 3114 autern
703 3051 869 3135 intelligas
903 3050 1053 3136 plenius,
1085 3069 1184 3133 quam
1216 3047 1332 3112 intime
1369 3047 1670 3113 reconciliationem
1703 3045 1890 3112 huiusmodi

231 3156 433 3233 affectemus,
456 3174 533 3218 ecce
557 3159 692 3240 propter
713 3153 776 3218 hoc
799 3153 974 3238 specialius
998 3152 1157 3216 mittimus
1185 3150 1226 3214 sd
1248 3157 1281 3215 te
1303 3149 1459 3216 dilectum
1481 3150 1584 3214 filium
1606 3150 1760 3216 abbatem
1777 3149 1889 3215 Sancti
1959 3161 1962 3170 ’

229 3259 363 3324 Martini
375 3256 597 3322 viterbiensis
619 3256 847 3322 cisterciensis
871 3257 1004 3337 ordinis,
1027 3258 1166 3321 latorem
1182 3256 1395 3343 presentium,
1421 3256 1525 3319 virum
1547 3255 1659 3339 utique
1682 3251 1888 3339 prudentem,

232 3361 421 3447 religiosum
452 3367 485 3426 et
511 3360 628 3443 fidum,
663 3361 875 3426 serenitatem
906 3367 995 3425 tuam
1030 3360 1248 3447 deposcentes
1279 3365 1423 3440 attente,
1455 3358 1607 3444 quatinus
1635 3357 1758 3444 ipsum,
1789 3356 1888 3422 immo

231 3466 341 3530 verius
364 3485 423 3529 nos
446 3465 479 3528 in
503 3465 590 3550 ipso,
621 3485 716 3529 cures
739 3463 853 3544 iniis,
880 3483 943 3548 que
967 3462 1008 3527 ad
1031 3462 1094 3527 hoc
1117 3463 1286 3547 negotium
1307 3462 1490 3548 pertinent,
1518 3467 1552 3526 et
1574 3459 1686 3525 audire
1710 3461 1890 3525 clementer

234 3577 269 3636 et
291 3569 468 3635 efficaciter
491 3567 648 3632 exaudire
659 3569 680 3631 ¹.

341 3688 464 3754 Datum
486 3687 597 3754 Later.
620 3687 670 3752 VI
692 3687 768 3753 Kal.
791 3687 887 3753 Febr.
911 3687 1122 3774 pontificatus
1145 3687 1249 3752 nostri
1272 3707 1356 3751 anno
1381 3684 1563 3750 undecimo.

860 3931 1271 3940 ——-.-——---—-

1020 4156 1105 4228 339.

347 4254 534 4348 Hmorms
556 4278 623 4344 III
640 4301 731 4360 papa
754 4278 891 4343 Iolmnni
919 4279 985 4362 rapi
1006 4277 1294 4360 Hierosolymitcno
1315 4276 1542 4357 patrimonium
1563 4275 1705 4340 ecclcsiae
1726 4273 1890 4338 Romanae

236 4409 258 4451 a
286 4385 483 4466 Rodicosano
514 4403 611 4464 usqae
646 4383 808 4461 Romam,
832 4385 958 4463 excepta
984 4380 1127 4446 nrarcbic
1155 4381 1373 4459 Ancon-itanc,
1413 4379 1528 4444 directa
1563 4377 1695 4458 Spoleti,
1731 4376 1828 4441 Reate
1861 4381 1891 4442 ct

238 4490 370 4568 Sabina,
392 4489 553 4553 coramittr't
568 4486 816 4571 paberacadnm,
839 4505 1001 4566 manesque
1016 4482 1278 4566 populositatem
1300 4481 1476 4546 lectitantes
1494 4485 1603 4560 merset,
1625 4485 1660 4546 nt
1681 4483 1711 4545 ci
1732 4480 1892 4544 humiliter

242 4593 416 4658 intericiunt.
1535 4589 1631 4663 1227,
1653 4584 1729 4649 Ian.
1750 4587 1803 4647 27.

342 4711 416 4766 Han.
435 4711 492 4764 III
508 4710 576 4776 Rep.
594 4708 655 4762 Lib.
675 4707 730 4771 XI,
748 4711 810 4760 497.
850 4706 969 4760 Ediraas
987 4722 1021 4759 ex
1039 4705 1130 4775 Rapa.
1148 4705 1221 4756 Anna.
1238 4703 1299 4757 eccz.
1319 4721 1345 4757 a.
1364 4707 1441 4764 1227,
1459 4705 1519 4767 §aa

342 4797 477 4861 Pollioni,
496 4797 564 4864 Rep.
584 4798 667 4849 7658.

347 4969 540 5034 Carissimi²
555 4969 588 5031 in
604 4967 734 5033 Christo
749 4969 808 5033 filii
823 4967 927 5033 nostri
941 4964 1108 5044 Iohannis,
1124 4963 1382 5029 lerosolimitsni
1395 4964 1484 5048 regis
1499 4962 1646 5042 illustris,
1663 4960 1890 5026 strenuitatem

239 5075 496 5159 industriamque
520 5079 712 5158 pensantes,
737 5073 898 5156 simulque
921 5071 1046 5134 firmam
1071 5089 1163 5154 spem
1186 5066 1405 5152 fiduciamque
1428 5071 1590 5143 tenentes,
1613 5062 1699 5148 quod
1721 5084 1781 5148 per
1803 5063 1889 5126 eius·

387 5231 456 5242 ---a--
666 5232 686 5236 ..
709 5227 1163 5236 -.-.-...-..-..-.-.-...--..---
1338 5227 1402 5232 -..-

345 5336 370 5398 1)
390 5333 426 5386 In
446 5335 544 5387 caron.
567 5331 667 5385 Taren.
692 5328 772 5396 [lire.
790 5327 838 5382 des
856 5327 983 5400 histrien
1003 5325 1117 5392 Gaulos,
1140 5330 1159 5378 t.
1178 5324 1298 5388 XVIII,
1314 5342 1344 5393 p.
1364 5325 1431 5391 318]
1457 5323 1558 5393 legitur
1574 5337 1664 5390 sepem
1681 5320 1772 5388 ipsum
1790 5317 1824 5372 ab
1842 5319 1891 5372 im·

235 5425 367 5491 peratore
380 5433 477 5487 pacem
491 5417 628 5487 petivisse,
650 5433 710 5470 curn
727 5415 925 5485 imperatricem
937 5414 1028 5482 yiliarn
1043 5412 1185 5482 peperisse
1202 5411 1320 5464 (audiret.
1340 5439 1372 5448 -
1392 5409 1473 5479 Papa
1486 5409 1597 5476 firmam
1615 5423 1689 5476 spem
1702 5405 1785 5475 pacis
1802 5403 1891 5471 refor-

237 5504 354 5559 mandae
364 5503 496 5559 babuisse
506 5503 623 5566 videtur,
641 5517 702 5556 cum
714 5501 805 5555 eodem
818 5499 862 5554 die
878 5501 938 5569 repi
951 5504 1059 5568 partem
1072 5497 1238 5567 patrimonii
1248 5495 1496 5550 administrandam
1508 5492 1640 5556 traderem
1659 5508 1682 5544 v.
1695 5490 1774 5559 infra
1786 5506 1813 5542 n
1828 5492 1891 5542 339.

239 5593 268 5660 2)
289 5591 393 5644 Forma
412 5591 605 5659 inscriptionis
622 5604 676 5642 nan
694 5587 764 5643 satis
780 5589 894 5641 emastat.
918 5616 949 5626 -
975 5585 1018 5652 Cf.
1038 5586 1147 5640 litteras
1165 5583 1299 5652 speciales
1318 5584 1351 5636 de
1368 5583 1420 5636 bac
1437 5597 1468 5636 re
1485 5579 1602 5647 sinpalis
1619 5577 1779 5632 civitatibus
1795 5575 1893 5628 misam

239 5697 285 5750 ap.
309 5676 430 5736 discissa,
450 5675 514 5728 Cod.
532 5675 600 5745 dipl.
618 5675 688 5728 dom.
706 5679 783 5742 temp.
802 5688 824 5726 s.
841 5673 896 5728 sed.
914 5678 933 5727 t.
952 5675 976 5734 I,
990 5688 1021 5741 p.
1040 5675 1085 5735 82,
1102 5686 1129 5724 n.
1148 5674 1211 5724 138.

343 5777 405 5826 Rro.
422 5775 504 5825 Posr.
523 5775 542 5826 1.
1651 5757 1685 5810 33
