4560 6420
435 398 496 459 724
620 441 623 446 .
1014 389 1062 444 ux
1080 387 1255 444 causamn
1273 386 1312 442 IX
1330 385 1511 442 REOESTRO

434 568 532 632 stiaui
555 566 733 652 respiciunt
761 566 878 630 offeret
906 585 942 628 se
974 571 1140 650 paratum,
1172 561 1203 627 ei
1233 561 1274 626 ad
1304 561 1409 626 sinum
1437 563 1550 627 matris
1580 561 1718 627 ecclesie
1747 560 1916 627 humiliter
1938 561 2095 626 redeunti

432 673 574 737 libenter
594 670 781 758 aperiemus
804 669 966 755 gremium
987 669 1168 754 apostolice
1190 667 1331 752 pietatis.

541 791 618 856 Dat.
641 798 678 857 ut
701 811 809 877 supra.

1052 945 1465 956 ..—..-——-—-—-

1214 1262 1301 1334 824.

538 1393 730 1504 (drepanius
742 1419 799 1485 lx
808 1441 895 1502 papa
910 1419 1062 1505 [Romu
1071 1418 1276 1501 patriarchae
1287 1415 1614 1502 Ho'crosolpmitano]¹
1635 1414 1775 1492 inundat,
1796 1419 1833 1478 ut
1846 1415 1875 1478 si
1889 1415 2092 1502 [Iohannes]

428 1524 676 1605 archiepiscopus
708 1523 881 1588 Ianuensis
907 1524 1065 1588 ecclesiam
1097 1542 1188 1587 suam
1210 1542 1272 1603 pro
1302 1521 1440 1602 pecuina
1473 1519 1665 1601 capeditioni
1689 1519 1881 1601 nepotiorum
1907 1522 2090 1586 necessaria
2151 1535 2163 1572 ⁵

429 1627 567 1710 obliquae
587 1627 675 1705 nolit,
698 1646 768 1691 cum
789 1626 833 1692 ad
852 1626 888 1690 id
909 1627 1080 1707 compellat.
1553 1641 1554 1644 ’
1728 1623 1821 1700 1241,
1843 1622 1919 1688 Iun.
1943 1625 1998 1687 25.

534 1762 618 1833 Grep.
637 1763 686 1816 IX
704 1762 772 1833 Rep.
794 1763 853 1818 Vol.
874 1764 950 1828 VII,
975 1767 1026 1829 59;
1052 1764 1082 1816 in
1105 1762 1256 1833 appendice
1274 1761 1336 1816 Lib.
1355 1759 1432 1816 XIV
1448 1760 1499 1814 aab
1526 1778 1554 1814 n.
1575 1763 1629 1813 781
1654 1766 1860 1815 concamarata
1880 1766 1948 1831 poet
1974 1778 2002 1815 n.
2021 1766 2090 1818 828,

427 1849 562 1905 Fortasse
588 1865 629 1918 ep.
656 1865 682 1902 n.
702 1851 771 1912 828,
801 1854 856 1904 824
883 1858 907 1908 et
936 1855 993 1905 825
1016 1851 1108 1920 primo
1131 1865 1187 1920 pro
1213 1848 1366 1919 appendice
1387 1847 1470 1901 Libri
1486 1845 1545 1902 XV
1565 1845 1702 1916 sepositae
1729 1852 1810 1901 mant
1835 1851 1860 1900 et
1884 1851 1950 1916 poet
1975 1854 2091 1903 marten

428 1952 522 2006 papae
547 1935 634 2003 [Aup.
651 1935 702 2003 22]
731 1935 830 1990 litteris
853 1936 886 1990 de
905 1943 1046 2006 apparatu
1063 1936 1171 2006 nauigii
1191 1936 1221 1988 in
1238 1933 1390 2005 appendice
1407 1933 1490 1987 Libri
1508 1932 1586 1987 XIV
1602 1931 1718 1986 collectis
1737 1932 1787 2001 [cs.
1805 1949 1831 1986 n.
1852 1935 1930 2002 784],
1955 1934 1995 1988 aa
2016 1951 2090 2003 quac

429 2022 593 2093 respiciunt,
609 2021 757 2077 adiunctae
773 2029 845 2077 sunt.
2137 2049 2161 2086 10

535 2243 617 2309 Oum
639 2251 672 2310 te
695 2266 753 2333 pro
775 2245 969 2331 quibusdam
994 2245 1103 2309 arduis
1126 2244 1266 2309 ecclesie
1280 2243 1428 2309 Romane
1445 2242 1586 2329 negotiis
1605 2242 1742 2306 Ianuam
1759 2241 1963 2309 destinantes
1983 2268 2085 2312 vene-

427 2347 523 2412 rabili
538 2348 630 2413 iratri
653 2350 951 2436 ..archiepiscopo
967 2348 1123 2412 Ianuensi
1145 2349 1266 2414 nostris
1290 2347 1476 2413 dederimus
1501 2346 1617 2411 litteris
1640 2347 1672 2410 in
1696 2344 1869 2429 mandatis,
1892 2356 1928 2413 ut
1950 2350 2086 2434 plenam

424 2450 484 2515 tibi
503 2473 603 2538 super
624 2453 686 2517 hiis
710 2474 773 2537 que
797 2453 858 2518 sibi
876 2475 918 2518 ex
934 2459 1027 2539 parte
1045 2460 1157 2518 nostra
1173 2452 1296 2518 dixeris
1319 2451 1417 2516 {idem
1438 2450 1610 2531 adhibens,
1633 2471 1692 2535 pro
1715 2453 1857 2536 pecunia
1878 2454 2085 2539 expeditioni

430 2555 635 2638 negotiorum
666 2559 853 2622 necessaria
884 2557 1077 2638 eorundem,
1108 2579 1205 2643 quam
1237 2558 1269 2622 ei
1300 2556 1435 2622 duxeris
1468 2553 1732 2641 exprimendam,
1769 2576 1804 2618 se
1832 2575 1871 2618 ac
1907 2557 2084 2622 ecclesiam

427 2657 625 2724 Ianuensem
647 2681 713 2725 non
737 2658 865 2725 dubitet
888 2661 1053 2746 obligare;
1076 2682 1135 2726 nos
1160 2662 1246 2726 enim
1269 2661 1347 2740 illis,
1371 2659 1488 2745 quibus
1505 2680 1577 2723 earn
1592 2659 1736 2744 persolvi
1751 2657 1871 2724 debere
1888 2663 2083 2742 constiterit,
2133 2684 2155 2722 u

424 2762 522 2846 plene
547 2762 588 2827 de
613 2784 653 2827 ea
677 2763 830 2828 satisfieri
852 2765 1022 2844 faciemus,
1045 2765 1153 2850 ipsum
1177 2769 1210 2828 et
1233 2763 1405 2827 ecclesiam
1431 2783 1524 2826 suam
1548 2783 1648 2849 super
1670 2761 1869 2847 obligatione
1896 2764 2086 2832 huiusmodi

424 2872 658 2930 conservantes
697 2867 908 2955 indempnes;
948 2867 1158 2948 mandamus,
1198 2867 1349 2952 quatinus
1386 2867 1413 2929 si
1445 2865 1550 2930 dietus
1590 2865 1856 2953 archiepiscopus
1893 2871 2085 2936 mandatum

429 2975 576 3034 nostrum
600 2971 786 3056 neglexerit
815 2972 1009 3059 adimplere,
1041 2979 1077 3036 tu
1106 2993 1181 3038 eum
1209 2969 1251 3036 ad
1281 2971 1314 3035 id
1345 2972 1538 3035 auctoritate
1567 2977 1679 3035 nostra
1706 2971 1925 3059 appellatione
1957 2983 2086 3039 remota

425 3074 616 3159 compellas.

530 3193 607 3258 Dat.
631 3194 786 3260 Lateran.
809 3193 875 3258 VII
897 3193 973 3261 Kal.
996 3195 1081 3272 Iulii,
1107 3216 1192 3259 anno
1216 3194 1290 3260 XV.
2130 3217 2153 3257 n

531 3315 571 3379 In
594 3314 734 3381 eundem
757 3315 827 3381 fere
850 3316 982 3381 modum
1006 3319 1161 3404 scriptum
1185 3324 1236 3382 cst
1259 3338 1358 3403 super
1381 3317 1444 3382 boc
1468 3315 1575 3382 cidem
1598 3315 1857 3403 archiepiscopo.

528 3417 568 3482 In
591 3419 733 3486 eundem
756 3420 887 3485 modum
911 3421 1055 3506 capitulo
1082 3422 1247 3486 Ianuensi.

528 3520 567 3584 In
591 3522 731 3587 eundem
754 3523 886 3588 modum
909 3524 1021 3589 abbati
1044 3530 1078 3589 et
1101 3525 1275 3590 conventui
1298 3523 1409 3589 Sancti
1432 3524 1606 3589 Fructuosi
1627 3524 1801 3588 Ianuensis
1824 3524 1979 3594 diocesis.

527 3624 566 3688 Ia
590 3626 729 3691 eundem
752 3626 885 3691 modum
907 3627 1017 3692 abbati
1041 3636 1074 3692 et
1099 3629 1275 3694 conventui
1298 3627 1412 3692 Sancti
1435 3628 1508 3714 Syri
1531 3626 1715 3692 Ianuensis.

525 3727 565 3793 In
588 3729 729 3794 eundem
752 3731 883 3795 modum
907 3731 1020 3796 abbati
1043 3739 1077 3797 et
1099 3733 1274 3798 conventui
1298 3731 1410 3797 Sancti
1436 3731 1659 3797 Bartholomei
1683 3731 1724 3796 de
1741 3731 1881 3796 Fossato
1901 3732 2082 3802 Ianuensis
2133 3762 2156 3800 is

419 3829 571 3898 diocesis.
1611 3841 1613 3847 ’

1046 4013 1458 4021 ———-——-

1178 4281 1288 4401 aas.

526 4448 717 4559 Granius
737 4476 794 4542 ΙΧ
816 4497 902 4558 popa
924 4479 1058 4565 [eidam
1079 4481 1239 4564 oblipaudi
1260 4481 1438 4546 Romanam
1459 4481 1617 4546 ecclesiam
1640 4501 1701 4562 pro
1722 4480 1858 4561 pemmo
1882 4483 2081 4562 capeditioni

415 4579 607 4658 nepotianum
627 4581 807 4646 necessaria
825 4586 1007 4661 potestatem
1028 4586 1172 4652 coneedit.
1717 4586 1811 4662 1241,
1833 4584 1909 4652 Iun.
1930 4588 1988 4654 25.

522 4714 601 4785 Grep.
620 4717 670 4770 IX
686 4715 755 4785 Rep.
777 4716 835 4772 Vol.
859 4717 926 4781 1⁷11,
946 4721 994 4782 595
1012 4721 1042 4774 in
1059 4721 1212 4791 appendice
1228 4720 1290 4776 Lib.
1310 4721 1389 4776 XIV
1402 4723 1454 4776 sub
1471 4738 1499 4777 n.
1519 4727 1572 4778 781
1590 4725 1791 4777 commemorata
1805 4726 1871 4791 post
1888 4738 1915 4776 n.
1936 4727 2002 4779 824.

518 4927 568 4999 ‘Ut
589 4938 758 5022 negotium
781 4938 841 5002 tibi
865 4942 1075 5007 commissum
1098 4941 1226 5009 facilius
1251 4950 1284 5009 et
1306 4947 1424 5014 melius
1446 4948 1555 5011 valeat
1579 4945 1738 5031 expediri,
1761 4946 1930 5031 obligandi
1947 4947 2074 5016 Roma·
2126 4980 2152 5019 n

414 5060 489 5102 nam
514 5042 687 5107 ecclesiam
711 5065 769 5130 pro
793 5046 935 5136 pecunia
957 5048 1145 5112 necessaria
1168 5050 1369 5135 expeditioni
1391 5051 1596 5136 negotiorum
1619 5052 1763 5136 ipsorum
1786 5049 1922 5114 liberam
1948 5052 2010 5116 tibi
2035 5053 2077 5118 de

414 5141 549 5208 fratrum
572 5152 758 5210 nostrorum
782 5149 919 5212 consilio
944 5150 1152 5216 concedimus
1175 5159 1382 5240 potestatem.

521 5263 595 5327 Dat.
619 5272 656 5329 nt
679 5287 787 5351 supra.

522 5383 687 5472 Scriptum
712 5392 762 5449 est
785 5387 969 5473 superbae
992 5437 1025 5454 ..
1048 5392 1224 5476 potestati²
1249 5400 1284 5460 et
1306 5397 1442 5461 consilio
1465 5396 1690 5462 Ianuensium.

515 5678 542 5746 1)
562 5677 607 5731 Ad
627 5696 687 5733 eum
708 5681 780 5736 lianc
803 5686 946 5753 epistotam
964 5690 990 5739 et
1006 5694 1159 5754 sequentem
1176 5689 1280 5745 missae
1299 5705 1358 5744 esse
1375 5707 1411 5743 ea
1427 5691 1697 5744 acascomarcos.
1749 5691 2069 5758 2)Gui11elmoSurrlo.
2121 5715 2146 5756 is
