4604 6420
440 414 502 474 340
1019 409 1066 462 EX
1084 407 1259 462 GREGORJI
1277 409 1315 463 IX
1334 405 1514 462 REGIS'I'RO

440 582 603 647 cautelam
629 588 761 646 tenores
788 581 971 646 litterarum
1000 581 1236 646 continentium
1266 581 1452 646 cautionem
1475 579 1567 644 vobis
1598 579 1657 645 sub
1690 579 1780 645 bulla
1802 586 1915 646 nostra
1937 578 2093 644 duximus

440 683 661 751 destinandos.
707 683 771 758 Qui
794 690 870 748 sunt
892 685 994 750 tales:
1022 682 1208 748 Friderieus
1232 685 1322 750 cto.¹.
1367 683 1477 748 Tener
1499 683 1634 746 aliarum
1662 682 1860 748 litterarum:
1897 683 1937 746 In
1959 683 2093 745 nomine

439 787 573 852 Domini
595 808 700 854 amen.
746 785 922 852 Bertoldus
950 794 1012 852 etc.
1048 786 1166 852 donee:
1202 785 1432 852 satisfecerit2.
1484 784 1593 849 Tener
1620 785 1757 848 aliarum
1788 786 1987 850 litterarum:
2022 783 2092 848 Nos

439 890 466 954 I.
491 896 553 956 etc.
588 889 787 978 precipimus
821 888 954 954 domino
988 889 1196 976 imperatori,
1229 890 1315 975 quod
1351 911 1370 954 a
1403 888 1456 953 die
1492 887 1708 952 absolutionis
1740 894 1803 952 etc.
1839 887 1969 952 domino
2005 908 2090 973 pape

440 995 660 1060 reservetur³.

548 1115 635 1180 Data
657 1114 819 1200 Anagnia,
842 1113 891 1180 VI
913 1112 992 1179 Idus
1016 1113 1133 1180 Ootob.
1157 1113 1364 1201 pontificatus
1387 1112 1491 1177 nostri
1513 1132 1598 1175 anno
1622 1117 1747 1196 quarto.

1062 1399 1472 1408 ....—.——————-

1223 1683 1311 1758 ddi.

550 1794 741 1905 Graeceius
773 1821 829 1887 IX
855 1841 946 1902 papa
980 1821 1217 1906 F[riderieam]
1251 1822 1468 1887 Romanorum
1504 1823 1720 1903 imperatorem
1755 1825 1872 1898 nronet,
1907 1824 1943 1884 at
1970 1819 2095 1903 'spretis

440 1925 651 2005 improborum
677 1925 818 1989 coamiiis
845 1923 983 1990 mines
1009 1925 1046 1989 de
1073 1925 1188 2008 Fapia,
1223 1924 1369 2004 Ciuitate,
1406 1925 1515 1992 Casuli
1543 1924 1642 2001 Novo,
1673 1925 1789 1992 Sancto
1816 1925 1928 1991 Severo
1953 1927 1983 1988 et
2012 1923 2095 1987 alias

441 2027 590 2109 precedam
612 2027 649 2091 de
675 2027 868 2108 &rimante
889 2028 1123 2093 misericordias
1138 2032 1320 2109 pertractet.
1748 2030 1842 2106 1230,
1867 2025 1931 2090 Oet.
1954 2026 2005 2091 15.

546 2147 629 2216 Grep.
647 2146 697 2200 IX
717 2146 782 2215 nep.
806 2147 867 2202 Lib.
890 2147 943 2212 IV,
972 2152 1015 2204 71.
1059 2147 1180 2202 Edinras
1205 2147 1276 2202 tanc
1303 2149 1446 2218 epistolam
1472 2164 1507 2202 ea
1533 2147 1627 2217 Rapa.
1655 2149 1727 2200 Aea.
1754 2147 1816 2200 eccl.
1842 2163 1868 2200 a.
1896 2149 1981 2210 1230,
2008 2148 2025 2209 §
2052 2149 2095 2211 17,

440 2233 594 2301 suppletam
613 2247 647 2286 ea
667 2231 773 2288 delicet.
793 2232 886 2287 Paris.
905 2250 951 2302 ap.
971 2232 1267 2302 dictitaret-Brittones,
1285 2233 1302 2288 l.
1321 2250 1342 2287 c.
1360 2239 1379 2290 t.
1398 2236 1457 2299 III,
1471 2251 1502 2303 p.
1520 2237 1582 2287 245.

448 2393 449 2396 Ἰ
544 2317 680 2383 Pattbast,
699 2319 769 2389 Rep.
789 2321 871 2374 8626.

443 2527 687 2622 Gregorius
714 2533 794 2603 etc.
819 2529 873 2620 F,
901 2529 1071 2606 illustri
1089 2531 1391 2605 Romanorum
1418 2530 1679 2622 imperatori
1704 2551 1877 2623 semper
1903 2535 2097 2622 augusto

1095 2657 1137 2726 et
1163 2652 1258 2744 regi
1284 2651 1443 2726 Sicilie.

550 2797 627 2862 Non
641 2796 840 2877 dubitamus,
856 2798 933 2882 quin
947 2798 1048 2884 aliqui
1064 2799 1161 2866 corde
1178 2800 1335 2887 perversi,
1357 2799 1399 2864 ab
1414 2799 1582 2864 incentore
1600 2799 1758 2863 malorum
1775 2800 1919 2864 omnium
1943 2800 2095 2885 nequiter
2162 2851 2168 2864 .

442 2901 599 2985 instigati,
622 2900 907 2966 mansuetudinem
927 2908 1016 2966 tuam
1032 2901 1221 2988 frequenter
1236 2907 1441 2989 attemptent‚
1466 2900 1673 2986 suggerendo
1693 2901 1873 2988 procaciter
1890 2910 1926 2967 ut
1945 2904 2098 2968 iniuriam

443 3003 607 3089 propriam
631 3003 933 3070 immisericorditer
954 3026 1169 3091 prosequens,
1193 3007 1342 3073 homines
1365 3012 1439 3070 turos
1464 3004 1504 3070 dc
1528 3005 1650 3090 Fugio,
1674 3005 1832 3086 Ciuitate,
1858 3005 1969 3070 Oasali
1991 3006 2097 3088 Novo,

445 3106 565 3170 Sancto
590 3105 770 3172 Severino⁴
800 3113 833 3173 et
858 3109 939 3172 alios
964 3109 1120 3194 quosdam
1152 3108 1193 3174 de
1218 3109 1435 3196 Oapitaneatu
1458 3111 1565 3173 minus
1588 3109 1729 3172 humane
1759 3114 1960 3194 pertractes,
1983 3109 2098 3195 sicque

444 3209 542 3271 saluti
565 3215 598 3273 et
620 3207 706 3274 fame
730 3215 804 3290 tue,
834 3231 970 3294 quarum
994 3233 1029 3277 se
1053 3213 1209 3277 simulant
1232 3211 1422 3292 dilectores,
1455 3211 1590 3276 insidias
1619 3210 1837 3297 pervicaciter
1859 3212 2097 3293 machinentur,

446 3317 482 3375 ut
506 3312 713 3378 clementiam
735 3320 866 3379 vertens
889 3313 976 3400 quod
999 3315 1086 3380 absit
1108 3316 1141 3380 in
1165 3317 1256 3397 iram,
1279 3314 1524 3380 misericordem
1548 3335 1727 3400 exasperes
1749 3313 2016 3400 Redemptorem,
2040 3313 2097 3398 qui
2151 3339 2157 3354 ·

446 3413 710 3480 misericordibus
733 3416 989 3482 misericordiam
1012 3418 1211 3504 impertitur,
1236 3425 1269 3484 et
1292 3424 1404 3483 contra
1427 3423 1459 3482 te
1483 3416 1650 3481 hominum
1682 3437 1740 3480 ora
1770 3416 1924 3481 laxentur
1952 3413 2097 3481 murmuss

445 3517 586 3580 rentium
610 3523 644 3583 et
667 3519 893 3602 clamantium,
915 3520 1001 3606 quod
1024 3526 1090 3585 tam
1114 3521 1246 3586 celebre
1268 3521 1390 3584 festum
1412 3519 1513 3606 pacis,
1537 3524 1586 3583 tot
1608 3519 1692 3583 votis
1715 3519 1883 3583 hominum
1905 3520 2098 3606 expetitum,

445 3627 512 3684 tem
535 3619 600 3685 cito
623 3621 656 3684 in
679 3621 803 3687 luctum
821 3623 958 3689 vertitur
981 3628 1014 3687 et
1029 3624 1218 3703 lamentum,
1242 3623 1353 3687 multis
1377 3620 1652 3686 tumultuantibus
1676 3627 1710 3686 et
1731 3620 1915 3686 dicentibus
1938 3622 2097 3688 ‘Haecine

445 3722 509 3788 duo
532 3744 651 3808 magna
672 3725 845 3791 luminaria
869 3733 1107 3806 convenerunt,
1130 3734 1167 3791 ut
1188 3727 1309 3790 multos
1332 3724 1478 3789 tenebris
1503 3723 1625 3788 doloris
1655 3724 1861 3790 involverent
1883 3730 1917 3790 et
1938 3725 2096 3806 horroris,

446 3832 479 3890 et
501 3827 556 3911 qui
579 3827 765 3906 hominibus
788 3833 925 3915 presunt
945 3835 982 3892 ut
1003 3830 1147 3914 prosint,
1170 3830 1205 3893 in
1233 3828 1444 3894 tribulatione
1476 3829 1684 3893 consentiunt
1714 3827 1951 3893 subditorum‘l’
1986 3827 2096 3903 Quare
2151 3862 2177 3897 =s

445 3928 557 3996 dolore
574 3931 776 3996 confodimur
790 3932 824 3995 in
840 3932 968 3996 occulto
985 3938 1018 3996 ct
1037 3931 1153 3998 rubore
1171 3931 1399 3998 confundimur
1416 3933 1450 3996 in
1465 3938 1590 4017 aperto,
1605 3932 1670 3995 nisi
1684 3931 1838 3996 decidant
1853 3951 1873 3995 a
1888 3931 2097 4016 cogitationi-

445 4031 506 4097 bus
537 4033 604 4097 suis
634 4035 845 4098 consiliorum
870 4034 1049 4101 salubrium
1078 4057 1307 4122 perversores,
1338 4041 1370 4100 te
1401 4035 1476 4099 illos
1508 4035 1688 4100 secundum
1714 4035 1919 4122 impietatum
1950 4037 2097 4122 ipsorum

447 4135 688 4202 multitudinem
718 4138 922 4223 expellente,
959 4159 1001 4204 nc
1036 4138 1209 4204 sedentes⁸
1243 4159 1317 4203 eum
1347 4137 1448 4203 divite
1478 4139 1511 4202 in
1544 4137 1671 4203 insidiis
1702 4138 1735 4202 in
1767 4139 1894 4202 occulto
1926 4137 2097 4204 destruant

445 4239 653 4316 innocentes;
687 4240 744 4305 ssd
779 4240 1017 4307 detractoribus
1052 4243 1141 4306 velut
1173 4241 1317 4306 nubibus
1351 4241 1503 4327 aquilone
1536 4242 1675 4326 iugatis,
1708 4241 1882 4306 clementie
1915 4241 2098 4329 imperialis

445 4343 607 4407 serenitas
630 4344 756 4409 cunctis
780 4344 902 4408 clareat
925 4345 1103 4425 luminosa,
1135 4344 1168 4408 in
1192 4365 1256 4430 qua
1278 4345 1369 4409 velut
1391 4345 1425 4408 in
1448 4343 1501 4408 die
1531 4349 1605 4430 post
1629 4364 1731 4429 opace
1754 4345 1859 4409 noctis
1883 4345 2037 4410 tenebras
2062 4351 2096 4410 et

445 4444 569 4509 horridi
591 4445 729 4530 fragoris
753 4449 921 4532 angustias
944 4449 1094 4514 homines
1118 4449 1241 4513 intimis
1264 4448 1438 4514 affectibus
1460 4447 1677 4513 delectentur.
1730 4447 1781 4514 Ne
1804 4449 1904 4534 igitur
1925 4449 2097 4533 utriusque

446 4554 592 4612 nostrum
615 4569 735 4614 nomen
758 4551 896 4616 ulterius
920 4553 1179 4639 blasphemetur,
1203 4553 1408 4638 imperialem
1433 4550 1661 4617 celsitudinem
1684 4571 1847 4636 rogamus,
1871 4573 2041 4616 monemus
2064 4558 2099 4617 et

447 4650 613 4715 hortamur
643 4653 676 4715 in
704 4651 863 4733 Domino,
895 4654 1085 4720 adiurantes
1114 4676 1175 4740 per
1203 4655 1369 4719 dominum
1397 4654 1509 4718 Iesum
1533 4652 1716 4736 Christum,
1740 4655 1796 4739 qui
1821 4656 1947 4740 prefert
1969 4655 2098 4720 miseri-

291 4755 433 4859 P‘ssss'ffl
453 4753 596 4818 cordiam
617 4755 833 4836 holocaustis,
856 4763 1016 4842 quatenus
1038 4757 1215 4843 prudenter
1238 4755 1429 4836 attendens,
1451 4754 1538 4841 quod
1560 4757 1676 4820 melior
1700 4763 1751 4822 est
1777 4758 1906 4843 patiens
1929 4757 1999 4822 viro
2022 4745 2099 4822 forti

448 4863 482 4923 et
503 4877 563 4942 per
590 4857 783 4943 patientiam
805 4858 865 4922 viri
888 4859 1037 4924 doctrina
1059 4861 1278 4944 cognoscitur,
1301 4858 1536 4940 misericordia,
1560 4859 1612 4923 cui
1635 4865 1745 4924 cetere
1769 4861 1906 4926 virtutes
1930 4861 2100 4925 humiliter
2153 4889 2178 4927 ss

448 4961 686 5045 obsequuntur,
721 4967 754 5027 te
786 4962 957 5048 permittas
993 4963 1169 5030 salubriter
1202 4963 1365 5050 superari,
1399 4984 1473 5027 cum
1507 4983 1672 5047 nunquam
1706 4963 1788 5027 alias
1821 4963 1951 5028 felicius
1986 4966 2099 5030 valeas

445 5064 667 5151 triumphare;
698 5063 931 5150 dimittensque
962 5064 1165 5133 debitoribus
1189 5067 1254 5131 tuis
1279 5088 1321 5132 ex
1344 5065 1457 5149 eorde,
1489 5067 1581 5131 illum
1603 5066 1656 5132 cui
1679 5068 1787 5131 omnia
1810 5065 1912 5132 debes
1935 5067 1996 5131 tibi
2020 5089 2099 5132 con-

446 5166 564 5233 stituas
587 5167 706 5233 merito
733 5166 934 5250 debitorem,
959 5176 993 5235 et
1014 5175 1081 5236 tam
1108 5177 1219 5237 nostro
1242 5191 1339 5256 quam
1362 5177 1419 5235 tuo
1442 5169 1559 5256 pudori
1581 5169 1716 5257 provide
1740 5171 1932 5251 consulens,
1955 5191 2015 5235 nos
2038 5171 2101 5235 tibi

1031 5349 1263 5356 —.—.--—--..-.-...

551 5462 573 5528 ¹)
591 5479 624 5515 nc
641 5463 799 5516 sedentes-
810 5464 1000 5532 blasphemetur
1017 5484 1048 5519 err
1065 5467 1135 5518 JrB.

550 5598 576 5665 1)
593 5615 621 5650 n.
640 5601 701 5664 415,
720 5600 760 5653 ΙΙ.
860 5599 887 5666 2)
905 5615 932 5653 n.
951 5603 1010 5662 415,
1035 5600 1063 5653 V.
1162 5602 1189 5669 3)
1208 5618 1234 5655 a.
1253 5606 1313 5665 415,
1332 5601 1404 5655 XII.
1502 5602 1530 5668 4)
1549 5601 1629 5653 isarno
1649 5602 1753 5653 Sancto
1772 5601 1888 5664 Senam
1906 5603 1942 5669 cs.
1961 5598 2047 5670 Ryce.
2065 5599 2099 5655 de
2150 5609 2179 5647 *θ

444 5680 472 5738 S.
493 5681 582 5739 Germ.
601 5701 627 5737 a.
647 5687 729 5749 1230,
747 5685 795 5740 δ’δ’.
814 5684 902 5754 XIX,
916 5701 945 5754 p.
967 5689 1024 5740 358
1042 5689 1067 5739 et
1087 5691 1143 5742 359
1160 5694 1186 5742 rt
1204 5687 1492 5743 fluitaret-Brennus
1510 5687 1527 5740 l.
1547 5701 1568 5738 c.
1588 5691 1606 5740 t.
1626 5688 1684 5749 11],
1698 5702 1729 5755 p.
1748 5690 1810 5755 197,
1827 5691 1884 5740 nat.
1902 5691 1926 5739 1.
