<?xml version="1.0" encoding="UTF-8"?>
<!DOCTYPE html PUBLIC "-//W3C//DTD XHTML 1.0 Transitional//EN"
    "http://www.w3.org/TR/xhtml1/DTD/xhtml1-transitional.dtd">
<html xmlns="http://www.w3.org/1999/xhtml" xml:lang="en" lang="en">
 <head>
  <title>
</title>
<meta http-equiv="Content-Type" content="text/html;charset=utf-8" />
  <meta name='ocr-system' content='tesseract 3.04.00' />
  <meta name='ocr-capabilities' content='ocr_page ocr_carea ocr_par ocr_line ocrx_word'/>
</head>
<body>
  <div class='ocr_page' id='page_1' title='image "./monumentagerman00peipgoog/monumentagerman00peipgoog_0497.png"; bbox 0 0 4576 6390; ppageno 0'>
   <div class='ocr_carea' id='block_1_1' title="bbox 435 389 1517 462">
    <p class='ocr_par' dir='ltr' id='par_1_1' title="bbox 435 389 1517 462">
     <span class='ocr_line' id='line_1_1' title="bbox 435 389 1517 462; baseline -0.018 0"><span class='ocrx_word' id='word_1_1' title='bbox 435 400 498 462; x_wconf 78' lang='grc'>474</span> <span class='ocrx_word' id='word_1_2' title='bbox 1016 391 1064 445; x_wconf 85' lang='lat' dir='ltr'>EX</span> <span class='ocrx_word' id='word_1_3' title='bbox 1084 389 1259 444; x_wconf 80' lang='lat' dir='ltr'>GRIIGORII</span> <span class='ocrx_word' id='word_1_4' title='bbox 1277 389 1316 443; x_wconf 87' lang='lat' dir='ltr'>IX</span> <span class='ocrx_word' id='word_1_5' title='bbox 1334 389 1517 444; x_wconf 77' lang='lat' dir='ltr'>REGIS&#39;I&#39;RO</span> 
     </span>
    </p>
   </div>
   <div class='ocr_carea' id='block_1_2' title="bbox 433 563 2095 1991">
    <p class='ocr_par' dir='ltr' id='par_1_2' title="bbox 433 563 2095 1991">
     <span class='ocr_line' id='line_1_2' title="bbox 434 563 2092 652; baseline -0.005 -20"><span class='ocrx_word' id='word_1_6' title='bbox 434 568 589 648; x_wconf 89' lang='lat' dir='ltr'>illustris,</span> <span class='ocrx_word' id='word_1_7' title='bbox 614 589 650 632; x_wconf 92' lang='lat' dir='ltr'>se</span> <span class='ocrx_word' id='word_1_8' title='bbox 672 573 859 652; x_wconf 91' lang='lat' dir='ltr'>promptum</span> <span class='ocrx_word' id='word_1_9' title='bbox 882 563 1099 649; x_wconf 77' lang='lat' dir='ltr'>beneplacitis</span> <span class='ocrx_word' id='word_1_10' title='bbox 1122 563 1262 628; x_wconf 88' lang='lat' dir='ltr'>ecclesie</span> <span class='ocrx_word' id='word_1_11' title='bbox 1287 569 1320 628; x_wconf 90' lang='lat' dir='ltr'>ct</span> <span class='ocrx_word' id='word_1_12' title='bbox 1341 571 1492 648; x_wconf 90' lang='lat' dir='ltr'>paratum</span> <span class='ocrx_word' id='word_1_13' title='bbox 1517 563 1559 627; x_wconf 92' lang='lat' dir='ltr'>ad</span> <span class='ocrx_word' id='word_1_14' title='bbox 1582 563 1819 628; x_wconf 80' lang='lat' dir='ltr'>correctionem</span> <span class='ocrx_word' id='word_1_15' title='bbox 1842 563 2004 640; x_wconf 88' lang='lat' dir='ltr'>omniurn,</span> <span class='ocrx_word' id='word_1_16' title='bbox 2029 583 2092 646; x_wconf 91' lang='lat' dir='ltr'>que</span> 
     </span>
     <span class='ocr_line' id='line_1_3' title="bbox 433 665 2094 758; baseline -0.004 -23"><span class='ocrx_word' id='word_1_17' title='bbox 433 692 493 758; x_wconf 92' lang='lat' dir='ltr'>per</span> <span class='ocrx_word' id='word_1_18' title='bbox 515 671 647 734; x_wconf 94' lang='lat' dir='ltr'>nuntios</span> <span class='ocrx_word' id='word_1_19' title='bbox 672 690 748 733; x_wconf 92' lang='lat' dir='ltr'>suos</span> <span class='ocrx_word' id='word_1_20' title='bbox 770 673 961 753; x_wconf 91' lang='lat' dir='ltr'>presumpta</span> <span class='ocrx_word' id='word_1_21' title='bbox 982 673 1094 730; x_wconf 89' lang='lat' dir='ltr'>contra</span> <span class='ocrx_word' id='word_1_22' title='bbox 1112 666 1249 730; x_wconf 83' lang='lat' dir='ltr'>formam</span> <span class='ocrx_word' id='word_1_23' title='bbox 1269 666 1361 751; x_wconf 90' lang='lat' dir='ltr'>pacis</span> <span class='ocrx_word' id='word_1_24' title='bbox 1382 667 1575 742; x_wconf 77' lang='lat' dir='ltr'>existerent,</span> <span class='ocrx_word' id='word_1_25' title='bbox 1599 665 1805 750; x_wconf 82' lang='lat' dir='ltr'>exponendo,</span> <span class='ocrx_word' id='word_1_26' title='bbox 1829 666 1959 729; x_wconf 90' lang='lat' dir='ltr'>illorum</span> <span class='ocrx_word' id='word_1_27' title='bbox 1982 666 2094 750; x_wconf 90' lang='lat' dir='ltr'>aliqua</span> 
     </span>
     <span class='ocr_line' id='line_1_4' title="bbox 433 769 2093 860; baseline -0.001 -24"><span class='ocrx_word' id='word_1_28' title='bbox 433 775 497 836; x_wconf 90' lang='lat' dir='ltr'>ianr</span> <span class='ocrx_word' id='word_1_29' title='bbox 525 794 583 859; x_wconf 96' lang='lat' dir='ltr'>pro</span> <span class='ocrx_word' id='word_1_30' title='bbox 615 779 717 860; x_wconf 48' lang='lat' dir='ltr'>parte,</span> <span class='ocrx_word' id='word_1_31' title='bbox 738 771 896 848; x_wconf 83' lang='lat' dir='ltr'>correxit,</span> <span class='ocrx_word' id='word_1_32' title='bbox 929 775 962 833; x_wconf 86' lang='lat' dir='ltr'>ct</span> <span class='ocrx_word' id='word_1_33' title='bbox 992 775 1095 833; x_wconf 90' lang='lat' dir='ltr'>totum</span> <span class='ocrx_word' id='word_1_34' title='bbox 1125 770 1298 853; x_wconf 84' lang='lat' dir='ltr'>negotium</span> <span class='ocrx_word' id='word_1_35' title='bbox 1321 769 1534 849; x_wconf 89' lang='lat' dir='ltr'>Lombardie,</span> <span class='ocrx_word' id='word_1_36' title='bbox 1565 770 1711 834; x_wconf 89' lang='lat' dir='ltr'>Marchic</span> <span class='ocrx_word' id='word_1_37' title='bbox 1741 791 1778 834; x_wconf 91' lang='lat' dir='ltr'>ac</span> <span class='ocrx_word' id='word_1_38' title='bbox 1809 769 2004 836; x_wconf 90' lang='lat' dir='ltr'>Romaniole</span> <span class='ocrx_word' id='word_1_39' title='bbox 2034 792 2093 857; x_wconf 91' lang='lat' dir='ltr'>per</span> 
     </span>
     <span class='ocr_line' id='line_1_5' title="bbox 433 871 2091 963; baseline -0.001 -22"><span class='ocrx_word' id='word_1_40' title='bbox 433 882 585 963; x_wconf 89' lang='lat' dir='ltr'>patentes</span> <span class='ocrx_word' id='word_1_41' title='bbox 617 875 804 960; x_wconf 77' lang='lat' dir='ltr'>imperiales</span> <span class='ocrx_word' id='word_1_42' title='bbox 836 873 962 936; x_wconf 80' lang='lat' dir='ltr'>litteras</span> <span class='ocrx_word' id='word_1_43' title='bbox 997 873 1199 957; x_wconf 82' lang='lat' dir='ltr'>appensione</span> <span class='ocrx_word' id='word_1_44' title='bbox 1231 871 1320 935; x_wconf 92' lang='lat' dir='ltr'>bulle</span> <span class='ocrx_word' id='word_1_45' title='bbox 1348 894 1446 937; x_wconf 86' lang='lat' dir='ltr'>auree</span> <span class='ocrx_word' id='word_1_46' title='bbox 1476 873 1712 936; x_wconf 87' lang='lat' dir='ltr'>communitasl</span> <span class='ocrx_word' id='word_1_47' title='bbox 1737 875 1876 938; x_wconf 91' lang='lat' dir='ltr'>ecclesie</span> <span class='ocrx_word' id='word_1_48' title='bbox 1899 875 2091 960; x_wconf 88' lang='lat' dir='ltr'>provisioni,</span> 
     </span>
     <span class='ocr_line' id='line_1_6' title="bbox 434 976 2092 1063; baseline -0.001 -20"><span class='ocrx_word' id='word_1_49' title='bbox 434 979 632 1043; x_wconf 87' lang='lat' dir='ltr'>ordinationi</span> <span class='ocrx_word' id='word_1_50' title='bbox 664 984 696 1041; x_wconf 90' lang='lat' dir='ltr'>et</span> <span class='ocrx_word' id='word_1_51' title='bbox 724 976 933 1063; x_wconf 88' lang='lat' dir='ltr'>dispositioni</span> <span class='ocrx_word' id='word_1_52' title='bbox 962 976 1141 1056; x_wconf 79' lang='lat' dir='ltr'>commisit,</span> <span class='ocrx_word' id='word_1_53' title='bbox 1171 977 1366 1061; x_wconf 90' lang='lat' dir='ltr'>promittens</span> <span class='ocrx_word' id='word_1_54' title='bbox 1396 997 1430 1039; x_wconf 93' lang='lat' dir='ltr'>se</span> <span class='ocrx_word' id='word_1_55' title='bbox 1460 983 1567 1039; x_wconf 90' lang='lat' dir='ltr'>ratum</span> <span class='ocrx_word' id='word_1_56' title='bbox 1600 977 1687 1040; x_wconf 88' lang='lat' dir='ltr'>omni</span> <span class='ocrx_word' id='word_1_57' title='bbox 1716 985 1863 1063; x_wconf 90' lang='lat' dir='ltr'>tempore</span> <span class='ocrx_word' id='word_1_58' title='bbox 1892 977 2092 1058; x_wconf 91' lang='lat' dir='ltr'>habiturum,</span> 
     </span>
     <span class='ocr_line' id='line_1_7' title="bbox 433 1079 2092 1168; baseline -0.001 -21"><span class='ocrx_word' id='word_1_59' title='bbox 433 1083 519 1168; x_wconf 91' lang='lat' dir='ltr'>quod</span> <span class='ocrx_word' id='word_1_60' title='bbox 542 1084 628 1147; x_wconf 91' lang='lat' dir='ltr'>inter</span> <span class='ocrx_word' id='word_1_61' title='bbox 650 1083 759 1168; x_wconf 90' lang='lat' dir='ltr'>ipsum</span> <span class='ocrx_word' id='word_1_62' title='bbox 783 1087 816 1144; x_wconf 89' lang='lat' dir='ltr'>et</span> <span class='ocrx_word' id='word_1_63' title='bbox 838 1079 1041 1144; x_wconf 88' lang='lat' dir='ltr'>Lombardos</span> <span class='ocrx_word' id='word_1_64' title='bbox 1064 1101 1124 1165; x_wconf 90' lang='lat' dir='ltr'>per</span> <span class='ocrx_word' id='word_1_65' title='bbox 1147 1079 1286 1144; x_wconf 89' lang='lat' dir='ltr'>eandem</span> <span class='ocrx_word' id='word_1_66' title='bbox 1309 1081 1485 1144; x_wconf 90' lang='lat' dir='ltr'>ecclesiam</span> <span class='ocrx_word' id='word_1_67' title='bbox 1508 1080 1609 1144; x_wconf 86' lang='lat' dir='ltr'>luerit</span> <span class='ocrx_word' id='word_1_68' title='bbox 1631 1081 1824 1144; x_wconf 90' lang='lat' dir='ltr'>ordinatum.</span> <span class='ocrx_word' id='word_1_69' title='bbox 1869 1081 1994 1145; x_wconf 87' lang='lat' dir='ltr'>Verum</span> <span class='ocrx_word' id='word_1_70' title='bbox 2019 1104 2092 1147; x_wconf 91' lang='lat' dir='ltr'>curn</span> 
     </span>
     <span class='ocr_line' id='line_1_8' title="bbox 433 1183 2093 1272; baseline -0.001 -22"><span class='ocrx_word' id='word_1_71' title='bbox 433 1186 520 1250; x_wconf 91' lang='lat' dir='ltr'>idem</span> <span class='ocrx_word' id='word_1_72' title='bbox 544 1187 722 1272; x_wconf 89' lang='lat' dir='ltr'>imperator</span> <span class='ocrx_word' id='word_1_73' title='bbox 745 1185 863 1248; x_wconf 91' lang='lat' dir='ltr'>iterum</span> <span class='ocrx_word' id='word_1_74' title='bbox 886 1205 945 1269; x_wconf 92' lang='lat' dir='ltr'>per</span> <span class='ocrx_word' id='word_1_75' title='bbox 967 1183 1096 1247; x_wconf 86' lang='lat' dir='ltr'>litteras</span> <span class='ocrx_word' id='word_1_76' title='bbox 1121 1190 1154 1247; x_wconf 90' lang='lat' dir='ltr'>et</span> <span class='ocrx_word' id='word_1_77' title='bbox 1177 1185 1310 1247; x_wconf 87' lang='lat' dir='ltr'>nuntios</span> <span class='ocrx_word' id='word_1_78' title='bbox 1334 1183 1376 1246; x_wconf 89' lang='lat' dir='ltr'>ad</span> <span class='ocrx_word' id='word_1_79' title='bbox 1399 1190 1542 1248; x_wconf 88' lang='lat' dir='ltr'>nostram</span> <span class='ocrx_word' id='word_1_80' title='bbox 1566 1185 1768 1270; x_wconf 89' lang='lat' dir='ltr'>presentiam</span> <span class='ocrx_word' id='word_1_81' title='bbox 1793 1184 1975 1249; x_wconf 88' lang='lat' dir='ltr'>destinatos</span> <span class='ocrx_word' id='word_1_82' title='bbox 1999 1206 2035 1250; x_wconf 91' lang='lat' dir='ltr'>se</span> <span class='ocrx_word' id='word_1_83' title='bbox 2059 1186 2093 1249; x_wconf 93' lang='lat' dir='ltr'>in</span> 
     </span>
     <span class='ocr_line' id='line_1_9' title="bbox 433 1286 2094 1374; baseline -0.001 -21"><span class='ocrx_word' id='word_1_84' title='bbox 433 1289 577 1374; x_wconf 87' lang='lat' dir='ltr'>negotiis</span> <span class='ocrx_word' id='word_1_85' title='bbox 609 1289 677 1352; x_wconf 91' lang='lat' dir='ltr'>suis</span> <span class='ocrx_word' id='word_1_86' title='bbox 704 1294 816 1351; x_wconf 91' lang='lat' dir='ltr'>nostre</span> <span class='ocrx_word' id='word_1_87' title='bbox 848 1287 1048 1350; x_wconf 85' lang='lat' dir='ltr'>commiserit</span> <span class='ocrx_word' id='word_1_88' title='bbox 1076 1288 1253 1365; x_wconf 88' lang='lat' dir='ltr'>voluntati,</span> <span class='ocrx_word' id='word_1_89' title='bbox 1283 1308 1409 1371; x_wconf 91' lang='lat' dir='ltr'>nosque</span> <span class='ocrx_word' id='word_1_90' title='bbox 1439 1288 1473 1351; x_wconf 94' lang='lat' dir='ltr'>in</span> <span class='ocrx_word' id='word_1_91' title='bbox 1503 1288 1585 1367; x_wconf 92' lang='lat' dir='ltr'>hiis,</span> <span class='ocrx_word' id='word_1_92' title='bbox 1621 1309 1684 1372; x_wconf 92' lang='lat' dir='ltr'>que</span> <span class='ocrx_word' id='word_1_93' title='bbox 1717 1287 1896 1352; x_wconf 90' lang='lat' dir='ltr'>secundum</span> <span class='ocrx_word' id='word_1_94' title='bbox 1919 1286 2029 1351; x_wconf 91' lang='lat' dir='ltr'>Deum</span> <span class='ocrx_word' id='word_1_95' title='bbox 2060 1293 2094 1352; x_wconf 92' lang='lat' dir='ltr'>et</span> 
     </span>
     <span class='ocr_line' id='line_1_10' title="bbox 433 1389 2094 1480; baseline -0.002 -24"><span class='ocrx_word' id='word_1_96' title='bbox 433 1393 594 1457; x_wconf 89' lang='lat' dir='ltr'>iustitiam</span> <span class='ocrx_word' id='word_1_97' title='bbox 622 1411 816 1477; x_wconf 90' lang='lat' dir='ltr'>possumus,</span> <span class='ocrx_word' id='word_1_98' title='bbox 851 1391 919 1454; x_wconf 90' lang='lat' dir='ltr'>suis</span> <span class='ocrx_word' id='word_1_99' title='bbox 944 1389 1028 1454; x_wconf 87' lang='lat' dir='ltr'>votis</span> <span class='ocrx_word' id='word_1_100' title='bbox 1059 1411 1205 1480; x_wconf 88' lang='lat' dir='ltr'>annuere</span> <span class='ocrx_word' id='word_1_101' title='bbox 1236 1390 1466 1455; x_wconf 82' lang='lat' dir='ltr'>favorabiliter</span> <span class='ocrx_word' id='word_1_102' title='bbox 1487 1397 1670 1468; x_wconf 84' lang='lat' dir='ltr'>teneamur,</span> <span class='ocrx_word' id='word_1_103' title='bbox 1704 1391 1926 1454; x_wconf 87' lang='lat' dir='ltr'>sinceritatem</span> <span class='ocrx_word' id='word_1_104' title='bbox 1948 1396 2094 1454; x_wconf 88' lang='lat' dir='ltr'>vestram</span> 
     </span>
     <span class='ocr_line' id='line_1_11' title="bbox 434 1493 2090 1580; baseline -0.001 -21"><span class='ocrx_word' id='word_1_105' title='bbox 434 1516 589 1580; x_wconf 87' lang='lat' dir='ltr'>rogamus</span> <span class='ocrx_word' id='word_1_106' title='bbox 613 1503 648 1559; x_wconf 91' lang='lat' dir='ltr'>et</span> <span class='ocrx_word' id='word_1_107' title='bbox 670 1495 838 1558; x_wconf 88' lang='lat' dir='ltr'>hortamur</span> <span class='ocrx_word' id='word_1_108' title='bbox 859 1494 1029 1571; x_wconf 88' lang='lat' dir='ltr'>attentius,</span> <span class='ocrx_word' id='word_1_109' title='bbox 1052 1493 1245 1557; x_wconf 87' lang='lat' dir='ltr'>mandantes</span> <span class='ocrx_word' id='word_1_110' title='bbox 1270 1495 1422 1577; x_wconf 89' lang='lat' dir='ltr'>quatinus</span> <span class='ocrx_word' id='word_1_111' title='bbox 1447 1515 1520 1557; x_wconf 90' lang='lat' dir='ltr'>curn</span> <span class='ocrx_word' id='word_1_112' title='bbox 1543 1494 1665 1558; x_wconf 90' lang='lat' dir='ltr'>milites</span> <span class='ocrx_word' id='word_1_113' title='bbox 1688 1494 1728 1558; x_wconf 91' lang='lat' dir='ltr'>de</span> <span class='ocrx_word' id='word_1_114' title='bbox 1745 1493 1906 1558; x_wconf 82' lang='lat' dir='ltr'>Teutonis</span> <span class='ocrx_word' id='word_1_115' title='bbox 1929 1493 2090 1579; x_wconf 87' lang='lat' dir='ltr'>partibus,</span> 
     </span>
     <span class='ocr_line' id='line_1_12' title="bbox 436 1596 2093 1684; baseline -0.001 -22"><span class='ocrx_word' id='word_1_116' title='bbox 436 1599 590 1684; x_wconf 88' lang='lat' dir='ltr'>qui-sunt</span> <span class='ocrx_word' id='word_1_117' title='bbox 619 1598 652 1660; x_wconf 91' lang='lat' dir='ltr'>in</span> <span class='ocrx_word' id='word_1_118' title='bbox 686 1597 856 1683; x_wconf 91' lang='lat' dir='ltr'>procinctu</span> <span class='ocrx_word' id='word_1_119' title='bbox 885 1596 926 1659; x_wconf 88' lang='lat' dir='ltr'>ad</span> <span class='ocrx_word' id='word_1_120' title='bbox 956 1597 1160 1682; x_wconf 88' lang='lat' dir='ltr'>imperialem</span> <span class='ocrx_word' id='word_1_121' title='bbox 1187 1599 1387 1683; x_wconf 87' lang='lat' dir='ltr'>presentiam</span> <span class='ocrx_word' id='word_1_122' title='bbox 1411 1596 1589 1662; x_wconf 88' lang='lat' dir='ltr'>accedendi</span> <span class='ocrx_word' id='word_1_123' title='bbox 1598 1596 1622 1676; x_wconf 79' lang='lat'>²,</span> <span class='ocrx_word' id='word_1_124' title='bbox 1645 1597 1686 1662; x_wconf 90' lang='lat' dir='ltr'>dc</span> <span class='ocrx_word' id='word_1_125' title='bbox 1709 1597 1862 1661; x_wconf 89' lang='lat' dir='ltr'>mandato</span> <span class='ocrx_word' id='word_1_126' title='bbox 1886 1598 2093 1683; x_wconf 91' lang='lat' dir='ltr'>imperatoris</span> 
     </span>
     <span class='ocr_line' id='line_1_13' title="bbox 435 1698 2093 1786; baseline -0.002 -21"><span class='ocrx_word' id='word_1_127' title='bbox 435 1701 582 1766; x_wconf 89' lang='lat' dir='ltr'>eiusdem</span> <span class='ocrx_word' id='word_1_128' title='bbox 612 1701 719 1786; x_wconf 89' lang='lat' dir='ltr'>parati</span> <span class='ocrx_word' id='word_1_129' title='bbox 741 1698 936 1763; x_wconf 88' lang='lat' dir='ltr'>Lombardis</span> <span class='ocrx_word' id='word_1_130' title='bbox 971 1701 1116 1763; x_wconf 83' lang='lat' dir='ltr'>existant</span> <span class='ocrx_word' id='word_1_131' title='bbox 1145 1708 1292 1785; x_wconf 87' lang='lat' dir='ltr'>prestare</span> <span class='ocrx_word' id='word_1_132' title='bbox 1322 1701 1510 1765; x_wconf 89' lang='lat' dir='ltr'>iuratoriam</span> <span class='ocrx_word' id='word_1_133' title='bbox 1539 1703 1740 1776; x_wconf 91' lang='lat' dir='ltr'>cautionem,</span> <span class='ocrx_word' id='word_1_134' title='bbox 1773 1699 1859 1784; x_wconf 90' lang='lat' dir='ltr'>quod</span> <span class='ocrx_word' id='word_1_135' title='bbox 1881 1699 2093 1773; x_wconf 86' lang='lat' dir='ltr'>transeundo,</span> 
     </span>
     <span class='ocr_line' id='line_1_14' title="bbox 433 1802 2095 1888; baseline -0.002 -20"><span class='ocrx_word' id='word_1_136' title='bbox 433 1803 590 1868; x_wconf 90' lang='lat' dir='ltr'>morando</span> <span class='ocrx_word' id='word_1_137' title='bbox 628 1811 662 1867; x_wconf 91' lang='lat' dir='ltr'>et</span> <span class='ocrx_word' id='word_1_138' title='bbox 693 1802 859 1867; x_wconf 90' lang='lat' dir='ltr'>redeundo</span> <span class='ocrx_word' id='word_1_139' title='bbox 893 1802 1015 1866; x_wconf 91' lang='lat' dir='ltr'>nullam</span> <span class='ocrx_word' id='word_1_140' title='bbox 1055 1803 1136 1888; x_wconf 90' lang='lat' dir='ltr'>ipsis</span> <span class='ocrx_word' id='word_1_141' title='bbox 1172 1810 1229 1866; x_wconf 90' lang='lat' dir='ltr'>aut</span> <span class='ocrx_word' id='word_1_142' title='bbox 1264 1803 1415 1867; x_wconf 87' lang='lat' dir='ltr'>societati</span> <span class='ocrx_word' id='word_1_143' title='bbox 1443 1803 1641 1868; x_wconf 88' lang='lat' dir='ltr'>Lombardie</span> <span class='ocrx_word' id='word_1_144' title='bbox 1674 1804 1831 1868; x_wconf 81' lang='lat' dir='ltr'>offensam</span> <span class='ocrx_word' id='word_1_145' title='bbox 1866 1803 2009 1866; x_wconf 86' lang='lat' dir='ltr'>inferent</span> <span class='ocrx_word' id='word_1_146' title='bbox 2040 1802 2095 1866; x_wconf 86' lang='lat' dir='ltr'>rel</span> 
     </span>
     <span class='ocr_line' id='line_1_15' title="bbox 434 1905 2095 1991; baseline -0.002 -21"><span class='ocrx_word' id='word_1_147' title='bbox 434 1908 609 1985; x_wconf 89' lang='lat' dir='ltr'>iacturam,</span> <span class='ocrx_word' id='word_1_148' title='bbox 641 1905 690 1968; x_wconf 91' lang='lat' dir='ltr'>eis</span> <span class='ocrx_word' id='word_1_149' title='bbox 719 1906 892 1969; x_wconf 89' lang='lat' dir='ltr'>transitum</span> <span class='ocrx_word' id='word_1_150' title='bbox 922 1905 1062 1969; x_wconf 91' lang='lat' dir='ltr'>liberum</span> <span class='ocrx_word' id='word_1_151' title='bbox 1091 1905 1291 1991; x_wconf 87' lang='lat' dir='ltr'>procuretis,</span> <span class='ocrx_word' id='word_1_152' title='bbox 1322 1906 1458 1991; x_wconf 85' lang='lat' dir='ltr'>provide</span> <span class='ocrx_word' id='word_1_153' title='bbox 1489 1906 1699 1971; x_wconf 89' lang='lat' dir='ltr'>attendentes</span> <span class='ocrx_word' id='word_1_154' title='bbox 1733 1906 1819 1990; x_wconf 93' lang='lat' dir='ltr'>quod</span> <span class='ocrx_word' id='word_1_155' title='bbox 1848 1912 1881 1970; x_wconf 91' lang='lat' dir='ltr'>ct</span> <span class='ocrx_word' id='word_1_156' title='bbox 1912 1905 1968 1969; x_wconf 91' lang='lat' dir='ltr'>ille</span> <span class='ocrx_word' id='word_1_157' title='bbox 1995 1905 2095 1969; x_wconf 92' lang='lat' dir='ltr'>nullis</span> 
     </span>
    </p>
   </div>
   <div class='ocr_carea' id='block_1_3' title="bbox 434 2007 2132 2097">
    <p class='ocr_par' dir='ltr' id='par_1_3' title="bbox 434 2007 2132 2097">
     <span class='ocr_line' id='line_1_16' title="bbox 434 2007 2132 2097; baseline -0.002 -23"><span class='ocrx_word' id='word_1_158' title='bbox 434 2011 569 2097; x_wconf 87' lang='lat' dir='ltr'>pacifice</span> <span class='ocrx_word' id='word_1_159' title='bbox 594 2009 733 2073; x_wconf 88' lang='lat' dir='ltr'>transire</span> <span class='ocrx_word' id='word_1_160' title='bbox 756 2009 944 2073; x_wconf 89' lang='lat' dir='ltr'>volentibus</span> <span class='ocrx_word' id='word_1_161' title='bbox 969 2010 1012 2073; x_wconf 91' lang='lat' dir='ltr'>sit</span> <span class='ocrx_word' id='word_1_162' title='bbox 1035 2009 1222 2093; x_wconf 85' lang='lat' dir='ltr'>negandus,</span> <span class='ocrx_word' id='word_1_163' title='bbox 1256 2015 1289 2073; x_wconf 92' lang='lat' dir='ltr'>ct</span> <span class='ocrx_word' id='word_1_164' title='bbox 1312 2009 1341 2072; x_wconf 90' lang='lat' dir='ltr'>si</span> <span class='ocrx_word' id='word_1_165' title='bbox 1364 2009 1490 2073; x_wconf 89' lang='lat' dir='ltr'>eisdem</span> <span class='ocrx_word' id='word_1_166' title='bbox 1513 2011 1689 2091; x_wconf 88' lang='lat' dir='ltr'>militibus,</span> <span class='ocrx_word' id='word_1_167' title='bbox 1718 2008 1804 2094; x_wconf 95' lang='lat' dir='ltr'>quod</span> <span class='ocrx_word' id='word_1_168' title='bbox 1827 2009 1928 2088; x_wconf 91' lang='lat' dir='ltr'>absit,</span> <span class='ocrx_word' id='word_1_169' title='bbox 1959 2007 2093 2093; x_wconf 91' lang='lat' dir='ltr'>aliquod</span> <span class='ocrx_word' id='word_1_170' title='bbox 2129 2055 2132 2062; x_wconf 80' lang='lat'><em>-</em></span> 
     </span>
    </p>
   </div>
   <div class='ocr_carea' id='block_1_4' title="bbox 433 2112 2097 3723">
    <p class='ocr_par' dir='ltr' id='par_1_4' title="bbox 433 2112 2097 3723">
     <span class='ocr_line' id='line_1_17' title="bbox 434 2112 2094 2199; baseline -0.001 -22"><span class='ocrx_word' id='word_1_171' title='bbox 434 2113 642 2177; x_wconf 89' lang='lat' dir='ltr'>obstaculum</span> <span class='ocrx_word' id='word_1_172' title='bbox 661 2118 843 2198; x_wconf 87' lang='lat' dir='ltr'>opponatur</span> <span class='ocrx_word' id='word_1_173' title='bbox 866 2133 886 2175; x_wconf 89' lang='lat' dir='ltr'>a</span> <span class='ocrx_word' id='word_1_174' title='bbox 907 2112 1067 2198; x_wconf 90' lang='lat' dir='ltr'>pluribus,</span> <span class='ocrx_word' id='word_1_175' title='bbox 1090 2132 1156 2175; x_wconf 90' lang='lat' dir='ltr'>non</span> <span class='ocrx_word' id='word_1_176' title='bbox 1174 2112 1337 2176; x_wconf 91' lang='lat' dir='ltr'>immerito</span> <span class='ocrx_word' id='word_1_177' title='bbox 1361 2113 1514 2176; x_wconf 83' lang='lat' dir='ltr'>extimari</span> <span class='ocrx_word' id='word_1_178' title='bbox 1537 2114 1669 2199; x_wconf 89' lang='lat' dir='ltr'>poterit,</span> <span class='ocrx_word' id='word_1_179' title='bbox 1693 2112 1779 2198; x_wconf 92' lang='lat' dir='ltr'>qnod</span> <span class='ocrx_word' id='word_1_180' title='bbox 1803 2133 1875 2176; x_wconf 90' lang='lat' dir='ltr'>cum</span> <span class='ocrx_word' id='word_1_181' title='bbox 1890 2112 2094 2176; x_wconf 89' lang='lat' dir='ltr'>Lombardos</span> 
     </span>
     <span class='ocr_line' id='line_1_18' title="bbox 435 2214 2094 2303; baseline -0.002 -22"><span class='ocrx_word' id='word_1_182' title='bbox 435 2218 597 2303; x_wconf 89' lang='lat' dir='ltr'>speciales</span> <span class='ocrx_word' id='word_1_183' title='bbox 629 2217 768 2281; x_wconf 89' lang='lat' dir='ltr'>ecclesie</span> <span class='ocrx_word' id='word_1_184' title='bbox 800 2216 885 2279; x_wconf 87' lang='lat' dir='ltr'>filios</span> <span class='ocrx_word' id='word_1_185' title='bbox 918 2223 1107 2302; x_wconf 92' lang='lat' dir='ltr'>reputemus</span> <span class='ocrx_word' id='word_1_186' title='bbox 1139 2215 1261 2294; x_wconf 86' lang='lat' dir='ltr'>ateis,</span> <span class='ocrx_word' id='word_1_187' title='bbox 1295 2221 1451 2299; x_wconf 90' lang='lat' dir='ltr'>quantum</span> <span class='ocrx_word' id='word_1_188' title='bbox 1475 2237 1548 2280; x_wconf 91' lang='lat' dir='ltr'>cnm</span> <span class='ocrx_word' id='word_1_189' title='bbox 1571 2215 1644 2280; x_wconf 91' lang='lat' dir='ltr'>Deo</span> <span class='ocrx_word' id='word_1_190' title='bbox 1667 2237 1859 2302; x_wconf 91' lang='lat' dir='ltr'>possumus,</span> <span class='ocrx_word' id='word_1_191' title='bbox 1890 2216 1924 2279; x_wconf 89' lang='lat' dir='ltr'>in</span> <span class='ocrx_word' id='word_1_192' title='bbox 1945 2214 2094 2279; x_wconf 89' lang='lat' dir='ltr'>necessi-</span> 
     </span>
     <span class='ocr_line' id='line_1_19' title="bbox 433 2317 2094 2404; baseline -0.002 -20"><span class='ocrx_word' id='word_1_193' title='bbox 433 2321 555 2385; x_wconf 87' lang='lat' dir='ltr'>tatibus</span> <span class='ocrx_word' id='word_1_194' title='bbox 585 2320 800 2398; x_wconf 86' lang='lat' dir='ltr'>assistamus,</span> <span class='ocrx_word' id='word_1_195' title='bbox 825 2318 879 2382; x_wconf 64' lang='lat' dir='ltr'>id*</span> <span class='ocrx_word' id='word_1_196' title='bbox 906 2340 949 2382; x_wconf 84' lang='lat' dir='ltr'>ex</span> <span class='ocrx_word' id='word_1_197' title='bbox 976 2325 1089 2383; x_wconf 91' lang='lat' dir='ltr'>nostro</span> <span class='ocrx_word' id='word_1_198' title='bbox 1117 2319 1228 2382; x_wconf 85' lang='lat' dir='ltr'>lavore</span> <span class='ocrx_word' id='word_1_199' title='bbox 1255 2320 1453 2404; x_wconf 88' lang='lat' dir='ltr'>processerit</span> <span class='ocrx_word' id='word_1_200' title='bbox 1485 2320 1537 2384; x_wconf 90' lang='lat' dir='ltr'>vel</span> <span class='ocrx_word' id='word_1_201' title='bbox 1568 2340 1740 2388; x_wconf 90' lang='lat' dir='ltr'>consensu.</span> <span class='ocrx_word' id='word_1_202' title='bbox 1791 2318 1897 2403; x_wconf 85' lang='lat' dir='ltr'>Igitur</span> <span class='ocrx_word' id='word_1_203' title='bbox 1923 2325 1960 2382; x_wconf 92' lang='lat' dir='ltr'>ut</span> <span class='ocrx_word' id='word_1_204' title='bbox 1987 2317 2094 2381; x_wconf 90' lang='lat' dir='ltr'>homi-</span> 
     </span>
     <span class='ocr_line' id='line_1_20' title="bbox 433 2421 2094 2509; baseline -0.002 -23"><span class='ocrx_word' id='word_1_205' title='bbox 433 2422 529 2487; x_wconf 90' lang='lat' dir='ltr'>nibus</span> <span class='ocrx_word' id='word_1_206' title='bbox 563 2423 627 2487; x_wconf 93' lang='lat' dir='ltr'>ista</span> <span class='ocrx_word' id='word_1_207' title='bbox 660 2422 798 2509; x_wconf 92' lang='lat' dir='ltr'>suspitio</span> <span class='ocrx_word' id='word_1_208' title='bbox 837 2429 870 2487; x_wconf 92' lang='lat' dir='ltr'>ct</span> <span class='ocrx_word' id='word_1_209' title='bbox 903 2421 1092 2507; x_wconf 91' lang='lat' dir='ltr'>imperatori</span> <span class='ocrx_word' id='word_1_210' title='bbox 1127 2421 1275 2507; x_wconf 91' lang='lat' dir='ltr'>predicto</span> <span class='ocrx_word' id='word_1_211' title='bbox 1309 2423 1443 2486; x_wconf 90' lang='lat' dir='ltr'>tollatur</span> <span class='ocrx_word' id='word_1_212' title='bbox 1474 2423 1613 2486; x_wconf 89' lang='lat' dir='ltr'>materia</span> <span class='ocrx_word' id='word_1_213' title='bbox 1646 2422 1885 2503; x_wconf 91' lang='lat' dir='ltr'>murmurandi,</span> <span class='ocrx_word' id='word_1_214' title='bbox 1919 2421 2094 2507; x_wconf 90' lang='lat' dir='ltr'>presertim</span> 
     </span>
     <span class='ocr_line' id='line_1_21' title="bbox 437 2523 2093 2615; baseline -0.002 -24"><span class='ocrx_word' id='word_1_215' title='bbox 437 2547 511 2591; x_wconf 92' lang='lat' dir='ltr'>cum</span> <span class='ocrx_word' id='word_1_216' title='bbox 534 2547 599 2590; x_wconf 92' lang='lat' dir='ltr'>non</span> <span class='ocrx_word' id='word_1_217' title='bbox 622 2525 755 2590; x_wconf 87' lang='lat' dir='ltr'>deceret</span> <span class='ocrx_word' id='word_1_218' title='bbox 777 2524 810 2588; x_wconf 93' lang='lat' dir='ltr'>id</span> <span class='ocrx_word' id='word_1_219' title='bbox 841 2525 874 2588; x_wconf 93' lang='lat' dir='ltr'>in</span> <span class='ocrx_word' id='word_1_220' title='bbox 897 2524 1056 2615; x_wconf 89' lang='lat' dir='ltr'>patientia</span> <span class='ocrx_word' id='word_1_221' title='bbox 1086 2524 1258 2602; x_wconf 90' lang='lat' dir='ltr'>sustineri,</span> <span class='ocrx_word' id='word_1_222' title='bbox 1286 2531 1322 2588; x_wconf 92' lang='lat' dir='ltr'>ut</span> <span class='ocrx_word' id='word_1_223' title='bbox 1345 2546 1445 2610; x_wconf 89' lang='lat' dir='ltr'>opere</span> <span class='ocrx_word' id='word_1_224' title='bbox 1469 2527 1671 2611; x_wconf 89' lang='lat' dir='ltr'>compleatur</span> <span class='ocrx_word' id='word_1_225' title='bbox 1700 2525 1784 2610; x_wconf 92' lang='lat' dir='ltr'>quod</span> <span class='ocrx_word' id='word_1_226' title='bbox 1813 2530 1865 2589; x_wconf 90' lang='lat' dir='ltr'>est</span> <span class='ocrx_word' id='word_1_227' title='bbox 1888 2524 1928 2589; x_wconf 90' lang='lat' dir='ltr'>de</span> <span class='ocrx_word' id='word_1_228' title='bbox 1956 2523 2093 2609; x_wconf 84' lang='lat' dir='ltr'>prefatis</span> 
     </span>
     <span class='ocr_line' id='line_1_22' title="bbox 435 2626 2096 2713; baseline -0.002 -19"><span class='ocrx_word' id='word_1_229' title='bbox 435 2629 595 2694; x_wconf 84' lang='lat' dir='ltr'>militibus</span> <span class='ocrx_word' id='word_1_230' title='bbox 619 2628 886 2713; x_wconf 87' lang='lat' dir='ltr'>suprascriptum,</span> <span class='ocrx_word' id='word_1_231' title='bbox 910 2627 1086 2711; x_wconf 90' lang='lat' dir='ltr'>quinimmo</span> <span class='ocrx_word' id='word_1_232' title='bbox 1110 2626 1195 2711; x_wconf 94' lang='lat' dir='ltr'>quod</span> <span class='ocrx_word' id='word_1_233' title='bbox 1217 2627 1289 2712; x_wconf 92' lang='lat' dir='ltr'>ipse</span> <span class='ocrx_word' id='word_1_234' title='bbox 1311 2628 1489 2712; x_wconf 92' lang='lat' dir='ltr'>imperator</span> <span class='ocrx_word' id='word_1_235' title='bbox 1508 2630 1562 2692; x_wconf 92' lang='lat' dir='ltr'>vel</span> <span class='ocrx_word' id='word_1_236' title='bbox 1586 2629 1636 2691; x_wconf 90' lang='lat' dir='ltr'>sui</span> <span class='ocrx_word' id='word_1_237' title='bbox 1660 2634 1694 2691; x_wconf 90' lang='lat' dir='ltr'>et</span> <span class='ocrx_word' id='word_1_238' title='bbox 1715 2628 1870 2713; x_wconf 91' lang='lat' dir='ltr'>precipue</span> <span class='ocrx_word' id='word_1_239' title='bbox 1882 2627 2096 2692; x_wconf 86' lang='lat' dir='ltr'>Veronenses</span> 
     </span>
     <span class='ocr_line' id='line_1_23' title="bbox 435 2729 2096 2816; baseline -0.002 -20"><span class='ocrx_word' id='word_1_240' title='bbox 435 2734 471 2796; x_wconf 93' lang='lat' dir='ltr'>in</span> <span class='ocrx_word' id='word_1_241' title='bbox 493 2733 603 2816; x_wconf 90' lang='lat' dir='ltr'>aliquo</span> <span class='ocrx_word' id='word_1_242' title='bbox 627 2731 814 2794; x_wconf 87' lang='lat' dir='ltr'>nullatenus</span> <span class='ocrx_word' id='word_1_243' title='bbox 837 2729 1059 2806; x_wconf 82' lang='lat' dir='ltr'>offendantur,</span> <span class='ocrx_word' id='word_1_244' title='bbox 1088 2751 1149 2804; x_wconf 90' lang='lat' dir='ltr'>nc,</span> <span class='ocrx_word' id='word_1_245' title='bbox 1174 2729 1260 2814; x_wconf 92' lang='lat' dir='ltr'>quod</span> <span class='ocrx_word' id='word_1_246' title='bbox 1282 2737 1410 2794; x_wconf 88' lang='lat' dir='ltr'>avertat</span> <span class='ocrx_word' id='word_1_247' title='bbox 1431 2729 1610 2812; x_wconf 86' lang='lat' dir='ltr'>Dominus,</span> <span class='ocrx_word' id='word_1_248' title='bbox 1636 2736 1762 2794; x_wconf 89' lang='lat' dir='ltr'>tantum</span> <span class='ocrx_word' id='word_1_249' title='bbox 1785 2731 1907 2795; x_wconf 90' lang='lat' dir='ltr'>bonum</span> <span class='ocrx_word' id='word_1_250' title='bbox 1930 2730 2096 2814; x_wconf 89' lang='lat' dir='ltr'>aliquibus</span> 
     </span>
     <span class='ocr_line' id='line_1_24' title="bbox 438 2833 2096 2919; baseline -0.002 -20"><span class='ocrx_word' id='word_1_251' title='bbox 438 2835 616 2900; x_wconf 88' lang='lat' dir='ltr'>obstaculis</span> <span class='ocrx_word' id='word_1_252' title='bbox 648 2833 757 2898; x_wconf 89' lang='lat' dir='ltr'>valcat</span> <span class='ocrx_word' id='word_1_253' title='bbox 786 2833 953 2919; x_wconf 89' lang='lat' dir='ltr'>impediri,</span> <span class='ocrx_word' id='word_1_254' title='bbox 987 2833 1114 2897; x_wconf 89' lang='lat' dir='ltr'>sublato</span> <span class='ocrx_word' id='word_1_255' title='bbox 1151 2833 1375 2913; x_wconf 82' lang='lat' dir='ltr'>ambiguitatis</span> <span class='ocrx_word' id='word_1_256' title='bbox 1410 2834 1562 2918; x_wconf 90' lang='lat' dir='ltr'>scrupulo</span> <span class='ocrx_word' id='word_1_257' title='bbox 1598 2833 1684 2897; x_wconf 91' lang='lat' dir='ltr'>detis</span> <span class='ocrx_word' id='word_1_258' title='bbox 1719 2854 1851 2919; x_wconf 88' lang='lat' dir='ltr'>operam</span> <span class='ocrx_word' id='word_1_259' title='bbox 1886 2833 2096 2917; x_wconf 64' lang='lat' dir='ltr'>diligentem</span> 
     </span>
     <span class='ocr_line' id='line_1_25' title="bbox 436 2925 2096 3022; baseline -0.001 -21"><span class='ocrx_word' id='word_1_260' title='bbox 436 2937 550 3002; x_wconf 90' lang='lat' dir='ltr'>scituri</span> <span class='ocrx_word' id='word_1_261' title='bbox 578 2935 665 3021; x_wconf 94' lang='lat' dir='ltr'>quod</span> <span class='ocrx_word' id='word_1_262' title='bbox 696 2937 723 3000; x_wconf 95' lang='lat' dir='ltr'>si</span> <span class='ocrx_word' id='word_1_263' title='bbox 751 2935 848 3000; x_wconf 84' lang='lat' dir='ltr'>ideru-</span> <span class='ocrx_word' id='word_1_264' title='bbox 869 2925 1046 3021; x_wconf 85' lang='lat' dir='ltr'>imperator</span> <span class='ocrx_word' id='word_1_265' title='bbox 1075 2935 1250 3000; x_wconf 88' lang='lat' dir='ltr'>adversum</span> <span class='ocrx_word' id='word_1_266' title='bbox 1271 2936 1476 3000; x_wconf 88' lang='lat' dir='ltr'>Lombardos</span> <span class='ocrx_word' id='word_1_267' title='bbox 1500 2937 1553 3000; x_wconf 91' lang='lat' dir='ltr'>vel</span> <span class='ocrx_word' id='word_1_268' title='bbox 1581 2937 1774 3001; x_wconf 86' lang='lat' dir='ltr'>societatem</span> <span class='ocrx_word' id='word_1_269' title='bbox 1803 2938 1949 3022; x_wconf 92' lang='lat' dir='ltr'>ipsorum</span> <span class='ocrx_word' id='word_1_270' title='bbox 1971 2935 2096 3021; x_wconf 90' lang='lat' dir='ltr'>aliquid</span> 
     </span>
     <span class='ocr_line' id='line_1_26' title="bbox 436 3039 2094 3127; baseline -0.001 -23"><span class='ocrx_word' id='word_1_271' title='bbox 436 3039 581 3104; x_wconf 90' lang='lat' dir='ltr'>indebite</span> <span class='ocrx_word' id='word_1_272' title='bbox 608 3040 779 3104; x_wconf 90' lang='lat' dir='ltr'>moliretur</span> <span class='ocrx_word' id='word_1_273' title='bbox 806 3061 988 3120; x_wconf 89' lang='lat' dir='ltr'>assumere,</span> <span class='ocrx_word' id='word_1_274' title='bbox 1019 3039 1101 3104; x_wconf 93' lang='lat' dir='ltr'>illud</span> <span class='ocrx_word' id='word_1_275' title='bbox 1129 3041 1219 3104; x_wconf 91' lang='lat' dir='ltr'>nullo</span> <span class='ocrx_word' id='word_1_276' title='bbox 1251 3039 1348 3104; x_wconf 93' lang='lat' dir='ltr'>modo</span> <span class='ocrx_word' id='word_1_277' title='bbox 1372 3041 1515 3104; x_wconf 89' lang='lat' dir='ltr'>ccclesia</span> <span class='ocrx_word' id='word_1_278' title='bbox 1536 3041 1608 3106; x_wconf 90' lang='lat' dir='ltr'>fieri</span> <span class='ocrx_word' id='word_1_279' title='bbox 1630 3047 1808 3127; x_wconf 88' lang='lat' dir='ltr'>pateretur.</span> <span class='ocrx_word' id='word_1_280' title='bbox 1855 3039 2027 3118; x_wconf 81' lang='lat' dir='ltr'>Ceterum,</span> <span class='ocrx_word' id='word_1_281' title='bbox 2057 3045 2094 3102; x_wconf 93' lang='lat' dir='ltr'>ut</span> 
     </span>
     <span class='ocr_line' id='line_1_27' title="bbox 436 3142 2097 3228; baseline -0.001 -23"><span class='ocrx_word' id='word_1_282' title='bbox 436 3143 588 3207; x_wconf 88' lang='lat' dir='ltr'>voluntas</span> <span class='ocrx_word' id='word_1_283' title='bbox 621 3147 734 3206; x_wconf 90' lang='lat' dir='ltr'>nostra</span> <span class='ocrx_word' id='word_1_284' title='bbox 766 3163 864 3228; x_wconf 91' lang='lat' dir='ltr'>super</span> <span class='ocrx_word' id='word_1_285' title='bbox 899 3143 1070 3228; x_wconf 91' lang='lat' dir='ltr'>premissis</span> <span class='ocrx_word' id='word_1_286' title='bbox 1104 3150 1138 3207; x_wconf 91' lang='lat' dir='ltr'>et</span> <span class='ocrx_word' id='word_1_287' title='bbox 1174 3143 1249 3205; x_wconf 90' lang='lat' dir='ltr'>aliis</span> <span class='ocrx_word' id='word_1_288' title='bbox 1280 3142 1374 3206; x_wconf 89' lang='lat' dir='ltr'>vobis</span> <span class='ocrx_word' id='word_1_289' title='bbox 1408 3143 1538 3228; x_wconf 89' lang='lat' dir='ltr'>plenius</span> <span class='ocrx_word' id='word_1_290' title='bbox 1570 3145 1769 3224; x_wconf 88' lang='lat' dir='ltr'>innotescat,</span> <span class='ocrx_word' id='word_1_291' title='bbox 1803 3143 1959 3208; x_wconf 89' lang='lat' dir='ltr'>dilectum</span> <span class='ocrx_word' id='word_1_292' title='bbox 1992 3142 2097 3206; x_wconf 92' lang='lat' dir='ltr'>filium</span> 
     </span>
     <span class='ocr_line' id='line_1_28' title="bbox 435 3243 2096 3330; baseline 0.001 -22"><span class='ocrx_word' id='word_1_293' title='bbox 435 3244 629 3328; x_wconf 81' lang='lat' dir='ltr'>magistrum</span> <span class='ocrx_word' id='word_1_294' title='bbox 658 3243 685 3309; x_wconf 91' lang='lat' dir='ltr'>I.</span> <span class='ocrx_word' id='word_1_295' title='bbox 717 3245 922 3330; x_wconf 89' lang='lat' dir='ltr'>capellanum</span> <span class='ocrx_word' id='word_1_296' title='bbox 955 3253 1120 3322; x_wconf 91' lang='lat' dir='ltr'>nostrum,</span> <span class='ocrx_word' id='word_1_297' title='bbox 1159 3245 1424 3309; x_wconf 89' lang='lat' dir='ltr'>archidiaconum</span> <span class='ocrx_word' id='word_1_298' title='bbox 1454 3245 1717 3328; x_wconf 87' lang='lat' dir='ltr'>Norwicensem,</span> <span class='ocrx_word' id='word_1_299' title='bbox 1751 3246 1847 3311; x_wconf 87' lang='lat' dir='ltr'>nobis</span> <span class='ocrx_word' id='word_1_300' title='bbox 1879 3252 1912 3310; x_wconf 91' lang='lat' dir='ltr'>et</span> <span class='ocrx_word' id='word_1_301' title='bbox 1939 3245 2096 3310; x_wconf 86' lang='lat' dir='ltr'>fratribus</span> 
     </span>
     <span class='ocr_line' id='line_1_29' title="bbox 435 3347 2096 3435; baseline 0.001 -24"><span class='ocrx_word' id='word_1_302' title='bbox 435 3348 557 3412; x_wconf 90' lang='lat' dir='ltr'>nostris</span> <span class='ocrx_word' id='word_1_303' title='bbox 580 3353 751 3432; x_wconf 90' lang='lat' dir='ltr'>acceptum</span> <span class='ocrx_word' id='word_1_304' title='bbox 776 3369 834 3412; x_wconf 90' lang='lat' dir='ltr'>sue</span> <span class='ocrx_word' id='word_1_305' title='bbox 856 3349 972 3413; x_wconf 90' lang='lat' dir='ltr'>merito</span> <span class='ocrx_word' id='word_1_306' title='bbox 993 3349 1176 3433; x_wconf 87' lang='lat' dir='ltr'>probitatis,</span> <span class='ocrx_word' id='word_1_307' title='bbox 1200 3347 1319 3413; x_wconf 89' lang='lat' dir='ltr'>advos</span> <span class='ocrx_word' id='word_1_308' title='bbox 1344 3348 1497 3412; x_wconf 85' lang='lat' dir='ltr'>duximus</span> <span class='ocrx_word' id='word_1_309' title='bbox 1518 3347 1758 3431; x_wconf 88' lang='lat' dir='ltr'>destinandum,</span> <span class='ocrx_word' id='word_1_310' title='bbox 1782 3371 1889 3435; x_wconf 91' lang='lat' dir='ltr'>quem,</span> <span class='ocrx_word' id='word_1_311' title='bbox 1912 3349 2011 3413; x_wconf 91' lang='lat' dir='ltr'>immo</span> <span class='ocrx_word' id='word_1_312' title='bbox 2035 3370 2096 3413; x_wconf 89' lang='lat' dir='ltr'>nos</span> 
     </span>
     <span class='ocr_line' id='line_1_30' title="bbox 438 3450 2097 3538; baseline 0.001 -23"><span class='ocrx_word' id='word_1_313' title='bbox 438 3452 582 3537; x_wconf 91' lang='lat' dir='ltr'>inipso,</span> <span class='ocrx_word' id='word_1_314' title='bbox 616 3450 757 3536; x_wconf 85' lang='lat' dir='ltr'>benigne</span> <span class='ocrx_word' id='word_1_315' title='bbox 783 3452 930 3538; x_wconf 85' lang='lat' dir='ltr'>recipere</span> <span class='ocrx_word' id='word_1_316' title='bbox 955 3459 988 3515; x_wconf 91' lang='lat' dir='ltr'>et</span> <span class='ocrx_word' id='word_1_317' title='bbox 1012 3459 1153 3515; x_wconf 89' lang='lat' dir='ltr'>tractare</span> <span class='ocrx_word' id='word_1_318' title='bbox 1176 3451 1356 3516; x_wconf 89' lang='lat' dir='ltr'>honorifice</span> <span class='ocrx_word' id='word_1_319' title='bbox 1380 3459 1610 3538; x_wconf 88' lang='lat' dir='ltr'>procurantes,</span> <span class='ocrx_word' id='word_1_320' title='bbox 1640 3452 1824 3538; x_wconf 87' lang='lat' dir='ltr'>superbiis</span> <span class='ocrx_word' id='word_1_321' title='bbox 1848 3473 1910 3536; x_wconf 92' lang='lat' dir='ltr'>que</span> <span class='ocrx_word' id='word_1_322' title='bbox 1934 3452 2029 3516; x_wconf 92' lang='lat' dir='ltr'>vobis</span> <span class='ocrx_word' id='word_1_323' title='bbox 2053 3473 2097 3516; x_wconf 83' lang='lat' dir='ltr'>ex</span> 
     </span>
     <span class='ocr_line' id='line_1_31' title="bbox 435 3554 2094 3642; baseline 0.001 -23"><span class='ocrx_word' id='word_1_324' title='bbox 435 3560 529 3641; x_wconf 90' lang='lat' dir='ltr'>parte</span> <span class='ocrx_word' id='word_1_325' title='bbox 552 3567 664 3618; x_wconf 89' lang='lat' dir='ltr'>nostra</span> <span class='ocrx_word' id='word_1_326' title='bbox 686 3554 807 3620; x_wconf 88' lang='lat' dir='ltr'>dixerit</span> <span class='ocrx_word' id='word_1_327' title='bbox 829 3555 905 3620; x_wconf 91' lang='lat' dir='ltr'>fidei</span> <span class='ocrx_word' id='word_1_328' title='bbox 927 3554 1165 3641; x_wconf 91' lang='lat' dir='ltr'>plenitudinem</span> <span class='ocrx_word' id='word_1_329' title='bbox 1188 3554 1383 3636; x_wconf 89' lang='lat' dir='ltr'>adhibendo,</span> <span class='ocrx_word' id='word_1_330' title='bbox 1407 3556 1465 3618; x_wconf 89' lang='lat' dir='ltr'>illa</span> <span class='ocrx_word' id='word_1_331' title='bbox 1482 3556 1739 3642; x_wconf 87' lang='lat' dir='ltr'>promptitudine</span> <span class='ocrx_word' id='word_1_332' title='bbox 1762 3555 1912 3642; x_wconf 85' lang='lat' dir='ltr'>diligenti</span> <span class='ocrx_word' id='word_1_333' title='bbox 1934 3555 2094 3641; x_wconf 86' lang='lat' dir='ltr'>perficere</span> 
     </span>
     <span class='ocr_line' id='line_1_32' title="bbox 436 3655 608 3723; baseline 0.012 -2"><span class='ocrx_word' id='word_1_334' title='bbox 436 3655 608 3723; x_wconf 89' lang='lat' dir='ltr'>studeatis.</span> 
     </span>
    </p>
   </div>
   <div class='ocr_carea' id='block_1_5' title="bbox 542 3775 1389 3860">
    <p class='ocr_par' dir='ltr' id='par_1_5' title="bbox 542 3775 1389 3860">
     <span class='ocr_line' id='line_1_33' title="bbox 542 3775 1389 3860; baseline 0.004 -20"><span class='ocrx_word' id='word_1_335' title='bbox 542 3775 619 3840; x_wconf 87' lang='lat' dir='ltr'>Dat.</span> <span class='ocrx_word' id='word_1_336' title='bbox 642 3775 796 3842; x_wconf 89' lang='lat' dir='ltr'>Lateran.</span> <span class='ocrx_word' id='word_1_337' title='bbox 819 3777 909 3841; x_wconf 90' lang='lat' dir='ltr'>XIII</span> <span class='ocrx_word' id='word_1_338' title='bbox 931 3776 1007 3841; x_wconf 87' lang='lat' dir='ltr'>Kal.</span> <span class='ocrx_word' id='word_1_339' title='bbox 1029 3777 1128 3860; x_wconf 89' lang='lat' dir='ltr'>Iunii,</span> <span class='ocrx_word' id='word_1_340' title='bbox 1153 3781 1238 3842; x_wconf 90' lang='lat' dir='ltr'>anno</span> <span class='ocrx_word' id='word_1_341' title='bbox 1263 3783 1389 3843; x_wconf 88' lang='lat' dir='ltr'>octavo.</span> 
     </span>
    </p>
   </div>
   <div class='ocr_carea' id='block_1_6' title="bbox 543 3895 2093 3983">
    <p class='ocr_par' dir='ltr' id='par_1_6' title="bbox 543 3895 2093 3983">
     <span class='ocr_line' id='line_1_34' title="bbox 543 3895 2093 3983; baseline 0.005 -24"><span class='ocrx_word' id='word_1_342' title='bbox 543 3895 583 3959; x_wconf 90' lang='lat' dir='ltr'>In</span> <span class='ocrx_word' id='word_1_343' title='bbox 611 3895 751 3960; x_wconf 89' lang='lat' dir='ltr'>eundern</span> <span class='ocrx_word' id='word_1_344' title='bbox 778 3897 849 3961; x_wconf 85' lang='lat' dir='ltr'>lere</span> <span class='ocrx_word' id='word_1_345' title='bbox 877 3896 1009 3960; x_wconf 91' lang='lat' dir='ltr'>modum</span> <span class='ocrx_word' id='word_1_346' title='bbox 1036 3897 1300 3983; x_wconf 90' lang='lat' dir='ltr'>scriptumest.</span> <span class='ocrx_word' id='word_1_347' title='bbox 1325 3898 1529 3983; x_wconf 91' lang='lat' dir='ltr'>.potestati,</span> <span class='ocrx_word' id='word_1_348' title='bbox 1558 3898 1695 3962; x_wconf 87' lang='lat' dir='ltr'>consilio</span> <span class='ocrx_word' id='word_1_349' title='bbox 1726 3904 1760 3962; x_wconf 90' lang='lat' dir='ltr'>et</span> <span class='ocrx_word' id='word_1_350' title='bbox 1787 3900 1951 3963; x_wconf 90' lang='lat' dir='ltr'>communi</span> <span class='ocrx_word' id='word_1_351' title='bbox 1973 3900 2093 3965; x_wconf 86' lang='lat' dir='ltr'>Ferra-</span> 
     </span>
    </p>
   </div>
   <div class='ocr_carea' id='block_1_7' title="bbox 436 4000 2094 4169">
    <p class='ocr_par' dir='ltr' id='par_1_7' title="bbox 436 4000 2094 4169">
     <span class='ocr_line' id='line_1_35' title="bbox 436 4000 2094 4088; baseline 0.003 -25"><span class='ocrx_word' id='word_1_352' title='bbox 436 4000 547 4079; x_wconf 92' lang='lat' dir='ltr'>riensi,</span> <span class='ocrx_word' id='word_1_353' title='bbox 571 4049 604 4066; x_wconf 83' lang='grc'>..</span> <span class='ocrx_word' id='word_1_354' title='bbox 624 4001 792 4086; x_wconf 91' lang='lat' dir='ltr'>potestati,</span> <span class='ocrx_word' id='word_1_355' title='bbox 816 4002 954 4066; x_wconf 92' lang='lat' dir='ltr'>consilio</span> <span class='ocrx_word' id='word_1_356' title='bbox 979 4007 1012 4065; x_wconf 89' lang='lat' dir='ltr'>et</span> <span class='ocrx_word' id='word_1_357' title='bbox 1035 4003 1197 4066; x_wconf 90' lang='lat' dir='ltr'>communi</span> <span class='ocrx_word' id='word_1_358' title='bbox 1219 4001 1388 4065; x_wconf 86' lang='lat' dir='ltr'>Brixianai</span> <span class='ocrx_word' id='word_1_359' title='bbox 1410 4006 1444 4065; x_wconf 92' lang='lat' dir='ltr'>ct</span> <span class='ocrx_word' id='word_1_360' title='bbox 1467 4051 1499 4067; x_wconf 92' lang='lat'>..</span> <span class='ocrx_word' id='word_1_361' title='bbox 1521 4003 1688 4088; x_wconf 90' lang='lat' dir='ltr'>potestati,</span> <span class='ocrx_word' id='word_1_362' title='bbox 1714 4003 1849 4066; x_wconf 92' lang='lat' dir='ltr'>consilio</span> <span class='ocrx_word' id='word_1_363' title='bbox 1873 4009 1907 4066; x_wconf 92' lang='lat' dir='ltr'>et</span> <span class='ocrx_word' id='word_1_364' title='bbox 1929 4005 2094 4068; x_wconf 91' lang='lat' dir='ltr'>communi</span> 
     </span>
     <span class='ocr_line' id='line_1_36' title="bbox 436 4102 1182 4169; baseline 0.004 -4"><span class='ocrx_word' id='word_1_365' title='bbox 436 4102 625 4169; x_wconf 87' lang='lat' dir='ltr'>Mantuano.</span> <span class='ocrx_word' id='word_1_366' title='bbox 1181 4105 1182 4108; x_wconf 67' lang='grc'>’</span> 
     </span>
    </p>
   </div>
   <div class='ocr_carea' id='block_1_8' title="bbox 1217 4466 1305 4540">
    <p class='ocr_par' dir='ltr' id='par_1_8' title="bbox 1217 4466 1305 4540">
     <span class='ocr_line' id='line_1_37' title="bbox 1217 4466 1305 4540; baseline 0 0"><span class='ocrx_word' id='word_1_367' title='bbox 1217 4466 1305 4540; x_wconf 79' lang='grc'><strong>584.</strong></span> 
     </span>
    </p>
   </div>
   <div class='ocr_carea' id='block_1_9' title="bbox 432 4574 2095 4898">
    <p class='ocr_par' dir='ltr' id='par_1_9' title="bbox 432 4574 2095 4898">
     <span class='ocr_line' id='line_1_38' title="bbox 545 4574 2095 4692; baseline 0.007 -24"><span class='ocrx_word' id='word_1_368' title='bbox 545 4574 735 4686; x_wconf 54' lang='lat' dir='ltr'>&amp;reportas</span> <span class='ocrx_word' id='word_1_369' title='bbox 757 4603 814 4668; x_wconf 87' lang='lat' dir='ltr'>IX</span> <span class='ocrx_word' id='word_1_370' title='bbox 834 4626 924 4686; x_wconf 79' lang='lat' dir='ltr'>papa</span> <span class='ocrx_word' id='word_1_371' title='bbox 953 4607 1084 4691; x_wconf 83' lang='lat' dir='ltr'>[Iacobo</span> <span class='ocrx_word' id='word_1_372' title='bbox 1109 4607 1260 4692; x_wconf 76' lang='lat' dir='ltr'>Teupolo]</span> <span class='ocrx_word' id='word_1_373' title='bbox 1289 4607 1376 4686; x_wconf 82' lang='lat' dir='ltr'>duci,</span> <span class='ocrx_word' id='word_1_374' title='bbox 1405 4608 1533 4673; x_wconf 67' lang='lat' dir='ltr'>occatio</span> <span class='ocrx_word' id='word_1_375' title='bbox 1562 4613 1592 4672; x_wconf 84' lang='lat' dir='ltr'>et</span> <span class='ocrx_word' id='word_1_376' title='bbox 1620 4611 1774 4674; x_wconf 66' lang='lat' dir='ltr'>cummim</span> <span class='ocrx_word' id='word_1_377' title='bbox 1801 4609 1985 4677; x_wconf 72' lang='lat' dir='ltr'>Veruclorcm</span> <span class='ocrx_word' id='word_1_378' title='bbox 2012 4614 2095 4680; x_wconf 81' lang='lat' dir='ltr'>idem</span> 
     </span>
     <span class='ocr_line' id='line_1_39' title="bbox 432 4703 2006 4793; baseline 0.01 -25"><span class='ocrx_word' id='word_1_379' title='bbox 432 4703 502 4789; x_wconf 81' lang='lat' dir='ltr'>fere</span> <span class='ocrx_word' id='word_1_380' title='bbox 524 4705 643 4768; x_wconf 68' lang='lat' dir='ltr'>catut.</span> <span class='ocrx_word' id='word_1_381' title='bbox 1730 4717 1824 4793; x_wconf 78' lang='lat'>1234,</span> <span class='ocrx_word' id='word_1_382' title='bbox 1847 4715 1931 4780; x_wconf 83' lang='lat' dir='ltr'>Mai.</span> <span class='ocrx_word' id='word_1_383' title='bbox 1953 4719 2006 4784; x_wconf 87' lang='lat'>20.</span> 
     </span>
     <span class='ocr_line' id='line_1_40' title="bbox 541 4821 1262 4898; baseline 0.006 -21"><span class='ocrx_word' id='word_1_384' title='bbox 541 4821 624 4898; x_wconf 71' lang='lat' dir='ltr'>Grec.</span> <span class='ocrx_word' id='word_1_385' title='bbox 642 4823 692 4893; x_wconf 79' lang='lat' dir='ltr'>IX</span> <span class='ocrx_word' id='word_1_386' title='bbox 708 4823 777 4893; x_wconf 79' lang='lat' dir='ltr'>Rep.</span> <span class='ocrx_word' id='word_1_387' title='bbox 798 4824 857 4880; x_wconf 88' lang='lat' dir='ltr'>Vol.</span> <span class='ocrx_word' id='word_1_388' title='bbox 872 4825 925 4892; x_wconf 89' lang='lat' dir='ltr'>IV,</span> <span class='ocrx_word' id='word_1_389' title='bbox 945 4831 1012 4887; x_wconf 76' lang='grc'><em>184;</em></span> <span class='ocrx_word' id='word_1_390' title='bbox 1032 4825 1092 4880; x_wconf 75' lang='lat' dir='ltr'>att.</span> <span class='ocrx_word' id='word_1_391' title='bbox 1114 4825 1202 4892; x_wconf 88' lang='lat' dir='ltr'>VIII,</span> <span class='ocrx_word' id='word_1_392' title='bbox 1221 4830 1262 4882; x_wconf 86' lang='lat'>91.</span> 
     </span>
    </p>
   </div>
   <div class='ocr_carea' id='block_1_10' title="bbox 600 5019 1926 5110">
    <p class='ocr_par' dir='ltr' id='par_1_10' title="bbox 600 5019 1926 5110">
     <span class='ocr_line' id='line_1_41' title="bbox 600 5019 1926 5110; baseline 0.008 -18"><span class='ocrx_word' id='word_1_393' title='bbox 600 5019 747 5093; x_wconf 88' lang='lat' dir='ltr'>Nobili</span> <span class='ocrx_word' id='word_1_394' title='bbox 773 5019 869 5094; x_wconf 91' lang='lat' dir='ltr'>viro</span> <span class='ocrx_word' id='word_1_395' title='bbox 898 5078 907 5094; x_wconf 91' lang='lat'><strong>.</strong></span> <span class='ocrx_word' id='word_1_396' title='bbox 937 5078 945 5095; x_wconf 92' lang='lat'><strong>.</strong></span> <span class='ocrx_word' id='word_1_397' title='bbox 974 5021 1090 5110; x_wconf 91' lang='lat' dir='ltr'>duci,</span> <span class='ocrx_word' id='word_1_398' title='bbox 1119 5023 1308 5095; x_wconf 89' lang='lat' dir='ltr'>consilio</span> <span class='ocrx_word' id='word_1_399' title='bbox 1335 5029 1377 5096; x_wconf 87' lang='lat' dir='ltr'>et</span> <span class='ocrx_word' id='word_1_400' title='bbox 1403 5026 1624 5098; x_wconf 89' lang='lat' dir='ltr'>communi</span> <span class='ocrx_word' id='word_1_401' title='bbox 1650 5025 1926 5102; x_wconf 89' lang='lat' dir='ltr'>Venetorum.</span> 
     </span>
    </p>
   </div>
   <div class='ocr_carea' id='block_1_11' title="bbox 2148 3585 2175 3626">
    <p class='ocr_par' dir='ltr' id='par_1_11' title="bbox 2148 3585 2175 3626">
     <span class='ocr_line' id='line_1_42' title="bbox 2148 3585 2175 3626; baseline 0 0"><span class='ocrx_word' id='word_1_402' title='bbox 2148 3585 2175 3626; x_wconf 73' lang='lat'>³⁰</span> 
     </span>
    </p>
   </div>
   <div class='ocr_carea' id='block_1_12' title="bbox 2149 4135 2174 4175">
    <p class='ocr_par' dir='ltr' id='par_1_12' title="bbox 2149 4135 2174 4175">
     <span class='ocr_line' id='line_1_43' title="bbox 2149 4135 2174 4175; baseline -0.04 0"><span class='ocrx_word' id='word_1_403' title='bbox 2149 4135 2174 4175; x_wconf 77' lang='lat'>³5</span> 
     </span>
    </p>
   </div>
   <div class='ocr_carea' id='block_1_13' title="bbox 545 5169 2174 5263">
    <p class='ocr_par' dir='ltr' id='par_1_13' title="bbox 545 5169 2174 5263">
     <span class='ocr_line' id='line_1_44' title="bbox 545 5169 2174 5263; baseline 0.008 -29"><span class='ocrx_word' id='word_1_404' title='bbox 545 5169 638 5234; x_wconf 85' lang='lat' dir='ltr'>Siout</span> <span class='ocrx_word' id='word_1_405' title='bbox 659 5169 785 5256; x_wconf 88' lang='lat' dir='ltr'>pridem</span> <span class='ocrx_word' id='word_1_406' title='bbox 810 5177 871 5235; x_wconf 87' lang='lat' dir='ltr'>etc.</span> <span class='ocrx_word' id='word_1_407' title='bbox 895 5191 1017 5256; x_wconf 90' lang='lat' dir='ltr'>usque:</span> <span class='ocrx_word' id='word_1_408' title='bbox 1042 5171 1260 5252; x_wconf 77' lang='lat' dir='ltr'>concedatisb,</span> <span class='ocrx_word' id='word_1_409' title='bbox 1284 5195 1400 5259; x_wconf 91' lang='lat' dir='ltr'>preces</span> <span class='ocrx_word' id='word_1_410' title='bbox 1423 5180 1552 5238; x_wconf 90' lang='lat' dir='ltr'>nostras</span> <span class='ocrx_word' id='word_1_411' title='bbox 1577 5176 1687 5240; x_wconf 90' lang='lat' dir='ltr'>taliter</span> <span class='ocrx_word' id='word_1_412' title='bbox 1709 5176 1900 5259; x_wconf 90' lang='lat' dir='ltr'>admissuri,</span> <span class='ocrx_word' id='word_1_413' title='bbox 1924 5181 2010 5263; x_wconf 93' lang='lat' dir='ltr'>quod</span> <span class='ocrx_word' id='word_1_414' title='bbox 2032 5203 2093 5247; x_wconf 93' lang='lat' dir='ltr'>nos</span> <span class='ocrx_word' id='word_1_415' title='bbox 2147 5221 2174 5260; x_wconf 59' lang='grc' dir='ltr'><strong><em>ω</em></strong></span> 
     </span>
    </p>
   </div>
   <div class='ocr_carea' id='block_1_14' title="bbox 436 5274 2093 5366">
    <p class='ocr_par' dir='ltr' id='par_1_14' title="bbox 436 5274 2093 5366">
     <span class='ocr_line' id='line_1_45' title="bbox 436 5274 2093 5366; baseline 0.007 -28"><span class='ocrx_word' id='word_1_416' title='bbox 436 5279 471 5338; x_wconf 88' lang='lat' dir='ltr'>ct</span> <span class='ocrx_word' id='word_1_417' title='bbox 494 5274 626 5355; x_wconf 90' lang='lat' dir='ltr'>vestris,</span> <span class='ocrx_word' id='word_1_418' title='bbox 657 5295 728 5338; x_wconf 91' lang='lat' dir='ltr'>cum</span> <span class='ocrx_word' id='word_1_419' title='bbox 759 5281 954 5360; x_wconf 92' lang='lat' dir='ltr'>oportunum</span> <span class='ocrx_word' id='word_1_420' title='bbox 986 5274 1101 5356; x_wconf 88' lang='lat' dir='ltr'>fuerit,</span> <span class='ocrx_word' id='word_1_421' title='bbox 1132 5274 1358 5340; x_wconf 82' lang='lat' dir='ltr'>favorabiliter</span> <span class='ocrx_word' id='word_1_422' title='bbox 1388 5298 1585 5359; x_wconf 89' lang='lat' dir='ltr'>annuamus,</span> <span class='ocrx_word' id='word_1_423' title='bbox 1617 5286 1652 5342; x_wconf 91' lang='lat' dir='ltr'>et</span> <span class='ocrx_word' id='word_1_424' title='bbox 1681 5280 1912 5365; x_wconf 88' lang='lat' dir='ltr'>imperatorem</span> <span class='ocrx_word' id='word_1_425' title='bbox 1941 5283 2093 5366; x_wconf 86' lang='lat' dir='ltr'>eundem,</span> 
     </span>
    </p>
   </div>
   <div class='ocr_carea' id='block_1_15' title="bbox 539 5529 1566 5725">
    <p class='ocr_par' dir='ltr' id='par_1_15' title="bbox 539 5500 1566 5725">
     <span class='ocr_line' id='line_1_46' title="bbox 542 5529 1474 5602; baseline 0.005 -19"><span class='ocrx_word' id='word_1_426' title='bbox 542 5529 566 5598; x_wconf 86' lang='lat'>¹)</span> <span class='ocrx_word' id='word_1_427' title='bbox 584 5533 696 5599; x_wconf 90' lang='lat' dir='ltr'>quodid</span> <span class='ocrx_word' id='word_1_428' title='bbox 714 5533 747 5584; x_wconf 79' lang='lat' dir='ltr'>R.</span> <span class='ocrx_word' id='word_1_429' title='bbox 830 5531 853 5598; x_wconf 79' lang='grc'>1’)</span> <span class='ocrx_word' id='word_1_430' title='bbox 870 5533 914 5584; x_wconf 83' lang='lat' dir='ltr'>ubi</span> <span class='ocrx_word' id='word_1_431' title='bbox 931 5534 959 5584; x_wconf 81' lang='lat' dir='ltr'>iu</span> <span class='ocrx_word' id='word_1_432' title='bbox 972 5534 1059 5601; x_wconf 77' lang='lat' dir='ltr'>priori</span> <span class='ocrx_word' id='word_1_433' title='bbox 1077 5535 1306 5601; x_wconf 70' lang='lat' dir='ltr'>epistololepiturt</span> <span class='ocrx_word' id='word_1_434' title='bbox 1324 5537 1474 5602; x_wconf 88' lang='lat' dir='ltr'>procuretis.</span> 
     </span>
     <span class='ocr_line' id='line_1_47' title="bbox 539 5651 1566 5725; baseline 0.008 -21"><span class='ocrx_word' id='word_1_435' title='bbox 539 5652 565 5716; x_wconf 92' lang='lat'>1)</span> <span class='ocrx_word' id='word_1_436' title='bbox 583 5667 611 5706; x_wconf 80' lang='lat' dir='ltr'>a.</span> <span class='ocrx_word' id='word_1_437' title='bbox 631 5655 696 5707; x_wconf 82' lang='lat'><em>580.</em></span> <span class='ocrx_word' id='word_1_438' title='bbox 766 5652 795 5724; x_wconf 79' lang='lat'>2)</span> <span class='ocrx_word' id='word_1_439' title='bbox 819 5651 854 5707; x_wconf 83' lang='lat' dir='ltr'>Ut</span> <span class='ocrx_word' id='word_1_440' title='bbox 867 5669 975 5725; x_wconf 83' lang='lat' dir='ltr'>papam</span> <span class='ocrx_word' id='word_1_441' title='bbox 992 5657 1088 5710; x_wconf 81' lang='lat' dir='ltr'>contra</span> <span class='ocrx_word' id='word_1_442' title='bbox 1105 5653 1214 5712; x_wconf 75' lang='lat' dir='ltr'>rebelles</span> <span class='ocrx_word' id='word_1_443' title='bbox 1232 5653 1374 5716; x_wconf 80' lang='lat' dir='ltr'>Roraaaos</span> <span class='ocrx_word' id='word_1_444' title='bbox 1391 5655 1566 5722; x_wconf 79' lang='lat' dir='ltr'>adiuvarent,</span> 
     </span>
    </p>
   </div>
   <div class='ocr_carea' id='block_1_16' title="bbox 0 0 2297 6388">
    <p class='ocr_par' dir='ltr' id='par_1_16' title="bbox 0 0 2297 6388">
     <span class='ocr_line' id='line_1_48' title="bbox 0 0 2297 6388; baseline 0 0"><span class='ocrx_word' id='word_1_445' title='bbox 0 0 2297 6388; x_wconf 95' lang='lat' dir='ltr'> </span> 
     </span>
    </p>
   </div>
  </div>
 </body>
</html>
