4604 6420
683 481 685 484 Ι
779 391 981 450 EPISTOLAE
998 392 1187 450 subacuta.
1219 397 1295 452 1233.
1804 411 1863 475 421

212 566 372 649 nuntiari,
400 567 465 633 nisi
493 587 612 633 novem
641 588 767 633 marcas
794 590 852 654 pro
881 569 1057 634 summario
1087 575 1121 635 et
1149 591 1210 635 sex
1241 594 1300 659 pro
1328 574 1489 661 palefrido
1519 577 1583 643 sibi
1607 581 1739 647 nomine
1762 582 1866 670 ipsius

213 672 362 759 episcopi
392 673 521 738 solvere
551 679 781 757 procurarent,
817 672 904 758 quod
935 673 1067 739 efficere
1097 673 1317 760 denegarunt,
1352 700 1425 743 cum
1452 683 1552 746 ctiam
1582 683 1691 750 verbis
1718 686 1867 753 ciusdem

214 774 324 840 clerici
353 773 435 840 fides
464 773 650 840 adhibenda
680 797 746 841 non
776 782 881 856 esset,
915 777 992 861 quia
1022 779 1146 843 nullum
1176 780 1357 846 exhibebat
1386 805 1428 846 ex
1458 784 1561 870 ipsius
1591 787 1738 875 episcopi
1773 787 1866 876 pa'rte

212 878 403 943 mandatum
426 885 459 943 et
481 879 559 943 olim
573 879 692 944 furtive
714 900 734 942 a
757 879 835 944 sede
858 881 1040 966 apostolica
1055 883 1251 947 recessisset
1273 891 1408 970 propter
1423 887 1536 952 vitium
1557 889 1643 973 quod
1660 892 1867 958 commiserat

213 979 376 1047 falsitatis.
422 982 530 1056 Quare
554 982 648 1046 nobis
671 982 733 1046 suit
755 983 925 1048 humiliter
946 985 1182 1070 supplicatum,
1205 993 1242 1050 ut
1264 989 1292 1050 si
1316 988 1398 1055 forte
1422 991 1482 1055 hac
1508 990 1549 1055 de
1573 1013 1671 1058 causa
1693 995 1865 1061 iamdictus

211 1084 384 1171 episcopus
408 1085 530 1170 aliquid
553 1086 668 1150 statuit
691 1093 804 1151 contra
826 1087 931 1172 ipsos,
965 1088 1044 1152 illud
1068 1089 1251 1155 laceremus
1273 1090 1315 1156 de
1341 1092 1543 1179 benignitate
1572 1097 1660 1162 sedis
1684 1099 1865 1183 apostolice

212 1188 367 1253 reuocari.
420 1188 503 1252 (ium
534 1189 633 1275 igitur
664 1188 752 1254 idem
787 1191 962 1278 episcopus
996 1193 1119 1256 nullam
1154 1194 1187 1256 in
1222 1194 1354 1260 eosdem
1389 1199 1574 1284 prepositos
1608 1199 1865 1267 iurisdictionem

212 1291 393 1377 recepisset
415 1312 435 1355 a
458 1290 568 1373 nobis,
594 1291 801 1376 mandemus,
832 1295 1000 1378 quatinus,
1031 1296 1059 1359 si
1083 1303 1134 1361 ert
1156 1299 1214 1379 ita,
1247 1301 1426 1365 senitentias
1450 1303 1813 1386 excommunicationis,
1837 1305 1865 1367 si

211 1415 292 1478 quas
320 1395 466 1480 prefatus
496 1396 671 1482 episcopus
702 1397 777 1460 tulit
806 1397 839 1460 in
870 1419 942 1480 eos,
974 1399 1081 1463 nullas
1113 1421 1187 1465 esse
1221 1403 1352 1487 penitus
1381 1404 1549 1470 nuntietis.
1606 1405 1700 1480 Quod
1737 1407 1765 1470 si
1800 1426 1865 1470 non

212 1519 326 1562 omnes
350 1503 412 1563 etc.

319 1616 395 1683 Dat.
417 1617 571 1684 Lateran.
594 1618 627 1683 X
648 1618 724 1684 Kal.
747 1618 837 1701 Maii,
861 1641 946 1685 anno
970 1622 1122 1708 septimo.

832 1919 1243 1926 mun-*-

943 2193 947 2200 ’
993 2195 1079 2267 525.

318 2320 508 2432 Gregorius
529 2350 585 2415 IX
598 2371 687 2431 papa
716 2349 823 2414 abbati
851 2354 880 2414 ct
905 2350 1021 2414 dcccco
1043 2350 1156 2415 Sancti
1180 2349 1328 2432 Gregorii
1348 2349 1543 2415 Basitiensis
1569 2351 1698 2418 diocesis
1723 2355 1863 2434 manmt,

207 2456 243 2516 at
264 2453 590 2519 cacanmanicatianis
619 2457 648 2515 ct
675 2452 835 2517 interdicti
861 2453 1033 2518 sententias
1061 2453 1097 2516 ia
1127 2455 1263 2517 comitem
1286 2453 1411 2518 Montis
1432 2453 1629 2536 Bettipardis
1653 2479 1715 2538 pro
1736 2479 1771 2522 co
1786 2481 1863 2540 pro-

207 2557 378 2639 mulgatas,
415 2556 497 2638 qaod
526 2555 665 2620 abbatam
699 2559 728 2619 ct
760 2561 941 2621 carucatam
973 2556 1159 2622 marasim
1188 2577 1204 2620 c
1238 2559 1426 2622 monasterio
1458 2575 1515 2622 sito
1546 2558 1667 2623 aaran
1698 2581 1862 2642 ammaus

210 2660 338 2726 ambitio
359 2659 575 2738 devastaverit,
596 2659 822 2724 insaciabiliter
844 2661 1003 2725 observari
1019 2659 1155 2745 faciant.
1476 2662 1570 2740 1233,
1591 2662 1698 2743 April.
1722 2666 1776 2732 28.

311 2779 390 2848 Grec.
409 2779 458 2832 1x
475 2780 545 2850 ch.
567 2779 627 2835 Vol.
645 2780 699 2849 IV,
717 2784 767 2849 17;
784 2780 847 2836 Lib.
868 2779 937 2847 VII,
956 2783 999 2834 76.

307 2864 445 2930 Pcttlrast
463 2864 535 2936 ch.
553 2869 633 2921 9169.

543 3119 551 3137 .
582 3119 590 3136 .
619 3062 766 3138 abbati
794 3067 835 3137 et
863 3119 871 3137 .
902 3119 910 3136 .
939 3060 1276 3136 decanoSancti
1304 3059 1504 3155 Gregorii

789 3183 1048 3258 Basiliensis
1075 3183 1273 3257 diocesis.

312 3330 435 3396 Dilecti
463 3331 524 3394 filii
553 3379 592 3394 ..
622 3330 725 3396 abbas
761 3336 794 3396 et
828 3337 1007 3396 conventus
1039 3330 1234 3395 Lutrensis²
1265 3330 1471 3411 monasterii,
1504 3331 1546 3396 ad
1577 3354 1637 3399 nos
1672 3338 1707 3396 ut
1742 3332 1862 3398 dicitur

205 3435 295 3500 nullo
330 3434 439 3499 medio
468 3435 678 3520 pertinentis,
714 3455 773 3499 sua
806 3434 901 3499 nobis
931 3434 1152 3500 insinuatione
1183 3435 1410 3514 innotuerunt,
1440 3432 1527 3520 quod
1558 3455 1631 3499 cum
1661 3436 1782 3501 nobilis
1812 3437 1862 3500 vir

207 3586 248 3603 ..
277 3559 386 3603 comcs
418 3536 542 3605 Montis
571 3537 795 3623 Belligardis³
822 3537 996 3603 Bisuntine
1026 3536 1168 3602 diocesis
1197 3537 1430 3603 monasterium
1462 3538 1569 3622 ipsum
1601 3560 1674 3604 cum
1709 3539 1860 3604 omnibus

205 3641 301 3706 bouis
324 3642 392 3706 suis
415 3641 648 3707 monachorum
669 3642 785 3707 usibus
813 3641 979 3728 deputatis
1009 3639 1155 3706 detincat
1183 3648 1393 3727 occupatum,
1423 3640 1602 3706 devastatis
1628 3648 1662 3706 et
1684 3642 1859 3728 asportatis

205 3744 368 3809 uniuersis
391 3744 567 3810 mobilibus
590 3745 713 3810 ibidem
735 3746 877 3811 inventis
900 3767 938 3810 ae
962 3745 1043 3830 ipsis
1067 3746 1182 3809 eiectis
1205 3744 1326 3810 exinde
1342 3746 1513 3826 violenter,
1538 3744 1735 3810 venerabilis
1759 3745 1861 3810 irater

206 3853 319 3912 noster
340 3847 532 3914 Bisuntinus
555 3849 854 3936 archiepiscopum,
883 3848 947 3912 loci
970 3847 1180 3927 diocesanus,
1209 3848 1243 3910 in
1267 3849 1375 3934 ipsum
1398 3847 1747 3912 excommunicationis
1770 3849 1859 3912 etin

205 3956 326 4015 terram
348 3953 419 4017 eius
443 3952 609 4017 interdicti
631 3954 812 4018 sententias
832 3951 1027 4016 auctoritate
1051 3952 1183 4038 propria
1205 3950 1441 4037 promulgavit,
1465 3971 1545 4034 quas
1569 3998 1577 4014 .
1601 4001 1610 4016 .
1633 3951 1723 4037 prior
1746 3949 1859 4014 Sancti

205 4054 300 4119 Pauli
334 4063 367 4120 et
402 4105 410 4122 .
441 4105 450 4120 .
479 4056 703 4122 thesaurarius
739 4055 934 4121 Bisuntinus
970 4055 1137 4120 observari
1171 4075 1274 4138 usqae
1314 4053 1357 4118 ad
1392 4053 1648 4119 satisfactionem
1684 4074 1859 4140 congruam

205 4159 402 4225 auctoritate
428 4160 611 4247 apostolica
632 4158 878 4225 mandaverunt.
925 4159 983 4224 Set
1006 4180 1096 4239 curn,
1128 4163 1306 4223 excecante
1329 4157 1455 4221 malitia
1477 4177 1533 4222 cor
1554 4156 1660 4236 iltius,
1683 4156 1794 4223 induci
1816 4157 1857 4221 ad
1872 4187 1924 4242 s„„
1939 4193 1993 4232 221,

206 4263 462 4329 satisfactionem
489 4263 676 4328 nullatcnus
704 4263 884 4349 potuisset,
916 4311 956 4330 ..
985 4263 1074 4349 prior
1102 4268 1135 4327 et
1163 4309 1204 4323 ..
1238 4266 1351 4325 cantor
1382 4260 1501 4326 Sancte
1529 4261 1633 4326 Marie
1663 4261 1860 4347 Magdaleue

207 4366 393 4449 Bisuntine,
422 4372 554 4453 recepto
579 4366 732 4431 mandato
760 4387 780 4430 a
806 4366 901 4431 nobis
929 4374 981 4446 ut,
1012 4386 1078 4430 non
1101 4366 1253 4430 obstante
1276 4366 1481 4451 indulgentia
1509 4386 1568 4451 per
1590 4385 1687 4450 quam
1711 4365 1859 4430 canonici

206 4470 345 4536 ecclesie
373 4471 472 4536 castri
494 4469 616 4534 Montis
637 4468 836 4555 Belligardis
861 4469 973 4540 dicunt
1004 4490 1039 4534 sc
1070 4490 1136 4532 non
1167 4467 1287 4532 debere
1312 4489 1443 4533 cessare
1472 4467 1634 4532 adiuinis
1658 4468 1775 4533 officiis
1798 4489 1857 4554 pro

205 4574 302 4659 culpa
324 4574 451 4638 comitis
474 4573 538 4638 nisi
567 4594 606 4638 eo
630 4573 663 4636 in
686 4574 802 4638 eodem
826 4580 932 4638 castro
956 4579 1125 4659 presente,
1160 4570 1293 4636 casdem
1317 4573 1497 4637 sententias
1520 4569 1740 4657 publicarent,
1768 4571 1857 4658 ipsas

204 4697 263 4762 pcr
289 4683 400 4763 partes
427 4677 550 4742 vicinas
579 4677 723 4742 maxime
752 4677 839 4762 apud
868 4683 1009 4742 castrum
1039 4675 1222 4763 predictum
1252 4675 1467 4761 solempniter
1498 4675 1707 4756 innovarunt,
1740 4681 1774 4740 ct
1801 4697 1857 4740 eas

204 4781 340 4866 insuper
365 4786 462 4866 prout
490 4781 522 4844 in
553 4778 715 4844 mandatis
745 4787 942 4866 acceperant
971 4786 1206 4865 aggravantes,
1238 4779 1271 4842 in
1301 4784 1372 4843 tcta
1400 4785 1489 4843 terra
1519 4779 1590 4844 eius
1617 4777 1881 4844 interdixerunt·

207 4884 465 4949 ecclesiasticam
488 4885 691 4970 sepulturam
714 4889 748 4949 et
770 4884 804 4948 iu
827 4885 919 4966 locis,
943 4882 985 4948 ad
1008 4904 1070 4968 que
1094 4903 1204 4948 comes
1228 4881 1424 4961 diverteret,
1447 4881 1622 4967 quamdiu
1646 4881 1692 4945 ibi
1713 4889 1802 4946 esset
1825 4888 1858 4946 et

203 5008 264 5072 per
286 4987 428 5072 quinque
456 4986 526 5052 dics
553 4993 629 5074 post
654 5009 823 5053 recessum
853 4988 974 5073 ipsius,
1003 4986 1115 5064 diviua
1138 4985 1246 5050 officia
1276 4985 1448 5063 celebrari,
1481 5006 1523 5048 ne
1546 4985 1618 5070 quis
1649 4984 1690 5049 ed
1713 4991 1858 5049 mereata

204 5098 290 5156 terre
314 5112 373 5156 sue
395 5090 583 5172 accederet,
613 5092 647 5156 in
670 5092 773 5178 ipsius
797 5091 994 5157 molendinis
1019 5090 1157 5155 moleret
1181 5097 1214 5154 et
1237 5090 1340 5154 furnis
1365 5093 1521 5174 coqueret
1543 5086 1728 5152 interdicto.
1774 5086 1856 5151 Cum

202 5202 312 5260 cutem
342 5215 402 5260 nec
431 5195 478 5260 sic
508 5195 654 5260 converti
678 5196 834 5274 volucrit,
862 5201 898 5258 ut
928 5193 1045 5259 faciem
1070 5192 1202 5258 Domini
1231 5199 1384 5278 quereret
1413 5198 1446 5257 et
1478 5191 1593 5256 salutis
1623 5189 1769 5255 remedia
1795 5190 1856 5254 im-

202 5301 361 5386 ploraret,
389 5297 469 5363 dicti
499 5299 600 5365 abbas
630 5307 663 5365 et
691 5305 871 5365 conventus
900 5299 1070 5364 humiliter
1093 5298 1333 5384 supplicarunt,
1362 5303 1399 5360 ut
1428 5294 1650 5382 predictorum
1681 5293 1799 5380 prioris
1823 5297 1857 5357 et

123 5619 150 5658 to
305 5595 331 5660 1)
358 5594 392 5645 In
415 5591 519 5662 oppida
542 5591 669 5646 Mrtastrr
689 5593 719 5646 ia
740 5592 863 5659 Alcatia,
886 5608 920 5645 ra
944 5591 1076 5646 occidente
1098 5587 1196 5660 oppidi
1219 5587 1337 5642 Colmar.
1429 5589 1457 5656 2)
1479 5589 1555 5642 Lare
1581 5603 1615 5641 aa
1636 5585 1739 5642 amente
1762 5587 1859 5658 oppidi

204 5678 312 5736 Vincat.
390 5679 418 5748 3)
429 5679 480 5734 ·De
498 5677 692 5733 Monttttiard.
771 5679 800 5748 4)
819 5679 964 5734 Nicotaus.
