4604 6420
835 373 1035 440 EPISTOLAE
1052 375 1242 442 SELEC'I'AE.
1278 381 1354 442 1231.
1863 386 1924 456 357

269 557 434 647 magistris
458 565 492 627 et
514 552 671 625 fratribus
694 552 864 624 domorum
886 557 1003 623 militie
1020 555 1151 644 Templi
1175 565 1209 625 et
1230 557 1414 646 Hospitalis
1431 555 1695 644 Ierosolimitani,
1719 563 1921 644 affectuosas

268 669 405 752 preces,
433 663 632 729 monitiones
654 669 797 728 attentas
821 669 855 728 et
877 661 1082 728 inductiones
1106 663 1318 729 rationabiles
1341 685 1402 729 nos
1424 665 1632 730 meminimus
1655 664 1853 748 destinasse,
1886 675 1923 733 ut

270 768 318 834 cis
340 766 469 833 faceres
491 767 602 832 ablata
623 766 768 847 restitui,
799 765 1105 852 quaproienitores
1128 767 1176 830 tui
1199 765 1263 830 sibi
1285 766 1340 852 pia
1364 767 1570 832 contulerant
1592 769 1761 855 largitate,
1790 791 1863 835 cum
1886 791 1926 836 ea

270 871 352 957 ipsis
382 871 493 936 invitis
522 871 578 935 vix
606 869 801 936 contrectari
828 870 959 934 valeant
987 869 1057 933 sine
1088 869 1207 934 iniuria
1235 867 1313 934 Iesu
1345 868 1485 951 Christi,
1515 871 1567 936 aui
1598 870 1716 938 devote
1745 879 1925 938 noscuntur

271 975 392 1040 oblata.
436 973 531 1040 Nunc
553 981 662 1038 autem
685 973 856 1055 lacrimas,
888 972 1030 1058 gemitus
1054 978 1088 1036 et
1117 971 1413 1058 singultuosorum
1437 974 1522 1039 ultra
1544 994 1675 1040 omnem
1698 975 1924 1042 credulitatem

270 1077 480 1164 multiplicari
502 1075 669 1157 videntes,
699 1077 792 1162 gravi
816 1097 928 1141 sumus
952 1074 1081 1156 dolore,
1110 1082 1244 1162 stupore
1267 1098 1305 1142 ac
1329 1077 1463 1143 horrore
1487 1078 1649 1164 perculsi,
1681 1099 1754 1144 cum
1776 1080 1810 1144 in
1832 1081 1923 1166 ipsos

269 1181 352 1246 adeo
383 1201 499 1245 manus
528 1179 648 1245 diceris
675 1180 882 1265 ingravasse,
912 1178 1000 1264 quod
1028 1181 1076 1244 eis
1106 1179 1147 1244 dc
1176 1201 1277 1266 regno
1305 1181 1436 1245 reiectis
1466 1181 1569 1246 nichil
1597 1183 1650 1246 vel
1680 1181 1841 1248 modicum
1874 1188 1926 1248 est

270 1285 431 1350 relictum.
476 1281 562 1357 Quia
583 1305 662 1349 vero
688 1283 722 1347 id
748 1283 845 1347 saluti
879 1289 935 1346 tue
961 1303 1027 1346 non
1057 1281 1192 1367 expedit
1221 1304 1282 1348 nea
1313 1282 1445 1363 honori,
1477 1305 1550 1348 cum
1579 1305 1692 1350 servos
1721 1305 1923 1371 prosequens

271 1385 445 1469 Crucifixi,
469 1407 544 1453 eum
568 1386 601 1450 in
624 1387 704 1472 ipsis
727 1385 882 1472 persequi
906 1385 1064 1466 videaris,
1094 1392 1127 1450 et
1148 1385 1236 1451 bona
1257 1386 1372 1450 usibus
1397 1387 1539 1472 ascripta
1562 1387 1681 1452 divinis
1703 1395 1869 1473 nequeant
1890 1389 1924 1452 in

271 1491 353 1556 alios
376 1511 455 1556 usus
479 1490 549 1556 sine
573 1490 699 1556 offensa
719 1490 830 1554 divina
852 1488 1033 1569 transferri,
1056 1509 1117 1553 nec
1140 1489 1268 1575 possint
1287 1489 1437 1554 homines
1459 1511 1524 1555 non
1546 1491 1680 1572 moveri,
1705 1490 1782 1555 dum
1796 1511 1924 1556 amaros

270 1614 384 1659 aarum
399 1593 535 1659 audiunt
554 1594 709 1672 ululatus,
732 1593 931 1658 admirantes
949 1592 990 1656 ab
1007 1613 1046 1658 co
1067 1592 1146 1657 talia
1162 1593 1305 1674 evenire,
1328 1615 1427 1678 aquo
1447 1600 1620 1679 sperantur
1634 1594 1800 1681 profectas
1824 1614 1924 1681 opera

271 1698 421 1784 pietatis:
446 1698 650 1784 imperialem
673 1697 901 1763 celsitudinem
925 1696 1011 1761 sicut
1032 1697 1151 1760 iterum
1176 1696 1222 1761 sic
1246 1697 1402 1762 attentius
1426 1717 1589 1783 rogamus,
1613 1717 1783 1762 monemus
1808 1703 1841 1762 et
1864 1697 1923 1762 ob-

271 1822 437 1866 secramus
460 1802 494 1865 in
517 1801 648 1867 Christo
671 1801 764 1883 Iesu,
797 1801 853 1886 qui
874 1799 1015 1866 redemit
1038 1799 1196 1886 sanguine
1227 1801 1359 1886 proprio
1382 1808 1589 1887 peccatores,
1620 1798 1795 1887 quatinusb
1817 1803 1924 1865 anime

270 1909 326 1970 tue
348 1924 488 1989 parcens
512 1911 546 1969 et
567 1905 662 1969 nobis
689 1904 874 1989 indulgens,
899 1903 954 1989 qni
968 1909 1104 1991 propter
1124 1903 1188 1967 hoc
1205 1903 1425 1969 detractiones
1448 1910 1482 1968 et
1497 1904 1768 1970 subsannationes
1783 1903 1927 1989 patimur

208 2059 213 2070 .
273 2013 341 2072 toto
365 2006 437 2090 die,
466 2007 590 2072 dictosc
612 2009 787 2094 magistros
817 2015 851 2072 et
881 2006 998 2072 fratres
1028 2008 1062 2071 in
1089 2007 1228 2092 gratiam
1250 2027 1423 2086 revocans,
1457 2008 1505 2072 eis
1534 2008 1643 2072 ablata
1671 2008 1800 2073 restitui
1822 2006 1925 2071 facias

271 2109 439 2191 universa,
469 2118 506 2175 ut
534 2111 681 2197 placatus
713 2110 840 2176 eisdem
869 2116 902 2176 te
933 2110 1090 2196 placitum
1112 2109 1185 2175 Deo
1209 2110 1343 2191 reddas,
1372 2117 1406 2175 et
1434 2132 1493 2175 nos
1522 2111 1583 2175 tibi
1605 2116 1739 2199 propter
1760 2110 1823 2175 hoc
1846 2130 1924 2175 con-

272 2215 388 2280 stituas
422 2216 456 2278 in
485 2214 627 2280 Domino
661 2215 779 2280 merito
811 2212 989 2279 debitores.
1045 2214 1090 2278 Ut
1124 2221 1235 2278 autem
1264 2215 1338 2278 vive
1367 2214 1457 2278 vocis
1491 2213 1632 2279 adiectio
1665 2213 1836 2279 serenitati
1868 2219 1925 2278 tuc

271 2319 400 2404 plenius
424 2319 551 2405 aperiat
572 2326 684 2384 nostre
707 2317 900 2382 intentionis
923 2317 1089 2399 affectum,
1113 2338 1192 2382 ecce
1208 2317 1429 2382 venerabilem
1452 2317 1586 2383 fratrem
1609 2323 1756 2382 nostrum
1778 2315 1925 2382 ..Muti-

272 2442 408 2486 nensem
446 2423 638 2508 episcopum
649 2421 670 2502 ¹,
712 2421 819 2484 virum
860 2420 973 2504 utique
1010 2420 1172 2506 religione
1206 2421 1398 2508 probatum,
1433 2419 1606 2486 honestate
1641 2419 1854 2506 conspicuum
1891 2425 1925 2484 et

193 2551 199 2568 ⁴
273 2524 410 2589 scientia
432 2524 636 2604 redimitum,
669 2544 766 2610 quem
794 2544 855 2587 nos
884 2529 918 2587 et
946 2521 1065 2588 fratres
1087 2524 1191 2587 nostri
1214 2524 1343 2589 sincera
1366 2523 1401 2587 in
1422 2522 1565 2588 Domino
1587 2522 1754 2608 diligimus
1777 2522 1924 2602 caritate,

198 5607 225 5648 dd

271 2628 312 2692 ad
335 2628 536 2714 presentiam
558 2636 646 2693 tuam
670 2632 803 2713 propter
825 2625 887 2689 lroc
911 2626 1102 2712 specialiter
1124 2625 1278 2691 duximus
1301 2624 1550 2707 destinandum,
1581 2626 1635 2691 cui
1657 2646 1719 2710 que
1743 2625 1802 2691 tibi
1826 2647 1926 2712 snper

272 2731 334 2796 hiis
358 2739 391 2796 at
413 2732 487 2796 aliis
509 2753 552 2797 ex
575 2739 667 2818 parte
689 2736 801 2794 nostra
823 2737 995 2816 proponet,
1019 2729 1152 2796 credere
1175 2732 1317 2817 petimus
1341 2732 1578 2797 incunctanter.

376 2852 464 2919 Data
486 2854 601 2935 Reate,
624 2851 738 2916 Idibus
762 2851 857 2930 Iunii,
880 2872 965 2916 anno
989 2852 1112 2937 quinto.

895 3148 1306 3156 Ἣ-

1054 3426 1143 3501 443.

380 3539 572 3654 (stricatae
592 3567 649 3633 IX
665 3588 753 3650 papa
776 3567 976 3634 Fridariaam
998 3567 1213 3633 Barcanorum
1234 3568 1450 3648 imperatorem
1477 3569 1597 3643 maaet,
1626 3584 1666 3629 aa
1691 3584 1789 3629 aoaas
1815 3563 1927 3629 amati-

273 3675 406 3738 tutiaacs
427 3672 514 3738 edera
535 3672 691 3750 intendat,
721 3671 805 3736 anae
825 3672 968 3737 caelas-iac
984 3675 1165 3754 parsaadar
1186 3677 1214 3736 at
1243 3672 1369 3738 obratar
1391 3670 1539 3752 publicae
1562 3668 1716 3734 libertatis
1736 3668 1800 3733 dici
1815 3668 1926 3749 possit.

1812 3773 1829 3808 Γ

375 3861 457 3930 Grae.
475 3859 525 3913 IX
541 3859 611 3928 Rap.
630 3857 693 3913 Lib.
715 3857 747 3929 V,
767 3861 808 3914 ⁹1.
843 3859 965 3915 Baiuras
983 3877 1018 3914 ea
1036 3859 1131 3930 Rapa.
1149 3862 1222 3915 Aac.
1240 3859 1301 3914 cccl.
1319 3874 1346 3914 a.
1364 3861 1443 3926 1231,
1459 3861 1476 3924 ἕ
1494 3859 1520 3911 9.
1606 3771 1839 3850 1231,1az..2.

375 3945 512 4011 Pattbast,
531 3947 601 4016 ch.
620 3948 705 4002 8760.

367 4159 614 4252 Friderico,
641 4159 809 4235 illustri
836 4159 1135 4236 Romanorum
1162 4159 1423 4252 imperatori
1450 4180 1628 4252 semper
1655 4163 1845 4252 augusto

924 4287 966 4356 et
992 4282 1085 4375 regi
1111 4281 1278 4356 Sicilie.

382 4431 613 4497 Intelleximus
636 4430 815 4517 siquidem,
845 4431 931 4518 quod
953 4433 1008 4498 rel
1038 4432 1172 4519 proprio
1196 4438 1287 4497 motu
1308 4430 1362 4496 vel
1385 4429 1540 4496 seductus
1564 4429 1757 4494 inconsultis
1781 4424 1928 4492 consiliis

274 4556 525 4621 perversorum,
548 4556 651 4600 novas
675 4535 774 4601 edere
797 4535 1073 4602 constitutiones²
1097 4534 1258 4618 intendis,
1290 4555 1332 4599 ex
1355 4533 1473 4619 quibus
1495 4533 1683 4599 necessario
1707 4531 1871 4617 sequitur,
1893 4534 1929 4593 ut

274 4637 393 4702 dicaris
417 4639 556 4705 ecclesie
579 4646 771 4725 persecutor
793 4645 827 4705 et
849 4640 984 4706 obmtor
1005 4640 1138 4726 publice
1161 4639 1343 4718 libertatis,
1378 4638 1490 4723 sicque
1522 4637 1582 4701 tibi
1611 4636 1793 4702 contrarius
1817 4639 1930 4699 contra

276 4742 398 4807 totuis
422 4743 545 4808 uiribus
568 4742 714 4808 moliaris
737 4790 881 4810 .......
882 4742 896 4783 ‘¹
927 4742 1014 4809 Sane
1038 4744 1066 4808 si
1089 4742 1131 4808 ad
1155 4741 1187 4807 id
1212 4763 1255 4808 ex
1277 4747 1310 4807 te
1333 4741 1417 4806 torte
1439 4741 1592 4821 moreris,
1616 4740 1768 4804 timemus
1792 4738 1929 4802 multum

275 4843 339 4909 Dei
369 4844 508 4931 gratiam
541 4845 602 4910 tibi
638 4847 713 4911 ess'e
746 4846 963 4928 subtractam,
997 4845 1075 4912 dum
1111 4846 1158 4911 sic
1188 4852 1340 4933 patenter
1373 4843 1492 4908 famam
1522 4843 1687 4931 propriam
1721 4841 1862 4927 negligis
1895 4845 1930 4904 et

275 4948 432 5024 salutem;
464 4948 592 5014 sivero
615 4950 775 5036 impulsus
798 4950 839 5015 ab
862 4951 954 5031 aliis,
988 4951 1144 5015 miramur
1166 4947 1253 5034 quod
1276 4946 1395 5012 talibus
1419 4946 1616 5012 consiliariis
1638 4945 1841 5030 acquiescis,
1874 4942 1928 5028 qui

275 5051 392 5137 spiritu
413 5051 525 5117 vexati
546 5053 692 5138 nequitie
715 5060 750 5118 te
774 5052 947 5120 intendunt
968 5052 1042 5119 Deo
1065 5058 1099 5118 et
1121 5051 1308 5116 hominibus
1332 5051 1532 5116 constituere
1555 5047 1738 5128 inimicum,
1769 5053 1807 5110 ut
1837 5052 1927 5111 tace-

383 5229 536 5235 ——-·
953 5229 1172 5236 ——n——d--m
1180 5223 1794 5235 ——----———-————..——

380 5344 403 5412 ⁸)
430 5354 476 5396 aaa
502 5349 614 5413 perfecta
640 5357 685 5399 aut
710 5351 855 5415 protectura
883 5349 1023 5416 legardam.
1115 5345 1137 5413 l)
1163 5356 1321 5414 peccatores,
1348 5347 1424 5398 cuius
1448 5345 1533 5398 auimo
1560 5343 1592 5396 R.
1681 5341 1703 5406 ε)
1729 5341 1783 5407 dic,
1808 5340 1931 5408 quatinus

274 5433 355 5484 dictos
374 5431 406 5484 R.
487 5429 510 5496 d)
528 5433 595 5486 deest
612 5435 713 5500 aliquid
730 5452 772 5500 ap.
791 5433 876 5502 Rapa.

379 5587 406 5652 1)
431 5584 615 5652 ll'itlrelmam3
637 5587 674 5653 cs.
692 5585 776 5657 asco.
796 5587 830 5640 dc
847 5587 875 5642 S.
895 5586 985 5644 Germ.
1002 5604 1028 5640 a.
1050 5590 1126 5648 1231,
1151 5585 1202 5639 SS.
1221 5587 1239 5640 t.
1258 5583 1344 5648 XIX,
1359 5601 1390 5653 p.
1410 5586 1471 5637 364.
1581 5583 1609 5648 2)
1629 5579 1674 5634 De
1691 5579 1734 5633 llis
1751 5578 1788 5647 cs.
1813 5577 1930 5634 Winlel·

275 5689 365 5737 mma,
383 5672 400 5726 l.
419 5687 440 5727 a.
457 5687 488 5742 p.
509 5675 562 5726 347
580 5679 606 5727 et
623 5688 698 5741 aequ.
