4590 6366
1005 402 1053 460 ux
1072 399 1247 460 ennoean
1264 399 1303 458 IX
1321 397 1501 458 REGISTRO

1211 722 1299 795 6914

535 837 726 950 Greporins
747 861 804 931 IX
820 885 909 946 papa
929 863 1096 930 Friderico
1117 861 1335 928 Romanorum
1360 859 1543 944 imperatori
1564 861 1694 928 nantiat
1715 879 1747 928 se
1768 861 1812 927 od
1825 873 1937 944 pacem
1958 883 2086 945 promo

426 971 559 1048 vendam
581 970 765 1055 [Iacobum]
788 969 963 1050 episcopam
979 966 1224 1032 Praenestinam
1239 967 1275 1030 in
1290 965 1513 1031 Lambardiam
1528 966 1708 1044 destinasse,
1730 968 1798 1030 eins
1812 986 1883 1031 vero
1900 968 2090 1047 petitionem

426 1075 463 1140 dc
485 1074 649 1156 diripendo
670 1075 747 1139 illac
761 1071 927 1156 [Alberto]
946 1069 1134 1152 patriarcha
1150 1070 1343 1135 Antiocheno
1366 1069 1517 1134 eoandirc
1538 1089 1602 1133 non
1622 1071 1776 1150 potnisse;
1798 1073 1908 1148 roraret,
1930 1075 1970 1134 nt
1984 1070 2090 1155 [Her-

428 1176 599 1262 mannnm]
632 1176 817 1258 mapietrnm
852 1175 1090 1240 Teutonicornm
1116 1194 1180 1255 pro
1212 1173 1376 1239 mnoordia
1400 1172 1606 1257 reformanda
1634 1173 1702 1239 sine
1730 1173 1882 1238 dilatione
1911 1175 1957 1238 ad
1987 1175 2092 1238 salem

426 1281 628 1364 apostoticam
649 1280 853 1346 transmittat.
1727 1279 1820 1354 1236,
1844 1277 1918 1341 Ian.
1943 1280 1998 1342 10.
2152 1287 2163 1324 ⁵

534 1399 615 1468 (ἔτερ.
633 1399 683 1454 IX
698 1398 765 1470 Ray.
789 1398 846 1453 Vol.
866 1397 899 1461 V,
919 1400 979 1464 161;
1002 1397 1065 1451 Lib.
1084 1397 1121 1461 X,
1141 1399 1202 1450 103.
1245 1396 1352 1450 Perteii
1377 1397 1517 1466 exemplar
1541 1396 1730 1465 supplevimus
1751 1412 1786 1449 ea
1808 1395 1903 1467 Rayn.
1929 1399 2005 1450 Ana.
2025 1398 2089 1452 eccl.

430 1503 456 1541 a,
474 1489 555 1550 1236,
574 1488 590 1552 §
611 1488 635 1539 6.

532 1571 667 1636 Potttmst,
684 1569 755 1640 Rep.
774 1572 875 1623 torst.

462 1783 704 1871 Friderico,
737 1781 1046 1856 Romanorum
1073 1782 1336 1875 imperatori
1363 1804 1540 1874 semper
1567 1787 1772 1874 auguste,
1800 1782 2056 1857 Ierusalem

989 1908 1032 1977 et
1059 1903 1206 1978 Sicilie
1232 1904 1326 1995 regi
1353 1903 1529 1976 illustri.
2141 1923 2165 1962 1⁰

538 2052 762 2118 Accedentem
779 2050 947 2116 adsedem
963 2051 1179 2137 apostolicam
1196 2050 1351 2116 dilectum
1368 2051 1469 2115 filium
1484 2053 1677 2138 magistrum
1691 2051 1869 2137 Rogerium
1885 2053 2087 2116 canonicum

432 2155 676 2221 Salernitenum
698 2155 848 2220 nuntium
870 2161 961 2220 tuum
985 2155 1128 2240 benigne
1152 2156 1346 2241 recepimus,
1371 2161 1492 2220 ettam
1516 2178 1556 2221 ea
1572 2178 1634 2241 que
1651 2156 1738 2221 idem
1754 2177 1863 2220 coram
1886 2156 1986 2220 nobis
2010 2178 2089 2242 pro·

429 2281 553 2346 ponere
569 2260 672 2324 voluit
696 2280 792 2346 quam
817 2281 880 2345 que
904 2265 959 2324 tue
982 2259 1091 2324 littere
1116 2258 1339 2340 continebant,
1363 2260 1587 2324 intelleximus
1611 2259 1799 2344 diligenter.
1838 2259 1987 2323 Veruma
2009 2281 2088 2323 cum

431 2365 509 2428 olim
532 2363 574 2428 ad
596 2368 742 2427 nostram
765 2363 915 2427 notitiam
937 2362 1153 2449 pervenisset,
1178 2361 1264 2448 quod
1286 2363 1321 2426 in
1343 2363 1575 2427 Lombardiam
1597 2384 1773 2450 processus
1797 2384 1873 2427 suos
1898 2363 2093 2447 imperialis.

432 2466 592 2532 celsitudo
626 2466 798 2552 dirigeret,
832 2486 892 2530 nos
922 2467 1029 2544 illurn,
1064 2465 1120 2549 qui
1150 2466 1220 2529 sola
1250 2465 1323 2530 Deo
1356 2467 1478 2552 placita
1506 2465 1638 2531 efficere
1674 2488 1712 2531 ac
1747 2466 1834 2531 omni
1867 2487 2090 2552 personarum
2142 2479 2165 2518 ¹⁵

433 2571 626 2656 acceptione
650 2577 777 2635 remota
799 2590 915 2656 paoem
935 2567 1139 2634 desideraret
1155 2575 1188 2632 et
1204 2568 1411 2633 concordiam
1427 2591 1629 2655 promovere,
1653 2570 1730 2633 illuc
1747 2569 1888 2654 dirigere
1905 2569 2095 2655 cupientes,

434 2672 656 2738 venerabilem
678 2672 816 2737 fratrem
839 2677 986 2737 nostrum
1012 2672 1203 2758 episcopum
1219 2671 1450 2736 Prenestinum
1473 2670 1515 2736 ad
1537 2679 1647 2758 partes
1663 2673 1859 2738 Lombardie
1883 2672 1925 2738 de
1949 2673 2094 2738 fratrum

435 2782 621 2840 nostrorum
655 2774 792 2839 consilio
821 2773 1022 2861 providimus
1055 2773 1301 2850 destinandum;
1330 2773 1371 2839 de
1403 2796 1465 2860 quo
1496 2775 1621 2839 firmam
1648 2782 1742 2861 potes
1769 2775 1921 2840 fiduciam
1951 2797 2089 2862 gerere,

434 2879 521 2965 quod
551 2901 623 2944 oum
646 2900 666 2942 a
689 2900 725 2944 se
755 2899 816 2942 sua
843 2884 876 2943 et
906 2898 981 2942 suos
1009 2884 1145 2964 propter
1168 2876 1276 2942 Deum
1307 2877 1510 2942 abdicaverit
1537 2884 1571 2942 et
1601 2879 1815 2966 semetipsum
1844 2881 1915 2945 eius
1952 2881 2095 2945 servitio

434 2983 580 3047 totaliter
603 2981 771 3062 dedicarit,
796 2981 837 3046 ad
862 3003 902 3046 ea
924 2981 1094 3046 dumtaxat
1117 2980 1262 3045 studebit
1286 2981 1476 3068 procedere,
1501 2982 1618 3066 quibus
1642 2983 1799 3047 honorem
1816 2984 1959 3048 ecclesie
1982 2985 2093 3069 possit
2144 3002 2169 3043 n

434 3106 474 3150 ac
497 3087 626 3172 imperii
649 3084 839 3167 confovere,
872 3087 956 3151 sicut
983 3085 1151 3172 exipsius
1175 3085 1337 3171 operibus
1362 3085 1517 3168 colligere
1540 3086 1664 3170 poteris
1688 3086 1873 3162 evidenter;
1902 3093 1937 3151 et
1961 3088 1990 3151 si
2014 3087 2095 3172 quib

435 3188 524 3253 aliud
554 3195 750 3274 suggerant,
781 3190 960 3276 imperialis
992 3189 1192 3255 excellentia
1220 3188 1368 3253 auditum
1396 3189 1565 3253 malevolis
1593 3190 1778 3255 interdicat.
1831 3188 1981 3254 Tandem
2010 3212 2094 3255 vero

435 3292 555 3357 litteris
579 3294 645 3357 tuis
669 3294 824 3380 receptis,
847 3294 1040 3380 petitionem
1064 3299 1154 3356 tuam
1177 3291 1217 3356 de
1242 3290 1401 3356 mittendo
1417 3291 1458 3356 ad
1474 3299 1585 3378 partes
1601 3293 1691 3378 ipsas
1712 3293 1935 3358 venerabilem
1953 3293 2096 3360 fratrem

434 3402 583 3460 nostrum
608 3445 640 3464 ..
665 3397 885 3483 patriarcham
908 3395 1154 3460 Antiochenam
1177 3401 1313 3481 propter
1335 3416 1374 3460 ea
1390 3417 1453 3481 que
1470 3397 1678 3482 premisimus
1694 3397 1900 3482 nequivimus
1916 3397 2095 3464 exaudire.

433 3498 487 3563 Ad
517 3498 599 3580 heo,
633 3520 706 3582 cum
736 3500 911 3586 plurimum
940 3497 1057 3563 honori
1086 3504 1142 3563 tuo
1173 3499 1330 3586 expedire
1360 3499 1525 3581 credatur,
1558 3507 1595 3563 ut
1621 3499 1796 3564 adveutum
1826 3506 1918 3564 tuum
1946 3499 2095 3567 dilectus
2147 3524 2173 3565 n

432 3603 519 3666 filius
544 3602 762 3688 ..magister
792 3603 964 3690 hospitalis
994 3607 1105 3666 sancte
1129 3602 1234 3667 Mario
1257 3601 1512 3668 Teutonicorum
1535 3603 1796 3667 lerosolimitaue
1823 3602 1997 3689 precedat,
2031 3628 2095 3671 ex-

433 3707 622 3772 cellentiam
642 3714 732 3772 tuam
749 3706 945 3773 mouendam
962 3707 1115 3772 duximus
1131 3707 1288 3771 attentius
1305 3713 1339 3771 et
1355 3705 1558 3787 hortandam,
1575 3707 1724 3792 quatinus
1741 3707 1897 3792 magistro
1912 3706 2098 3792 iniungens

440 3809 548 3875 cidem
572 3811 660 3897 quod
683 3812 801 3877 faciem
824 3819 914 3875 tuam
943 3810 1073 3874 itinere·
1089 3809 1244 3874 festinato
1275 3809 1470 3896 preveniens
1500 3809 1542 3873 ad
1569 3815 1715 3874 nostram
1745 3811 1858 3875 venire
1887 3812 2097 3896 presentiam

434 3934 500 3978 non
523 3920 713 4001 postponat,
736 3917 844 4002 ipsum
867 3914 1040 3980 nobiscum
1061 3913 1102 3978 de
1127 3913 1200 3994 hiis,
1224 3935 1287 3998 que
1304 3913 1345 3978 ad
1360 3913 1518 3978 honorem
1536 3913 1674 3978 ecclesie
1691 3920 1724 3978 et
1740 3913 1869 3999 imperii
1892 3916 2099 4000 pertineant,

433 4023 649 4083 tractaturum
676 4020 746 4084 sine
770 4019 927 4084 dilatione
950 4019 1165 4083 transmittas.
1211 4017 1385 4083 Credimus
1402 4018 1499 4098 enim,
1524 4018 1552 4082 si
1575 4018 1696 4083 nostris
1712 4017 1809 4083 detur
1825 4024 1912 4083 stare
1930 4021 2095 4104 consiliis,

434 4142 473 4186 ea
495 4143 555 4186 nos
571 4121 647 4188 Deo
664 4123 838 4187 adiuvante
862 4122 1047 4208 disponere,
1072 4122 1189 4207 quibus
1213 4121 1358 4186 confusis
1374 4121 1464 4207 pacis
1485 4122 1602 4186 emulis
1619 4121 1795 4186 concordia
1809 4122 1895 4187 inter
1910 4125 2096 4191 ecclesiam

437 4231 471 4288 et
493 4225 672 4311 imperium
696 4226 872 4291 reformata
895 4225 1168 4290 indissolubiliter
1188 4225 1297 4289 valeat
1320 4225 1497 4290 observari.

545 4345 622 4411 Dat.
644 4345 822 4426 Interamn.
844 4345 917 4410 IIII
938 4347 987 4410 Id.
1011 4346 1108 4429 Iunii,
1132 4368 1217 4411 anuo
1242 4345 1380 4413 decimo.

1217 4886 1305 4962 692

543 4993 734 5107 Greporins
759 5023 817 5090 IX
832 5045 920 5107 papa
945 5026 1168 5115 [Horncanno]
1200 5030 1348 5113 mapistro
1381 5028 1618 5097 Yentonicornm
1648 5032 1785 5098 scribens
1818 5035 1972 5116 miratur,
2009 5041 2098 5107 nn&

434 5128 625 5208 suspicetur,
652 5127 735 5210 qnod
756 5132 866 5194 contra
887 5131 1105 5211 imperatorem
1123 5133 1286 5213 procedere
1307 5133 1396 5212 oclit;
1424 5153 1556 5218 pergens
1577 5134 1607 5198 ei
1627 5135 1729 5201 verbis
1751 5138 1882 5203 mntmis
1903 5140 1987 5204 idem
2011 5145 2099 5224 qnod
2151 5171 2178 5212 a

436 5231 622 5313 imperatori
643 5232 680 5296 in
702 5233 832 5313 epistota
847 5234 1050 5315 praecedenti
1071 5237 1208 5318 exponit.
1240 5267 1242 5270 ·
1733 5243 1826 5319 1236,
1849 5241 1926 5310 Ian.
1949 5248 2005 5310 10.

544 5351 624 5419 Gneo.
643 5352 693 5404 IX
709 5352 777 5422 nep.
800 5352 857 5407 Vol.
879 5351 910 5421 V,
930 5357 994 5422 161;
1012 5355 1075 5410 leit.
1094 5356 1131 5420 X,
1150 5360 1211 5410 rot.

539 5438 676 5508 Potttoot,
695 5439 764 5509 Rea
782 5443 885 5502 10179,·
907 5440 956 5495 sed
973 5442 1041 5496 male
1059 5441 1111 5497 snb
1130 5443 1197 5498 Ima.
1215 5446 1240 5496 4.

534 5683 556 5750 ¹)
575 5684 671 5736 Verum
689 5710 723 5720 -
741 5685 876 5738 interdicat
893 5703 923 5738 en
941 5686 1025 5756 Rapa.
1116 5686 1139 5756 ¹¹)
1158 5689 1220 5757 quid
1239 5688 1323 5757 Enyo.
