4576 6390
1009 395 1057 448 nx
1075 394 1251 449 senecen
1270 394 1308 448 1x
1327 375 1508 448 nnarsrao

1219 745 1306 817 618.

542 872 732 982 Gregorius
761 901 818 965 IX
840 921 931 981 papa
960 905 1105 976 rectorem
1134 904 1163 962 ct
1186 899 1340 979 papatum
1376 898 1595 962 Veltctecnscm
1624 919 1644 960 a
1674 899 1875 976 iuramentis,
1906 898 1937 960 si
1972 917 2039 977 qna
2067 897 2104 958 in

429 1005 662 1088 praeiudi-ciam
683 1004 766 1068 sedis
787 1003 973 1084 apostolicae
994 1007 1023 1066 ct
1047 1002 1225 1082 fidelitate,
1255 1024 1318 1083 qna
1347 1001 1444 1066 Merra
1472 1005 1654 1078 tencantur,
1689 999 1843 1064 chranis
1863 1000 2100 1080 pracati-ierint,

434 1109 574 1174 absolvit.
1595 1171 1596 1174 Ἴ
1761 1105 1854 1180 1235,
1877 1103 1954 1167 Ian.
1978 1104 2011 1165 2.

538 1228 620 1296 Grcp.
640 1227 689 1278 IX
706 1226 774 1295 Rep.
797 1223 855 1279 Vcl.
874 1223 927 1288 IV,
945 1228 1015 1284 247,·
1033 1223 1096 1277 Lib.
1123 1224 1208 1290 VIII,
1228 1228 1290 1278 392.

539 1312 681 1375 Pontiani,
699 1311 764 1378 ch.
783 1314 867 1370 9811;
893 1309 941 1362 reci
958 1310 1030 1362 banc
1049 1309 1192 1378 epistotam
1210 1326 1269 1362 cnm
1284 1309 1461 1378 praecedenti
1479 1309 1614 1376 confudit.

867 1579 875 1595 .
906 1579 914 1595 .
943 1521 1102 1595 rectori
1129 1527 1174 1595 et
1201 1522 1362 1612 populo
1389 1521 1662 1594 velletrensi.

544 1674 640 1740 Fidei
667 1680 775 1738 vestre
807 1695 845 1736 ac
876 1673 1122 1757 progenitorum
1153 1678 1336 1736 vestrorum
1365 1679 1503 1756 experta
1533 1671 1718 1735 constantia
1748 1671 1866 1734 elarius
1896 1673 2101 1750 enitescens,

437 1787 474 1844 ut
497 1799 611 1842 aurum
635 1776 720 1861 quod
744 1776 777 1838 in
800 1776 876 1859 igne
900 1775 1071 1859 probatur,
1104 1796 1143 1838 eo
1167 1797 1225 1838 vos
1249 1775 1351 1838 efficit
1373 1774 1445 1838 Deo
1470 1781 1503 1839 et
1525 1773 1712 1838 hominibus
1736 1775 1911 1858 gratiores,
1943 1797 2008 1860 quo
2033 1775 2099 1838 fnl-

438 1889 555 1967 gentes
578 1879 786 1964 conspectius
809 1899 868 1963 per
891 1880 1078 1964 exemplum
1103 1878 1201 1942 corda
1224 1880 1398 1943 multorum
1419 1879 1660 1942 vaccillantium
1681 1879 1898 1958 confortastis,
1921 1879 2099 1964 pusillani-

439 2007 508 2050 mes
531 1983 572 2047 ad
595 1981 788 2045 fidelitatem
811 1981 991 2066 apostolice
1016 1980 1104 2045 sedis
1126 1981 1294 2058 ardentius
1312 1981 1495 2045 animando.
1541 1983 1580 2046 In
1604 2003 1678 2067 quc,
1703 1983 1781 2045 licet
1797 1982 1917 2044 factum
1942 1983 1986 2045 sit
2009 1980 2098 2065 quod
2154 2017 2177 2052 m

440 2087 581 2152 civitatis
603 2092 710 2150 vestre
731 2084 870 2149 decebat
891 2085 1029 2168 gloriam
1053 2092 1087 2148 et
1108 2085 1275 2160 honorem,
1299 2087 1375 2170 qnia-
1398 2092 1508 2150 tamen
1533 2109 1575 2150 cx
1595 2086 1704 2150 debito
1725 2085 1934 2149 laudabiliter
1956 2086 2099 2171 prestito

440 2213 505 2256 non
527 2190 660 2276 indigne
691 2189 845 2253 moritum
869 2194 1090 2272 comparatur,
1123 2189 1339 2252 constituistis
1368 2211 1428 2252 nos
1451 2190 1545 2254 vobis
1576 2189 1697 2254 exinde
1720 2189 1903 2268 debitores,
1936 2195 1974 2251 ut
1998 2209 2102 2273 super

440 2293 685 2380 gravaminibus
708 2291 828 2356 vestris
856 2292 1035 2355 innumeris
1068 2291 1245 2355 debeamus
1277 2293 1454 2358 salubriter
1485 2293 1667 2379 providere.
1712 2292 1756 2357 Et
1779 2292 1931 2378 quidema
1960 2294 2101 2377 longum

442 2405 531 2464 esset
554 2395 746 2478 multimoda
778 2395 954 2474 beneficia,
991 2395 1109 2478 quibus
1140 2402 1315 2480 prosecuta
1347 2403 1398 2459 est
1430 2395 1526 2460 sedes
1559 2397 1741 2481 apostolica
1768 2397 1864 2460 solita
1890 2395 2100 2480 benignitate

438 2502 621 2581 Romanos,
653 2521 712 2584 per
736 2500 865 2583 singula
887 2498 1069 2578 recenseri,
1100 2499 1248 2582 foretque
1275 2500 1474 2584 superfluum
1497 2500 1643 2563 scriatim
1666 2501 1798 2564 nimiam
1822 2521 1932 2564 eorum
1957 2500 2098 2584 ingrati-

440 2605 602 2683 tudinem,
634 2624 698 2688 qua
721 2603 784 2666 sibi
807 2622 865 2688 pro
890 2601 1065 2665 dilectione
1091 2601 1219 2681 odium,
1252 2624 1310 2687 pro
1333 2603 1463 2691 liberali
1487 2604 1595 2686 gratia
1617 2624 1734 2687 graves
1757 2603 1907 2682 iniurias,
1938 2603 2101 2688 vobisque

440 2731 478 2773 ac
512 2708 585 2771 aliis
619 2706 771 2770 fidelibus
807 2706 927 2769 nostris
967 2705 1110 2769 iacturas
1147 2713 1182 2770 et
1213 2707 1389 2770 violentias
1425 2707 1648 2771 intolerabiles
1686 2706 1915 2792 rependerunt.
1971 2706 2100 2771 Verum

287 2833 340 2876 nor.
355 2833 373 2885 1,
388 2837 429 2883 aa
443 2811 574 2876 virtutis
598 2817 708 2874 vestre
732 2809 988 2895 perseverantia,
1012 2808 1159 2872 adversis
1183 2809 1301 2874 cedere
1325 2811 1452 2884 nescia,
1477 2818 1553 2875 tunc
1577 2812 1681 2896 magis
1705 2811 1837 2892 enituit,
1861 2832 1933 2874 cum
1956 2812 2101 2896 amplius

442 2913 638 2979 turbationis
668 2912 814 2997 procella
837 2911 981 2986 desevit;
1015 2934 1072 2976 vos
1102 2913 1189 2976 enim
1218 2934 1283 2977 non
1307 2915 1403 2978 veriti
1435 2914 1577 3000 dampna
1603 2936 1711 2979 rerum
1743 2935 1803 2978 nec
1835 2922 2101 2999 expavescentes

443 3017 590 3102 pericula
612 3035 835 3100 personarum,
859 3021 910 3079 set
932 3015 1092 3080 habentes
1116 3017 1227 3080 oculos
1251 3018 1368 3081 mentis
1392 3026 1502 3083 vestre
1519 3017 1567 3082 'ad
1588 3017 1770 3082 Romanam
1792 3019 1978 3098 ecclesiam,
2003 3018 2100 3082 onius

444 3121 524 3185 estis
554 3119 613 3182 lilii
643 3126 676 3183 et
704 3118 834 3200 fideles,
865 3141 937 3183 cum
968 3141 1008 3184 ea
1037 3141 1168 3204 semper
1196 3121 1229 3183 in
1263 3123 1532 3208 temptationibus
1563 3123 1630 3188 suis
1658 3122 1869 3209 imperterriti
1896 3121 2103 3206 perstitistis,

448 3246 513 3289 non
541 3223 733 3287 deficientes
765 3231 816 3287 set
848 3224 881 3286 in
913 3224 984 3287 eius
1015 3223 1190 3288 devotione
1223 3233 1411 3290 crescentes
1442 3234 1475 3290 et
1506 3226 1570 3290 fide
1609 3227 1695 3290 inter
1723 3247 1894 3312 pressuras
1924 3225 2033 3288 varias
2068 3233 2104 3289 et

445 3328 607 3404 diversas,
643 3328 689 3390 ita
722 3333 759 3390 ut
786 3325 872 3411 quod
905 3348 983 3390 auro
1013 3327 1145 3408 fornax,
1178 3328 1239 3391 hoc
1267 3329 1387 3393 invicte
1418 3329 1619 3393 fortitudinib
1646 3337 1755 3394 vestre
1784 3329 1903 3394 fecisse
1926 3329 2104 3414 temptatio

443 3432 602 3497 videatur.
647 3430 847 3516 Eapropter‚
871 3430 983 3495 dilecti
1008 3431 1040 3494 in
1064 3430 1205 3495 Domino
1229 3432 1308 3508 filii,
1331 3433 1449 3496 vestris
1473 3433 1600 3497 devotis
1624 3433 1916 3519 supplicationibus
1940 3433 2104 3512 inclinati,

328 3552 366 3594 ns.
381 3557 435 3603 aaa.
451 3558 524 3600 cnm
549 3533 654 3599 cordis
678 3535 786 3620 potius
810 3555 907 3618 quam
931 3534 1039 3620 operis
1063 3535 1230 3620 inspector
1253 3535 1296 3598 sit
1318 3535 1497 3614 Dominus,
1526 3543 1559 3600 et
1581 3536 1799 3620 obligationes
1831 3536 2010 3621 impietatis
2035 3537 2106 3600 sint

284 3637 286 3640 ’
347 3663 353 3672 ·
446 3640 546 3704 etiam
569 3637 794 3716 dissolvenda,
825 3659 844 3700 a
875 3638 1080 3718 iuramentis,
1113 3639 1140 3702 si
1165 3660 1229 3723 qna
1258 3639 1291 3702 in
1320 3638 1538 3724 preiudicium
1561 3641 1741 3725 apostolice
1766 3638 1854 3703 sedis
1878 3645 1910 3702 et
1932 3638 2106 3704 fidelitatis

446 3763 510 3828 qua
534 3740 598 3805 sibi
622 3741 779 3805 tenemini
803 3763 823 3805 a
846 3741 939 3805 vobis
962 3746 1101 3826 prestita
1125 3751 1200 3806 sunt
1222 3742 1398 3824 Romanis,
1421 3745 1616 3808 auctoritate
1641 3743 1843 3829 presentium
1866 3763 1924 3806 vos
1947 3743 2106 3808 duximus

348 3925 356 3934 ἱ
446 3845 682 3924 absolvendos,
713 3851 747 3909 et
777 3845 818 3908 ad
849 3866 961 3909 eorum
992 3846 1235 3910 observantiam
1263 3846 1470 3912 decernimus
1503 3868 1568 3911 non
1596 3847 1712 3911 teneri.
1762 3846 1853 3910 Nulli
1881 3867 1959 3930 ergo
1990 3853 2107 3911 nostre

446 3949 689 4014 constitutionis
713 3956 775 4014 etc.
821 3945 951 4033 Siquis
975 3956 1085 4013 autem
1108 3955 1170 4013 etc.
1446 3929 1452 3941 ⁸

426 4149 443 4186 f
554 4070 632 4138 Dat.
653 4077 690 4133 ut
712 4091 821 4156 supra.
901 4141 903 4144 ,

1232 4540 1319 4612 619.

559 4664 749 4776 firmamus
771 4694 827 4757 IX
842 4714 933 4774 papa
961 4693 1199 4759 Vcttctrcnsibns
1221 4694 1378 4759 libertates
1399 4699 1429 4758 ct
1450 4694 1664 4758 immunitates
1685 4695 1728 4758 iis
1748 4711 1907 4758 conrasas
1928 4697 1957 4757 ct
1978 4713 2107 4758 mnsnc-

449 4799 573 4863 tndincs
594 4820 615 4862 a
639 4797 789 4880 Grcporio
817 4796 898 4874 VII,
935 4796 1061 4862 Urbano
1084 4797 1125 4860 11
1146 4801 1175 4860 ct
1197 4796 1347 4862 Pascbati
1370 4797 1415 4862 Π
1433 4796 1588 4861 Romanis
1614 4796 1815 4878 pontificibus
1842 4797 2044 4876 continuatas
2075 4801 2107 4860 ct

450 4903 597 4967 lactem
617 4901 795 4967 obsncatas
823 4902 1005 4982 confirmat,¹
1030 4901 1115 4981 ipsos
1144 4906 1247 4965 aretem
1275 4902 1381 4966 carine
1408 4901 1570 4965 Romanae
1598 4901 1696 4964 anias
1724 4899 1916 4964 educationis
1937 4898 2105 4978 pabulam

447 5007 680 5088 parlamentum
702 5009 731 5069 et
752 5005 866 5070 hostem
881 5025 944 5084 pcc
964 5003 1167 5069 Maritimam
1188 5009 1216 5068 ct
1242 5005 1450 5086 Campaniam
1467 5004 1577 5089 faccee
1598 5004 1713 5069 (bbere.
1771 5087 1912 5153 1235I
1983 5091 2005 5150 3

1855 5139 1864 5166 ’
1908 5108 1961 5151 an,
2008 5140 2014 5153 ,
2159 5115 2187 5154 35

555 5209 637 5280 Grcp.
657 5212 705 5264 IX
719 5211 790 5280 Rep.
805 5211 863 5266 va.
883 5210 936 5274 IV,
954 5215 1025 5272 alm
1043 5209 1104 5264 [Ab.
1124 5210 1208 5274 VIII,
1228 5213 1287 5263 381.
1326 5209 1548 5278 Descriptioncm
1561 5209 1661 5276 finiam
1680 5208 1816 5262 territorii
1830 5207 2014 5268 Veternensis,
2034 5225 2108 5276 arrae

450 5299 481 5350 in
499 5299 662 5368 apopraptro
681 5297 787 5351 Perteii
803 5297 885 5360 deest,
905 5296 1092 5365 supplevimus
1110 5312 1145 5348 cc
1163 5296 1318 5349 anthentica
1336 5311 1382 5363 ap.
1401 5293 1515 5362 Borpia
1535 5295 1640 5348 latoria
1658 5294 1688 5348 di
1708 5292 1825 5358 Vellctri,
1839 5310 1870 5362 p.
1888 5297 2046 5346 arc-272.

553 5384 690 5452 Pctttraat,
709 5383 776 5455 neq.
795 5386 877 5438 9813.

558 5663 580 5730 ·)
597 5666 634 5716 ita
652 5665 680 5716 in
698 5665 841 5717 anthentica
860 5681 902 5732 ap.
921 5663 1029 5730 Borpia,
1047 5661 1144 5713 latoria
1162 5660 1189 5714 di
1213 5659 1318 5712 Vcltctri
1330 5678 1359 5728 p.
1378 5660 1449 5721 aas,·
1466 5660 1493 5710 in
1512 5659 1543 5709 R.
1562 5660 1629 5726 quia.
1705 5661 1727 5724 ¹³)
1746 5658 1900 5710 fortitudinis
1917 5656 1949 5711 B.
