4560 6420
442 400 504 461 722
1014 388 1063 442 Ex
1081 387 1257 443 onuoouss
1275 387 1314 442 IX
1332 387 1512 444 REGIS'I'RO

300 583 352 626 1001·
367 587 422 636 aa·
438 569 562 646 extitit,
592 568 646 652 qui
673 565 861 652 prestabilis
885 585 985 650 super
1007 563 1132 628 malitia
1155 562 1243 626 omni
1267 583 1341 626 esse
1364 567 1511 647 temporo
1540 563 1725 643 consuevit,
1754 570 1929 628 exertum·
1951 563 2101 649 gladium

434 671 476 736 ad
504 673 656 756 vaginam
687 671 800 736 iubeat
829 667 978 753 regredi,
1010 673 1043 731 ct
1073 668 1156 731 iram
1186 667 1219 731 in
1248 674 1366 751 gentes
1399 688 1462 752 que
1492 668 1584 732 illum
1618 689 1682 731 non
1715 674 1877 732 noverunt
1912 667 2100 748 effundens,

435 776 587 862 dignetur
621 774 753 860 populo
772 774 831 837 filii
859 773 910 837 sui
938 773 1094 857 insignito
1126 777 1292 836 caractere
1326 771 1488 838 misereri.
1545 772 1726 858 Speremus
1756 778 1880 852 autem,
1913 770 2004 857 quod
2034 772 2099 835 etsi

435 880 528 945 Deus
551 885 664 944 noster
687 899 747 942 nos
771 876 852 941 dura
875 877 1099 962 increpatione
1123 874 1322 960 redarguere
1347 875 1482 962 ceperit,
1505 896 1608 960 regna
1627 882 1748 958 tamen,
1771 897 1833 962 que
1853 877 1958 962 ipsius
1975 897 2097 940 nomen

436 985 604 1063 invocant,
634 983 760 1046 afaoie
779 1002 849 1048 ,sua
876 978 1068 1066 disperdere
1092 1000 1157 1043 non
1181 977 1337 1058 intendit,
1366 979 1543 1063 quinimmo
1566 1001 1586 1043 a
1609 1001 1695 1066 pena
1716 987 1876 1066 perpetua
1898 986 2097 1066 peccatores

437 1094 528 1151 curat
557 1087 706 1172 eripere,
743 1084 862 1170 quibus
892 1084 1082 1170 temporalis
1111 1082 1220 1147 studet
1249 1083 1383 1146 ultionis
1412 1083 1608 1146 beneficium
1641 1082 1683 1147 ad
1712 1084 1963 1168 castigationem
1992 1085 2101 1148 nostri

291 1201 342 1255 Su·
359 1205 426 1253 1⁸³0·
442 1190 574 1274 generis
598 1187 764 1266 adhibere,
788 1188 864 1273 quia
887 1189 949 1253 etsi
971 1187 1055 1252 filios
1071 1187 1176 1250 Israel
1193 1186 1364 1271 temptatio
1381 1187 1494 1250 mortis
1518 1187 1552 1250 iu
1574 1187 1710 1252 heremo
1726 1187 1920 1272 quandoque
1937 1189 2099 1273 tetigerit,

438 1295 471 1358 in
500 1295 547 1358 eis
578 1300 689 1357 tamen
718 1292 767 1355 ira
794 1290 928 1357 Domini
960 1289 1081 1354 diutius
1109 1310 1173 1353 non
1204 1289 1394 1374 permansit.
1446 1288 1571 1354 Verum
1606 1291 1669 1354 etsi
1703 1292 1845 1375 graviter
1874 1290 1915 1356 de
1948 1293 2097 1357 omnium

437 1397 583 1462 fidelium
607 1395 821 1480 oppressione
845 1394 1023 1474 turbemur,
1049 1415 1148 1478 super
1170 1392 1346 1457 afflictione
1370 1399 1479 1456 tamen
1502 1393 1596 1477 regui
1616 1392 1772 1478 Ungarie,
1796 1395 1881 1480 quod
1904 1416 1925 1459 a
1946 1395 2097 1460 Tartaris

437 1502 587 1564 invasum
610 1505 644 1564 et
666 1504 858 1583 occupatum
881 1519 940 1583 pro
963 1519 1083 1582 magna
1110 1502 1203 1581 parte
1226 1497 1259 1560 in
1282 1498 1423 1561 lectione
1446 1497 1628 1562 litterarum
1651 1499 1801 1562 tuarum²
1824 1520 1889 1563 non
1914 1499 1984 1564 sine
2009 1501 2095 1564 mul-

437 1612 543 1669 tarum
576 1602 783 1667 lacrimarum
821 1601 980 1665 effusione
1012 1599 1201 1680 didicimus,
1238 1622 1276 1665 eo
1311 1601 1484 1686 specialior
1517 1608 1550 1666 et
1577 1601 1680 1666 maior
1708 1603 1839 1666 tristitia
1863 1624 1919 1667 cor
1946 1611 2098 1669 nostrum

436 1707 603 1792 implevit,
636 1727 699 1791 quo
724 1705 758 1768 in
780 1705 852 1792 ipso
876 1705 1015 1789 purioris
1039 1725 1118 1790 erga
1140 1703 1248 1768 Deum
1272 1711 1305 1769 et
1328 1705 1541 1791 apostolicam
1573 1704 1684 1770 sedem
1716 1707 1809 1791 signa
1836 1706 2022 1772 devotionis
2046 1709 2097 1772 in·

438 1810 605 1892 venimus,
635 1830 698 1894 quo
724 1809 811 1872 clarc
835 1807 991 1872 memorie
1014 1808 1242 1893 progenitores
1267 1815 1341 1872 tuos
1373 1815 1406 1872 et
1434 1809 1666 1873 excellentiam
1689 1809 1813 1893 regiam
1837 1811 1871 1873 iu
1893 1812 2097 1897 exequendis

440 1915 581 1980 ecclesio
604 1912 821 1998 beneplacitis
845 1932 919 1976 esse
943 1913 1092 1975 novimus
1115 1912 1344 1998 promptiores.
1389 1910 1534 1975 Firmam
1557 1912 1656 1996 igitur
1679 1935 1770 2000 spem
1793 1914 1826 1976 in
1848 1915 1903 1978 illo
1921 1923 2096 2002 ponentes,

438 2019 493 2104 qui
530 2017 592 2084 otsi
625 2017 696 2102 regi
723 2014 936 2102 Assyriorum
961 2015 1162 2080 Senacherib
1196 2015 1335 2079 liberum
1369 2016 1403 2078 in
1432 2022 1554 2080 terram
1581 2015 1685 2082 Israel
1716 2017 1900 2102 ingressum
1933 2021 2096 2100 exhibuit,

439 2143 538 2208 super
567 2120 710 2186 Ezechie
745 2127 854 2184 tamen
894 2120 1087 2184 contritione
1126 2125 1307 2184 commotus
1339 2117 1599 2184 adversariorum
1631 2121 1872 2187 multitudinem
1905 2129 2003 2188 noete
2030 2145 2097 2188 una

440 2225 577 2302 delevit,
608 2224 820 2288 serenitatem
846 2229 936 2288 tuam
963 2244 1132 2289 monemus
1156 2230 1189 2288 et
1211 2223 1380 2287 hortamur
1411 2225 1567 2288 attentius
1598 2231 1632 2288 et
1662 2223 1873 2290 obsecramus
1901 2227 1934 2290 in
1961 2226 2095 2292 domino

285 2335 346 2378 rsu.
362 2327 519 2392 calesu
543 2326 684 2408 Christo,
708 2334 869 2413 quatenus
892 2329 925 2391 in
949 2348 987 2391 eo
1013 2326 1195 2407 confidens,
1223 2327 1279 2412 qui
1302 2327 1428 2390 salvum
1450 2327 1529 2391 lacit
1551 2328 1707 2414 populum
1730 2327 1886 2394 humilem
1907 2336 1940 2394 et
1963 2333 2096 2396 oculum

357 2429 359 2432 ’
440 2430 590 2496 humiliat
612 2437 836 2516 arrogantem,
859 2429 900 2494 ad
924 2428 1148 2495 defensionem
1172 2431 1265 2514 regni
1288 2430 1425 2517 predicti
1450 2436 1483 2494 et
1506 2431 1665 2495 catholice
1690 2430 1783 2512 fidei,
1813 2453 1875 2518 que
1899 2433 1942 2497 ab
1966 2435 2095 2499 eisdem

440 2533 608 2599 Tartarisb
642 2535 831 2620 specialiter
861 2535 1027 2599 noscitur⁰
1056 2535 1254 2621 expugnari,
1291 2539 1445 2618 potenter
1477 2541 1511 2599 et
1538 2534 1677 2599 viriliter
1704 2536 1788 2599 sieut
1817 2535 1916 2602 decet
1945 2539 2093 2624 regalem
2142 2562 2165 2601 a

434 2637 694 2724 magnitudinem
718 2645 750 2704 te
774 2639 969 2723 accingens,
992 2639 1025 2702 in
1048 2639 1179 2704 illorum
1203 2639 1447 2724 expugnatione
1472 2660 1511 2703 eo
1538 2637 1715 2703 studiosior
1739 2644 1771 2704 et
1793 2640 1974 2705 ferventior
1999 2663 2094 2707 cures

436 2742 592 2822 existere,
616 2763 679 2827 quo
702 2743 735 2806 in
758 2741 820 2806 hoo
844 2743 1080 2807 exaltationem
1103 2743 1150 2807 tui
1173 2743 1314 2807 nominis
1338 2749 1371 2806 et
1393 2743 1526 2807 honoris
1552 2742 1669 2808 fortius
1695 2742 1875 2808 dinosceris
1903 2763 2094 2829 procurare.

436 2845 506 2911 Nos
531 2847 618 2911 enim
641 2846 700 2910 tibi
724 2853 757 2911 et
779 2867 880 2931 regno
904 2846 1062 2932 predicto,
1085 2847 1204 2932 quibus
1228 2847 1262 2911 in
1286 2853 1376 2912 tante
1399 2847 1606 2911 necessitatis
1630 2845 1768 2912 articulo
1784 2847 1903 2913 deesse
1925 2870 1993 2914 non
2017 2873 2093 2939 pos-

437 2971 549 3014 sumus
572 2971 633 3014 nee
655 2949 825 3030 debemus,
849 2949 967 3014 efficax
990 2951 1176 3014 curabimus
1199 2950 1359 3014 auxilium
1383 2959 1416 3015 et
1439 2951 1613 3015 consilium
1630 2958 1795 3016 annuente
1809 2950 1953 3016 Domino
1970 2953 2093 3040 imper-

436 3053 508 3133 tiri,
540 3075 577 3117 ac
606 3074 782 3138 personam
806 3060 839 3117 et
865 3053 1022 3118 familiam
1051 3053 1147 3118 tuasd
1176 3054 1236 3118 sub
1266 3055 1469 3140 protectione
1500 3052 1588 3118 sedis
1618 3055 1798 3141 apostolice
1827 3055 2030 3141 recipientes
2059 3063 2094 3122 et
2141 3079 2164 3118 a

437 3163 564 3230 nostra,
595 3156 653 3220 tibi
683 3164 716 3221 et
747 3157 913 3237 omnibus,
945 3157 1001 3242 qui
1029 3163 1197 3242 assumpto
1230 3157 1336 3222 erucis
1365 3158 1533 3242 signaculo
1562 3163 1674 3222 contra
1703 3157 1857 3224 Tamaros
1886 3159 2026 3225 eosdem
2054 3158 2096 3225 ad

436 3259 662 3325 defensionem
687 3261 780 3346 regni
803 3261 942 3350 predicti
965 3261 1197 3347 processerint,
1221 3261 1310 3325 illam
1333 3261 1572 3324 immunitatem
1596 3261 1805 3327 concedimus
1822 3284 1961 3349 eamque
1985 3263 2095 3330 indul-

436 3364 581 3449 gentiam
605 3365 791 3450 elargimur,
815 3386 878 3450 que
903 3365 1004 3430 Terre
1030 3364 1151 3430 Sancte
1176 3365 1442 3430 succurrentibus
1467 3365 1500 3428 in
1523 3366 1672 3450 generali
1696 3367 1833 3433 concilio
1858 3368 2097 3436 conceduntur.

544 3486 621 3550 Dat.
643 3486 754 3553 Later.
776 3486 859 3550 XVI
881 3486 957 3551 Kal.
980 3486 1067 3566 Iulii,
1091 3508 1176 3551 anno
1200 3486 1273 3552 XV.

545 3607 604 3671 Ine
628 3607 768 3672 eundem
790 3609 923 3675 modum
946 3609 1148 3674 Oolomanno
1173 3609 1245 3694 regi
1270 3608 1389 3673 illustri
1413 3613 1446 3673 et
1469 3608 1543 3675 duci
1568 3609 1751 3675 sclavonia.

1220 4113 1307 4188 Sit.

544 4222 735 4333 &reperias
757 4251 813 4315 IX
827 4271 917 4331 papa
940 4249 1118 4334 [Epilolso]
1147 4251 1255 4316 abbati
1277 4252 1412 4318 Sanctae
1437 4254 1547 4320 Crucis
1569 4255 1712 4334 serasar,
1739 4258 1775 4318 at
1794 4259 1904 4320 contra
1928 4257 2097 4339 Tartarea,

435 4355 491 4436 qai
506 4356 581 4435 post
600 4372 731 4434 repetem
751 4353 910 4437 Uopariac
932 4356 1077 4418 invasam
1099 4359 1129 4418 ct
1147 4377 1207 4436 pro
1229 4378 1344 4440 sompno
1362 4363 1454 4439 purte
1476 4365 1656 4440 occupatum
1677 4359 1846 4425 Belem-icc
1865 4365 1896 4424 ct
1920 4362 2097 4430 Teutonicc

435 4479 533 4542 repca
555 4455 703 4520 tscoariorc
725 4457 905 4536 irretiantur,
928 4459 1054 4523 corbiam
1075 4462 1177 4524 mucis
1192 4461 1362 4542 praedicet.
1734 4467 1827 4541 1241,
1849 4464 1923 4530 lan.
1950 4471 2002 4529 19.

541 4575 623 4642 Grey.
643 4576 692 4629 IX
709 4576 779 4648 Ray.
804 4578 860 4634 Vol.
882 4578 951 4646 VH,
969 4582 1018 4637 84:
1036 4579 1097 4634 Lib.
1118 4581 1184 4649 XV,
1202 4585 1246 4636 90.

538 4661 677 4728 Pettium,
695 4662 764 4734 Ray.
783 4668 883 4719 11038.

436 4858 600 4932 Abbati
628 4860 789 4934 Sancte
818 4855 991 4938 Crucisl
1019 4857 1342 4938 cisterciensis
1369 4865 1541 4939 ordinis
1567 4866 1852 4942 Pataviensis
1879 4865 2095 4946 diocesis

543 5009 669 5076 Vocem
701 5011 735 5074 in
765 5011 898 5075 excelso
932 5018 994 5076 etc.
1025 5019 1062 5077 ut
1096 5035 1194 5099 supra
1220 5013 1253 5077 in
1283 5014 1482 5079 LXXVIIIf
1507 5017 1617 5082 littera
1645 5038 1762 5103 usque:
1803 5037 1869 5081 non
1898 5025 2096 5104 permansit.

436 5115 590 5183 Graviter
611 5116 709 5200 igitur
731 5114 772 5179 de
795 5115 950 5179 universa
973 5115 1117 5182 fidelium
1134 5117 1346 5203 oppressione
1362 5119 1545 5201 turbamur,
1570 5129 1621 5187 set
1643 5122 1759 5187 diebus
1782 5123 1854 5187 istis
1878 5127 2036 5210 specialis
2061 5137 2096 5195 et

538 5376 563 5441 ⁸)
587 5375 627 5436 T.;
645 5383 793 5443 exemptum
810 5377 894 5444 Rapo.
973 5375 999 5443 1>)
1023 5378 1066 5438 Τ.,·
1083 5379 1198 5430 barbaris
1217 5379 1302 5447 Rapo.
1381 5383 1404 5448 ⁰)
1427 5385 1468 5447 Τ.,·
1485 5393 1628 5437 noscuntur
1645 5385 1731 5452 Ilepn.
1806 5383 1830 5450 ¹¹)
1854 5383 1897 5446 T.,·
1913 5393 1987 5438 tuam
2007 5387 2096 5456 Rapsa

435 5462 458 5527 θ)
477 5465 508 5514 Iu
526 5490 558 5499 -
577 5463 710 5514 Sclavonie
727 5464 899 5528 ucppleeimas
916 5481 947 5514 ee
965 5463 990 5515 T.
1078 5463 1099 5532 s)
1118 5468 1164 5534 lep.
1183 5468 1344 5534 Lxxvrn13
1361 5487 1388 5522 a.
1408 5473 1467 5524 821.
1728 5470 1731 5476 ’
2147 5479 2175 5519 to

537 5599 563 5666 1)
584 5597 654 5653 Mai.
675 5601 709 5651 18
727 5598 890 5668 Zaqratiae
909 5599 1042 5674 [Aprem]
1062 5601 1202 5672 datarum
1224 5603 1594 5684 Tteinsr,t.c.p.182,ir.
1615 5612 1679 5664 335.
1760 5610 1788 5678 2)
1807 5611 1832 5662 A
1851 5607 1902 5672 cie,
1927 5608 2095 5676 ll's'enncrrss'

434 5685 472 5741 ad
488 5684 626 5742 meridiem
644 5687 670 5742 et
687 5685 857 5746 occidentem.
