4524 6412
399 375 462 436 266
582 395 587 413 ¹
984 372 1030 424 EX
1050 371 1224 425 GREGORH
1243 371 1281 425 IX
1299 371 1480 424 REGIS'I'RO

399 544 495 607 scribi
515 544 638 624 faciant
660 546 689 606 ct
710 545 847 607 acaciam
870 544 1048 625 sipc'lloraac
1069 543 1258 624 appcasiaac
1279 544 1419 621 acuatum
1446 547 1555 620 arsami,
1577 546 1613 605 at
1633 542 1756 618 rutilitas,
1779 560 1855 622 quos
1876 540 1913 602 ia
1938 539 2054 602 Ter-rac

400 646 535 711 Sanctae
557 646 731 711 subsidium
751 647 910 711 destinare
932 650 1106 724 tencantur,
1129 648 1165 710 tu
1186 647 1323 710 tristanti
1339 648 1489 728 passapia
1506 648 1638 726 paratas
1660 644 1803 708 habeant.

1607 748 1720 832 [aaa
1742 747 1850 828 aasz.
1874 745 1965 830 rap.

503 832 587 902 Grcp.
605 833 655 887 IX
671 833 741 905 Rep.
765 834 821 887 Vol.
840 835 866 896 1,
886 840 917 901 5;
935 834 999 888 Lib.
1018 835 1043 898 I,
1061 838 1107 888 28.

503 919 640 983 Patttast
659 920 729 990 ch.
749 923 834 974 7868.

813 1081 1076 1160 Rectoribus
1104 1083 1335 1157 societatis
1361 1082 1636 1156 Lombardie.

510 1227 709 1314 Recepimus
726 1231 863 1310 litteras,
886 1250 966 1314 quas
987 1251 1087 1315 super
1107 1231 1332 1316 acceptatione
1350 1229 1521 1294 concordie
1542 1230 1627 1293 inter
1642 1229 1849 1292 karissimum
1873 1229 1906 1291 in
1923 1227 2054 1291 Christo

401 1329 503 1394 lilium
526 1338 672 1396 nostrum
695 1332 923 1412 Fredericum,
955 1333 1176 1397 Romanorum
1208 1333 1438 1419 imperatorem
1467 1334 1628 1397 illustrem
1658 1352 1788 1416 semper
1816 1338 1990 1416 augustum
2019 1337 2054 1394 et

402 1453 514 1516 regern
539 1433 666 1515 Sicilie,
699 1456 736 1499 ae
765 1437 957 1500 societatem
979 1435 1239 1499 Lombardorum
1268 1457 1327 1521 per
1357 1435 1468 1500 sedem
1491 1436 1703 1521 apostolicam
1731 1433 1877 1498 ordinate
1901 1433 1996 1498 nobis
2020 1439 2054 1498 et
2075 1463 2076 1466 ¹

402 1535 566 1621 imperiali
601 1539 797 1602 excellentie
836 1538 1020 1618 direxistis,
1056 1539 1089 1602 iu
1129 1539 1246 1624 quibus
1279 1539 1480 1616 notavimus,
1515 1536 1600 1623 quod
1642 1537 1717 1601 lieet
1752 1536 1899 1601 confecte
1932 1536 2055 1602 fuerint

404 1637 583 1702 seeundum
615 1640 752 1704 formam
780 1640 874 1704 vobis
907 1640 948 1704 ab
985 1641 1167 1726 apostoliea
1197 1639 1275 1704 sede
1306 1641 1548 1720 transmissam,
1577 1641 1639 1704 fuit
1669 1647 1778 1704 tamen
1809 1641 1843 1703 in
1873 1640 2055 1724 sigillorum

404 1742 609 1825 appositione
626 1743 783 1824 deiectus,
808 1765 880 1808 eum
898 1744 1016 1808 nobilis
1033 1745 1094 1808 viri
1116 1744 1311 1808 marchionis
1328 1744 1563 1809 Montisferrati
1579 1751 1612 1808 et
1632 1744 1871 1829 quamplurium
1886 1743 2055 1807 civitatum

403 1841 445 1906 de
469 1843 541 1929 ipsa
564 1846 721 1911 societate
745 1849 853 1933 sigilla
875 1870 939 1913 non
963 1848 1087 1913 inerint
1108 1849 1141 1912 in
1165 1849 1305 1923 eisdem;
1334 1855 1467 1934 propter
1490 1849 1577 1934 quod
1600 1870 1668 1926 eas,
1693 1870 1755 1935 que
1777 1848 1841 1934 ipsi
1865 1846 2055 1934 imperatori

405 1942 612 2011 destinantur
634 1971 653 2013 a
675 1950 787 2030 vobis,
818 1951 925 2016 eidem
953 1973 1018 2015 non
1041 1951 1193 2016 duximus
1217 1951 1501 2031 transmittendas,
1531 1974 1572 2016 ne
1596 1951 1803 2038 prenotatam
1825 1951 1989 2016 deiectum
2012 1971 2056 2014 ex

404 2048 513 2133 aliqua
535 2050 753 2118 fraudolentia
775 2055 924 2120 crederet
946 2056 1108 2128 evenisse,
1132 2076 1205 2118 cum
1229 2056 1334 2140 ipsum
1359 2076 1424 2118 non
1448 2057 1548 2120 lateat
1565 2055 1657 2120 vobis
1676 2056 1777 2120 fuisse
1796 2055 1995 2126 mandatum,
2019 2058 2055 2116 ut
2122 2080 2134 2114 a

403 2159 513 2217 vestro
538 2160 571 2218 et
593 2156 710 2240 prefati
733 2142 932 2223 marchionis
956 2180 993 2222 ao
1018 2159 1231 2242 singularium
1254 2158 1423 2222 civitatum
1446 2158 1487 2223 de
1510 2159 1582 2244 ipsa
1606 2159 1763 2223 societate
1787 2157 1904 2242 sigillis
1926 2157 2054 2220 litteras

404 2256 575 2321 muniretis
598 2260 741 2327 easdem.
786 2261 930 2347 Ideoque
953 2261 1143 2326 discretioni
1166 2268 1274 2326 vestre
1298 2284 1356 2348 per
1380 2262 1562 2347 apostoliea
1584 2263 1705 2346 scripta
1727 2259 1938 2347 precipiendo
1961 2278 2054 2322 man-

405 2357 536 2440 damus,
567 2369 727 2445 quatenus
751 2364 930 2429 secundum
957 2364 1094 2428 sormam
1118 2364 1269 2440 eandem,
1301 2387 1397 2450 quarn
1420 2366 1629 2430 nuncetiam
1652 2365 1750 2429 vobis
1773 2364 1925 2428 duximus
1949 2369 2055 2426 uane-

403 2462 606 2544 mittendam,
623 2466 750 2532 litteras
768 2468 894 2533 faciatis
912 2468 1009 2532 scribi
1025 2489 1085 2555 per
1100 2490 1230 2533 manum
1245 2469 1409 2556 publicam
1426 2476 1460 2534 et
1476 2469 1618 2533 omnium
1635 2467 1858 2555 predictorum
1876 2466 2056 2551 sigillorum

404 2567 604 2651 appensione
627 2571 756 2648 muniri,
780 2591 902 2656 easque
925 2571 1020 2635 uobis
1037 2572 1188 2636 celeriter
1204 2555 1444 2648 transmittatis,
1465 2594 1506 2637 ne
1529 2573 1659 2636 illorum
1681 2571 1794 2636 dilatio
1817 2591 1906 2634 more
1930 2569 2055 2634 occasi·

404 2689 500 2733 onem
531 2670 720 2757 imperatori
748 2674 811 2758 ipsi
840 2673 985 2738 tribuere
1013 2674 1163 2739 videatur
1191 2697 1229 2739 ac
1259 2675 1361 2740 Terre
1391 2675 1510 2741 Sancte
1541 2674 1722 2739 subsidium
1752 2673 1928 2739 retardare.
1977 2671 2058 2736 Pro·

353 2833 359 2844 ,
403 2772 544 2838 videatis
567 2775 676 2854 etiam,
700 2776 785 2861 quod
809 2777 940 2856 milites,
965 2799 1046 2863 quos
1070 2779 1102 2843 in
1126 2779 1230 2864 ipsius
1247 2779 1349 2844 Terre
1365 2779 1485 2844 Sancte
1510 2779 1690 2844 subsidium
1707 2778 1872 2843 destinare
1888 2776 2057 2856 tenemini,

405 2875 555 2940 habeatis
584 2884 715 2961 paratos
746 2880 780 2943 in
810 2880 945 2945 instanti
973 2881 1141 2967 passagio,
1173 2882 1257 2946 tales
1288 2904 1370 2966 quos
1401 2882 1512 2947 decuit
1541 2883 1745 2968 imperialem
1768 2880 2001 2946 excellentiam
2024 2884 2059 2943 et

405 2999 463 3041 vos
486 2979 585 3063 ipsos,
609 2986 643 3044 et
665 2981 731 3045 sint
753 2982 852 3046 utiles
878 2982 979 3046 Terre
1005 2982 1136 3062 Sancte,
1161 2983 1326 3068 quoslibet
1349 2984 1390 3049 de
1414 2985 1572 3050 societate
1596 2986 1678 3070 ipsa,
1703 2985 1776 3070 quia
1797 3005 1856 3071 pro
1880 2989 1972 3069 parte
1997 3003 2058 3046 sua

406 3079 514 3145 subire
538 3102 620 3146 onus
642 3082 829 3149 huiusmodi
853 3085 1108 3150 detrectaverint
1131 3092 1164 3150 et
1187 3086 1363 3150 observare
1385 3086 1468 3168 alia,
1499 3109 1562 3173 que
1585 3088 1618 3150 in
1640 3087 1745 3152 forma
1768 3085 1953 3173 supradicte
1977 3106 2056 3149 con·
2125 3109 2137 3146 s

406 3182 514 3246 eordie
539 3191 615 3248 sunt
630 3207 797 3272 expressa,
821 3187 862 3252 ad
884 3188 917 3252 id
940 3195 1102 3274 potestate
1120 3189 1213 3254 vobis
1238 3190 1358 3254 tradita
1374 3191 1618 3277 compellendo:
1643 3192 1784 3257 scientes
1800 3213 1860 3256 nos
1878 3189 2059 3255 venerabili

404 3285 497 3350 tratri
519 3295 631 3352 nostro
655 3291 893 3356 Mediolanensi
917 3293 1116 3379 episcopob2
1141 3293 1357 3368 mandavisse,
1381 3301 1417 3358 ut
1440 3316 1497 3359 eos
1522 3295 1711 3381 adipsum,
1735 3295 1763 3359 si
1786 3315 1924 3358 necesse
1946 3292 2058 3372 luerit,

407 3389 503 3454 modo
535 3391 681 3477 predicto
717 3416 776 3480 per
809 3416 979 3460 censuram
1010 3396 1270 3461 ecclesiasticam
1307 3397 1528 3482 appellatione
1556 3404 1682 3462 remota
1716 3397 1899 3483 compellat.
1955 3395 2058 3460 Porro

407 3493 533 3558 litteras
561 3496 666 3581 ipsius
695 3497 917 3584 imperatoris,
949 3521 1029 3584 quas
1051 3500 1144 3564 vobis
1169 3501 1268 3564 mittit
1291 3521 1389 3586 super
1411 3501 1637 3587 acceptatione
1662 3501 1835 3565 concordie
1860 3498 2057 3585 supradicte,

405 3618 508 3683 penes
532 3619 592 3662 nos
614 3598 774 3664 habemus
798 3601 975 3686 imperialis
997 3603 1095 3686 sigilli
1116 3603 1321 3689 appositione
1342 3603 1496 3682 munitas,
1521 3625 1698 3688 earumque
1716 3609 1864 3668 tenorem
1879 3600 1971 3666 vobis
1995 3601 2058 3664 sub

405 3700 497 3764 bulla
530 3709 642 3766 nostra
680 3703 883 3767 destinamus
918 3705 1096 3784 inclusum,
1135 3707 1224 3790 ipsas
1259 3705 1351 3769 vobis
1386 3705 1513 3770 litteras
1547 3707 1788 3784 transmissuri,
1827 3726 1899 3768 cum
1932 3710 2059 3768 vestras

407 3805 627 3969 repeperimus
652 3806 768 3890 sigillis
791 3805 941 3870 omnibus
965 3829 1028 3893 que
1052 3808 1192 3894 appendi
1209 3808 1342 3886 debent,
1366 3808 1547 3873 secundum
1570 3809 1656 3894 quod
1679 3810 1831 3897 superius
1855 3808 2058 3895 exprimitur,

406 3927 442 3971 ro
468 3913 588 3972 oratas.

513 4026 600 4091 Data
621 4028 787 4108 Laterani,
810 4029 892 4093 XVI
915 4029 990 4093 Kal.
1013 4028 1148 4115 Aprilis,
1173 4028 1269 4116 [anno
1293 4030 1438 4118 primo]⁰.

516 4147 681 4235 Scriptum
703 4157 754 4215 est
776 4133 874 4235 super
899 4150 961 4215 hoc
978 4199 986 4216 .
1003 4199 1010 4214 .
1027 4151 1275 4238 archiepiscopo
1290 4151 1529 4217 Mediolanensi
1543 4153 1654 4218 verbis
1674 4159 1899 4239 competenter
1914 4151 2057 4215 mutatis.
2111 4179 2137 4216 ..r

514 4406 537 4473 'l
555 4425 605 4475 que
624 4409 656 4460 R.
738 4409 761 4474 ι1)
779 4411 816 4460 ita
833 4412 907 4477 capia
924 4421 1021 4462 uestra.
1104 4410 1124 4474 e)
1142 4427 1210 4461 anno
1229 4410 1310 4477 primo
1329 4411 1396 4462 deest
1414 4412 1441 4462 ia
1459 4412 1491 4462 a.

513 4543 539 4605 1)
559 4543 637 4598 Haec
655 4545 773 4614 epistola
791 4550 817 4598 ct
834 4546 954 4616 quiaque
970 4548 1124 4614 sequentes,
1147 4543 1295 4599 secuudum
1312 4545 1424 4608 Subicit,
1443 4547 1544 4600 Aunat.
1563 4548 1679 4616 Bolopa.
1698 4549 1716 4599 t.
1734 4545 1792 4598 111
1806 4548 1831 4608 2,
1847 4561 1877 4613 p.
1897 4543 1940 4604 m,
1960 4547 2003 4606 76,
2024 4547 2060 4596 77

407 4632 432 4681 et
451 4627 753 4693 distillaret-Brittones,
777 4631 852 4685 Hist.
876 4631 942 4700 dipl.
961 4631 1043 4685 uria.
1066 4631 1113 4692 11,
1137 4637 1154 4684 t.
1175 4630 1241 4697 ΙΙΙ,
1259 4647 1289 4699 p.
1315 4635 1340 4697 7,
1363 4637 1418 4686 not.
1437 4637 1460 4694 1,
1486 4632 1568 4703 Grep.
1587 4633 1636 4685 IX
1658 4632 1726 4701 aeq.
1750 4629 1812 4684 [aa.
1830 4630 1861 4693 1,
1882 4632 2006 4692 28-33,
2028 4629 2059 4682 in

406 4715 578 4785 apoprapbie
596 4717 702 4770 Paua
720 4732 809 4771 omncs
828 4717 911 4771 datae
928 4723 992 4771 sunt
1010 4717 1088 4770 XVI
1097 4717 1164 4771 Kal.
1177 4717 1295 4785 Aprilis.
1315 4717 1378 4772 Isit.
1396 4719 1421 4780 Ι,
1439 4722 1479 4772 28
1496 4725 1521 4772 et
1541 4723 1579 4772 30
1597 4719 1638 4784 [a.
1659 4721 1713 4770 343
1731 4719 1756 4769 ct
1775 4717 1841 4784 351]
1860 4716 1937 4784 apud
1954 4714 2060 4768 Sauicli

405 4801 456 4856 sub
475 4801 533 4855 ΠΙ
546 4801 611 4855 Kal.
630 4803 714 4871 Apr.;
730 4803 809 4871 male,
826 4819 891 4856 uam
908 4806 939 4855 at
957 4821 975 4855 a
999 4803 1028 4856 V.
1043 4803 1082 4856 t'l.
1103 4802 1139 4856 E.
1158 4803 1346 4856 Wintelmaaa
1364 4804 1490 4872 canrperi,
1510 4809 1534 4856 ct
1551 4805 1581 4856 in
1601 4803 1665 4856 Call.
1684 4802 1838 4856 Faataac'ai
1854 4801 1927 4853 Bibl.
1947 4800 2057 4853 Aratio.

410 4887 498 4942 Vcnct.
518 4892 543 4940 ct
561 4887 590 4940 in
611 4885 674 4940 coa.
693 4887 800 4944 Bonan.
818 4890 871 4943 vol.
891 4889 1057 4956 XXXVII,
1081 4891 1129 4942 ubi
1151 4907 1184 4942 cx
1208 4890 1275 4957 Rep.
1299 4890 1358 4942 Vat.
1383 4892 1509 4958 saraptae
1529 4891 1709 4953 contineatur,
1730 4891 1822 4941 uotam
1844 4887 2060 4954 cbronolapicam

406 4989 488 5041 quam
503 4988 554 5026 aas
571 4972 669 5027 damus
687 4973 795 5028 babeat.
833 4974 997 5043 Corruptam
1016 4992 1075 5028 casu
1093 4975 1122 5028 in
1141 4975 1265 5028 amnibus
1283 4975 1340 5028 illis
1360 4975 1483 5044 epistolis
1501 4990 1558 5028 csse
1575 4981 1693 5044 apparet
1711 4991 1745 5027 cac
1762 4975 1824 5027 boc:
1842 4976 1868 5038 1]
1880 4989 1960 5042 papa
1972 4973 2058 5027 Mart.

405 5063 443 5112 27
464 5059 505 5126 [a.
526 5061 594 5128 345]
613 5059 756 5129 epistolam
774 5061 861 5115 Mart.
880 5065 916 5114 10
933 5060 1026 5114 datam
1045 5061 1084 5127 [a.
1105 5063 1172 5129 342]
1190 5062 1299 5130 repetit,
1316 5061 1389 5129 quod
1405 5076 1462 5112 aaa
1478 5061 1598 5128 fecisset.
1619 5061 1645 5114 ei
1663 5061 1749 5113 Mart.
1767 5064 1802 5112 17
1819 5059 1985 5112 Lambardia
2003 5060 2059 5112 iam

406 5145 488 5199 aliter
505 5145 637 5213 scriptam
653 5146 773 5213 ἠίθεοι,-
790 5151 819 5208 2)
839 5145 932 5200 Gamla
950 5147 1036 5200 Mart.
1055 5151 1091 5199 10
1109 5147 1146 5198 ad
1164 5162 1210 5200 eos
1228 5147 1346 5200 mittitur
1363 5145 1478 5214 ideoque
1492 5162 1572 5214 papa
1591 5146 1676 5198 Mart.
1695 5150 1730 5198 17
1748 5145 1806 5198 cius
1824 5144 1922 5198 litteris
1939 5144 2059 5198 nondam

405 5230 569 5299 respondere
582 5232 689 5299 patuit;
711 5234 738 5296 3]
757 5247 817 5285 cam
834 5249 860 5285 a.
881 5235 1025 5286 343-354
1044 5231 1183 5295 scriberet,
1201 5231 1293 5298 forma
1311 5231 1475 5284 concordiae
1492 5231 1521 5284 in
1539 5233 1599 5285 aas
1617 5231 1745 5284 aeonibus
1764 5235 1836 5290 erat,
1853 5229 1902 5283 sed
1920 5245 2006 5297 usque
2021 5229 2060 5282 ad

405 5315 494 5370 Mart.
517 5320 554 5369 27
575 5317 646 5370 aaa
667 5323 816 5386 receperat.
863 5318 929 5372 Cum
950 5318 1037 5386 ipitm
1062 5317 1154 5384 forma
1176 5316 1225 5369 illa
1247 5315 1334 5371 Mart.
1358 5319 1395 5368 26
1417 5315 1537 5370 Briaiae
1561 5317 1684 5384 sipillata
1709 5317 1749 5383 [a.
1774 5317 1840 5383 344]
1864 5321 1929 5368 ante
1950 5313 2060 5368 initium

404 5401 503 5456 mensis
516 5402 624 5470 Aprilis
643 5403 749 5458 Romae
766 5419 824 5458 esec
840 5405 890 5458 aia
904 5404 1037 5473 potuerit,
1052 5418 1107 5473 pra
1125 5401 1204 5456 XVI
1218 5401 1283 5455 Kal.
1301 5400 1392 5470 April.
1411 5400 1489 5454 XVI
1504 5401 1569 5456 Kal.
1588 5402 1663 5455 Maii
1680 5403 1820 5471 lepeadum
1839 5417 1900 5456 csse
1916 5399 2062 5454 metimus.

407 5487 451 5557 Cf.
468 5505 497 5542 a.
518 5491 578 5552 344,
596 5491 651 5543 aot.
670 5495 693 5544 1.
715 5519 746 5529 -
765 5489 873 5544 Eadem
890 5491 1032 5560 corruptio
1050 5491 1081 5542 ta
1098 5488 1161 5543 Lib.
1180 5488 1209 5552 1,
1235 5491 1271 5541 34
1289 5492 1313 5541 et
1332 5490 1369 5540 35
1388 5503 1432 5555 ap.
1457 5485 1585 5548 ths'ner,
1609 5487 1674 5542 Caci.
1692 5488 1758 5558 dipl.
1781 5489 1850 5544 dam.
1869 5494 1948 5557 ceap.
1966 5503 1988 5542 a.
2007 5485 2062 5540 aed.

405 5581 424 5630 t.
443 5573 464 5626 1
466 5613 472 5636 ,
493 5591 524 5643 p.
544 5577 670 5640 85-86,
694 5591 721 5630 a.
739 5579 792 5631 145
809 5582 834 5631 ct
851 5580 915 5644 146,
937 5593 1008 5649 quac
1033 5576 1164 5648 epistolae
1186 5578 1299 5651 propter
1316 5571 1438 5632 ordinem
1455 5571 1521 5646 ch.
1545 5573 1972 5650 adaaausu1227scscrmdae
1991 5575 2062 5626 aaut.

404 5659 432 5730 2)
452 5658 582 5716 Hearico.

2112 5259 2138 5296 45

2111 5681 2138 5720 5⁰
