4524 6412
732 371 931 436 EPISTOLAE
949 371 1137 436 SELEC'PAE.
1170 375 1245 435 lunt.
1753 385 1815 450 285

166 562 202 619 ut
239 576 313 619 cum
329 561 331 566 ’
350 553 441 643 ipsos
478 555 660 641 apostoliea
697 555 794 621 sedes
831 555 943 621 habito
980 555 1149 619 maturiori
1186 557 1328 620 tractatu
1365 553 1588 619 sollicitandos
1627 556 1817 643 providerit,

166 663 335 743 promptos
357 658 504 722 inveniat
533 665 566 722 et
594 665 735 744 paratos.
782 659 884 723 Porro
915 680 956 723 ne
986 665 1140 743 tanquam
1164 679 1263 723 canes
1291 659 1389 738 muti,
1416 678 1480 722 non
1506 659 1655 724 valentes
1684 661 1814 742 latrare,
1829 678 1866 720 aa.
1882 683 1949 730 sero.

167 760 337 826 videamur
368 761 496 826 deferre
528 761 652 825 homini
681 768 793 825 contra
815 760 940 841 Deum,
973 783 1039 826 nou
1066 767 1233 825 sumentes
1255 761 1413 825 ultionem
1442 760 1483 825 de
1515 761 1587 840 illo,
1616 762 1670 847 qui
1692 769 1816 828 tentam

168 863 295 927 ruinam
317 864 351 927 in
373 864 438 928 Dei
460 865 581 951 populo
611 864 815 949 procuravit,
845 864 1075 950 imperatorem
1105 862 1323 943 Fridericum,
1355 862 1410 948 qui
1437 884 1499 928 nec
1529 865 1753 930 transfretavit
1783 867 1816 930 in

105 987 117 1024 s
172 967 321 1046 termino,
345 987 406 1031 nec
430 965 507 1030 illuc
530 967 563 1030 in
587 967 707 1031 taxatis
729 967 891 1052 passagiis
906 967 1123 1052 prescriptam
1137 966 1311 1052 pecuniam
1326 965 1513 1046 destinavit,
1536 988 1596 1032 nec
1612 967 1705 1033 duxit
1726 969 1816 1033 mille

166 1071 288 1136 milites
310 1091 370 1157 per
390 1069 560 1134 biennium
583 1069 742 1135 tenendos
766 1069 888 1135 ibidem
911 1070 954 1134 ad
976 1092 1072 1135 suum
1095 1092 1153 1157 pro
1177 1069 1322 1134 subsidio
1346 1068 1447 1136 Terre
1471 1069 1604 1152 Sancte,
1628 1071 1686 1138 sed
1709 1073 1743 1137 in
1765 1073 1816 1137 his

166 1174 271 1238 tribus
295 1173 441 1237 articulis
464 1173 637 1238 manifeste
660 1173 832 1255 deficiens,
855 1175 890 1238 in
914 1175 1261 1240 excommunicationis
1284 1173 1448 1260 descripte
1472 1175 1625 1262 laqueum
1647 1179 1816 1244 ultroneus

168 1298 203 1342 se
226 1277 380 1363 ingessit,
403 1276 734 1357 excommunicatum,
764 1297 948 1361 quanquam
971 1278 1082 1357 inviti,
1111 1277 1240 1364 publice
1263 1279 1483 1344 nuntiavimus
1506 1287 1539 1346 et
1562 1280 1752 1348 mandamus
1775 1282 1817 1347 ab

168 1380 318 1444 omnibus
342 1381 463 1445 arctius
487 1380 614 1460 evitari,
638 1401 699 1466 per
720 1402 779 1445 vos
803 1387 837 1446 et
859 1382 942 1446 alios
966 1381 1179 1446 ecclesiarum
1201 1382 1345 1466 prelatos
1368 1382 1475 1468 ipsum
1499 1386 1817 1451 excommunicatum

169 1482 390 1569 precipientes
414 1483 544 1568 publice
568 1483 722 1563 nuntiari,
747 1490 859 1547 contra
881 1485 1006 1569 ipsum,
1030 1485 1058 1548 si
1082 1485 1288 1549 contumacia
1311 1485 1381 1550 eius
1405 1488 1565 1571 exegerit,
1588 1489 1720 1573 gravius
1741 1511 1817 1576 pro·

169 1586 303 1650 cessuri.
349 1583 548 1650 Confidimus
572 1593 681 1651 tamen
705 1586 811 1650 adhuc
835 1587 869 1650 in
893 1587 1069 1651 elementia
1098 1587 1144 1673 pii
1176 1589 1296 1672 patris,
1327 1589 1382 1674 qui
1412 1589 1576 1654 neminem
1605 1591 1674 1655 vult
1698 1591 1818 1677 perire,

168 1687 255 1772 quod
278 1689 348 1754 eius
377 1689 497 1754 mentis
525 1689 611 1754 oculi
642 1690 841 1774 caligantes,
874 1689 938 1754 hoc
965 1690 1190 1754 ecclesiastico
1215 1689 1352 1755 delibuti
1383 1692 1538 1776 collyrio,
1569 1694 1597 1757 si
1624 1715 1689 1759 non
1719 1695 1819 1760 fuerit

169 1793 300 1858 omnino
322 1792 467 1873 rebellis,
489 1793 612 1858 lumine
629 1799 784 1879 poterunt
807 1794 974 1874 illustrari,
998 1800 1034 1857 ut
1057 1815 1148 1858 suam
1165 1795 1326 1880 aspiciant
1340 1795 1531 1878 nuditatem,
1556 1802 1590 1861 ct
1605 1797 1819 1882 ignominiam

168 1916 266 1980 quam
302 1895 440 1960 incurrit
476 1895 668 1976 advertant,
707 1896 819 1982 sieque
857 1904 1005 1962 recurrat
1042 1896 1083 1962 ad
1122 1897 1284 1963 medicum
1323 1905 1356 1963 et
1392 1899 1433 1963 ad
1470 1906 1606 1966 matrem
1646 1901 1819 1966 ecelesiam

169 2005 369 2079 revertetur,
406 2019 467 2084 per
500 1999 717 2064 humilitatem
752 1999 897 2065 debitam
932 2007 985 2065 eta
1020 2000 1278 2066 satisfactionem
1311 2023 1488 2087 congruam
1525 2004 1640 2068 salutis
1676 2003 1820 2069 remedia

169 2108 370 2187 recepturus.
414 2101 484 2166 Nos
513 2102 601 2166 enim
632 2103 703 2167 eius
734 2103 873 2167 salutem
897 2103 930 2167 in
954 2103 1111 2181 Domino,
1140 2125 1206 2168 non
1229 2104 1395 2169 interitum
1418 2108 1626 2189 affectamus,
1657 2127 1754 2191 quern
1778 2106 1819 2170 ab

169 2205 247 2268 olim
270 2205 398 2270 sincere
422 2203 609 2286 dileximus,
631 2206 665 2270 in
688 2206 804 2270 minori
828 2206 927 2270 etiam
950 2206 1058 2270 officio
1082 2207 1251 2270 constituti
1261 2207 1281 2271 ¹.

277 2324 398 2389 Datum
421 2326 584 2411 Anagnis,
609 2334 704 2392 sexto
726 2327 805 2391 Idus
829 2325 992 2420 Octobris,
1016 2328 1225 2413 pontificatus
1248 2329 1351 2392 nostri
1375 2349 1459 2392 anno
1483 2328 1598 2415 primo.

790 2569 1201 2578 ———.—-...—

955 2797 1041 2869 369.

279 2908 470 3020 &repertus
484 2935 540 3000 IX
558 2955 643 3016 papo
665 2933 833 3019 [Liupoldi
854 2934 905 3000 VI
895 2935 919 3020 ]
940 2935 1028 3000 ducis
1050 2936 1201 3001 Austm'oe
1222 2937 1321 3001 celum
1337 2957 1400 3017 pro
1420 2938 1540 3020 nepotio
1558 2937 1672 3004 Terrae
1688 2939 1823 3006 Sanctae

90 3067 96 3084 ·
171 3041 320 3114 leudibus
341 3039 461 3105 extollit
483 3060 611 3121 euntque
633 3059 701 3102 cunt
723 3042 809 3103 terra
831 3044 860 3104 et
881 3039 969 3104 bonis
991 3040 1059 3104 sais
1081 3041 1138 3104 sub
1160 3062 1219 3106 sno
1238 3043 1425 3121 protectione
1446 3044 1584 3124 suscipit.

273 3209 346 3265 non.
365 3211 415 3264 rx
430 3210 499 3282 req.
521 3210 579 3265 vor.
598 3211 623 3272 r.
642 3206 690 3271 na·
709 3208 772 3264 nec.
790 3209 816 3274 1,
835 3205 911 3264 ma,
1478 3149 1571 3225 1227,
1596 3146 1660 3212 Oct.
1683 3149 1737 3212 20.

274 3296 410 3364 Pottbost,
428 3295 498 3365 Rey.
518 3300 602 3350 8047.

327 3489 573 3584 Gregorius
600 3491 845 3584 episcopus
874 3498 953 3566 etc.
981 3492 1127 3566 nobili
1154 3493 1249 3567 viro
1278 3548 1287 3567 .
1315 3549 1323 3565 .
1351 3495 1451 3568 duci
1479 3495 1668 3569 Austris.

281 3640 377 3705 Fidei
399 3647 455 3704 tue
479 3641 651 3706 sinceritas
675 3641 779 3726 exigit
802 3647 836 3707 et
859 3642 1009 3706 meritum
1033 3642 1222 3708 devocionis
1246 3642 1412 3729 exposcit,
1441 3647 1478 3706 ut
1508 3648 1541 3708 te
1566 3643 1650 3708 sicut
1672 3642 1825 3707 devotum

171 3745 273 3809 filium
303 3742 496 3828 diligentes,
527 3744 629 3828 quieti
665 3750 720 3810 tue
751 3744 930 3810 debeamus
962 3747 1151 3832 prospicere
1183 3752 1217 3811 et
1245 3753 1336 3810 tuum
1367 3745 1524 3810 honorem
1557 3753 1591 3811 et
1620 3745 1824 3810 commodum

175 3848 345 3921 affectare;
368 3868 444 3910 nam
465 3853 578 3932 preter
599 3847 632 3911 id
656 3847 742 3933 quod
757 3847 890 3915 devotio
913 3857 969 3914 tua
985 3849 1254 3915 commendabilis
1277 3851 1384 3915 estin
1406 3850 1527 3929 multis,
1550 3849 1725 3915 arbitratus
1749 3849 1827 3913 olim

170 3950 252 4014 fidei
275 3950 404 4015 fervore
428 3971 606 4015 succensus
631 3958 785 4038 superte
809 3952 926 4019 cadere
953 3953 1128 4040 obprobria
1144 3953 1414 4041 exprobrantium
1430 3953 1597 4034 crucifixo,
1620 3974 1678 4040 pro
1701 3952 1826 4017 honore

172 4053 330 4134 ecclesie,
361 4053 452 4118 cuius
482 4059 649 4138 tamquam
678 4055 729 4118 vir
759 4055 940 4121 catholicus
972 4057 1096 4121 zelator
1125 4058 1257 4139 existis,
1289 4057 1322 4121 in
1347 4058 1479 4144 propria
1507 4077 1645 4142 persona
1668 4056 1825 4120 laborasti

172 4177 231 4242 pro
255 4157 360 4221 crucis
384 4156 516 4240 negotio
540 4157 744 4242 inpartibus
774 4160 999 4224 transmarinis
1028 4159 1237 4224 laudabiliter
1266 4166 1299 4225 et
1330 4166 1492 4246 potenter.
1536 4158 1590 4224 Ex
1618 4165 1675 4223 tus
1698 4179 1826 4244 quoque

173 4279 278 4344 nuper
298 4259 518 4323 insinuatione
543 4257 735 4342 didicimus,
758 4261 844 4345 qnod
867 4262 960 4327 multi
983 4263 1141 4327 nobilium
1164 4269 1251 4329 terre
1274 4268 1329 4326 tue
1354 4261 1459 4326 crucis
1483 4262 1576 4348 signo
1599 4269 1766 4349 assumpto
1790 4281 1826 4325 sa

172 4361 375 4427 devoverunt
397 4362 531 4427 servitio
548 4360 650 4427 Terre
668 4361 798 4444 Sancte,
822 4365 879 4430 alii
904 4387 980 4430 vero
1003 4367 1105 4431 multo
1130 4366 1243 4452 plures
1266 4365 1339 4429 aliis
1363 4364 1481 4430 divites
1505 4372 1539 4432 at
1561 4370 1714 4452 potentes
1737 4365 1827 4450 pium

173 4486 273 4552 super
305 4466 368 4531 hoo
400 4465 607 4554 propositum
640 4476 863 4555 conceperunt
896 4475 930 4533 et
962 4468 1004 4534 ad
1037 4467 1316 4534 transfretandum
1349 4469 1382 4532 in
1416 4469 1566 4554 proximo
1603 4468 1757 4554 passagio
1791 4489 1827 4532 se

173 4571 359 4655 accingunt,
382 4591 442 4656 per
457 4569 545 4654 quod
567 4570 646 4635 licet
667 4592 727 4656 pro
743 4593 863 4657 magna
885 4579 976 4658 parte
992 4573 1132 4637 militum
1148 4580 1279 4637 tuorum
1294 4572 1417 4636 auxilio
1434 4570 1570 4636 destitui
1592 4577 1625 4636 te
1649 4571 1828 4656 contingat,

97 4704 122 4741 ss
175 4674 251 4759 quia
273 4680 382 4738 tamen
405 4672 559 4738 ardenter
581 4672 750 4740 desideras
773 4677 1015 4763 promotionem
1037 4676 1116 4741 dicti
1146 4676 1272 4760 negotii
1298 4696 1358 4762 per
1388 4675 1560 4756 effectum,
1589 4681 1623 4739 et
1649 4695 1737 4738 nunc
1769 4694 1828 4737 ex-

175 4777 293 4842 hibens
315 4776 498 4841 devotionis
522 4777 691 4858 affectum,
726 4799 824 4864 quem
854 4779 913 4844 tibi
937 4801 1036 4866 super
1057 4781 1120 4845 hoc
1142 4779 1303 4844 Dominus
1325 4777 1513 4862 inspiravit,
1542 4797 1608 4841 non
1630 4777 1680 4841 vis
1702 4781 1828 4840 tantum

173 4879 295 4945 bonum
327 4884 361 4945 et
388 4880 512 4944 lactum
542 4885 608 4944 tarn
637 4882 860 4947 necessarium
890 4882 1064 4969 impedire,
1097 4890 1147 4948 set
1179 4903 1279 4968 snper
1305 4881 1367 4945 hoc
1397 4880 1457 4944 tibi
1486 4880 1598 4966 petisti
1627 4900 1688 4965 per
1716 4877 1829 4942 sedem

174 4984 387 5070 apostolicam
403 4981 579 5069 provideri,
602 4984 755 5069 quatinus
771 4991 862 5051 tanto
884 4986 1043 5052 libentius
1060 4985 1304 5070 crucesignatos
1328 4989 1361 5048 et
1377 4982 1552 5068 signandos
1575 4981 1617 5048 ad
1640 5001 1830 5047 succursum

538 5159 985 5168 .-..—-..-—.—...-.———-—--.
993 5161 1156 5167 -—-....—..-
1166 5161 1197 5166 .-
1205 5159 1563 5166 -—----—-...,..-——
1571 5156 1720 5163 --—-.—

283 5278 305 5342 ¹)
323 5277 434 5330 etdeest
451 5295 494 5344 ap.
514 5277 598 5346 Royan.
681 5277 703 5342 ¹’)
722 5279 779 5332 Lib.
798 5281 817 5344 l,
831 5279 880 5332 151
899 5280 1119 5382 nepptecimnsJ
1137 5277 1221 5346 Ruyrr.
1240 5295 1265 5327 o.
1283 5279 1360 5342 1227,
1377 5276 1393 5338 §
1410 5278 1454 5326 40.

99 5432 126 5470 ro
282 5413 308 5480 1)
327 5411 434 5467 Eodem
452 5413 593 5483 erreyelica
610 5412 640 5466 in
654 5411 719 5467 (lod.
739 5412 854 5468 Tauria.
871 5413 909 5468 D.
924 5417 969 5479 38,
986 5413 1037 5482 sol.
1059 5417 1101 5477 54,
1119 5419 1150 5468 nt
1163 5409 1453 5467 Hurllord-Brtdolles
1464 5409 1482 5462 l.
1495 5425 1516 5463 c.
1528 5411 1547 5464 t.
1558 5409 1620 5474 111,
1635 5427 1665 5479 p.
1683 5414 1719 5464 el
1735 5411 1831 5480 refert,

175 5497 386 5568 archiepiscopo
405 5497 563 5554 Ravennati
581 5497 694 5563 directo,
711 5497 778 5553 doto
795 5515 853 5554 esse
870 5499 984 5571 legitur:
1004 5498 1157 5570 Anagniae,
1175 5498 1215 5552 III
1234 5497 1344 5558 Octob.;
1362 5495 1440 5565 opud
1458 5495 1596 5564 Repetam
1614 5495 1648 5550 de
1671 5496 1831 5555 Wendocer.

175 5583 274 5637 Floret
291 5583 354 5637 bist.
371 5582 412 5637 ed.
432 5585 513 5651 Cone,
531 5585 552 5636 I
554 5583 586 5653 V,
604 5589 657 5638 175
675 5584 713 5638 od
730 5585 899 5654 Stephanum
917 5586 1153 5655 archiepiscopum
1169 5584 1399 5642 cantuariensem,
1411 5581 1462 5637 sub
1483 5584 1562 5638 earo:
1582 5581 1721 5660 Laterum,
1740 5580 1831 5650 ponti-

175 5669 273 5722 ficatus
291 5667 379 5722 nostri
397 5685 470 5723 anno
489 5669 617 5724 seeundo.
