4494 6426
999 362 1046 416 EX
1065 361 1221 418 HONORII
1240 363 1279 416 111
1297 361 1477 416 REGISTRO

1197 659 1282 734 Μ.

520 771 708 867 Honorias
723 801 790 866 ΙΙΙ
801 821 894 882 parva
915 801 1073 866 arciccrsis
1094 803 1202 865 actam
1219 800 1310 886 facit,
1333 801 1481 882 qaenvodc
1503 799 1650 864 ducatum
1672 799 1878 878 Spclstcrmm
1899 801 1929 862 et
1950 801 2068 862 terram

410 908 583 972 comitissae
604 904 776 970 Mctbildis
796 905 853 969 aab
875 904 1018 969 ccclesias
1040 903 1202 968 Romanae
1223 904 1396 967 dominium
1417 904 1614 970 revocaverit.
1694 905 1788 980 1221,
1809 901 1903 968 Febr.
1928 907 1980 971 18.

515 1023 1307 1092 QMQmmmmmmma

514 1113 649 1174 Pottbast,
668 1109 736 1180 Rsp.
756 1112 839 1163 6567.

714 1335 1748 1429 mmmwmfflffifflmfflfflffims

521 1489 573 1554 Ne
602 1509 713 1553 rerum
740 1492 907 1572 gestarum
935 1485 1093 1549 memoria
1128 1506 1201 1548 cum
1229 1491 1377 1571 tempore
1405 1487 1537 1551 labente
1567 1487 1712 1566 labatur,
1743 1492 1776 1552 et
1809 1487 1843 1550 in
1869 1487 2069 1552 oblivionem

415 1594 536 1659 veritas
559 1590 696 1656 veniens
719 1596 857 1673 vagetur
878 1589 1014 1667 incerta,
1039 1589 1067 1652 si
1090 1588 1121 1654 ei
1143 1588 1243 1653 fuerit
1264 1589 1347 1653 fides
1369 1590 1540 1676 adempta,
1564 1590 1731 1654 inventum
1756 1596 1808 1655 est
1830 1591 2071 1656 autenticarum

415 1695 595 1761 remedium
629 1692 879 1777 scripturarum,
913 1712 977 1776 que
1009 1691 1171 1755 factorum
1204 1699 1438 1778 perpetuantes
1472 1693 1682 1773 memoriam,
1721 1692 1937 1758 indubitatam
1971 1693 2070 1759 fidem

414 1799 537 1864 faciant
568 1795 717 1876 veritati,
757 1815 821 1879 que
861 1815 920 1858 sua
960 1795 1034 1859 luce
1075 1795 1262 1859 clarescens
1301 1816 1368 1859 non
1400 1797 1523 1881 patitur
1555 1796 1712 1860 iustitiam
1746 1796 1838 1860 falsis
1873 1797 2069 1884 calumpniis

417 1899 615 1968 obumbrari.
658 1896 755 1962 Unde
778 1896 820 1962 ad
842 1899 1067 1963 universorum
1090 1898 1240 1963 notitiam
1263 1899 1413 1964 volumus
1436 1900 1623 1985 pervenire,
1647 1898 1733 1985 quod
1756 1921 1828 1964 cum
1852 1920 1971 1986 magna
1992 1921 2070 1987 pars
2124 1909 2147 1947 ¹⁰

416 2005 588 2070 comitatus
611 2001 777 2068 comitisse
807 2000 968 2079 Matildis,
998 2001 1053 2086 qui
1075 2003 1219 2066 totaliter
1241 2000 1283 2066 ad
1304 2001 1484 2067 Romanam
1508 2003 1681 2068 ecclesiam
1703 2003 1845 2089 pertinet
1866 2004 1965 2088 pleno
1988 2004 2071 2084 iure,

415 2107 568 2173 amultis
592 2111 625 2171 et
646 2104 745 2168 variis
768 2104 919 2190 personis
938 2103 1142 2170 detineretur
1161 2104 1307 2170 indebite
1331 2112 1500 2192 occupata,
1524 2112 1558 2170 et
1580 2112 1647 2170 tam
1671 2106 1760 2171 cives
1778 2105 1950 2192 Spoletani
1973 2127 2072 2192 quam

416 2213 486 2278 fere
509 2217 597 2276 totus
621 2208 758 2273 ducatus
782 2207 980 2294 Spoletanus
1008 2209 1104 2274 nobis
1133 2209 1321 2275 nullatenus
1348 2210 1602 2296 responderent,
1632 2232 1692 2275 nos
1723 2210 1756 2273 in
1783 2209 1840 2272 illc
1870 2230 1929 2294 spe
1958 2215 2073 2274 nostra

253 2326 312 2370 Pal·
328 2331 405 2378 ΜΘ·
416 2314 562 2381 totaliter
583 2313 707 2399 posita,
731 2313 788 2397 qui
810 2311 905 2376 adest
927 2312 960 2376 in
984 2313 1123 2377 veritate
1146 2313 1377 2377 invocantibus
1400 2334 1520 2378 nomen
1544 2314 1632 2393 eius,
1661 2333 1856 2398 quamquam
1879 2312 2016 2378 infinitis
2039 2318 2073 2378 et

417 2418 526 2485 arduis
549 2438 697 2482 essemus
720 2415 863 2501 negotiis
886 2415 1121 2480 inevitabiliter
1145 2418 1309 2502 occupati,
1338 2416 1379 2480 ad
1405 2415 1629 2503 recuperanda
1656 2416 1727 2480 iura
1755 2415 1896 2480 ecclesie
1928 2416 2072 2481 sollicite
2126 2425 2147 2463 ¹⁵

417 2520 640 2598 intendentes,
668 2518 851 2584 venerabili
880 2518 973 2582 fratri
1003 2524 1115 2583 nostro
1146 2571 1152 2584 .
1178 2568 1185 2582 .
1215 2519 1362 2585 Ostiensi
1395 2520 1583 2606 episcopo²‚
1613 2526 1690 2583 tunc
1716 2518 1893 2603 legationis
1922 2519 2073 2604 fungenti

417 2625 524 2691 officio
556 2623 590 2687 in
627 2621 776 2707 partibus
806 2621 1027 2701 Lombardie,
1062 2621 1242 2686 direximus
1278 2623 1398 2708 scripta
1430 2628 1560 2702 nostra,
1595 2627 1632 2686 ut
1666 2620 1731 2685 duc
1763 2627 1885 2702 eastra,
1918 2620 2075 2686 videlicet

416 2727 615 2795 Medicinam
642 2731 676 2791 et
703 2723 917 2810 Argillatam,
946 2746 1008 2810 que
1032 2724 1260 2792 Bononienscs
1291 2733 1369 2790 tunc
1396 2727 1553 2812 temporis
1577 2725 1785 2806 detinebant,
1817 2724 1859 2789 ad
1886 2724 2075 2790 demanium

419 2830 507 2897 sedis
530 2827 712 2915 apostolice
735 2833 914 2892 revocaret.
960 2825 1023 2898 Qui
1055 2829 1147 2892 iuxta
1174 2828 1363 2893 mandatum
1392 2835 1539 2894 nostrum
1568 2829 1625 2892 illa
1652 2827 1834 2913 recipiens,
1863 2826 1984 2893 dilecto
2007 2828 2075 2892 filio

416 2934 562 3000 chrico
579 2930 620 2996 de
635 2929 858 3014 Paragnanoa
883 2928 1081 2995 subdiacono
1105 2938 1228 3012 nostro,
1248 2931 1403 3016 quamdiu
1418 2933 1514 2997 nobis
1530 2932 1686 3018 placeret,
1704 2931 1866 2995 commisit
1877 2930 2076 2995 fiducialiter
2126 2941 2148 2977 2⁰

418 3034 647 3125 gubernanda,
677 3039 711 3098 et
733 3033 882 3098 homines
906 3040 1086 3098 castrorum
1114 3035 1258 3120 ipsorum
1283 3035 1390 3100 eidem
1414 3036 1545 3100 nominc
1568 3040 1679 3098 nostro
1702 3033 1869 3098 fidelitatis
1892 3033 2078 3097 iuramenta

417 3144 621 3230 prestantes,
659 3139 690 3201 ei
724 3136 764 3201 de
798 3137 979 3201 rationibus
1014 3139 1135 3201 nostris
1162 3138 1403 3224 responderunt
1435 3140 1562 3222 integre
1596 3159 1634 3202 ac
1664 3136 1875 3222 respondent.
1923 3134 2077 3201 Deinde⁸

419 3244 523 3311 interb
551 3241 766 3328 Spoletancs,
798 3241 1018 3323 Narnienses,
1054 3242 1298 3308 Coccicnenses
1333 3249 1366 3307 et
1399 3242 1566 3307 adiutores
1600 3262 1712 3306 eorum
1745 3261 1788 3304 ex
1820 3245 1914 3325 parte
1943 3261 2011 3304 una
2044 3245 2078 3304 et

418 3349 701 3432 Iterampnenses,
739 3343 953 3426 Tudertinos,
987 3345 1192 3431 Iluliginates
1222 3352 1256 3410 et
1290 3345 1457 3410 adiutores
1485 3366 1598 3410 eorum
1627 3365 1670 3408 ex
1699 3347 1804 3410 altera
1832 3343 1923 3429 gravi
1955 3363 2076 3427 guerra

420 3451 566 3524 suborta,
597 3449 643 3513 ita
671 3447 759 3532 quod
787 3453 897 3533 preter
928 3454 1071 3532 stragem
1094 3450 1237 3513 virorum
1267 3455 1299 3513 et
1330 3447 1522 3512 multimoda
1543 3468 1651 3512 rerum
1674 3446 1816 3532 dampna
1840 3452 1889 3527 et,
1912 3445 2001 3531 quod
2024 3451 2077 3509 est
2125 3457 2148 3493 ²⁵

420 3554 569 3642 gravius,
592 3551 773 3616 animarum
795 3552 956 3638 pericula,
979 3574 1042 3637 que
1064 3559 1202 3637 utraque
1227 3574 1303 3638 pars
1327 3552 1517 3624 incurrerat,
1539 3552 1634 3614 multi
1656 3550 1880 3616 detinerentur
1901 3548 1978 3612 hinc
2001 3547 2077 3613 inde

420 3657 550 3743 captivi,
581 3676 641 3720 nos
664 3654 713 3720 eis
736 3661 872 3741 paterno
897 3657 1134 3741 compatientes
1158 3655 1289 3734 affectu,
1321 3654 1400 3719 licet
1422 3654 1553 3738 quidam
1577 3675 1620 3717 ex
1642 3653 1707 3717 illis
1731 3651 1920 3717 viderentur
1942 3653 2077 3717 filialem

420 3758 639 3826 obedientiam
662 3757 839 3836 abiecisse,
872 3756 1027 3822 dilectum
1051 3759 1155 3822 filium
1176 3756 1384 3834 Pandullum,
1407 3755 1642 3820 subdiaconum
1666 3762 1700 3820 et
1725 3756 1889 3821 notarium
1917 3761 2076 3834 nostrum,

419 3864 498 3928 illuc
525 3861 711 3926 curavimus
742 3859 923 3940 destinare,
959 3867 996 3925 ut
1032 3882 1144 3925 omnes
1179 3860 1221 3924 ad
1255 3859 1345 3945 pacis
1378 3858 1491 3923 ledera
1519 3858 1652 3923 inienda
1686 3865 1752 3924 tam
1784 3857 1947 3944 spirituali
1979 3879 2077 3944 quarn

420 3964 593 4052 temporali
616 3963 819 4030 districtione
843 3965 1063 4051 compellens,
1096 3964 1242 4050 captivos
1269 3964 1433 4047 utrimque
1461 3962 1586 4028 laceret
1608 3963 1752 4028 liberari.
1798 3962 1863 4035 Qui
1885 3961 2074 4027 mandatum
2122 3968 2146 4008 ³⁰

420 4075 568 4135 nostrum
591 4066 766 4153 diligenter
790 4067 983 4155 adimplens,
1006 4069 1129 4134 studuit
1151 4069 1185 4133 in
1207 4068 1404 4133 manuforti
1427 4067 1591 4152 corripere
1614 4067 1779 4152 inquietos
1803 4073 1836 4131 et
1851 4066 2077 4153 pusillanimes

422 4170 600 4252 consolari,
634 4177 668 4234 ct
695 4170 898 4254 quorundam
927 4171 1101 4236 rebellium
1137 4172 1317 4258 pertinacia
1345 4192 1489 4255 congrue
1518 4170 1678 4255 castigata
1710 4176 1744 4235 et
1773 4169 1910 4256 captivis
1938 4168 2077 4234 redditis

420 4276 581 4356 libertati,
616 4274 832 4360 potestatibus
868 4275 1035 4340 civitatum
1070 4282 1103 4340 et
1135 4283 1314 4340 castrorum
1347 4275 1418 4339 fere
1454 4274 1599 4338 omnium
1631 4272 1672 4339 de
1706 4273 1840 4354 ducatu,
1874 4294 1955 4358 quos
1990 4271 2077 4359 apud

422 4378 625 4443 Bcvaniam⁴
646 4376 687 4440 ad
711 4398 802 4440 suam
822 4379 1021 4464 presentiam
1046 4385 1209 4459 evocarat,
1234 4379 1294 4444 sub
1318 4379 1428 4443 debito
1451 4377 1619 4442 fidelitatis
1643 4383 1677 4441 et
1699 4399 1785 4462 pena
1806 4378 1897 4442 mille
1920 4377 2078 4442 librarum

423 4480 598 4560 iniuncxit,
626 4485 663 4543 ut
692 4480 725 4544 in
752 4482 875 4546 octavis
904 4483 1126 4567 apostolorum
1149 4483 1240 4548 Petri
1269 4489 1302 4547 et
1324 4482 1420 4546 Pauli
1442 4482 1589 4566 quelibet
1618 4488 1767 4568 potestas
1791 4503 1865 4546 cum
1895 4481 2000 4546 tribus
2023 4483 2077 4546 vel
2125 4486 2149 4523 ³⁵

424 4591 562 4671 quatuor
585 4582 626 4647 de
650 4585 848 4650 comunitate
880 4607 939 4650 sua
961 4587 1068 4651 vicem
1091 4588 1234 4652 omnium
1256 4587 1456 4652 habentibus
1487 4608 1523 4650 se
1551 4585 1638 4672 apud
1659 4586 1933 4650 Urbemveterem
1964 4591 2078 4649 nostro

424 4687 614 4773 conspectui
628 4693 846 4772 presentaret.
895 4687 1021 4760 Quibus
1045 4690 1078 4754 in
1101 4691 1227 4776 prefixo
1242 4691 1381 4755 termino
1405 4691 1438 4754 in
1460 4695 1573 4753 nostra
1589 4689 1757 4775 presentia
1780 4688 1979 4769 constitutis,
2002 4693 2078 4774 post

423 4796 597 4856 tractatum
620 4789 781 4854 diutinum
804 4795 870 4854 tam
892 4812 991 4877 super
1013 4813 1096 4879 pace
1121 4795 1206 4857 inter
1228 4793 1317 4880 ipsos
1340 4793 1469 4878 plenius
1485 4791 1693 4857 reformanda
1715 4813 1813 4878 quam
1836 4812 1936 4878 super
1958 4790 2079 4855 ducatu

425 4894 465 4960 ad
488 4914 603 4958 manus
627 4893 767 4958 ecclesie
791 4894 975 4974 retinendo,
998 4895 1085 4979 quod
1108 4901 1142 4960 et
1166 4918 1238 4960 eum
1261 4895 1409 4981 predicto
1433 4895 1633 4961 subdiacono
1650 4900 1870 4961 tractaverant
1893 4893 2079 4980 diligenter,

424 4997 557 5063 tandem
578 4995 745 5074 Perusini,
767 4996 972 5078 Asisinates,
995 4997 1216 5083 Fuliginates,
1244 4999 1403 5065 Nucerini
1427 5006 1460 5064 et
1481 5000 1750 5086 Iterampnenses
1773 4999 1867 5063 iuxta
1889 4998 2078 5064 mandatum
2127 5005 2151 5043 ⁴⁰

781 5155 983 5162 --——-——.—-

529 5259 551 5320 ⁸)
568 5257 633 5308 Han.
653 5257 685 5309 da
703 5259 843 5325 Puragnari.
863 5257 894 5308 13.
970 5257 994 5324 ¹¹)
1013 5261 1112 5313 Deinde
1130 5279 1190 5313 cum
1207 5262 1274 5312 inter
1291 5260 1323 5311 R.

460 5445 461 5448 ,
529 5391 556 5459 1)
576 5391 655 5445 Haec
673 5398 714 5447 sst
728 5399 870 5462 postserra
888 5393 1068 5462 epistolarum
1085 5394 1231 5448 solaminis
1248 5393 1367 5448 secandi.
1403 5393 1502 5448 &aba
1521 5393 1570 5463 pai
1587 5409 1636 5448 sos
1654 5394 1684 5448 io
1702 5397 1811 5466 reposta
1828 5392 1980 5462 referebat,
1998 5392 2081 5446 baias

426 5477 560 5545 epistolas
584 5478 734 5545 exemplum
760 5478 892 5532 babuisse
918 5479 1037 5544 videtvr,
1065 5479 1139 5548 qvod
1165 5482 1230 5532 octa
1254 5479 1455 5550 cbrcaclcpico
1474 5479 1566 5534 adbuc
1588 5481 1692 5544 caruit,
1716 5479 1843 5549 quodque
1867 5480 1940 5532 recte
1961 5477 2080 5531 iacerem

424 5563 547 5616 assmoss
564 5562 696 5616 volumini
714 5564 833 5618 secando
855 5564 972 5619 addidit.
1076 5566 1103 5632 2)
1124 5566 1273 5636 Hapcls'oo.
1377 5565 1405 5632 3)
1423 5564 1459 5633 cs.
1480 5582 1507 5619 a.
1530 5571 1590 5621 122.
1695 5567 1723 5634 4)
1742 5566 1799 5620 sios
1816 5564 1983 5628 Mevaniam,
2000 5561 2080 5617 bodie

426 5647 559 5718 Bsccpna
575 5663 663 5718 prope
682 5650 828 5719 Spclstarn.
2129 5659 2153 5698 u
