4560 6420
1023 431 1071 488 EX
1089 431 1265 488 caucana
1283 429 1321 486 IX
1340 428 1520 487 REGIS'I'RO

1239 725 1298 790 IV.

527 861 692 935 Littere
719 854 1051 931 testimoniales
1078 853 1235 926 fratris
1262 851 1423 944 Algisii
1450 851 1643 925 fratrum
1669 849 2014 924 Predicatorum

1110 996 1242 1067 super
1268 973 1432 1046 eodem.

550 1125 764 1191 Sanctissimo
788 1125 874 1211 patri
897 1131 949 1190 et8
972 1123 1101 1188 domino
1126 1123 1181 1203 G.,
1213 1129 1421 1186 sacrosancte
1445 1120 1594 1185 Romane
1622 1120 1763 1184 ecclesie
1788 1140 1914 1184 summo
1938 1120 2100 1206 pontifici,

440 1228 542 1294 frater
570 1229 719 1313 Algisius
755 1227 891 1291 fratrum
923 1227 1171 1293 Predicatorum
1204 1224 1245 1289 de
1274 1224 1379 1289 Ianua
1411 1223 1531 1311 pedum
1559 1224 1674 1287 oscula
1700 1223 1883 1288 beatorum.
1938 1223 2099 1308 Significo

442 1332 609 1396 sanctitati
624 1337 745 1412 vestre,
769 1331 922 1415 quoniam
938 1330 1089 1394 dominus
1107 1328 1286 1412 Gregorius
1310 1327 1350 1392 de
1367 1327 1537 1408 Romania,
1561 1328 1691 1411 legatus
1715 1333 1824 1391 vester
1847 1333 1880 1391 et
1895 1327 2099 1391 venerabilis
2162 1353 2173 1391 s

441 1441 536 1521 pater
556 1455 649 1500 meus
673 1440 706 1499 et
727 1435 865 1498 fratrum
887 1454 1053 1513 meorum,
1086 1431 1240 1517 quicquid
1267 1432 1346 1497 fecit
1377 1429 1417 1494 de
1441 1430 1547 1514 galeis
1570 1437 1604 1494 et
1626 1425 1764 1509 taredis,
1792 1430 1871 1494 fecit
1893 1429 1935 1494 de
1960 1431 2099 1495 consilio

441 1557 515 1601 meo
540 1544 573 1601 et
594 1537 740 1619 fratrum,
765 1543 798 1602 et
820 1538 853 1600 in
877 1557 916 1601 eo
939 1537 1072 1622 negotio
1097 1557 1170 1600 cum
1193 1536 1297 1600 multa
1320 1534 1518 1614 subtilitate,
1549 1532 1719 1618 diligentia
1741 1540 1775 1598 et
1797 1533 1998 1598 discretione
2022 1554 2100 1619 pro-

443 1639 556 1716 cessit;
592 1646 625 1704 ct
659 1642 839 1706 auxiliante
867 1639 1009 1704 Domino
1036 1639 1160 1703 factum
1195 1645 1246 1702 est
1280 1637 1361 1703 illud
1392 1637 1578 1722 negotium,
1613 1643 1724 1701 tamen
1755 1657 1827 1700 cum
1859 1637 1964 1700 multa
1994 1637 2100 1722 ipsius

441 1740 564 1806 domini
585 1742 624 1806 G.
649 1743 840 1808 difficultate
865 1749 899 1807 et
922 1743 1065 1808 omnium
1089 1743 1218 1807 illorum
1242 1763 1379 1828 quorum
1404 1741 1541 1804 consilio
1566 1747 1599 1804 et
1622 1741 1745 1805 auxilio
1768 1740 1950 1805 iurabatur.
1998 1739 2100 1804 Solli-

442 1846 525 1909 citus
549 1852 659 1910 autem
681 1847 729 1911 fui
751 1847 792 1912 de
815 1852 926 1910 vestro
956 1847 1088 1932 negotio
1115 1846 1201 1910 filius
1225 1851 1338 1910 vester
1368 1850 1402 1909 et
1431 1864 1546 1909 servus
1577 1850 1704 1923 vester,
1737 1841 1927 1908 desiderans
1951 1851 2099 1908 vestram
2151 1862 2174 1898 1⁰

440 1949 474 2011 in
498 1950 648 2014 omnibus
670 1950 780 2013 facere
803 1950 1017 2016 voluntatem.

1062 2126 1474 2134 ———·—-———————-—

1220 2351 1305 2424 794.

547 2446 738 2558 tiresias
759 2474 815 2540 rx
833 2495 921 2555 papa
940 2474 1086 2556 nasim
1111 2474 1179 2538 san
1204 2474 1362 2538 „arcane
1384 2474 1604 2538 ancarana
1633 2473 1781 2552 asanaa,
1810 2479 1845 2538 a
1866 2475 2101 2562 [marazana]

439 2579 579 2659 nesano
603 2578 750 2655 Aeetine,
781 2597 870 2658 qnam
898 2578 941 2641 iis
966 2597 1024 2657 pro
1053 2577 1256 2662 S[inibaldo]
1283 2578 1462 2660 presbytero
1491 2577 1653 2642 cardinali
1679 2579 1716 2642 in
1743 2582 1888 2642 rectorem
1911 2580 2099 2659 providerit,

438 2682 573 2764 fideliter
595 2681 748 2746 obediant.
1741 2683 1834 2760 1240,
1856 2679 1933 2748 Dec.
1957 2685 2010 2747 12.

545 2802 629 2872 (freq.
647 2803 694 2854 IX
709 2799 777 2869 Rea
791 2799 850 2855 Vol.
875 2802 937 2865 VII,
958 2803 1011 2867 33‚·
1027 2797 1091 2853 Lib.
1109 2799 1192 2867 XIV,
1205 2803 1264 2854 181.
2150 2813 2172 2851 rs

440 2990 671 3067 Universis
698 2993 911 3067 fidelibus
934 2993 1106 3066 nostris
1124 3012 1200 3083 per
1218 2991 1542 3065 Anconitanam
1562 2995 1803 3068 marchiam
1823 2997 2099 3072 constitutis

548 3140 780 3208 Sinceritatem
804 3143 988 3208 devotionis
1011 3149 1045 3208 et
1073 3141 1149 3207 fidei
1181 3164 1218 3206 ac
1246 3143 1452 3229 prudentiam
1475 3143 1675 3208 venerabilis
1705 3143 1815 3208 fratris
1837 3147 1940 3211 nostn
1965 3196 2001 3213 ..
2026 3149 2098 3234 epi-

441 3245 531 3330 sccpi
554 3245 683 3312 Aretini
706 3249 740 3312 in
762 3249 873 3313 multis
895 3249 1037 3334 negotiis
1059 3247 1241 3334 apostolice
1265 3247 1352 3311 sedis
1377 3248 1516 3334 experti,
1541 3268 1633 3332 spem
1657 3248 1700 3312 de
1722 3249 1795 3334 ipso
1819 3250 1978 3334 grandem
2002 3273 2096 3316 assu-

439 3348 568 3428 mimus,
592 3357 629 3414 ut
652 3373 708 3432 ea,
731 3373 794 3437 que
820 3373 878 3418 suc
903 3351 1136 3416 committenda
1157 3351 1316 3415 industrie
1339 3349 1380 3414 de
1403 3351 1569 3436 preteritis
1594 3360 1724 3438 sumpta
1746 3353 1866 3417 fiducia
1888 3353 2097 3440 deputamus,

440 3452 487 3515 sic
514 3453 656 3519 fideliter
683 3462 889 3540 promoveat,
921 3455 969 3519 sic
1002 3453 1144 3520 discrete
1173 3455 1341 3540 disponat,
1375 3454 1462 3539 quod
1494 3454 1614 3520 exinde
1646 3457 1786 3521 ecclesie
1809 3456 1958 3522 Romana
1992 3459 2097 3524 bonor
2146 3473 2170 3513 ²⁰

395 3617 399 3624 .
440 3563 618 3642 consurgat
651 3565 685 3623 et
713 3559 886 3624 comodum
916 3565 950 3623 et
978 3558 1108 3624 felicem
1138 3578 1348 3644 progressum
1377 3560 1519 3646 accipiat
1547 3560 1706 3623 exaltatio
1737 3559 1953 3624 subditorum.
2007 3561 2097 3626 Hinc

440 3665 507 3740 est,
541 3661 627 3746 quod
657 3683 731 3727 cum
761 3663 902 3728 dilectus
930 3663 1017 3727 lilius
1045 3667 1159 3726 noster
1190 3661 1223 3724 S.
1247 3662 1333 3726 tituli
1362 3661 1474 3726 Sancti
1502 3661 1673 3727 Laurentii
1703 3662 1737 3726 in
1765 3661 1892 3726 Lucina
1921 3664 2098 3750 presbyter

439 3762 612 3829 cardinalis
635 3786 741 3852 nuper
763 3765 804 3829 ad
826 3765 1029 3853 presentiam
1052 3772 1197 3830 nostram
1229 3766 1270 3832 de
1293 3767 1441 3832 Marchia
1470 3768 1601 3832 rediens
1630 3767 1716 3854 apud
1743 3767 1856 3832 sedem
1878 3771 2097 3854 apostolicam

438 3887 498 3951 pro
526 3871 719 3954 urgentibus
748 3877 781 3935 et
811 3869 922 3934 arduis
951 3870 1056 3955 ipsius
1085 3871 1227 3956 negotiis
1254 3871 1298 3935 ad
1328 3893 1466 3958 presens
1497 3893 1669 3937 remanere
1700 3879 1851 3956 cogatur,
1882 3893 1944 3936 nos
1973 3871 2097 3940 dictum
2216 3883 2219 3888 '

439 3971 631 4059 episcopum
646 3980 757 4040 vestre
779 3975 948 4060 provincie
972 3974 1102 4040 interim
1125 3976 1160 4039 in
1182 3982 1344 4041 rectorem
1368 3977 1521 4041 duximus
1544 3975 1791 4063 providendum.
1837 3973 2000 4047 Quocirca
2022 3979 2095 4042 unI·
2145 3990 2169 4030 ὕ

439 4075 628 4140 versitatem
659 4084 801 4142 vestram
831 4099 983 4162 rogamus
1012 4084 1046 4142 et
1073 4077 1243 4142 hortamur
1270 4085 1411 4160 attente,
1445 4101 1505 4166 per
1532 4080 1715 4165 apostolica
1735 4078 1828 4143 vobis
1852 4079 1975 4166 scripta
2004 4102 2096 4146 man-

439 4176 565 4260 dantes,
589 4181 742 4265 quatinus
765 4183 872 4267 ipsum
896 4203 969 4246 cum
991 4181 1241 4245 honorificentia
1264 4180 1386 4262 debita,
1412 4183 1587 4246 immanes
1606 4183 1909 4269 ineoreciperect
1931 4184 2097 4250 mandatis

440 4282 510 4345 eius
544 4291 695 4371 prompte
730 4307 768 4350 ac
801 4284 943 4350 fideliter
977 4283 1109 4349 obedire
1145 4284 1275 4349 curetis.
1330 4283 1488 4370 Alioquin
1518 4306 1655 4372 penam,
1690 4307 1785 4371 quam
1817 4286 2034 4372 spiritualiter
2063 4296 2098 4354 et

438 4387 663 4470 temporaliter
699 4388 761 4452 rite
789 4395 923 4474 propter
954 4387 1017 4452 boc
1049 4386 1222 4452 dictaverit
1253 4387 1285 4450 in
1316 4388 1475 4468 rebelles,
1509 4396 1613 4454 ratam
1644 4390 1836 4454 babebimus
1868 4397 1902 4454 et
1934 4390 2096 4457 faciemus
2131 4422 2135 4430 ·

439 4494 549 4551 actore
566 4488 708 4553 Domiuo
732 4512 836 4575 usque
860 4491 900 4554 ad
924 4490 1182 4556 satisfactionem
1206 4489 1400 4576 condignam
1422 4491 1656 4557 inviolabiliter
1676 4493 1854 4557 observari.
2145 4507 2169 4546 τ’)

547 4608 960 4678 mascemutinas
984 4612 1159 4679 Decembr.
1183 4633 1267 4677 anno
1291 4610 1404 4676 XIIII.

546 5193 738 5304 &reportas
760 5221 816 5286 IX
829 5243 921 5305 papa
942 5222 1181 5303 archiepiscopis
1203 5227 1232 5287 ci
1253 5224 1330 5289 aliis
1355 5224 1511 5305 praelatis
1533 5223 1721 5291 sclavoniae
1749 5225 1895 5304 mandat,
1922 5230 1961 5290 ac
1980 5227 2100 5312 [Mar-

437 5323 567 5409 cellino]
588 5325 726 5407 episcopo
748 5325 883 5389 AreiInc
899 5345 961 5406 nro
988 5325 1131 5390 ecclcsiae
1158 5327 1291 5409 negotiis
1310 5328 1347 5391 in
1368 5329 1511 5393 niarcbia
1532 5330 1737 5394 Anconitana
1758 5329 1935 5393 remanenti
1962 5330 2000 5393 in
2020 5353 2100 5413 prc-

438 5428 654 5492 cnrationibns
677 5448 809 5511 congrae
829 5427 1024 5495 subveniant.
1738 5435 1832 5512 1240,
1852 5431 1928 5498 Dec.
1953 5435 2006 5498 12.

544 5544 626 5616 (ἔτερ.
643 5546 694 5600 IX
709 5546 780 5617 Reg.
801 5547 860 5602 Vol.
884 5547 950 5614 VII,
971 5551 1023 5612 33,·
1039 5547 1102 5602 Lib.
1120 5548 1204 5615 XIV,
1223 5553 1285 5605 182.
2153 5563 2179 5603 ³⁵

541 5721 565 5788 ⁸)
582 5729 608 5772 st
625 5721 693 5771 deest
709 5721 737 5771 in
756 5720 787 5771 Β.
