4604 6420
445 385 507 446 408
1025 379 1072 432 EX
1091 377 1266 433 GREGORII
1284 378 1323 432 Π(
1342 377 1522 432 REGISTRO

445 552 532 638 quod
565 553 671 617 dictus
712 553 900 638 langravius
935 558 969 616 et
1006 553 1056 616 sui
1091 552 1123 615 in
1159 558 1300 615 castrum
1334 549 1532 616 Fislariense
1546 552 1568 630 ¹,
1606 550 1691 634 quod
1730 550 1871 614 ecclesie
1907 551 2099 637 Maguutiue
2215 611 2217 616 .

446 657 598 743 specialis
629 656 709 721 iuris
740 656 870 734 existit,
901 655 1067 720 hostiliter
1096 656 1273 735 irruentes,
1302 655 1383 720 illud
1413 655 1565 720 incendio
1595 653 1824 720 devastassent
1848 660 1882 719 ct
1911 655 1977 718 alia
1999 656 2101 719 multa

447 764 694 846 perpetrassent
723 758 861 838 ibidem,
892 757 1024 824 tandem
1054 759 1219 824 mediante
1250 758 1369 823 dilecto
1400 757 1467 822 filio
1498 758 1655 843 magistro
1685 755 1835 821 Conrado
1864 756 1904 824 de
1935 757 2100 838 Marburc,

446 862 651 949 predicatore
676 863 768 928 verbi
790 861 856 927 Dei
879 862 912 926 in
935 862 1127 943 Alamauia,
1159 862 1245 926 inter
1268 883 1325 926 vos
1348 861 1529 926 amicabilis
1553 860 1745 947 compositio
1769 861 1972 940 intercessit,
2003 882 2101 948 quam

446 972 483 1031 ut
505 966 686 1053 apostolico
702 965 911 1051 dignaremur
933 966 1110 1031 munimine
1134 966 1297 1046 roborare,
1321 986 1341 1028 a
1363 966 1458 1030 nobis
1481 965 1649 1030 humiliter
1668 962 1870 1050 postulabas.
1909 964 1978 1030 Nos
2001 964 2102 1050 igitur

447 1070 512 1134 tuis
542 1069 669 1134 devotis
697 1067 973 1154 postulationibus
1002 1075 1097 1155 grato
1129 1075 1361 1134 concurrentes
1392 1089 1547 1148 assensu,
1578 1067 1849 1153 compositionem
1876 1068 1941 1132 iam
1970 1068 2103 1148 dictam,
2198 1063 2199 1066 '

448 1174 534 1238 siout
557 1172 628 1238 sine
651 1171 813 1259 pravitate
835 1173 971 1260 provide
1000 1172 1087 1238 facta
1111 1179 1161 1238 est
1185 1179 1219 1238 et
1241 1173 1282 1237 ab
1305 1179 1443 1257 utraque
1472 1178 1565 1257 parte
1590 1176 1707 1258 sponte
1730 1177 1865 1257 recepta
1888 1178 1921 1236 et
1943 1171 2102 1236 hactenus

447 1277 582 1365 pacifice
606 1277 789 1358 observata,
812 1278 1006 1342 auctoritate
1030 1277 1212 1362 apostolica
1234 1276 1464 1341 confirmamus
1488 1283 1549 1340 etc.
1572 1295 1695 1360 usque:
1720 1268 1969 1340 communimus.
2013 1273 2104 1339 Nulli

449 1402 527 1468 ergo
550 1388 662 1447 nostre
686 1381 942 1447 confirmationis
966 1388 1029 1447 etc.
1076 1381 1111 1445 Si
1134 1381 1207 1467 quis
1230 1388 1341 1445 autem
1365 1384 1430 1444 etc.

555 1502 631 1568 Dat.
654 1502 818 1588 Anagnia,
840 1503 876 1567 II
897 1501 1010 1567 Nonas
1033 1501 1216 1580 Februarii,
1241 1522 1326 1566 anno
1350 1505 1457 1566 sexto.

1071 1745 1481 1754 ‚mo-.-Q

557 2066 747 2177 (tireqorius
762 2092 818 2157 IX
834 2112 921 2173 popu
935 2091 1100 2158 friderico
1116 2093 1332 2156 Rauracorum
1348 2094 1529 2174 imperatori
1543 2095 1753 2175 conqueritur,
1776 2093 1943 2174 quodlicet
1956 2091 2106 2179 [mado]

449 2196 698 2277 archiepiscopus
719 2194 939 2260 Mcssaucusts
959 2199 989 2259 et
1010 2194 1171 2260 Heu-ricus
1192 2195 1229 2260 dc
1254 2195 1365 2260 Merra
1388 2199 1417 2259 et
1440 2196 1589 2281 P[etrus]
1611 2197 1648 2260 dc
1678 2195 1786 2273 Viaco,
1809 2195 1876 2260 cius
1897 2197 2014 2272 curatii,
2035 2217 2106 2260 cum

450 2299 493 2364 nd
517 2298 726 2380 defensionen
754 2298 830 2380 fidei
854 2302 1006 2380 peretum
1035 2297 1239 2376 ostenderint,
1268 2318 1353 2363 uuae
1381 2298 1426 2362 ad
1450 2303 1559 2379 partes
1582 2299 1714 2366 Siciliae
1734 2319 1767 2363 se
1793 2303 1965 2379 concertot;
1992 2299 2107 2362 iterum

446 2402 635 2488 festinatum
656 2401 724 2466 clus
745 2401 904 2466 auxilium
925 2400 1070 2482 requirit.
1118 2400 1170 2486 ΟΥ.
1194 2422 1227 2468 u.
1252 2403 1323 2466 508.
1729 2405 1824 2483 1233,
1846 2402 1939 2470 Febr.
1963 2405 2014 2468 10.

556 2521 638 2591 (ἔτερ.
657 2522 707 2576 IX
724 2522 793 2591 Rae.
816 2521 872 2576 Vol.
893 2522 955 2586 111,
975 2521 1183 2587 86-87;1.io.
1206 2522 1254 2589 VI,
1273 2525 1339 2577 289.

556 2607 692 2676 Potttht
710 2606 776 2677 Rae.
795 2610 880 2662 9088.

496 2786 748 2877 FredericO,
776 2785 1073 2860 Romanorum
1100 2784 1361 2877 imperatori
1388 2808 1561 2881 semper
1587 2785 1793 2879 augusto,
1820 2788 2064 2863 Ierusalem

1008 2912 1050 2980 et
1077 2907 1223 2980 Sicilie
1251 2907 1341 2999 regi
1367 2906 1550 2980 illustri.

562 3055 676 3143 Nuper
704 3052 816 3119 audito
844 3076 905 3142 per
935 3055 1128 3120 relationem
1151 3055 1349 3120 venerabilis
1380 3055 1490 3120 fratris
1519 3055 1622 3120 nostri
1652 3103 1660 3120 .
1685 3104 1692 3121 .
1715 3055 1955 3143 archiepiscopi
1978 3055 2107 3122 Messa-

454 3159 565 3225 nensis
588 3165 622 3224 ct
645 3158 836 3224 dilectorum
859 3159 998 3224 filiorum
1022 3159 1179 3223 nobilium
1202 3158 1345 3222 virorum
1368 3157 1505 3223 Henrici
1527 3158 1568 3223 de
1591 3158 1703 3224 Murra
1732 3161 1911 3247 imperialis
1941 3158 2108 3225 iustitiarii
2164 3203 2176 3219 .

455 3285 493 3329 ac
513 3263 551 3328 P.
570 3261 611 3328 de
623 3262 740 3327 Vincis
763 3263 943 3349 imperialis
966 3263 1040 3328 aule
1064 3261 1190 3339 iudicis,
1214 3261 1401 3326 nuntiorum
1424 3262 1587 3344 tuorum²,
1610 3261 1697 3347 quod
1719 3262 1760 3327 ad
1783 3262 2009 3328 defensionem
2032 3262 2111 3328 fidei

455 3373 489 3433 et
512 3366 794 3432 conservationem
818 3365 1043 3431 ecclesiastice
1073 3365 1237 3430 libertatis
1270 3387 1309 3430 ac
1339 3365 1511 3430 tuitionem
1535 3365 1723 3452 patrimonii
1750 3366 1838 3431 beati
1860 3365 1953 3432 Petri
1973 3365 2113 3432 viriliter

455 3477 488 3536 te
512 3469 667 3557 parabas,
697 3469 914 3534 exultavimus
941 3491 999 3557 pro
1032 3475 1064 3534 te
1094 3471 1128 3534 in
1151 3469 1292 3534 Domino
1324 3476 1357 3534 et
1386 3470 1416 3534 ei
1441 3471 1620 3554 gratiarum
1649 3470 1820 3536 retulimus
1849 3472 2005 3537 actiones.
2051 3470 2112 3536 Set

456 3579 577 3660 quanto
613 3573 717 3637 maius
748 3574 925 3638 attulerant
958 3574 1112 3659 gaudium
1146 3571 1332 3638 huiusmodi
1364 3575 1450 3639 letus
1485 3585 1614 3638 rumora
1648 3580 1682 3638 et
1712 3575 1799 3639 fama
1830 3573 1984 3655 iocunda,
2018 3579 2111 3639 tanto

455 3676 572 3742 maiori
595 3697 707 3742 sumus
729 3675 841 3742 dolore
864 3678 1002 3757 turbati,
1031 3676 1134 3762 quod,
1164 3679 1247 3743 sicut
1270 3678 1470 3758 audivimus,
1499 3679 1669 3765 premissis
1692 3678 1885 3745 defensione
1908 3701 1947 3745 ac
1969 3679 2109 3746 tuitione

454 3780 647 3868 postpositis
670 3787 704 3846 et
726 3780 857 3845 omissis
877 3781 1005 3867 imperii
1025 3782 1176 3866 negotiis,
1200 3783 1316 3868 quibus
1339 3790 1372 3847 te
1391 3789 1581 3869 oportuerat
1602 3783 1784 3862 imminere,
1807 3781 1849 3848 ad
1871 3789 1981 3869 partes
1998 3782 2112 3850 Sicilie

455 3892 489 3952 te
511 3886 676 3951 convertis
685 3885 708 3952 ³.
753 3884 872 3950 Utrum
893 3891 1003 3951 autern
1022 3886 1056 3950 in
1078 3886 1140 3950 hoc
1161 3886 1341 3971 imperialis
1362 3886 1518 3952 discretio
1535 3885 1676 3951 discrete
1697 3886 1878 3973 provideat,
1901 3892 1958 3951 tua
1972 3886 2112 3952 circum-

456 3989 584 4078 spectio
612 4010 696 4075 equo
727 3988 898 4054 libramine
926 3988 1123 4053 moderetur.
1177 3988 1259 4053 Cum
1289 3990 1399 4074 itaque
1429 3989 1470 4054 ad
1500 3995 1532 4054 te
1561 3996 1726 4074 tamquam
1756 3990 1969 4077 principalem
1996 3988 2112 4056 defen-

457 4112 565 4158 sorem
588 4092 745 4172 ecclesie,
767 4097 836 4156 tum
860 4092 986 4156 ratione
1010 4093 1103 4176 regni
1127 4091 1212 4176 quod
1236 4091 1366 4156 obtines
1390 4092 1431 4157 ab
1455 4092 1590 4166 eadem,
1614 4098 1681 4158 tum
1705 4093 1804 4158 etiam
1828 4092 1957 4178 imperii
1978 4099 2115 4180 propter

457 4195 543 4281 quod
572 4192 720 4260 eiusdem
750 4194 891 4260 ecclesie
920 4193 1075 4260 defensor
1104 4196 1240 4273 existis,
1276 4216 1314 4260 ac
1348 4197 1501 4280 specialis
1529 4195 1712 4260 affectionis
1741 4217 1838 4280 quam
1867 4196 1909 4260 ad
1937 4217 2113 4283 personam

456 4308 546 4365 tuam
576 4297 699 4363 babere
728 4297 927 4378 dinoscitur,
959 4299 1062 4384 ipsius
1095 4298 1243 4364 defensio
1272 4300 1438 4384 pertinere
1468 4306 1635 4380 noscatur,
1665 4305 1698 4365 te
1730 4300 1815 4364 sicut
1842 4299 2046 4365 carissimum
2078 4299 2113 4364 in

458 4401 589 4467 Christo
611 4401 713 4466 filium
741 4421 780 4466 ac
808 4400 1015 4467 defensorem
1039 4400 1186 4467 eiusdem
1216 4402 1250 4465 in
1279 4401 1341 4466 hoo
1371 4402 1578 4467 necessitatis
1606 4402 1743 4467 articulo
1767 4403 1921 4468 duximus
1943 4403 2113 4490 requiren-

457 4505 545 4570 dum.
588 4502 734 4590 Ideoque
757 4502 986 4570 celsitudinem
1017 4512 1106 4570 tuam
1129 4526 1297 4591 rogamus,
1326 4527 1496 4570 monemus
1525 4513 1560 4571 ct
1587 4507 1797 4572 obsecramur
1824 4507 1858 4570 in
1880 4504 2012 4572 domino
2034 4506 2114 4573 Iesu

458 4609 604 4688 Christo,
638 4628 676 4672 ac
710 4608 745 4672 in
778 4608 1006 4674 remissionem
1040 4608 1098 4674 tibi
1134 4609 1334 4694 iniungimus
1368 4600 1594 4697 peecatorum,
1631 4610 1783 4697 quatinus
1814 4608 1856 4674 ad
1887 4608 2115 4677 defensionem

457 4710 596 4799 predicti
628 4711 831 4797 patrimonii,
865 4712 893 4777 si
927 4713 998 4778 fieri
1029 4713 1165 4798 poterit,
1197 4735 1257 4799 per
1288 4719 1321 4778 te
1354 4715 1478 4800 ipsum,
1511 4714 1656 4799 alioquin
1684 4735 1745 4801 per
1776 4721 1866 4796 tuos,
1896 4720 2050 4801 potenter
2079 4722 2114 4781 et

459 4815 597 4881 viriliter
624 4821 657 4879 ta
685 4814 876 4901 accingens,
909 4817 943 4881 in
971 4838 1070 4882 manu
1105 4818 1233 4904 potenti
1260 4825 1295 4882 et
1325 4823 1459 4882 extento
1486 4815 1621 4881 brachio
1650 4818 1746 4883 matri
1781 4823 1837 4883 tue
1869 4816 2000 4883 studeas
2033 4818 2113 4884 sub-

459 4919 587 4998 venire,
619 4924 653 4983 et
683 4939 757 4983 curn
786 4921 969 5007 apostolica
992 4917 1087 4985 sedes
1111 4920 1233 4985 auxilio
1264 4920 1409 5006 indigeat
1437 4919 1609 5001 festinato,
1640 4920 1762 4985 nullius
1790 4921 1972 4987 occasionis
2001 4920 2116 4988 dilatio

303 5046 369 5090 cmv.
387 5051 455 5098 arm.
465 5020 656 5088 intercedat.
706 5021 934 5108 Mitteigitur,
957 5024 1003 5088 fili
1025 5023 1208 5105 karissime,
1232 5023 1273 5087 ad
1295 5023 1394 5088 fortia
1416 5045 1547 5088 manum
1569 5029 1659 5088 tuam
1681 5029 1717 5088 et
1737 5023 1843 5088 milita
1865 5024 1899 5088 in
1921 5026 2116 5110 obsequium

457 5126 535 5192 Iesu
558 5124 701 5207 Christi,
731 5146 769 5191 ac
794 5132 871 5191 vota
898 5126 959 5191 tibi
990 5127 1061 5193 eius
1084 5133 1244 5213 preeunte
1267 5127 1374 5213 gratia
1396 5127 1555 5214 inspirata
1576 5124 1649 5212 ipso
1673 5124 1849 5192 adiuvante
1873 5127 2015 5213 gratuito
2038 5150 2116 5214 pro·

565 5386 587 5452 Ι)
605 5387 697 5439 humor
715 5387 746 5439 R.
2169 5395 2197 5436 to

562 5505 589 5573 1)
614 5505 634 5560 s.
654 5522 674 5560 t.
694 5505 891 5561 maauaie.
990 5507 1017 5574 a)
1044 5506 1087 5575 ef.
1111 5522 1138 5560 n.
1160 5509 1222 5560 495.
1321 5505 1349 5572 a)
1373 5505 1528 5574 Prataque
1546 5463 1662 5575 propat
1685 5504 1910 5560 aestuatum
1934 5504 2118 5572 relectorum

458 5593 495 5661 cf.
509 5591 613 5647 Amol.
626 5591 681 5646 Sic.
699 5607 725 5647 a.
743 5595 814 5647 1231
832 5597 858 5648 et
875 5596 959 5660 1232,
977 5591 1024 5647 SS.
1038 5597 1056 5646 t.
1069 5592 1157 5659 XIX,
1171 5609 1201 5662 p.
1214 5594 1285 5658 497;
1302 5596 1327 5646 et
1343 5589 1433 5645 Breve
1448 5589 1548 5646 Otrou.
1567 5590 1601 5645 dc
1618 5588 1675 5645 reb.
1694 5589 1746 5646 Sic.
1760 5609 1805 5662 cp.
1820 5590 2119 5659 Hailtord·Brttcllrs,

458 5679 477 5737 ι.
495 5693 518 5734 c.
536 5681 555 5734 r.
573 5678 599 5748 1,
614 5694 644 5750 p.
664 5681 718 5733 904
736 5681 761 5733 a
780 5681 844 5734 905.
1943 5689 1952 5702 ·-
