4560 6420
771 385 972 444 EPISTOLAE
988 387 1179 445 subucula.
1215 389 1291 445 1240.
1793 393 1848 456 701

200 560 323 627 ordinis
359 558 617 627 Praedicatomm
648 560 693 627 ad
728 562 914 646 &morium
947 562 1004 628 IX
1029 584 1147 646 papam
1179 565 1328 642 caece,
1364 564 1478 646 quibos
1512 567 1667 630 testantur
1699 510 1855 646 aeootidm

200 667 331 730 nomam
352 687 374 730 a
399 666 553 748 Gregorio
574 666 611 730 do
633 665 802 744 Romania,
824 668 1116 747 apostolicaesedis
1138 672 1246 753 beato,
1269 671 1343 735 bene
1364 676 1608 737 mosummatam
1630 690 1704 737 esse.

1576 793 1670 870 1240,
1691 791 1767 857 Dec.

306 921 390 993 Grep.
409 923 457 977 IX
474 923 541 994 Rey.
564 923 623 978 Vol.
649 923 714 986 VII,
734 928 787 991 575
802 925 835 978 in
850 924 1001 994 appendice
1018 925 1079 980 aab.
1098 943 1126 980 n.
1146 929 1199 980 781
1217 933 1423 982 conmemorata
1436 931 1503 998 post
1519 945 1547 982 a.
1568 932 1631 983 792.

1016 1234 1044 1302 Ι.

330 1376 503 1449 Littere
530 1374 865 1448 testimoniales
895 1431 904 1448 .
933 1431 943 1448 .
973 1375 1306 1470 archiepiscopi
1333 1381 1571 1456 lanuensis
1597 1403 1733 1474 super

810 1500 1037 1587 apparatu
1063 1496 1243 1588 navigii.

306 1664 504 1730 Beatissimo
535 1662 621 1749 patri
649 1667 683 1726 et
711 1645 917 1725 sanctissimo
950 1661 1081 1725 domino
1112 1661 1168 1744 G.,
1206 1663 1270 1728 Dei
1298 1665 1503 1752 providentia
1540 1668 1686 1754 pontifici
1717 1688 1856 1748 summo,

199 1769 227 1836 Ι.
256 1768 366 1833 divina
398 1767 608 1832 miseratione
638 1765 812 1830 Ianuensis
844 1767 985 1831 ecclesie
1013 1767 1163 1832 minister
1198 1769 1381 1834 immeritus
1413 1776 1480 1834 tam
1513 1777 1699 1858 promptum
1727 1792 1859 1858 semper

202 1892 299 1958 quam
323 1870 467 1935 debitum
492 1869 533 1934 ad
556 1869 666 1932 omnia
688 1869 892 1934 famulatum.
938 1869 1140 1935 Beatitudini
1156 1877 1265 1936 vestre
1289 1872 1498 1957 presentibus
1521 1874 1638 1939 litteris
1662 1877 1856 1955 innotescat,

204 1977 289 2062 quod
313 1977 463 2041 dominus
488 1974 528 2041 G.
551 1973 592 2039 de
616 1973 793 2052 Romania,
818 1975 998 2061 apostolico
1022 1974 1112 2041 sedis
1136 1977 1281 2059 legatus,
1311 1977 1448 2042 consilio
1471 1976 1593 2041 domini
1617 2024 1650 2042 ..
1673 1977 1856 2064 patriarche

200 2081 478 2145 lerosolimitani¹
502 2086 536 2144 et
557 2079 698 2165 plurium
722 2079 923 2164 sapientum,
947 2080 1082 2145 consilio
1107 2101 1236 2165 quoque
1260 2088 1294 2146 et
1316 2082 1440 2146 auxilio
1463 2102 1552 2163 meo,
1583 2083 1723 2169 pecunia
1745 2089 1856 2147 mutim

200 2190 338 2270 accepta
359 2204 379 2246 a
401 2182 597 2267 quibusdam
620 2181 854 2262 Ianuensibus,
883 2181 924 2245 de
953 2183 1074 2268 galeis,
1102 2182 1232 2260 taridis,
1264 2185 1401 2248 usceriie
1426 2191 1459 2248 et
1483 2185 1555 2248 aliis
1579 2186 1716 2270 navigiis
1739 2206 1856 2249 neces·

201 2289 295 2353 seriis
318 2289 365 2352 ita
387 2287 471 2351 bene
494 2284 647 2372 providit,
671 2285 757 2371 quod
780 2286 910 2372 quando
926 2288 1140 2351 ecclesiarum
1154 2289 1275 2374 prelati
1291 2289 1424 2352 venient
1439 2288 1480 2352 ad
1496 2295 1639 2353 vestram
1656 2290 1855 2375 presentiam

200 2412 258 2479 pro
285 2390 423 2456 concilio
448 2388 656 2470 celebrando,
679 2388 827 2476 predicta
850 2391 981 2476 navigia
1003 2392 1169 2455 invenient
1192 2390 1295 2456 Ianue
1320 2393 1440 2477 optime
1464 2398 1649 2478 preparata.

1009 2661 1054 2726 11.

270 2808 435 2882 Littera
461 2806 801 2880 testimoniales
830 2863 839 2880 .
870 2862 879 2879 .
906 2806 1084 2880 abbatis
1112 2806 1267 2880 Sancti
1294 2805 1517 2899 Stephani
1544 2807 1788 2881 lanuensis

859 2947 998 3019 super
1023 2929 1191 3002 eodem.

309 3094 523 3160 Sanctissimo
557 3095 589 3157 in
625 3089 756 3155 Christo
785 3092 870 3178 patri
899 3099 933 3156 et
964 3094 1232 3159 reverentissimo
1267 3093 1399 3159 domine
1434 3093 1612 3178 Gregorio,
1649 3097 1856 3156 sacrosancte

200 3200 349 3264 Romane
381 3196 522 3263 ecclesie
559 3216 684 3259 summo
717 3195 881 3281 pontifici,
917 3195 957 3262 R.
991 3196 1103 3261 Sancti
1137 3197 1298 3285 Stephani
1331 3198 1504 3263 Ianuensis
1537 3196 1640 3261 abbas
1675 3196 1857 3261 immeritus

203 3303 415 3389 semetipsum
446 3299 489 3364 ad
516 3298 629 3386 pedes.
686 3298 861 3363 Sanctitati
884 3307 993 3365 vestre
1016 3300 1131 3365 humili
1154 3323 1229 3366 cum
1257 3302 1431 3366 devotione
1461 3301 1624 3386 significo,
1658 3299 1746 3384 quod
1778 3320 1856 3364 con-

202 3406 358 3485 ventioni,
382 3424 478 3488 quam
500 3402 579 3468 tecit
602 3403 752 3468 dominus
777 3404 957 3488 Gregorius
981 3404 1022 3469 de
1045 3406 1217 3488 Romania,
1240 3407 1380 3472 ecclesie
1400 3405 1547 3471 Romane
1569 3407 1709 3490 legatus,
1732 3426 1805 3468 cum
1823 3452 1856 3470 ..

199 3507 390 3596 potestate²
413 3512 445 3570 et
469 3508 632 3572 communi
647 3506 750 3572 Ianua
775 3530 874 3594 super
897 3508 1113 3575 conductione
1130 3520 1163 3576 et
1185 3517 1387 3577 armamento
1410 3510 1578 3594 galearum
1602 3515 1636 3572 et
1658 3507 1855 3586 taredarum,

200 3617 297 3698 prout
320 3611 353 3674 in
376 3609 525 3675 eiusdem
548 3610 649 3695 legati
672 3612 791 3676 litteris
815 3612 934 3677 viderit
956 3621 1067 3679 vestra
1090 3615 1274 3679 sublimitas
1298 3612 1469 3692 contineri,
1492 3613 1636 3698 parvitas
1660 3632 1734 3676 mea
1756 3612 1856 3676 inter·

199 3716 278 3796 tuit,
307 3722 341 3779 et
368 3735 420 3778 me
452 3735 585 3800 semper
607 3722 761 3801 presente
793 3715 880 3781 idem
912 3718 1042 3803 legatus
1074 3718 1224 3804 diligenti
1260 3739 1338 3782 cura
1371 3724 1405 3781 et
1434 3714 1654 3780 sollicitudine
1686 3714 1856 3792 laborauit,

200 3839 307 3904 neque
332 3819 582 3883 conventionem
604 3819 709 3907 ipsam
732 3822 839 3907 potuit
861 3822 972 3888 tacere
994 3824 1179 3904 meliorem,
1210 3824 1308 3888 immo
1336 3822 1398 3886 hee
1427 3819 1544 3886 eadem
1574 3819 1759 3884 fuitmulta
1782 3839 1857 3883 cum

206 3922 399 3987 difficultate
424 3921 558 3986 obtenta
580 3931 715 4008 propter
737 3924 895 4010 quosdam
919 3927 1046 3992 emulos
1070 3928 1228 4004 ecclesie,
1257 3927 1312 4010 qui
1335 3947 1393 4011 pro
1417 3925 1485 3988 suis
1508 3923 1631 3988 viribus
1653 3923 1856 3987 restiterunt.

998 4197 1060 4262 ΠΙ.

290 4342 465 4415 Littera
492 4342 826 4417 testimoniales
854 4400 863 4417 .
894 4399 902 4416 .
929 4341 1153 4435 prepositi
1181 4343 1342 4416 Sancte
1368 4342 1508 4416 llarie
1535 4343 1589 4415 de
1615 4340 1766 4415 Vineis

864 4484 1000 4555 super
1027 4465 1193 4537 eodem.

311 4629 512 4694 Beatissimo
543 4630 628 4715 patri
661 4635 695 4694 et
727 4629 857 4695 domino
886 4632 1066 4717 Gregorio,
1103 4638 1215 4696 sancte
1252 4637 1286 4695 et
1318 4630 1513 4696 universalis
1549 4629 1690 4694 ecclesie
1727 4647 1854 4692 summo

200 4733 356 4819 pontiflci,
379 4732 416 4799 P.
431 4731 539 4796 dictus
554 4733 741 4818 prepositus
758 4734 898 4798 ecclesie
915 4742 1029 4799 sancte
1044 4735 1148 4801 Maria
1164 4733 1204 4799 de
1215 4733 1331 4799 Vineis
1347 4734 1519 4800 Ianuensis
1541 4732 1583 4798 ad
1602 4732 1722 4820 pedum
1745 4729 1858 4797 oscula

200 4837 381 4902 beatorum.
442 4836 615 4901 Sanctitati
648 4842 758 4902 vestre
787 4839 996 4924 presentibus
1027 4839 1212 4918 innotesco,
1252 4836 1339 4923 quod
1369 4837 1520 4904 dominus
1551 4836 1592 4902 G.
1616 4837 1657 4902 de
1688 4834 1856 4912 Romania,

199 4940 289 5005 aedis
312 4940 494 5027 apostolice
516 4941 657 5024 legatus,
681 4961 756 5005 cum
778 4942 882 5007 multa
904 4948 937 5008 et
959 4963 1079 5028 magna
1101 4941 1272 5028 diligentia
1294 4946 1328 5005 et
1350 4941 1482 5005 cautela
1497 4941 1665 5025 negotium
1686 4937 1855 5022 galearum

199 5050 232 5107 et
254 5044 441 5108 taradarum
465 5042 577 5107 habito
601 5043 738 5108 consilio
769 5065 843 5108 cum
870 5047 982 5110 multis
1012 5046 1217 5134 sapientibus
1247 5051 1281 5110 et
1309 5043 1474 5129 religiosis
1506 5042 1634 5108 clericis
1664 5047 1698 5106 et
1729 5059 1857 5104 mecum

198 5147 339 5212 fideliter
362 5148 585 5234 pertractarit.
630 5145 727 5212 Licet
751 5149 838 5212 enim
857 5149 1039 5216 Ianuenaee
1053 5149 1186 5236 quidam
1207 5148 1285 5213 laici
1308 5148 1431 5212 vallent
1454 5146 1536 5211 illud
1558 5144 1728 5232 negotium
1751 5143 1855 5228 impe·

199 5251 278 5328 dire,
303 5256 412 5314 tamen
436 5257 695 5315 consummatum
719 5258 770 5316 est
792 5251 934 5316 Domino
959 5252 1178 5334 concedente,
1209 5257 1243 5316 et
1266 5251 1306 5316 de
1328 5251 1391 5315 hoc
1415 5249 1502 5314 idem
1529 5250 1659 5334 legatus
1682 5246 1777 5312 valde
1806 5253 1858 5311 est

123 5382 148 5422 ss
203 5353 492 5434 commendandus,
515 5361 550 5417 et
572 5355 636 5441 ipsi
658 5355 698 5420 de
723 5356 785 5420 boc
807 5377 984 5441 possumus
1007 5355 1143 5421 reddere
1167 5356 1289 5419 bonum
1312 5353 1535 5419 testimonium
1558 5359 1592 5417 et
1614 5371 1738 5416 verum.

303 5681 330 5752 l)
350 5680 475 5736 liuberti.
562 5681 590 5754 2)
611 5679 735 5735 Hearieo
752 5681 786 5735 de
804 5680 957 5736 Modoetie.
