4494 6426
432 395 493 456 126
1017 389 1064 442 EX
1083 388 1238 443 HONORll
1257 388 1297 440 Ill
1316 386 1496 442 audranno

430 563 673 650 imperatoriam
707 563 913 627 maiestatem
947 581 1117 626 monemus
1150 568 1184 625 et
1217 582 1369 647 rogamus
1403 566 1528 625 attente
1560 579 1620 644 per
1649 555 1826 620 Dominum
1859 557 2083 638 obsecrantes,

431 667 582 750 quatinus
605 667 700 730 nobis
723 674 757 731 et
779 665 839 729 tibi
860 666 1079 752 prospiciens,
1108 667 1194 729 inter
1220 672 1253 730 te
1283 673 1317 730 et
1345 665 1520 730 ecclesiam
1542 663 1634 726 nasci
1656 667 1783 726 tantum
1806 661 1996 727 scandalum
2018 684 2084 727 nou

430 769 612 855 permittas,
634 769 710 853 quia
732 769 890 854 prolecto,
915 770 943 832 si
966 769 999 832 in
1022 769 1084 834 hoc
1102 768 1315 833 scandalizati
1338 790 1357 832 a
1380 775 1412 833 te
1429 768 1597 846 fuerimus,
1619 767 1653 830 in
1677 772 1871 850 quocontra
1893 786 1954 829 nos
1970 773 2085 830 nostra

430 878 657 957 reputaremus
679 873 835 937 interiora
858 872 998 951 moveri,
1029 871 1217 936 huiusmodi
1246 871 1366 935 doloris
1395 871 1529 935 aculeus
1553 867 1833 933 transverberaret
1857 889 1913 933 cor
1934 876 2084 932 nostrum

431 981 464 1038 et
486 997 545 1060 per
567 975 682 1039 intima
703 976 828 1039 ossium
850 976 1076 1062 pertransiret.
1120 973 1186 1039 Sed
1210 995 1284 1038 cum
1307 973 1349 1038 ad
1372 981 1404 1039 te
1429 974 1470 1038 ob
1492 973 1554 1037 hoe
1577 971 1734 1035 dilectum
1757 971 1859 1035 filium
1882 1023 1914 1038 ..
1939 972 2084 1058 priorem
2136 994 2147 1030 a

433 1077 552 1144 Sancte
575 1077 678 1142 Marie
702 1100 785 1143 nove
812 1101 884 1143 cum
907 1080 1028 1143 nostris
1058 1079 1176 1143 litteris
1201 1085 1234 1142 et
1257 1078 1451 1164 transcripto
1481 1077 1528 1140 tui
1556 1076 1718 1162 privilegii
1742 1073 1937 1160 dirigamus,
1967 1097 2027 1161 per
2053 1081 2085 1139 te

430 1183 537 1268 ipsum
567 1203 629 1266 que
664 1183 760 1247 aliter
792 1204 889 1268 quam
921 1183 1037 1248 deceat
1065 1188 1139 1246 acta
1169 1187 1244 1246 sunt
1273 1182 1432 1267 corrigas,
1471 1180 1650 1246 electiones
1685 1180 1777 1242 iuxta
1813 1178 2022 1263 privilegium
2055 1183 2087 1241 et

430 1286 664 1370 promissiones
689 1291 761 1350 tuas
784 1285 887 1349 libere
911 1307 949 1349 ac
973 1286 1043 1349 sine
1060 1285 1284 1370 impressionis
1308 1285 1387 1349 vitio
1411 1284 1480 1347 fieri
1496 1284 1727 1369 permissurus.
1771 1281 1928 1366 Alioquin
1944 1280 2088 1362 noveris,

431 1387 517 1473 quod
539 1389 573 1453 id
595 1390 684 1454 nulla
706 1390 886 1474 poterimus
910 1391 1035 1454 ratione
1059 1391 1092 1453 in
1116 1390 1246 1475 proprie
1271 1390 1377 1453 anime
1402 1389 1583 1474 perieulum
1607 1388 1785 1465 sustinere,
1815 1384 1989 1471 presertim
2014 1404 2087 1448 cum

431 1499 544 1556 contra
566 1513 624 1556 uos
647 1492 732 1555 iutra
756 1499 789 1556 et
812 1500 906 1556 extra
928 1491 1110 1557 Romanam
1134 1492 1307 1557 ecclesiam
1332 1493 1453 1576 iugiter
1477 1493 1651 1571 clametur,
1675 1488 1761 1574 quod
1784 1489 1844 1552 tibi
1867 1487 2084 1552 detulerimus
2136 1515 2157 1550 a

431 1595 464 1658 in
480 1595 628 1680 pluribus
645 1601 759 1658 contra
774 1593 893 1674 Deum,
918 1594 975 1660 sed
991 1594 1200 1659 difficultates
1224 1603 1308 1675 tuas,
1331 1596 1365 1658 iu
1381 1615 1460 1679 quas
1484 1601 1517 1659 te
1534 1595 1691 1659 hactenus
1707 1592 1876 1677 ingessisti
1899 1598 1932 1655 et
1947 1590 2087 1668 inducis,

431 1698 465 1759 in
496 1697 597 1760 totius
628 1695 717 1761 orbis
747 1697 896 1760 notitiam
924 1697 1139 1779 adducemus,
1169 1699 1231 1763 celi
1260 1705 1294 1764 et
1324 1705 1409 1763 terre
1438 1698 1661 1764 testimonium
1689 1697 1893 1776 invocantes,
1928 1693 2016 1778 quod
2046 1692 2087 1756 ad

432 1800 493 1864 hoc
516 1799 723 1886 procedimus
747 1799 897 1865 dolentes
920 1802 1096 1887 plurimum
1120 1808 1153 1866 et
1175 1801 1279 1866 inviti.

539 1935 614 2000 Dat.
637 1937 790 2002 Lateran.
813 1936 881 2001 XII
904 1936 978 2004 Kal.
1004 1938 1095 2025 Sept.
1118 1940 1326 2026 pontificatus
1349 1941 1453 2005 nostri
1476 1960 1560 2004 anuo
1585 1946 1690 2042 sexto.

1219 2601 1303 2675 179.

543 2710 732 2802 Honorias
753 2738 821 2804 ΙΙΙ
834 2759 922 2820 papa
945 2739 1102 2804 universis
1118 2742 1322 2823 principibus
1345 2739 1535 2805 Thentoniae
1557 2739 1695 2817 mahalat,
1719 2745 1754 2804 at
1776 2743 2004 2822 mucesipnalos
2026 2761 2090 2804 non
2137 2767 2156 2802 a

432 2839 533 2902 solam
554 2839 768 2905 exactionibus
789 2841 937 2906 indebitis
958 2862 1021 2905 non
1043 2849 1163 2923 ocscnt,
1185 2867 1293 2910 reram
1315 2847 1408 2912 ctiam
1429 2845 1475 2908 cis
1496 2845 1657 2908 remittant
1678 2843 1803 2922 (aliquid
1824 2843 2006 2908 debitorum.

1745 2965 1841 3041 1221,
1863 2963 1948 3044 Sept.
1973 2966 2002 3028 9.

536 3041 1015 3114 mmmmmm

538 3126 673 3199 Portant,
692 3129 760 3200 Ray.
782 3135 864 3185 6709.

478 3353 714 3430 Universis
743 3357 1039 3451 principibus,
1068 3361 1275 3449 ducibus,
1304 3361 1565 3450 comitibus
1593 3361 1844 3434 baronibus
1872 3364 1913 3433 et
1940 3360 2042 3433 aliis
2137 3402 2158 3439 a

753 3480 1035 3572 magnalibus
1062 3502 1140 3573 per
1165 3481 1470 3556 Theutoniam
1496 3480 1779 3554 constitutis.

543 3623 626 3689 Cum
647 3625 695 3689 hii
718 3627 774 3711 qui
796 3626 875 3693 fidei
896 3650 1006 3694 amore
1030 3631 1180 3695 succensi
1212 3630 1311 3694 affixo
1344 3631 1412 3695 suis
1439 3631 1585 3695 humeris
1618 3631 1711 3715 siguo
1735 3630 1839 3694 erucis
1863 3651 1899 3694 sc
1921 3630 2090 3694 ascribunt

435 3727 592 3812 obsequio
614 3729 692 3794 Iesu
715 3728 838 3795 Christi
862 3731 903 3796 ad
925 3735 1065 3818 prelium
1088 3734 1222 3800 Domini
1245 3735 1452 3820 preliandum
1474 3736 1508 3799 in
1530 3734 1677 3820 partibus
1700 3733 1946 3813 transmarinis,
1975 3754 2089 3818 gerere

435 3830 606 3895 intendant
629 3853 698 3897 rem
723 3833 886 3919 publicam
910 3837 1010 3901 totius
1034 3839 1147 3924 populi
1163 3838 1351 3920 Christiani,
1375 3860 1439 3902 non
1464 3839 1534 3903 siue
1558 3837 1829 3903 causamiramur
1850 3837 2089 3901 necimmerito

435 3955 687 4016 commovemur,
712 3937 807 4021 quod,
832 3939 918 4004 sicut
932 3939 1127 4024 audivimus,
1145 3941 1276 4028 quidam
1292 3950 1446 4023 vestrum,
1471 3944 1525 4028 qui
1542 3942 1700 4007 deberent
1716 3950 1792 4004 eosa
1806 3941 1926 4004 iutuitu
1942 3940 2089 4004 crucifixi
2138 3979 2160 4014 ᾗ

434 4038 600 4102 favoribus
625 4046 657 4103 et
679 4040 835 4105 subsidiis
852 4042 1016 4124 adiuvare,
1041 4053 1151 4131 spreto
1174 4047 1290 4111 timore
1310 4045 1419 4110 divino
1440 4047 1530 4132 ipsos
1547 4045 1774 4111 exactionibus
1790 4043 1946 4108 indebitis
1966 4051 1999 4107 et
2019 4043 2090 4107 aliis

433 4142 663 4207 vexationibus
679 4143 866 4230 fatigantes,
889 4149 978 4233 pium
998 4170 1110 4214 eorum
1131 4151 1333 4236 propositum
1354 4150 1552 4236 prepediuut
1575 4156 1608 4214 et
1627 4148 1803 4230 retardant,
1827 4149 1961 4212 minime
1985 4154 2090 4212 atten-

434 4243 550 4308 dentes
577 4244 665 4331 quod
694 4246 770 4310 dum
803 4249 849 4314 sic
878 4251 991 4315 amicis
1021 4252 1183 4335 officiunt,
1215 4252 1342 4318 eidemb
1367 4254 1539 4340 proliciunt
1562 4252 1712 4316 inimicis.
1756 4250 1805 4316 Ne
1833 4252 1934 4336 igitur
1958 4273 2091 4316 oausam

435 4347 558 4412 Christi
573 4351 742 4435 negligere
757 4352 934 4435 videamur,
958 4356 1013 4440 qui
1030 4357 1101 4421 eius
1119 4377 1230 4421 sumus
1246 4357 1325 4422 licet
1340 4358 1494 4422 immeriti
1509 4356 1622 4420 vicarii
1638 4355 1817 4436 constituti,
1840 4355 2091 4420 universitatem

434 4457 576 4516 vestram
600 4473 770 4537 rogamus,
803 4478 973 4522 monemus
996 4465 1030 4523 et
1052 4460 1221 4524 hortamur
1244 4468 1386 4541 attente,
1416 4459 1625 4541 mandantes,
1654 4459 1807 4544 quatinus
1834 4458 1954 4543 singuli
1977 4479 2088 4522 cruce·
2140 4497 2143 4506 ·

435 4556 580 4640 signatos
604 4563 761 4623 terrarum
779 4568 960 4627 vestrarum
975 4563 1135 4629 habentes
1153 4565 1348 4629 omnimodis
1365 4565 1619 4644 commendatos,
1643 4585 1708 4629 nou
1732 4564 1837 4628 solum
1854 4562 2003 4628 indebite
2027 4584 2091 4627 non

435 4659 564 4723 vexetis
587 4658 735 4740 eosdem,
764 4684 877 4729 verum
907 4667 1007 4730 etiam
1036 4669 1107 4731 eius
1140 4669 1274 4749 iutuitu,
1303 4670 1395 4734 ouius
1419 4691 1454 4734 se
1478 4668 1679 4733 devoverunt
1702 4666 1888 4752 obsequiis,
1917 4668 2091 4732 remittatis

434 4760 557 4846 aliquid
579 4761 782 4848 debitorum,
813 4769 859 4832 ita
881 4769 966 4854 quod
990 4791 1083 4851 eum,
1115 4773 1167 4835 oui
1196 4771 1325 4837 debetis
1356 4773 1464 4837 omnia
1492 4792 1554 4856 que
1581 4770 1727 4852 habetis,
1759 4770 1853 4835 vobis
1884 4772 2091 4836 constituatis

434 4865 550 4928 merito
575 4863 767 4950 debitorem,
792 4877 825 4934 et
847 4893 918 4952 nos,
942 4873 997 4958 qui
1021 4873 1108 4958 quod
1129 4875 1366 4960 crucesignatis
1390 4876 1426 4939 fit
1448 4876 1543 4939 nobis
1565 4875 1636 4939 fieri
1659 4882 1859 4960 reputamus,
1883 4872 2091 4940 devotionem

434 4974 578 5034 vestram
599 4975 756 5058 prosequi
779 4974 958 5041 debeamus
981 4979 1164 5043 actionibus
1187 4981 1376 5064 gratiarum.

542 5105 618 5172 Dat.
641 5108 794 5175 Lateran.
819 5112 850 5178 V
874 5112 950 5178 Idus
977 5113 1191 5199 Septembris,
1215 5135 1299 5180 anuo
1324 5123 1429 5184 sexto.

543 5243 582 5308 In
607 5246 748 5312 eundem
771 5249 903 5314 modum
926 5252 1183 5340 archiepiscopis
1216 5261 1250 5320 et
1280 5256 1443 5343 episcopis
1472 5263 1505 5321 et
1535 5257 1609 5320 aliis
1633 5257 1847 5323 ecelesiarum
1869 5259 2007 5343 prelatis
2032 5281 2092 5345 per

434 5331 631 5412 Teutouiam
655 5354 852 5422 constitutis.

1059 5552 1068 5556 -
1075 5551 1543 5560 ..-.-.-.--.-——..-—-·-.----....
1552 5555 1816 5562 ——-———-..—-
1824 5556 1987 5564 -————-

540 5679 561 5746 ¹)
580 5680 625 5746 qui
643 5681 765 5732 deberent
782 5699 825 5733 eos
843 5683 911 5734 dean
927 5684 955 5734 in
974 5683 1005 5734 R.
1090 5683 1112 5750 ΙΙ)
1131 5705 1166 5738 an
1185 5689 1316 5739 eiusdem?
