4596 6406
434 440 496 506 691

1010 430 1059 488 EX
1077 429 1252 494 caucouu
1269 427 1308 484 lx
1326 425 1507 484 REGIS'IRO

432 613 532 698 vobis,
548 611 670 698 scripta
691 609 902 691 mandantes,
932 609 1083 694 quatinus
1109 606 1223 670 matris
1253 603 1496 690 gravaminibus
1526 603 1697 690 oportunis
1719 603 1852 667 auxiliis
1877 609 2095 669 occurrentes

430 717 521 780 mille
544 715 645 779 libras
668 713 910 779 Turonensium
933 711 975 776 ad
1002 708 1266 776 satisfaciendum
1297 709 1485 792 quantotius
1516 706 1730 773 creditoribus
1758 706 1934 772 antedictis
1965 707 2092 772 dilecto

431 819 499 883 lilio
527 819 620 882 fratri
641 816 802 882 Itiecardo
830 815 870 880 de
897 816 993 881 domo
1022 815 1138 879 militie
1161 813 1291 899 Templi
1321 810 1468 876 eiusdem
1498 813 1636 877 ecclesie
1663 812 1793 876 nomine
1820 833 1881 898 pro
1911 819 2027 877 nostra
2058 819 2092 877 et

431 923 612 1009 apostolice
636 921 724 987 sedis
746 921 932 986 reverentia
953 925 1067 984 mutuo
1092 915 1290 998 concedatis,
1314 914 1534 980 restituendas
1549 916 1644 980 vobis
1667 916 1814 1002 plenarie
1839 916 1957 980 saltem
1982 937 2091 1001 usque

432 1026 473 1092 ad
502 1048 562 1091 sex
589 1045 722 1090 menses
754 1029 829 1109 post
863 1023 1087 1110 receptionem
1118 1020 1321 1106 presentium
1348 1017 1390 1084 de
1419 1017 1563 1084 subsidio
1594 1019 1735 1085 ecclesie
1765 1017 1960 1104 Anglicane.
2018 1019 2090 1085 Nos

433 1129 520 1193 enim
543 1133 605 1192 etc.
627 1147 746 1212 usque:
770 1126 963 1190 collectam·
982 1147 1044 1211 per
1066 1122 1207 1190 eundem
1229 1123 1363 1187 fratrem
1384 1122 1530 1187 Parisius
1553 1120 1595 1186 ad
1619 1123 1884 1188 satisfaciendum
1904 1123 2000 1188 vobis
2026 1146 2093 1188 non

432 1231 585 1296 differant
607 1229 784 1294 destinare.
828 1227 951 1292 Preces
974 1227 1074 1311 igitur
1097 1234 1130 1292 et
1152 1225 1341 1292 mandatum
1363 1232 1511 1291 nostrum
1541 1227 1575 1289 iu
1605 1227 1667 1290 hac
1695 1234 1788 1312 parte
1810 1229 1922 1292 taliter
1945 1229 2089 1315 implere

434 1335 570 1416 curetis,
598 1331 685 1417 quod
711 1332 746 1395 iu
771 1330 869 1394 huius
899 1329 1108 1394 necessitatis
1137 1329 1274 1393 articulo
1302 1351 1362 1414 per
1389 1328 1543 1392 effectum
1567 1330 1677 1415 operis
1701 1329 1897 1412 ostendatis,
1931 1338 2092 1416 quantum

434 1436 551 1522 cupitis
574 1456 634 1499 nos
658 1436 691 1498 in
714 1433 833 1499 vestris
860 1438 893 1497 ct
919 1433 1110 1498 monasterii
1131 1434 1232 1497 vestri
1260 1431 1536 1518 oportunitatibus
1564 1432 1760 1498 favorabiles
1788 1440 1822 1499 et
1852 1435 2015 1521 propitios
2040 1435 2092 1498 in-

433 1539 558 1604 venire.
600 1537 645 1603 Ut
668 1544 778 1603 autem
801 1559 840 1601 eo
864 1537 1045 1623 promptius
1069 1541 1102 1601 et
1125 1535 1272 1600 securius
1296 1534 1384 1621 quod
1406 1536 1548 1621 petimus
1562 1535 1738 1621 impleatis,
1763 1557 1826 1620 quo
1844 1536 1884 1601 de
1899 1536 2090 1624 indempni-

434 1647 502 1706 tate
531 1648 641 1706 vestra
669 1648 703 1706 et
733 1639 881 1705 eiusdem
911 1639 1102 1704 monasterii
1131 1639 1259 1704 fueritis
1294 1660 1355 1724 per
1385 1639 1571 1704 cautionem
1599 1639 1811 1726 apostolicam
1840 1641 2015 1707 certiores:
2032 1642 2092 1707 ·ad

434 1744 686 1830 persolvendam
708 1745 742 1808 in
765 1744 903 1809 termino
927 1744 982 1829 qui
1005 1743 1131 1807 adhoc
1154 1743 1300 1829 prefixus
1323 1742 1420 1807 fuerit
1443 1742 1533 1805 illam
1560 1741 1702 1828 pecunie
1731 1744 1962 1826 quantitatem,
1993 1766 2093 1831 quam

434 1849 526 1913 fratri
555 1847 703 1936 predicto
730 1847 879 1912 eiusdem
908 1847 1050 1910 ecclesie
1078 1845 1226 1910 Romane
1264 1846 1394 1911 nomine
1425 1867 1484 1932 pro
1513 1845 1713 1910 necessitate
1745 1845 1900 1912 iamdicta
1929 1847 2093 1913 duxeritis

435 1950 664 2032 muniendam,
698 1949 836 2015 eandem
861 1949 1036 2014 ecclesiam
1060 1948 1100 2012 de
1123 1949 1258 2012 fratrum
1286 1954 1472 2013 nostrorum
1501 1949 1639 2013 consilio
1669 1970 1730 2034 per
1758 1957 1931 2036 presentes
1961 1952 2093 2017 litteras

435 2055 628 2140 obligamus.

544 2174 622 2239 Dat.
645 2174 799 2239 Lateran.
822 2172 909 2237 VIII
931 2171 1011 2236 Idus
1034 2172 1212 2239 Novembr.
1235 2194 1321 2239 anno
1345 2173 1459 2241 XIIII.

542 2294 580 2358 In
604 2295 746 2359 eundem
768 2292 902 2358 modum

541 2399 581 2463 In
605 2398 743 2464 eundem
769 2396 901 2461 modum
924 2447 957 2463 ..

543 2501 583 2565 Iu
605 2501 747 2567 eundem
769 2500 900 2565 modum

542 2605 581 2670 In
605 2604 745 2670 eundem
768 2604 901 2669 modum
925 2654 957 2670 ..

542 2709 582 2773 In
607 2707 747 2774 eundem
768 2707 901 2772 modum
925 2757 955 2775 ..

544 2812 584 2876 In
607 2812 748 2876 eundem
770 2811 903 2877 modum
927 2861 960 2877 ..

543 2916 584 2979 Iu
606 2914 747 2981 eundem
769 2914 902 2979 modum
926 2963 955 2979 ..

438 3019 597 3084 lianensis
619 3019 791 3086 diocesisl.

542 3122 582 3186 In
606 3121 748 3187 eundem
770 3119 903 3186 modum
927 3171 961 3188 ..

542 3225 582 3290 In
606 3228 746 3293 eundem
769 3225 901 3292 modum
923 3273 956 3291 ..

544 3329 584 3393 In
606 3328 748 3394 eundem
771 3330 902 3395 modum
926 3379 960 3397 ..

543 3434 583 3498 In
606 3433 747 3500 eundem
769 3434 902 3499 modum
925 3485 959 3501 ..

438 3537 550 3602 nensis
573 3536 763 3602 diocesisss.

543 3640 583 3705 In
606 3640 746 3707 eundern
769 3639 901 3705 modum

541 3744 581 3808 Iu
605 3743 746 3809 eundem
768 3743 900 3809 modum
924 3793 958 3810 ..

543 3849 584 3913 Iu
606 3848 748 3914 eundem
771 3849 902 3914 modum
927 3898 960 3916 ..

456 4005 462 4014 .
544 3952 583 4016 Iu
606 3951 748 4018 eundem
771 3952 904 4018 modum
928 4001 961 4018 ..

542 4056 582 4120 In
606 4054 745 4149 eundem
768 4056 902 4121 modum
925 4103 958 4120 ..

544 4159 584 4223 In
606 4158 748 4224 eundem
770 4158 903 4224 modum
928 4207 959 4224 ..

542 4263 584 4327 In
606 4262 746 4328 eundem
769 4264 901 4329 modum
924 4311 957 4330 ..

543 4365 583 4429 In
605 4364 745 4430 eundern
768 4367 900 4431 modum
925 4411 957 4432 ..

926 2341 960 2358 ..
984 2292 1117 2357 abbati¹
1147 2300 1180 2358 et
1204 2296 1379 2360 conventui
1402 2295 1515 2359 Sancti
1536 2294 1679 2359 Dionisii
1710 2295 1907 2361 Parisiensie
1938 2298 2096 2366 diocesis.

981 2396 1093 2461 abbati
1116 2398 1229 2462 Sancti
1252 2397 1406 2462 Germani
1430 2397 1471 2462 de
1495 2399 1601 2463 Pratis
1624 2398 1853 2467 Parisiensis².

925 2549 932 2564 .
950 2551 957 2567 .
981 2499 1093 2564 abbati
1117 2505 1150 2564 et
1172 2501 1348 2565 conventui
1366 2500 1477 2565 Sancti
1493 2500 1628 2565 Martini
1651 2501 1692 2566 de
1709 2501 1841 2590 Campis
1857 2505 2093 2571 Parisiensis³.

981 2603 1090 2668 abbati
1114 2611 1147 2668 et
1170 2593 1346 2668 couventui
1369 2603 1409 2669 de
1432 2605 1572 2670 Fossato
1596 2605 1793 2670 Parisiensis
1816 2606 1992 2674 diocesis‘.

979 2706 1090 2771 abbati
1114 2713 1147 2772 et
1170 2709 1346 2773 conventui
1371 2708 1490 2774 Sancte
1514 2708 1674 2774 Oolumbe
1692 2709 1891 2776 Senoncnsis
1915 2711 2062 2778 diocesis
2073 2715 2096 2780 ⁵.

984 2810 1095 2875 abbati
1118 2817 1151 2876 et
1174 2812 1350 2876 conventui
1373 2810 1414 2877 de
1436 2811 1596 2876 Ferrariis
1621 2813 1821 2879 Senoncnsis
1845 2815 1989 2881 diocesis
1999 2818 2023 2884 ⁰.

979 2913 1091 2978 abbati
1114 2920 1147 2978 et
1170 2916 1345 2980 conventui
1369 2915 1480 2980 Sancti
1502 2915 1675 2982 Benedicti
1698 2939 1796 3005 super
1818 2918 1968 3003 Ligerim
1984 2919 2096 2987 Aure·

984 3120 1096 3186 abbati
1119 3128 1153 3186 et
1177 3121 1353 3186 conventui
1376 3121 1537 3187 Latiniaei
1560 3122 1741 3189 Meldensis
1765 3123 1938 3190 diedesisi

980 3226 1114 3291 abbati⁹
1137 3232 1171 3290 et
1194 3227 1369 3291 conventui
1393 3225 1505 3291 Sancti
1529 3226 1673 3313 Remigii
1697 3228 1882 3294 Remensis.

984 3328 1094 3393 abbati
1105 3328 1134 3367 ¹⁰
1157 3327 1191 3392 et
1213 3329 1387 3393 conventui
1411 3328 1524 3394 Sancti
1545 3329 1695 3396 Medardi
1719 3330 1979 3397 Suessionensis.

983 3432 1095 3498 abbati
1126 3439 1161 3498 et
1188 3433 1364 3498 conventui
1389 3432 1501 3498 Sancti
1523 3434 1615 3499 Petri
1645 3434 1687 3500 de
1712 3433 1915 3522 Compendio
1941 3435 2098 3502 Suessio-

926 3687 959 3704 ..
982 3639 1135 3704 abbati¹²
1157 3645 1191 3704 ct
1213 3641 1389 3705 conventui
1413 3639 1523 3704 Sancti
1545 3640 1636 3705 Petri
1660 3639 1883 3706 Oarnotensis.

981 3743 1093 3808 abbati
1116 3749 1150 3806 et
1173 3743 1349 3808 couventui
1372 3743 1683 3810 Premonstratensi.

983 3847 1133 3913 abbati¹³
1155 3854 1190 3913 et
1213 3849 1388 3913 conventui
1412 3847 1524 3912 Sancti
1546 3845 1685 3911 Auberti
1711 3846 1972 3914 Cameracensis.

984 3952 1095 4016 abbati
1109 3953 1136 3993 ¹⁴
1159 3959 1193 4016 et
1216 3953 1391 4017 couventui
1415 3951 1528 4016 Sancti
1551 3950 1653 4036 Eligii
1676 3951 1919 4018 Noviomensis.

982 4054 1093 4120 abbati
1117 4060 1150 4120 et
1174 4057 1347 4121 conventui
1366 4055 1478 4119 Sancti
1490 4054 1637 4118 Richerii
1649 4054 1883 4121 Ambianensis
1899 4056 2047 4122 diocesia
2060 4061 2097 4126 ¹⁵.

982 4157 1094 4223 abbati
1105 4157 1134 4200 ¹⁸
1156 4165 1189 4222 et
1213 4159 1386 4223 conventui
1408 4156 1449 4222 de
1474 4156 1630 4221 Corberia
1656 4156 1889 4224 Ambiauensis
1912 4158 2069 4226 diocesis.

981 4262 1093 4327 abbati
1116 4270 1150 4328 et
1173 4262 1345 4328 conventui
1368 4262 1410 4326 de
1432 4261 1542 4326 Becco
1565 4262 1843 4347 Rothomagensis
1867 4261 2011 4326 diocesis
2026 4263 2065 4330 Π.

980 4365 1093 4430 abbati
1116 4373 1150 4431 et
1171 4366 1345 4431 conventui
1368 4364 1409 4430 de
1434 4363 1577 4431 Caritate
1591 4367 1627 4433 ¹⁸.

2146 2650 2171 2688 tt)

2150 3165 2172 3203 25

2143 4199 2166 4238 ³5

545 4468 584 4531 In
607 4468 748 4533 eundem
770 4471 903 4534 modum
927 4517 960 4536 ..
984 4468 1096 4533 abbati
1118 4476 1151 4534 et
1174 4468 1348 4534 conventui
1371 4467 1413 4532 de
1435 4467 1543 4532 Domo
1566 4466 1681 4533 Dei¹⁹.

532 4691 556 4757 l⁸)
574 4691 628 4744 Sed
643 4694 721 4744 cerba
737 4695 770 4744 cd
787 4694 939 4746 solvendum
957 4719 990 4728 -
1008 4695 1153 4762 obligantes
1169 4694 1198 4744 ira
1217 4692 1359 4744 maenam
1377 4693 1485 4744 addace
1501 4711 1555 4744 aon
1568 4699 1686 4759 poseant,
1703 4709 1761 4743 crem
1776 4693 1853 4760 infra
1870 4703 2019 4758 sepiantur.

545 4844 571 4912 1)
591 4843 685 4898 Ottorri
703 4844 757 4900 IV.
852 4844 878 4912 2)
898 4844 1012 4899 Simoni.
1109 4845 1136 4912 3)
1156 4843 1309 4898 Secundam
1328 4842 1401 4899 Gall.
1422 4844 1521 4899 etrier.
1539 4847 1559 4898 t.
1583 4847 1649 4912 VII,
1676 4843 1727 4898 ecl.
1746 4849 1799 4898 515
1817 4844 1963 4913 prioratus
1987 4845 2097 4899 ordinis
2147 4872 2173 4908 ω

441 4929 630 4986 cluniacensia
648 4931 749 4986 ibidem
766 4931 868 4998 emittit,
889 4933 936 4985 cui
953 4931 1103 4986 Ewardua
1124 4933 1189 4984 tuac
1211 4931 1340 5000 temporis
1361 4934 1500 5000 praeerat.
1604 4931 1632 4998 4)
1651 4930 1746 4999 Prope
1760 4930 1918 4983 Metroaom
1935 4947 1954 4983 a
1973 4931 2099 4987 Parisiis

436 5017 475 5072 ad
492 5017 631 5071 meridiem
649 5023 674 5072 et
691 5019 833 5086 orientem
851 5017 939 5072 abbae
950 5018 1093 5072 Nicotaus.
1163 5019 1190 5085 ὃ)
1209 5019 1296 5072 Iacto
1313 5019 1363 5072 cio.
1375 5017 1569 5082 Senonerraem;
1588 5015 1675 5070 abbae
1688 5015 1838 5070 Hearicuc.
1907 5019 1935 5084 ti)
1953 5017 2097 5073 Ferriires

435 5119 525 5173 prope
543 5105 592 5158 cto.
612 5103 786 5176 Montarpim
804 5107 892 5160 obbas
908 5103 1073 5159 Willrelmua
1145 5105 1174 5173 7)
1194 5104 1302 5176 Flearp
1322 5122 1409 5174 supra
1421 5105 1614 5171 Aurelianum·
1632 5101 1719 5157 abbas
1731 5102 1877 5156 Iohannes.
1949 5103 1977 5170 8)
1994 5103 2096 5175 Lapap

439 5190 476 5244 ad
494 5190 665 5256 Matonem,
684 5191 757 5260 quod
776 5191 924 5245 secandam
945 5190 1017 5245 Gau.
1038 5191 1135 5245 Christ.
1155 5194 1174 5246 t.
1190 5193 1253 5257 VII,
1271 5192 1320 5246 eol.
1339 5195 1395 5246 490
1416 5192 1454 5247 cd
1471 5191 1600 5246 diocesim
1618 5189 1805 5244 Pariaieaaem
1820 5188 1991 5258 perunctam
2009 5191 2097 5244 abbas

445 5275 612 5332 Wilbelnraa.
698 5279 725 5344 9)
745 5277 837 5332 Petro.
934 5277 977 5346 10)
996 5276 1152 5346 Rapinaldo
1170 5277 1214 5332 II.
1304 5279 1347 5346 11)
1366 5278 1520 5334 Secundam
1539 5275 1611 5332 Gall.
1632 5275 1733 5330 Christ.
1750 5278 1768 5330 t.
1789 5277 1840 5342 IX,
1858 5274 1906 5328 col.
1924 5278 1982 5328 435
2002 5291 2097 5329 raeae-
2148 5298 2174 5338 45

438 5360 726 5417 amensecundic
743 5363 898 5418 dedicatum
915 5366 987 5427 erat·
1004 5362 1248 5434 abbasRadulsas
1266 5369 1374 5420 c.1240
1391 5372 1515 5420 mortam
1533 5368 1581 5419 eet.
1653 5364 1696 5431 12)
1713 5361 1817 5418 Gilcm.
1887 5361 1931 5430 13)
1948 5361 2097 5418 Wiltelmo.

441 5449 484 5516 14)
508 5447 637 5502 lieberto.
734 5450 777 5516 15)
801 5449 850 5502 Ea
872 5449 976 5503 oriente
998 5449 1048 5503 cio.
1072 5451 1224 5518 Abbaeitle3
1251 5451 1339 5504 abbas
1362 5451 1510 5506 Walteras.
1602 5452 1645 5518 16)
1670 5449 1787 5520 Hapoai
1804 5450 1845 5502 II.
1943 5448 1986 5515 l'l)
2005 5449 2031 5502 A
2047 5449 2098 5502 cic.

440 5533 638 5602 Rctcmoperrsi
655 5533 693 5587 ad
709 5534 847 5592 meridien
864 5538 890 5589 et
908 5533 1085 5598 occidentem·
1106 5536 1192 5590 abbas
1211 5538 1357 5592 Hearicas.
1462 5537 1506 5604 18)
1526 5535 1677 5590 Ueritatem
1699 5537 1730 5588 ia
1748 5533 1902 5588 Bisa-atina
1920 5533 1989 5588 dioc.
2009 5553 2028 5588 a
2045 5535 2099 5590 cic.

442 5618 544 5674 Vesoul
561 5620 599 5672 od
618 5620 757 5674 meridiem
775 5627 800 5675 et
818 5622 982 5675 occidentem
1000 5624 1083 5676 sitam
1099 5623 1212 5677 inanem
1229 5622 1351 5686 videtum
1372 5623 1459 5676 abbas
1477 5622 1623 5676 Amadeas.
1719 5621 1761 5688 19)
1779 5621 1816 5674 Ia
1833 5619 1904 5672 dioc.
1924 5620 2101 5676 Biturieeasi

435 5721 526 5775 prope
544 5705 593 5758 cic.
613 5705 653 5760 St.
673 5707 809 5766 amared:
828 5707 915 5761 abbas
930 5708 1037 5764 Petrus.
2153 5732 2179 5771 ao
