4448 6420
964 388 1012 442 EX
1030 388 1186 444 Homolen
1204 389 1244 444 111
1263 389 1443 446 REGISTRO

1163 724 1250 798 231.

490 834 679 930 Honorius
701 864 769 930 ΙΙΙ
785 885 875 946 papo
896 864 1008 950 [Petro
1031 865 1152 949 Ziano]
1181 865 1254 930 duci
1279 869 1308 929 et
1333 865 1447 946 populo
1480 863 1658 929 Venetorum
1686 866 1791 930 mrtem
1817 866 1854 930 de
1885 867 2034 949 colloquio

378 995 447 1040 curn
467 973 654 1053 imperatore
675 969 780 1034 habito
802 969 917 1046 scribit,
941 987 1049 1048 eosque
1070 968 1113 1032 ad
1134 987 1314 1032 succursum
1339 968 1454 1032 Terrae
1476 967 1611 1034 Sanctae
1633 968 1785 1034 bortateu.

1746 1075 1839 1152 1223,
1862 1074 1948 1141 Mai.

484 1161 558 1216 Hoa.
577 1162 632 1214 ΙΙΙ
645 1159 713 1229 Rip.
732 1160 795 1214 lab.
819 1158 882 1224 VII,
901 1163 961 1214 179.

684 1373 831 1447 Nobili
857 1373 951 1445 viro
981 1427 989 1446 .
1019 1428 1027 1445 .
1056 1372 1160 1445 duci
1188 1376 1230 1446 et
1257 1372 1423 1463 populo
1450 1371 1736 1446 Venetorum.

490 1522 640 1588 Dextera
668 1521 800 1586 Domini
828 1526 890 1584 eto.
920 1541 1040 1604 usque:
1075 1520 1259 1603 accingant.
1311 1519 1393 1584 Cum
1428 1521 1529 1606 igitur
1560 1526 1705 1584 vestrum
1739 1523 1772 1585 in
1806 1523 1868 1587 hoe
1902 1524 2035 1608 negotio

383 1631 473 1690 tanto
497 1626 601 1690 maius
625 1631 775 1711 speretur
797 1623 970 1714 auxilium,
994 1629 1114 1714 quanto
1138 1623 1297 1688 Dominus
1321 1625 1478 1689 maiorem
1501 1625 1596 1688 vobis
1620 1625 1757 1689 contulit
1779 1626 1981 1706 facultatem,
2005 1633 2037 1691 et

382 1751 441 1793 nos
469 1728 677 1793 devotionem
706 1734 849 1792 vestram
880 1725 921 1790 ad
950 1726 982 1790 id
1020 1749 1058 1791 eo
1086 1726 1265 1790 fiducialius
1295 1729 1492 1809 excitemus,
1528 1751 1590 1814 quo
1619 1731 1724 1815 ipsam
1754 1752 1884 1817 semper
1913 1732 1947 1794 in
1976 1730 2036 1795 hoc

382 1833 567 1897 invenimus
597 1832 801 1919 proniorem,
835 1831 1083 1894 universitatem
1115 1838 1259 1895 vestram
1288 1852 1456 1916 rogamus,
1491 1854 1660 1898 monemus
1696 1841 1729 1897 et
1760 1834 1970 1900 obsecramus
2004 1835 2036 1898 in

382 1935 514 2000 domino
543 1935 620 2000 Iesu
651 1934 799 2015 Christo,
830 1934 983 2020 quatinus
1015 1933 1056 1997 ad
1089 1956 1277 1999 succursum
1305 1935 1409 2021 ipsius
1438 1942 1524 2001 terre
1555 1943 1621 2000 tarn
1656 1937 1690 2000 in
1719 1938 1849 2022 navigio
1878 1960 1975 2024 quam
2004 1938 2036 2002 in

383 2041 458 2105 aliis
486 2060 544 2104 vos
574 2038 683 2103 taliter
709 2038 908 2124 preparetis,
936 2037 1022 2122 quod
1053 2060 1125 2102 cum
1157 2039 1315 2103 terminus
1346 2040 1491 2125 passagii
1522 2039 1728 2125 supradictus
1758 2040 1944 2122 advenerit,
1979 2063 2037 2105 ex-

384 2144 532 2222 fortium,
572 2141 657 2227 quod
693 2148 778 2206 terre
813 2146 924 2205 vestre
959 2139 1216 2226 magnitudinem
1250 2141 1381 2224 deceat,
1422 2144 1584 2208 exercitui
1621 2142 1806 2209 Christiano
1849 2144 2037 2231 impendere

384 2247 533 2326 valeatis,
556 2267 616 2331 per
636 2244 699 2309 hoc
715 2244 788 2309 Deo
812 2251 845 2309 et
867 2243 1054 2308 hominibus
1078 2245 1240 2329 placituri.
1285 2245 1331 2310 Ut
1354 2253 1465 2311 autem
1489 2248 1546 2311 alii
1569 2246 1609 2311 ad
1632 2247 1665 2310 id
1688 2254 1798 2312 vestro
1822 2255 2039 2334 provocentur

384 2351 536 2436 exemplo
560 2355 593 2414 et
615 2369 675 2413 nos
698 2349 761 2435 ipsi
783 2346 824 2412 de
845 2354 955 2412 vestra
977 2348 1151 2413 devotione
1172 2349 1323 2430 letemur,
1346 2356 1530 2436 promptum
1551 2358 1660 2415 vestre
1685 2352 1863 2422 voluntatis
1886 2352 2039 2416 affectum

384 2455 478 2520 nobis
500 2474 559 2541 per
580 2460 707 2518 vestras
730 2453 857 2518 litteras
880 2451 1064 2517 declaretis.

491 2576 531 2641 In
554 2574 693 2640 eundem
716 2572 846 2638 modum
871 2620 878 2636 .
903 2622 910 2637 .
934 2575 1089 2660 potestati
1114 2581 1147 2639 et
1170 2577 1290 2662 populo
1313 2574 1478 2642 Ianuensi.

492 2695 532 2760 In
556 2693 695 2760 eundem
719 2693 850 2758 modum
873 2693 1032 2758 militibus
1056 2700 1089 2758 et
1111 2696 1231 2781 populo
1255 2695 1385 2761 Pisano.

495 2817 534 2880 In
558 2813 699 2880 eundem
722 2812 852 2878 modum
876 2864 883 2877 .
908 2861 916 2875 .
939 2814 1095 2899 potestati
1119 2821 1152 2879 et
1175 2817 1296 2902 populo
1319 2814 1537 2881 Anconitano.

1009 3127 1420 3136 ψ-

1176 3423 1261 3497 232.

497 3534 685 3630 Honorius
707 3565 775 3629 ΙΙΙ
786 3585 878 3645 papa
899 3564 1063 3629 Friderr'co
1086 3563 1301 3628 Romanorum
1322 3563 1504 3643 imperatori
1526 3563 1734 3644 conqueritur,
1766 3563 1849 3645 quari
1872 3565 2042 3646 &munao

388 3676 417 3736 et
444 3673 628 3737 Aversunae
654 3669 789 3733 ecclesus
819 3669 885 3748 r'pse
914 3669 1076 3748 procidere
1100 3672 1301 3748 praesumat,
1337 3672 1365 3732 et
1393 3668 1422 3732 si
1450 3667 1532 3730 otios
1560 3666 1604 3730 ad
1632 3667 1754 3732 easdem
1783 3669 1926 3733 ecclesias
1953 3669 2042 3732 curia
2090 3690 2161 3732 ρο

388 3775 534 3840 Menona
557 3773 676 3849 minat,
708 3771 762 3834 bos
784 3790 815 3836 se
837 3772 971 3851 recipne
993 3771 1075 3835 nolte
1096 3770 1317 3847 declaraverit,
1350 3770 1443 3834 cerba
1465 3771 1685 3835 contumeliosa
1703 3773 1932 3851 pernuntiari
1952 3791 2043 3835 suum

388 3879 537 3944 adiciens.
581 3876 640 3940 Ins
661 3895 752 3940 snum
778 3875 814 3938 in
841 3875 984 3939 ecclesias
1005 3876 1094 3956 repni
1117 3873 1246 3940 Siciliae
1268 3879 1428 3950 nutriorat,
1459 3873 1677 3955 hortaturque,
1703 3877 1739 3938 ut
1767 3876 1893 3939 sanine
1916 3875 2044 3939 consitio

388 3977 687 4062 usus'aspcritatcm
707 3977 870 4042 uubanus
890 3977 1032 4060 crepando
1054 3980 1207 4042 removeat
1227 3980 1256 4040 et
1277 3977 1312 4040 in
1334 3978 1482 4041 nuntium
1504 3973 1663 4062 refundat.
1688 4065 1774 4128 1223
1804 4064 1830 4128 Ι
1903 4067 1948 4130 27

1774 4113 1782 4142 ,
1826 4083 1881 4128 rin.
1949 4117 1957 4132 .

492 4182 783 4252 HonIIIReplrilr.
803 4185 938 4247 VII,194.
974 4183 1095 4237 Edimus
1113 4184 1185 4236 tanc
1204 4183 1345 4252 epistolam
1363 4199 1397 4236 en
1410 4181 1586 4252 Euandria.
1605 4183 1665 4236 eccl.
1684 4199 1710 4236 a.
1730 4187 1810 4247 1223,
1828 4185 2042 4255 §15-19[R]‚
2091 4193 2171 4238 εῖν

389 4278 538 4328 correctum
563 4278 652 4326 tamen
675 4277 700 4325 et
726 4270 880 4340 suppletam
902 4286 937 4322 ec
963 4268 1081 4323 editione
1106 4286 1152 4339 op.
1179 4267 1489 4330 Huiltard-Bre'toltea,
1520 4267 1594 4322 Hist.
1620 4269 1687 4338 dipl.
1714 4269 1809 4323 Fridu
1838 4269 1885 4334 ΙΙ,
1915 4277 1977 4324 tom.
2000 4270 2044 4339 ΙΙ,

386 4377 417 4429 p.
437 4363 500 4423 384,
519 4359 568 4427 qui
581 4363 693 4427 praeter
711 4357 761 4410 Fr.
781 4356 875 4420 Habn,
897 4355 961 4410 Oell.
980 4358 1005 4424 I,
1025 4360 1077 4410 321
1096 4357 1177 4410 etium
1194 4371 1266 4410 usus
1284 4356 1325 4408 est
1342 4354 1401 4408 cod.
1419 4353 1510 4408 Paria
1531 4357 1614 4407 8604.

494 4446 630 4508 Patitort,
649 4443 717 4512 Rea.
737 4447 818 4497 7043.

474 4655 721 4744 Friderico,
747 4655 920 4728 illustri
946 4655 1247 4730 Romanorum
1275 4654 1530 4747 imperatori
1556 4675 1729 4746 semper
1755 4654 1958 4748 Augusto

1044 4780 1087 4849 et
1114 4777 1205 4868 regi
1233 4775 1389 4849 Sicilie.
2095 4801 2141 4844 a»

499 4926 697 4992 Venientem
729 4924 770 4990 ad
799 4925 999 5011 presentiam
1027 4932 1171 4990 nostram
1200 4925 1355 4990 dilectum
1385 4925 1488 4988 lilium
1518 4924 1556 4989 L.
1590 4922 1731 4988 iudicem
1754 4923 1935 4989 Barensem
1967 4945 2043 4988 con-

392 5039 487 5098 sueta
508 5031 711 5117 benignitate
734 5030 934 5115 recepimus,
966 5036 999 5094 et
1027 5051 1066 5094 ea
1095 5051 1157 5115 quo
1186 5030 1281 5094 nobis
1311 5051 1353 5094 ex
1383 5034 1475 5114 parte
1508 5034 1564 5092 tua
1592 5027 1702 5093 dicere
1730 5027 1835 5091 voluit
1861 5025 2043 5091 audivimus

351 5129 352 5133 ¹
392 5135 578 5221 diligenter.
622 5134 671 5200 Eo
701 5140 811 5199 autem
839 5133 1027 5198 nominante
1055 5132 1211 5218 quasdam
1241 5133 1276 5196 in
1304 5133 1473 5219 presentia
1504 5138 1615 5195 nostra
1641 5151 1815 5216 personas,
1845 5129 1887 5195 de
1911 5150 2044 5215 quarum

392 5238 556 5324 aliquibus
572 5237 728 5324 Capuane
751 5259 790 5302 ac
805 5235 974 5302 Aversane
990 5237 1126 5322 petebat
1142 5237 1291 5300 ecclesiis
1315 5234 1490 5322 provideri,
1513 5256 1582 5315 nos,
1606 5255 1679 5298 eum
1692 5239 1828 5320 proptor
1843 5231 2042 5318 quorundam

391 5342 528 5407 fratrum
550 5347 735 5405 nostrorum
759 5341 941 5405 absentiam
965 5360 1064 5426 super
1085 5338 1148 5403 hoo
1171 5337 1355 5403 deliberare
1379 5339 1521 5402 finaliter
1544 5358 1609 5401 non
1632 5358 1818 5422 possemus,
1842 5335 1981 5400 lecimus
2003 5333 2042 5399 ad
2086 5351 2106 5389 ³⁶

391 5453 425 5511 te
447 5443 641 5511 deferendas
664 5445 736 5509 fieri
758 5445 901 5524 litteras,
935 5443 1048 5528 quales
1071 5449 1149 5507 tuno
1173 5442 1315 5507 vidimus
1338 5441 1516 5508 faciendas.
1563 5439 1628 5505 Sed
1652 5439 1757 5505 dictus
1782 5438 1885 5503 iudex
1908 5440 1982 5503 illas
2004 5435 2043 5501 ad

392 5555 425 5614 te
448 5548 577 5613 deterre
599 5569 769 5630 recusans,
800 5547 998 5613 audientiam
1025 5569 1045 5611 a
1076 5548 1171 5612 nobis
1195 5553 1228 5612 et
1255 5546 1411 5612 fratribus
1440 5545 1562 5611 nostris
1591 5543 1654 5608 sibi
1682 5543 1753 5608 dari
1780 5543 1891 5629 petiit;
1924 5565 1989 5629 qua
2014 5541 2042 5606 ai

393 5653 535 5738 benigne
559 5672 732 5735 concessa,
755 5651 856 5716 verba
878 5651 1017 5738 quedam
1040 5652 1211 5737 proposuit
1232 5671 1253 5716 a
1275 5656 1308 5715 ta
1331 5649 1407 5730 sibi,
1440 5657 1537 5738 prout
1559 5647 1704 5728 dicebat,
1737 5646 1902 5730 iniuncta,
1925 5647 1960 5711 in
1982 5664 2040 5732 que
