4494 6426
425 401 466 464 88
1016 397 1064 451 nx
1082 395 1238 452 nouoan
1257 396 1296 450 111
1314 395 1494 451 anorsrao

425 577 571 655 nostras,
606 570 692 657 quod
724 576 758 638 et
787 571 852 657 ipsi
879 570 1030 656 diligenti
1061 569 1273 636 meditatione
1305 575 1525 634 tractaverant
1555 589 1629 633 cum
1659 568 1857 636 subdiacono
1889 576 2077 652 memorato,

425 674 559 742 tandem
585 675 754 752 Perusini,
782 674 920 755 Alisini,
951 674 1170 758 Fuliginatcs,
1202 671 1376 752 Nucerini,
1414 678 1447 736 et
1476 671 1741 759 Iterampnenses
1769 674 1862 738 iuxta
1888 673 2077 740 inundatum

427 787 574 868 nostrum
596 779 812 858 munitionen,
843 785 967 857 castra,
990 778 1128 861 regalia,
1147 775 1238 841 ¹sicut
1261 796 1474 862 enumquam
1499 776 1613 841 habuit
1636 783 1669 841 ct
1691 777 1839 863 possedit
1862 778 1969 863 aliquo
1993 784 2076 842 tem-

426 905 505 970 pore
534 884 620 949 bone
648 883 806 947 memorie
835 880 903 945 dux
927 879 1111 958 Conradus,
1144 881 1177 944 in
1200 880 1321 944 nostris
1344 881 1493 945 manibus
1516 880 1622 945 libere
1644 882 1860 964 resignarunt.
1907 880 2077 968 Spoletani

427 992 536 1051 autem
560 1006 659 1072 super
681 985 755 1065 hiis,
780 1005 842 1069 que
867 983 907 1048 dc
923 982 1071 1048 Ducatus
1095 982 1246 1047 demanio
1270 990 1383 1047 tenere
1407 982 1568 1062 dicuntur,
1591 984 1701 1048 taliter
1717 983 1966 1070 responderunt,
1990 983 2077 1069 quod

426 1090 488 1154 hoc
512 1090 699 1154 nullatenus
722 1089 776 1153 ina
805 1089 856 1152 sui
879 1087 959 1150 iuris
983 1086 1164 1172 prciudicio
1188 1087 1411 1171 resignabunt,
1435 1088 1576 1152 maxime
1601 1110 1674 1152 cum
1698 1097 1811 1152 contra
1832 1109 1888 1153 eos
1915 1087 2079 1174 quondam

426 1193 494 1258 dux
519 1192 698 1271 Conradus,
723 1193 751 1257 si
775 1213 814 1256 ea
837 1191 984 1276 possedit
1006 1190 1195 1275 aliquando,
1219 1212 1391 1276 possessor
1413 1192 1560 1254 extiterit
1583 1192 1760 1266 violentus;
1785 1192 1847 1256 hoc
1870 1198 1979 1256 tamen
2002 1212 2079 1277 pro-

426 1295 605 1362 miserunt¹'
632 1296 784 1373 firmiter,
815 1294 900 1380 quod
925 1315 960 1358 se
985 1295 1017 1357 in
1040 1294 1129 1358 nullo
1152 1302 1264 1358 nostro
1288 1295 1402 1358 nuntio
1427 1296 1478 1359 vel
1502 1296 1620 1358 rectori
1645 1301 1891 1381 opponerent0,
1922 1295 1978 1379 qui
2001 1316 2078 1381 pos-

428 1400 609 1464 sessionem
641 1419 748 1463 rerum
784 1398 928 1484 ipsarum
958 1404 1070 1460 nostra
1101 1396 1205 1461 fretus
1236 1398 1430 1462 auctoritate
1454 1398 1601 1461 intraret.
1646 1397 1719 1462 Hoc
1743 1404 1852 1462 autem
1876 1398 2013 1462 articulo
2037 1397 2079 1461 ad

426 1503 582 1567 honorem
603 1500 750 1565 Romane
775 1501 917 1565 ecclesie
940 1521 978 1564 ac
1000 1507 1147 1564 nostrum
1170 1521 1297 1564 necnon
1321 1507 1355 1565 ct
1377 1501 1477 1565 totius
1502 1499 1668 1578 Ducatus,
1691 1507 1788 1587 prout
1812 1499 1940 1580 decuit,
1973 1483 2076 1586 expe-

427 1605 511 1686 dito,
534 1604 575 1670 ad
598 1625 713 1691 pacem
737 1610 770 1668 ct
793 1605 1063 1688 tranquillitatem
1086 1605 1231 1689 ipsorum
1255 1603 1405 1689 diligenti
1429 1604 1647 1669 sollicitudine
1671 1625 1708 1668 ac
1737 1603 1877 1668 sollicita
1906 1603 2080 1689 diligentia

427 1708 648 1791 intendentes,
671 1730 691 1772 a
713 1707 911 1787 Tudertinis,
933 1707 1176 1791 Fuliginatibus
1201 1713 1234 1772 et
1257 1706 1560 1792 Iterampnensibus
1583 1729 1641 1793 pro
1662 1729 1697 1772 sc
1720 1729 1758 1771 ao
1781 1706 1986 1771 adiutoribus
2010 1706 2079 1770 suis

429 1833 486 1876 ore
509 1811 640 1897 proprio
665 1832 730 1874 non
753 1811 823 1875 sine
847 1812 976 1874 cautela
999 1810 1148 1874 osculum
1170 1811 1261 1895 pacis
1285 1811 1471 1894 accepimus
1488 1809 1529 1873 ad
1551 1811 1693 1875 invicem
1716 1811 1839 1875 firmius
1863 1809 2080 1888 observande,

427 1914 545 2000 quibus
570 1915 603 1978 in
625 1914 795 2000 presentia
816 1914 951 1978 fratrum
973 1921 1158 1977 nostrorum
1182 1920 1214 1976 et
1237 1912 1277 1975 de
1301 1913 1446 1998 ipsorum
1471 1913 1607 1977 consilio
1630 1915 1755 1978 firmam
1778 1934 1893 1999 pacem
1909 1912 1950 1977 de
1968 1919 2078 1978 cetero

427 2018 503 2082 hinc
529 2016 605 2083 inde
630 2017 851 2082 iniuncximus
875 2017 1129 2091 observandam3
1157 2023 1190 2080 et
1213 2017 1260 2080 sic
1282 2015 1447 2080 Ducatum
1471 2022 1504 2080 ct
1528 2017 1637 2080 omnia
1660 2017 1734 2099 alia,
1758 2017 1842 2081 sicut
1865 2037 1905 2082 ca
1927 2014 2078 2103 possedit

428 2129 461 2186 et
491 2121 605 2186 habuit
637 2121 799 2206 quondam
829 2121 896 2185 dux
927 2119 1112 2200 Conradus,
1148 2119 1188 2183 ad
1217 2119 1452 2205 proprietatem
1479 2115 1514 2184 et
1542 2120 1730 2184 domanium
1760 2119 1908 2186 Romane
1935 2121 2078 2186 ecclesie

427 2224 633 2306 reducentes,
657 2226 709 2288 ius
732 2246 827 2289 suum
850 2224 1046 2309 unicuique,
1070 2242 1144 2287 cum
1167 2224 1258 2287 locus
1282 2229 1315 2287 et
1337 2229 1467 2309 tempus
1490 2223 1590 2289 luerit
1612 2224 1820 2311 proponendi¹
1839 2245 1949 2288 coram
1971 2225 2079 2298 nobis,

428 2327 582 2393 duximus
604 2328 849 2393 reservandum.
899 2326 1061 2402 Quocirca
1083 2326 1287 2390 universitati
1311 2330 1420 2389 vestre
1443 2346 1504 2411 per
1529 2327 1711 2413 apostolica
1734 2328 1856 2413 scripta
1885 2326 1946 2392 sub
1969 2325 2081 2392 debito

426 2431 594 2497 fidelitatis
625 2438 658 2496 et
689 2451 776 2516 pena
806 2431 897 2495 mille
927 2431 1083 2495 librarum
1107 2429 1254 2493 districte
1277 2429 1495 2513 iniungimus,
1528 2431 1679 2515 quatinus
1704 2430 1890 2518 supradicta
1913 2431 2023 2495 omnia
2046 2437 2081 2494 ct

425 2556 485 2600 vos
508 2536 572 2621 ipsi
594 2535 731 2600 firmiter
753 2535 937 2599 observetis
961 2543 994 2599 ct
1017 2535 1058 2598 ab
1081 2534 1154 2598 aliis
1177 2540 1286 2597 vestre
1311 2531 1425 2596 ditioni
1449 2534 1617 2610 subiectis,
1641 2542 1797 2620 quantum
1812 2535 1845 2598 in
1860 2534 1954 2598 vobis
1968 2534 2079 2614 fuerit,
2131 2549 2143 2585 '2

426 2637 558 2702 faciatis
582 2638 719 2703 firmiter
743 2638 920 2702 observari.
1595 2643 1596 2648 ’

533 2757 609 2824 Dat.
632 2757 719 2845 apud
741 2758 1024 2840 Urbemveterem,
1047 2758 1078 2824 V
1102 2758 1180 2822 Idus
1203 2758 1289 2840 Iulii,
1314 2758 1521 2844 pontificatus
1545 2759 1648 2823 nostri
1672 2779 1756 2823 anno
1780 2764 1905 2844 quarto.

536 2877 699 2944 Potestati
723 2885 756 2945 et
779 2881 900 2967 populo
926 2878 1104 2965 spoletano
1129 2881 1285 2965 scriptum
1309 2879 1415 2943 estin
1440 2879 1580 2945 eundem
1603 2878 1744 2944 modum.

534 2997 574 3062 In
597 2999 738 3066 eundem
760 3000 891 3066 modum
913 3000 1065 3066 omnibus
1088 3022 1148 3086 per
1169 2998 1323 3064 Tusciam
1347 3006 1381 3063 ct
1403 2996 1556 3065 ducatum
1580 3000 1794 3087 Spoletanum
1818 3000 2014 3068 constitutis.

1047 3243 1165 3250 -,.......-
1172 3245 1456 3252 .—......-.-—-.—-...·

1208 3469 1291 3543 123.

533 3577 734 3671 Fridericus
756 3606 968 3673 Romanorum
992 3631 1049 3673 rex
1071 3609 1213 3674 Honorio
1236 3610 1302 3675 HI
1316 3631 1420 3690 pupae
1442 3630 1474 3674 se
1496 3611 1673 3675 caramancio
1694 3610 1810 3687 scribit,
1832 3609 1971 3691 qualiter
1992 3607 2080 3689 apud

425 3707 664 3790 Fraudensord,
697 3709 854 3775 discordia
885 3713 968 3776 inter
998 3712 1195 3797 [sifridum]
1225 3713 1453 3794 Mogontiacum
1487 3715 1750 3795 archiepiscopum
1782 3717 1811 3777 et
1842 3711 2080 3797 [Ludowicum]

426 3812 638 3895 luutpruvium
662 3812 856 3897 liturinpiue
877 3817 1048 3897 ingruente,
1065 3816 1228 3896 principes
1246 3816 1371 3897 imperii
1392 3837 1431 3880 ere
1452 3816 1611 3896 insperato
1630 3818 1734 3898 felium
1755 3835 1846 3880 suurn
1868 3814 2080 3899 [Hauricum]
2163 3847 2167 3854 ·

425 3915 461 3978 in
483 3936 583 3998 rupem
597 3914 815 3980 &manorum
838 3918 985 3998 elegerint
1007 3918 1051 3982 ad
1071 3919 1219 3982 rrroiorem
1234 3920 1431 3983 securitatem
1452 3920 1594 3999 imperii;
1610 3924 1742 4001 prepter
1762 3919 1816 3983 hoc
1838 3939 1870 3983 se
1891 3919 2079 3998 disposuisse

430 4016 644 4102 C[onradum]
673 4019 847 4100 episcopum
873 4019 1045 4084 Metensem
1079 4019 1123 4083 od
1150 4041 1218 4083 cum
1251 4021 1385 4098 mittere,
1418 4022 1473 4101 qui
1502 4022 1635 4102 quodum
1668 4024 1817 4106 tanguore
1845 4023 2079 4102 superueniente

425 4119 580 4200 dumisque
605 4120 764 4186 distulerit
789 4123 849 4187 iter
875 4143 975 4188 suum.
1019 4123 1134 4206 Rogat,
1160 4144 1200 4188 ne
1230 4123 1267 4187 de
1289 4125 1404 4188 animm
1425 4125 1550 4205 imperii
1578 4129 1607 4189 ct
1633 4127 1723 4209 repni
1752 4126 1893 4206 aliquam
1919 4124 2079 4189 molestam

425 4222 626 4302 suspitionem
648 4229 762 4290 suniat.
807 4225 909 4289 Addit
929 4227 1036 4304 etiam,
1068 4227 1216 4306 quonrodo
1244 4228 1280 4290 in
1301 4227 1494 4308 erpeditione
1515 4248 1575 4292 sun
1595 4227 1695 4309 scierit
1715 4227 1911 4304 retardatus,
1942 4231 2007 4291 tom
2040 4248 2079 4290 cu

425 4324 556 4389 dissidio
590 4343 646 4390 suo
677 4346 747 4390 cnm
778 4327 926 4409 Epenone
960 4328 1065 4392 corre-ite
1098 4329 1135 4392 dc
1175 4329 1295 4408 Uruclr,
1326 4351 1474 4413 germano
1510 4330 1685 4415 C[onradi]
1717 4331 1851 4412 episcopi
1883 4329 2078 4407 Portuensis,

426 4428 611 4508 apostolicae
632 4428 714 4493 sedis
735 4430 843 4513 lopati,
872 4431 928 4512 qui
950 4431 1079 4496 eundem
1101 4454 1122 4496 o
1144 4438 1211 4497 uoto
1232 4434 1333 4499 erucis
1351 4433 1479 4514 penitus
1500 4433 1679 4512 absolverit,
1703 4455 1798 4516 quom
1817 4455 1857 4498 en
1878 4434 2081 4497 matrimonio

426 4531 546 4595 comitis
571 4531 763 4611 (lampuniam
785 4554 854 4599 oum
875 4535 972 4598 uulua
993 4534 1082 4599 ducis
1104 4535 1330 4620 Lottturinpiue
1352 4538 1442 4602 inito.
1736 4539 1829 4615 1220,
1851 4537 1915 4602 Iui.
1939 4541 1991 4600 13.

530 4650 605 4704 Hon.
624 4650 681 4704 ΙΙΙ
696 4651 765 4719 Rep.
789 4653 844 4708 Vct.
863 4653 925 4718 ΙΙΙ,
945 4657 969 4717 9,
987 4659 1038 4716 10,·
1055 4653 1118 4707 Lib.
1142 4654 1170 4718 V,
1190 4659 1234 4709 40.

528 4735 585 4790 Ed.
603 4753 620 4790 α
639 4737 835 4804 Winlretmann,
853 4740 914 4793 Aet.
933 4739 1002 4808 Imp.
1020 4739 1091 4794 ined.
1106 4757 1128 4810 p
1154 4745 1217 4808 156,
1234 4761 1262 4797 n.
1280 4747 1344 4797 180.

1045 4969 1455 4978 Ἢ

1210 5191 1293 5265 ted.

533 5298 721 5393 Honorius
743 5328 810 5394 III
824 5351 912 5410 papo
927 5329 1092 5414 [Pelopia]
1113 5331 1292 5396 Albunensi
1313 5333 1452 5412 episcopo
1474 5333 1590 5409 scribit,
1612 5337 1685 5414 quot
1706 5355 1843 5397 sunrrnus
1862 5334 2080 5413 pressurarum,

418 5451 480 5510 per
502 5451 579 5512 quos
600 5437 629 5496 et
652 5453 674 5495 a
696 5432 809 5512 quibus
831 5436 957 5497 exactos
979 5433 1007 5496 ei
1029 5432 1132 5497 rnittat
1150 5455 1211 5514 pro
1232 5453 1383 5499 succursu
1408 5434 1524 5500 Terrae
1547 5437 1691 5514 Sanctae,
1723 5440 1752 5499 ci
1773 5456 1844 5500 curn
1865 5435 2019 5516 hortatur,
2040 5459 2080 5502 ue

471 5693 478 5707 ·
531 5669 554 5740 ¹)
572 5673 720 5726 nullatenus
737 5675 806 5742 quod
823 5675 851 5726 in
877 5673 910 5727 B.
994 5673 1017 5740 b)
1035 5677 1150 5744 promisit
1166 5677 1206 5730 Re
1285 5677 1305 5744 ⁰)
1324 5677 1478 5748 opponeret
1495 5678 1526 5732 B.
