4604 6420
793 436 993 493 amsuchan
1010 436 1201 494 SELECTAE.
1237 437 1312 492 1233.

957 667 1141 742 Eisdem.

332 811 427 879 Fidei
449 819 560 880 vestre
584 820 646 880 eto.
669 835 788 900 usque:
819 815 976 898 inclinati,
999 817 1167 883 licentiam
1189 817 1400 883 reedificandi
1422 837 1551 884 roceam
1575 816 1720 905 Oircegii
1744 840 1880 907 preren-

225 916 307 982 tium
329 917 423 983 vobis
452 918 647 984 auctoritate
676 917 886 984 concedimus
915 920 1053 1006 eiusque
1082 919 1265 986 custodiam
1287 921 1437 987 Romane
1463 921 1605 988 ecclesie
1634 922 1766 988 nomine
1789 944 1879 989 com·

224 1021 384 1086 mittimus
400 1020 612 1103 confidenter,
634 1023 681 1087 ita
700 1028 812 1087 tamen
835 1022 921 1109 quod
942 1044 1003 1109 per
1023 1044 1096 1088 eam
1117 1023 1246 1089 iacietis
1266 1045 1418 1108 guerram
1440 1031 1475 1091 et
1496 1045 1611 1112 pacem
1633 1022 1676 1089 ad
1691 1023 1879 1092 mandatum

160 1151 172 1188 s
224 1123 329 1210 ipsius
353 1125 494 1190 ecclesie
516 1124 665 1190 Romane
688 1132 802 1191 contra
827 1147 941 1192 omnes
971 1126 1137 1204 homines,
1168 1127 1320 1212 quotiens
1349 1127 1479 1193 fueritis
1509 1127 1675 1214 requisiti,
1707 1133 1741 1192 et
1771 1126 1880 1194 cidem

224 1228 382 1310 ecclesie,
423 1228 529 1314 ipsam
563 1249 692 1294 roccam
724 1227 766 1294 ad
800 1250 915 1294 manus
955 1249 1032 1295 suas
1069 1230 1213 1295 retinere
1247 1231 1388 1312 volenti,
1428 1232 1500 1297 sine
1534 1229 1729 1297 difficultate
1768 1231 1879 1317 eliqua

224 1330 434 1416 resignabitis
458 1352 541 1413 eam,
564 1331 693 1417 quando
716 1330 816 1398 luerit
838 1331 933 1397 vobis
955 1333 997 1397 ab
1020 1332 1205 1418 apostolica
1228 1331 1306 1398 sede
1330 1331 1528 1400 mandatum.

330 1450 418 1517 Data
438 1457 476 1517 ut
498 1474 607 1540 supra.

844 1575 1256 1586 *m*—

186 1999 195 2012 ,
330 1911 521 2024 Greqorias
548 1935 604 2004 IX
625 1957 717 2018 papo
742 1935 974 2023 [Mamiliam]
1003 1939 1267 2022 arciepacopam
1298 1937 1553 2023 Rotoncoqensem
1578 1944 1608 2006 et
1634 1941 1877 2028 [Wittelmam]

27 2063 31 2072 ·
145 2064 169 2102 ιο
219 2047 394 2128 epascopam
415 2041 636 2107 Leaooicasem
656 2039 796 2106 indidere
817 2039 916 2120 tabet,
938 2060 977 2106 ae
999 2041 1043 2110 H.
1066 2043 1276 2109 macellarius
1297 2042 1485 2108 Baiocassis
1502 2064 1564 2126 pro
1585 2043 1700 2110 litteris
1721 2045 1875 2130 sigillatis

219 2149 400 2233 bysantium
422 2147 536 2230 csipat.
1543 2148 1637 2227 1233,
1659 2147 1734 2214 lac.
1759 2151 1788 2214 6.

323 2269 404 2338 (ἕως.
421 2266 471 2320 IX
488 2266 557 2336 mc.
580 2265 637 2321 Vol.
656 2267 716 2330 ΙΙΙ,
735 2267 784 2334 65,-
802 2265 866 2322 nio.
888 2265 939 2332 VI,
956 2271 1039 2323 255⁸.

340 2520 349 2540 .
379 2519 388 2539 .
417 2459 766 2554 Rothomagensi
792 2460 1134 2554 archiepiscopo
1161 2467 1203 2535 et
1230 2460 1440 2554 episcopo
1467 2461 1746 2538 Lexoviensi

214 2637 216 2642 ’
324 2611 378 2676 Ex
406 2615 500 2698 parte
529 2608 726 2674 venerabilis
757 2609 868 2674 fratris
898 2610 1002 2675 nostri
1024 2609 1217 2676 Baiocensis
1244 2610 1413 2698 episeopI¹
1440 2610 1503 2676 fuit
1531 2612 1735 2697 propositum
1763 2633 1873 2677 eoram

141 2745 165 2784 a
217 2718 324 2798 nobis,
349 2715 434 2801 quod
449 2713 493 2778 H.
509 2713 724 2778 cancellarius
741 2711 945 2794 Baiocensis,
969 2713 1024 2799 qui
1045 2712 1189 2799 sigillum
1211 2720 1303 2778 tenet
1325 2714 1439 2800 ipsius,
1462 2720 1560 2800 prout
1582 2713 1623 2779 ad
1647 2736 1683 2780 se
1705 2716 1873 2802 pertinere

216 2820 386 2909 proponit,
414 2837 473 2904 pro
496 2815 634 2902 singulis
666 2816 856 2902 patentibus
886 2815 1006 2881 litteris
1037 2816 1145 2901 sigillo
1170 2817 1303 2882 munitis
1328 2817 1444 2883 eodem
1472 2817 1651 2884 bizantium
1673 2840 1773 2884 unum
1795 2840 1872 2906 per-

215 2945 328 3012 peram
352 2923 487 3008 exigere
510 2939 576 2984 non
598 2925 746 3000 veretur,
778 2919 811 2983 in
840 2940 942 3003 grave
966 2919 1173 3006 dispendium
1197 2919 1382 2986 honestatis
1405 2921 1509 3008 ipsius
1532 2921 1678 3009 episcopi
1701 2929 1735 2988 et
1758 2922 1872 2987 salutis

216 3027 348 3115 propria
382 3023 625 3090 detrimentum.
681 3019 726 3085 Et
763 3021 842 3086 licet
885 3023 1012 3087 ratione
1048 3023 1245 3088 cancellarie
1284 3029 1509 3111 competentes
1550 3025 1615 3089 sint
1654 3025 1686 3090 ei
1724 3023 1872 3091 redditus

212 3123 385 3218 assignati,
407 3127 596 3192 necessaria
618 3131 730 3190 tamen
753 3126 794 3189 ab
817 3126 890 3210 ipso
913 3147 972 3213 pro
996 3147 1032 3191 se
1056 3147 1095 3190 ac
1118 3125 1221 3190 tribus
1245 3125 1430 3192 hominibus
1454 3134 1488 3193 et
1511 3134 1653 3212 quatuor
1675 3127 1870 3214 equitaturis

138 3258 165 3296 ac
216 3241 250 3299 et
284 3233 347 3299 duo
381 3232 474 3320 paria
502 3229 643 3294 vestium
678 3249 736 3315 pro
771 3229 844 3315 ipso
879 3234 913 3294 et
946 3230 1084 3315 singulis
1116 3229 1336 3316 predictorum
1369 3230 1536 3295 hominum
1569 3237 1683 3297 eontra
1713 3232 1872 3297 iustitiam

216 3339 320 3424 exigit
342 3335 519 3402 annuatim.
557 3330 654 3397 Unde
678 3331 847 3397 humiliter
868 3333 974 3419 petiit,
997 3340 1035 3397 nt
1058 3333 1198 3398 eundem
1221 3334 1454 3400 cancellarium
1479 3354 1610 3400 cessare
1633 3335 1674 3399 ab
1697 3335 1871 3401 exactione

215 3438 402 3506 huiusmodi
424 3435 669 3516 mandaremus,
699 3437 873 3522 presertim
897 3459 971 3501 curn
996 3438 1030 3500 in
1053 3437 1127 3502 aliis
1151 3435 1395 3502 cathedralibus
1418 3437 1570 3502 ecclesiis
1593 3437 1871 3524 Rothomagensis

214 3545 381 3632 provincie
413 3540 447 3606 id
476 3539 664 3606 cancellarii
694 3561 758 3604 non
788 3548 988 3627 presumant.
1034 3541 1196 3616 Quocirca
1223 3540 1432 3621 mandamus,
1462 3541 1615 3625 quatinus
1647 3540 1674 3604 si
1705 3540 1799 3605 vobis
1829 3540 1870 3605 de

214 3645 400 3714 huiusmodi
429 3644 565 3710 bizantii
589 3645 778 3710 extorsione
806 3645 1006 3720 constiterit,
1037 3644 1161 3709 dictum
1191 3644 1422 3709 cancellarium
1451 3643 1492 3708 ab
1520 3643 1693 3710 exactione
1722 3641 1871 3731 predicta

136 3774 161 3812 aa
214 3751 408 3817 auctoritate
431 3755 543 3813 nostra
566 3748 626 3812 sub
650 3749 831 3835 apostolica
853 3748 1060 3814 obedientiab
1083 3748 1312 3834 compescatis,
1335 3767 1436 3834 super
1457 3747 1532 3811 aliis
1554 3769 1632 3812 vero
1655 3748 1790 3828 vocatis,
1815 3748 1869 3832 qui

214 3854 335 3920 inerint
357 3851 527 3933 evocandi,
550 3857 584 3916 et
606 3851 726 3916 auditis
749 3859 811 3918 ete.
856 3853 975 3919 Testes
999 3859 1109 3918 autem
1133 3859 1195 3917 etc.

321 3975 410 4039 Data
431 3971 594 4058 Anagnia,
617 3972 702 4039 VIII
724 3972 803 4039 Idus
826 3974 981 4058 Ianuarii,
1005 3995 1089 4040 auno
1114 3980 1218 4040 sexto.

833 4218 1245 4227 Ἣ

992 4441 1079 4516 503.

321 4555 511 4666 Greporius
532 4579 588 4646 IX
609 4602 699 4663 papa
721 4579 961 4647 Hartmanam
990 4581 1127 4646 mariam
1156 4580 1194 4645 de
1221 4579 1345 4663 Kibcrq
1369 4584 1502 4662 propter
1530 4582 1598 4646 eius
1626 4581 1867 4647 sollicitudines

210 4687 393 4769 extirpandi
408 4686 601 4768 pravitatem
621 4683 809 4749 Modicam
830 4703 899 4748 mam
921 4683 1010 4748 bocia
1033 4683 1101 4747 sais
1122 4683 1179 4747 stab
1197 4685 1385 4764 protectione
1408 4702 1467 4749 aaa
1489 4684 1627 4765 sasmpit.

133 4800 159 4838 sc
828 4855 834 4866 ,
1535 4790 1629 4868 1233,
1651 4787 1727 4854 Ian.
1748 4789 1779 4852 8.

314 4853 1013 4926 mmmmmmmnm

504 5051 652 5125 Nobili
680 5049 775 5124 viro
803 5051 1076 5126 Hartmanno
1103 5049 1255 5124 comiti
1282 5051 1333 5124 de
1359 5049 1566 5124 Kiburch.

316 5203 409 5269 Solet
431 5223 577 5268 annuere
600 5208 663 5268 etc.
686 5221 808 5287 usque:
837 5199 1007 5287 impertiri.
1052 5199 1140 5264 Hinc
1163 5205 1231 5282 est,
1261 5199 1348 5285 quod
1371 5221 1432 5264 nos
1455 5195 1709 5264 solllcitudinem
1732 5203 1767 5263 et
1789 5195 1864 5262 dili-

208 5309 370 5394 gentiam,
400 5327 514 5392 quam,
539 5307 623 5371 siout
645 5325 689 5370 ex
711 5304 932 5370 insinuatione
954 5303 1097 5390 plurium
1120 5309 1233 5368 nostro
1256 5309 1309 5368 est
1331 5301 1530 5389 apostolatui
1553 5307 1753 5384 reseratum,
1776 5301 1865 5365 eirca

129 5627 154 5666 ³3
310 5603 333 5668 ¹)
351 5603 387 5652 ita
399 5601 579 5668 apographum
592 5609 721 5660 noctuam
732 5600 809 5662 male,
820 5601 854 5666 cs.
866 5618 892 5650 a.
907 5603 973 5658 604,-
985 5599 1055 5664 lepos
1066 5595 1127 5649 225.
1173 5595 1197 5664 b)
1215 5615 1250 5648 aa
1263 5597 1365 5650 sublato
1377 5599 1555 5666 appellationis
1568 5596 1701 5650 obstaculo
1713 5593 1866 5662 legendum?

313 5739 338 5800 l)
362 5736 488 5792 Thomas.

1588 5825 1655 5894 cl·
