4494 6426
694 326 894 382 EPISTOLAE
911 327 1100 384 SELECTAE.
1137 331 1212 385 1221.

354 565 583 644 Universis
609 571 778 645 Christi
805 571 1018 646 fidelibus
1044 577 1302 665 presentem
1329 578 1537 670 paginam

801 693 1091 784 inspecturis.

227 836 399 918 Quoniam,
421 845 458 904 ut
479 841 526 904 ait
541 842 719 927 apostolus,
744 849 806 908 ete.
829 861 952 927 usque:
975 842 1076 907 vitam
1093 848 1250 908 eternam.
1296 845 1378 909 Cum
1401 846 1502 932 igitur
1518 850 1658 914 ecelesia
1682 850 1771 914 beati
1820 817 1823 830 ,

119 938 269 1003 Meurioii
298 940 609 1028 lllagdeburgensis,
640 967 703 1032 que
733 945 900 1011 destructa
932 945 1083 1010 incendio
1112 946 1234 1028 fuerat,
1269 969 1355 1013 nunc
1384 950 1518 1035 egregia
1548 958 1711 1017 structura
1739 958 1772 1016 et

60 1091 72 1128 ,
123 1042 218 1108 valde
241 1052 434 1131 sumptuosa
461 1055 648 1134 consurgat,
681 1071 742 1115 nee
772 1049 842 1114 siue
870 1048 1015 1113 fidelium
1051 1049 1213 1115 adiutorio
1242 1051 1356 1138 perfici
1384 1053 1493 1118 valeat
1521 1059 1649 1118 tantum
1677 1075 1771 1140 opus,

120 1165 179 1210 nos
216 1147 365 1213 volentes
400 1149 563 1216 desiderio
598 1153 715 1238 premii
745 1151 860 1217 fideles
899 1150 941 1215 ad
971 1152 1221 1218 subventionem
1255 1159 1321 1218 tam
1361 1154 1408 1240 pii
1441 1156 1550 1241 operis
1583 1177 1771 1243 provocare,

119 1248 282 1315 universis
317 1251 440 1317 Christi
472 1253 639 1336 fidelibus,
684 1256 738 1341 qui
777 1255 818 1319 ad
851 1255 1024 1320 ecclesiam
1057 1255 1163 1341 ipsam
1201 1256 1235 1320 in
1270 1257 1513 1343 sollempnitate
1547 1259 1650 1346 ipsius
1683 1260 1772 1325 beati

120 1353 261 1416 martiris
290 1354 418 1421 devotis
447 1359 564 1423 animis
591 1359 787 1424 accedentes
816 1379 892 1422 suas
924 1357 1046 1423 ibidem
1077 1359 1285 1443 erogaverint
1314 1360 1529 1442 elemosinas,
1556 1362 1772 1448 quadraginta

120 1454 191 1520 dies
215 1455 256 1521 de
279 1457 432 1524 iniunctis
462 1461 523 1526 sibi
551 1462 742 1548 penitentiis
770 1461 810 1525 de
835 1461 1068 1547 omnipotentis
1091 1460 1155 1526 Dei
1178 1462 1404 1528 misericordia
1427 1471 1460 1528 et
1487 1465 1658 1530 beatorum
1680 1466 1772 1530 Petri

120 1565 154 1623 et
174 1558 280 1639 Pauli,
304 1565 526 1648 apostolorum
549 1567 631 1649 eius,
654 1567 849 1632 auctoritate
873 1567 986 1632 confisi
1009 1567 1265 1632 misericorditer
1286 1568 1484 1633 relaxamus.

227 1679 304 1745 Dat.
327 1683 482 1750 Lateran.
504 1685 539 1749 II
560 1686 635 1752 Kal.
658 1687 794 1775 Aprilis,
817 1687 1025 1774 pontificatus
1048 1688 1151 1752 nostri
1175 1709 1260 1753 anno
1283 1688 1406 1774 quinto.

906 2207 989 2279 171.

233 2313 422 2410 Honorias
449 2347 516 2412 111
539 2369 629 2429 popo
651 2349 816 2434 [Altaria]
843 2347 1071 2428 archiepiscopo
1092 2346 1357 2430 Mapdcbarqeasi
1382 2348 1490 2412 scribit
1515 2348 1552 2412 de
1574 2349 1775 2414 celebratione

118 2453 325 2518 dedicationis
346 2452 489 2517 eeclesiae
510 2457 636 2517 suadae
657 2452 788 2518 Mariae
809 2451 1101 2534 Mapdebarpeasis.
1414 2455 1508 2532 1221,
1530 2454 1611 2534 Apr.
1633 2456 1686 2518 27.

222 2589 297 2643 uon.
316 2591 372 2642 111
385 2590 450 2657 nep.
474 2587 530 2641 Va.
550 2591 608 2650 nr,
627 2593 683 2656 ne,
701 2592 761 2655 na·
778 2588 840 2646 La.
867 2589 896 2653 v,
916 2590 980 2641 aaa.

534 2875 544 2892 .
574 2875 583 2892 .
610 2817 985 2912 Magdeburgensi
1010 2817 1364 2909 archiepiscopo,

228 2968 352 3033 Dileeti
382 2968 441 3032 filii
471 3016 479 3030 .
511 3017 519 3030 .
548 2970 736 3055 prepositus
765 2975 799 3033 et
829 2974 1009 3032 conventus
1039 2967 1179 3032 ecclesie
1212 2972 1324 3032 sancte
1351 2966 1456 3032 Maria
1479 2966 1774 3053 Magdeburgensis

120 3075 216 3139 nobis
246 3072 415 3136 humiliter
448 3072 690 3158 supplicarunt,
725 3079 762 3136 ut
794 3093 867 3137 eum
906 3071 1086 3136 celebratio
1118 3069 1333 3134 dedicationis
1364 3071 1505 3136 ecclesie
1539 3093 1597 3136 sue
1628 3073 1776 3135 occurrat

121 3185 271 3262 tempore
295 3196 357 3260 quo
380 3175 415 3239 iu
438 3176 570 3240 civitate
594 3175 871 3261 Magdeburgensi
894 3175 1039 3240 nundine
1064 3174 1289 3255 celebrentur,
1318 3196 1356 3240 ae
1379 3181 1514 3262 propter
1534 3175 1597 3239 hoc
1620 3173 1775 3260 gravibus

121 3285 299 3344 onerentur
332 3279 505 3365 expensis,
540 3279 630 3344 illam
668 3280 702 3343 in
734 3280 834 3344 alium
869 3278 956 3344 diem
986 3276 1156 3343 transferri
1191 3276 1231 3342 de
1265 3283 1379 3342 nostra
1407 3277 1622 3365 permissione
1648 3278 1774 3342 liceret.

47 3417 63 3453 ρ,
121 3381 267 3465 Ideoque
300 3381 499 3445 fraternitati
532 3389 588 3447 tue
628 3404 687 3467 per
720 3384 901 3468 apostolica
934 3383 1055 3468 scripta
1086 3380 1298 3459 mandamus,
1335 3381 1487 3466 quatinus
1526 3382 1573 3446 eis
1608 3379 1775 3445 licentiam

121 3485 248 3550 tribuas
271 3484 480 3569 postulatam,
504 3486 532 3549 si
555 3484 677 3550 videris
700 3485 870 3572 expedire.

229 3603 306 3669 Dat.
329 3603 484 3671 Lateran.
506 3604 538 3669 V
560 3605 634 3672 Kal.
658 3605 748 3688 Maii,
771 3628 856 3671 anno
878 3607 1001 3693 quinto.

745 3867 1151 3874 —mm

840 4221 841 4224 Ὺ
907 4125 990 4198 rra.

232 4236 423 4331 Honorem
437 4265 606 4348 Illpapa
620 4265 855 4331 Beneventanis
875 4265 984 4331 scribit
1006 4286 1038 4331 se
1059 4268 1203 4342 statuere,
1226 4284 1265 4328 aa
1286 4263 1358 4345 quis
1379 4263 1416 4327 de
1437 4262 1559 4326 civiate
1581 4259 1652 4340 ipsa
1672 4258 1776 4339 danos

121 4370 256 4436 atterim
278 4371 412 4450 occupat,
437 4369 495 4433 aab
522 4389 624 4449 poeria
650 4370 879 4450 confiscationis
908 4369 1071 4446 bonoram,
1100 4388 1175 4432 aeae
1200 4367 1341 4432 collectae
1369 4367 1436 4430 nisi
1461 4366 1601 4442 restans,
1629 4361 1775 4438 iudicem,

47 4508 72 4543 25
124 4473 287 4539 masclam
309 4474 338 4535 et
359 4471 588 4536 mtcnoriaram
610 4475 704 4535 totius
719 4473 834 4552 papati
855 4491 1005 4537 consensa
1026 4471 1240 4552 imponantur.
1415 4472 1508 4545 1221,
1530 4467 1615 4532 Mai.
1638 4469 1690 4529 14.

227 4592 301 4646 non.
320 4591 378 4644 111
392 4590 461 4660 aeq.
484 4590 541 4644 Voz.
559 4589 621 4654 ΙΙΙ,
641 4594 705 4657 raa·
723 4590 786 4644 rat.
811 4591 840 4655 ν,
860 4594 922 4645 osa

227 4677 364 4744 nemaei,
382 4676 451 4746 nep.
472 4680 553 4731 oeae.

365 4889 611 4978 ludieibuS,
638 4890 906 4963 consulibus
938 4891 980 4961 et
1006 4886 1175 4981 populo
1203 4884 1534 4959 Beneventano.

234 5037 287 5102 Ad
309 5039 578 5125 tranquillitatem
600 5045 744 5103 vestram
775 5045 866 5104 tanto
897 5039 1087 5124 diligentius
1115 5034 1341 5116 intendentes,
1372 5038 1493 5120 quanto
1523 5031 1638 5096 civitas
1667 5037 1776 5094 vestra

46 5185 73 5220 ἃ,
126 5145 213 5208 iuter
235 5151 391 5222 eeteras³,
415 5163 478 5228 que
501 5143 581 5206 iuris
596 5141 687 5206 beati
701 5142 794 5207 Petri
810 5143 967 5218 existunt,
990 5141 1134 5206 noscitur
1149 5139 1343 5226 preminere,
1366 5135 1569 5224 presentium
1583 5133 1776 5198 auctoritate

124 5247 309 5326 statuimus,
332 5253 368 5310 ut
391 5247 418 5310 si
441 5246 497 5331 qui
519 5244 559 5310 de
576 5245 707 5311 civitate
729 5247 803 5333 ipse
823 5245 938 5310 domos
961 5245 1013 5310 vel
1035 5251 1139 5309 turres
1156 5243 1291 5308 alterius
1314 5241 1355 5307 do
1379 5247 1491 5305 cetero
1514 5259 1574 5324 per
1587 5236 1776 5302 violentiam

126 5349 268 5436 ceperit,
298 5349 361 5413 nisi
385 5370 441 5413 eas
464 5348 505 5412 ad
528 5349 717 5413 mandatum
740 5355 888 5414 nostrum
910 5349 963 5412 rel
985 5345 1151 5426 rectorisl,
1180 5347 1235 5432 qui
1264 5366 1323 5433 pro
1350 5352 1499 5430 tempore
1523 5342 1556 5405 in
1581 5341 1654 5428 ipsa
1679 5339 1777 5404 luerit

229 5509 536 5516 -n-a—-a--a--m—-n-—w-
702 5505 1374 5516 W&
1557 5501 1669 5508 *—

232 5611 254 5676 ¹)
273 5618 357 5661 cetera
375 5609 407 5659 B.
488 5609 511 5674 ὓ)
530 5619 640 5660 rectores
659 5609 691 5660 R.
