4590 6366
766 333 965 398 EPISTOLAE
983 335 1172 398 sntncutn.
1210 341 1286 398 1235.

986 642 1073 717 666.

308 750 499 863 Grcporias
529 779 584 846 IX
603 801 693 862 propa
721 780 922 867 [Iolanaac]
952 787 1124 851 comitissae
1154 787 1334 852 Flaadriac
1362 791 1391 850 ct
1419 785 1590 852 Hemoniae
1617 787 1753 853 6666666
1778 807 1854 870 quo-

200 883 337 948 rundam
357 885 527 961 novalium,
549 903 629 965 qaas
651 884 726 948 laici
748 887 980 966 orsurpaveriat,
1003 889 1138 953 ecclesiis
1160 887 1343 975 conserendi
1360 887 1548 974 facultatem
1570 890 1714 955 concedit.

1514 994 1607 1071 1235,
1630 993 1709 1057 Noa.
1735 995 1763 1058 5.

307 1071 387 1141 Grec.
406 1073 455 1126 IX
472 1071 539 1142 Ray.
564 1072 620 1126 Vol.
645 1072 675 1140 V,
695 1072 827 1139 86166.
847 1074 986 1138 116666.

606 1321 614 1339 .
644 1321 653 1339 .
681 1265 908 1340 comitisse
935 1267 1144 1341 Flandrie
1173 1271 1216 1340 et
1241 1267 1457 1342 Hanonie.

307 1413 367 1478 Pie
390 1414 510 1479 mentis
533 1414 686 1478 affectum
709 1415 806 1479 decet
828 1413 971 1500 benigno
995 1416 1107 1480 favore
1131 1436 1191 1480 nos
1215 1418 1388 1502 prosequi,
1412 1425 1445 1482 et
1468 1425 1504 1482 ut
1528 1418 1681 1483 effectum
1707 1419 1856 1486 obtineat

200 1524 407 1603 oportunum,
430 1517 620 1602 suffragium
636 1519 815 1604 impertire.
859 1518 912 1582 Ex
935 1525 1027 1604 parte
1051 1518 1212 1604 siquidem
1234 1526 1291 1583 666
1314 1520 1375 1584 fuit
1398 1522 1601 1608 propositum
1618 1543 1727 1586 coram
1750 1523 1855 1598 nobis,

202 1619 385 1704 quodcum
414 1619 534 1683 multas
562 1626 666 1683 terras
697 1619 820 1684 666666
844 1622 989 1685 vestinae
1014 1623 1191 1706 vulgariter
1217 1623 1416 1708 appellatas,
1449 1644 1513 1710 que
1544 1626 1630 1690 culte
1655 1631 1854 1710 attempero,

202 1724 294 1786 cuius
318 1744 382 1787 666
406 1729 499 1788 extat
521 1724 692 1802 memoria,
725 1745 791 1788 non
822 1723 971 1804 fuerunt,
1004 1745 1140 1810 quarum
1164 1725 1290 1809 aliquas
1322 1727 1516 1790 concessisti
1540 1728 1600 1792 666
1624 1749 1731 1792 66666
1755 1749 1857 1792 66666

202 1826 381 1890 cultoribus
404 1832 564 1912 perpetuo
594 1823 828 1912 possidendas,
862 1828 983 1892 milites
1007 1836 1040 1891 et
1071 1829 1181 1913 plures
1205 1829 1262 1892 alii
1290 1829 1365 1892 lsici
1394 1837 1481 1894 terre
1515 1837 1589 1912 tue,
1624 1854 1683 1918 pro
1706 1853 1745 1896 co
1769 1831 1855 1918 quod

201 1937 288 1995 terre
311 1931 381 2016 ipse
406 1931 590 1994 consistunt
612 1927 698 1992 infra
721 1931 878 1993 terminos
902 1931 1154 1996 tenimentorum
1179 1953 1331 2010 suorum,
1359 1933 1392 1996 in
1416 1933 1533 2016 quibus
1557 1934 1597 2000 de
1621 1936 1754 2020 antiqua
1777 1956 1855 1999 eon-

203 2033 392 2112 suetudine‚
415 2032 493 2096 licet
516 2053 581 2096 non
604 2032 645 2096 de
669 2033 758 2111 iure,
780 2034 967 2119 percipiunt
989 2036 1128 2100 maiores
1153 2034 1296 2099 decimas
1320 2042 1354 2099 et
1376 2035 1535 2100 hactenns
1558 2045 1791 2125 perceperunt,
1816 2038 1856 2102 66

70 2165 79 2188 ·
202 2137 297 2200 terris
322 2135 446 2200 eisdem
468 2135 510 2200 ad
533 2137 691 2200 culturam
715 2135 858 2201 redactis
882 2136 1027 2202 decimas
1051 2140 1189 2223 exigunt
1213 2146 1246 2202 et
1270 2143 1476 2224 extorquent,
1499 2139 1779 2205 dissimulantibus
1803 2143 1856 2205 vel

202 2238 422 2304 metuentibus
451 2240 502 2303 ius
536 2261 631 2303 suurn
664 2240 819 2324 prosequi
852 2241 1066 2305 ecelesiarum
1098 2241 1295 2321 rectoribus,
1330 2241 1372 2304 66
1402 2261 1483 2326 quos
1514 2242 1555 2307 de
1590 2244 1660 2308 iure
1693 2245 1856 2308 communi

138 2375 149 2410 r.
203 2351 383 2408 noscuntur
404 2342 548 2428 ipsorum
572 2343 736 2407 novalium
760 2342 886 2408 decime
910 2345 1088 2430 pertinere.
1132 2343 1228 2408 Unde
1252 2365 1271 2406 6
1294 2345 1388 2408 66616
1411 2344 1578 2410 humiliter
1600 2348 1791 2433 postulasti,
1820 2355 1858 2411 66

201 2468 274 2512 666
297 2446 465 2512 desideres
488 2449 576 2533 ipsas
599 2447 833 2512 ecclesiasticis
856 2449 970 2513 usibus
993 2450 1168 2536 applicari,
1198 2447 1387 2512 conferendi
1412 2470 1468 2513 ess
1492 2450 1651 2530 ecclesiis,
1675 2471 1749 2514 cunr
1773 2451 1856 2530 illas,

201 2552 284 2616 sicut
307 2548 449 2615 intendis
480 2556 513 2614 et
542 2549 722 2615 secundum
744 2552 854 2636 legem
878 2558 964 2617 terre
994 2553 1102 2616 facere
1126 2557 1238 2637 potes,
1268 2550 1308 2615 dc
1332 2551 1481 2615 manibus
1506 2553 1666 2638 eripueris
1689 2553 1856 2633 laicorum,

202 2656 411 2742 dignaremur
443 2654 503 2719 tibi
534 2653 714 2719 concedere
748 2654 946 2720 facultatem.
1002 2656 1070 2745 Nos
1097 2657 1214 2740 igitur,
1249 2655 1458 2720 attendentes
1486 2661 1578 2720 tuum
1610 2656 1643 2720 in
1674 2655 1734 2720 hac
1764 2663 1856 2741 perte

200 2760 401 2825 desiderium
435 2779 510 2823 6666
544 2759 650 2844 pium,
685 2756 853 2823 devotioni
887 2766 943 2823 tue
983 2759 1172 2824 facultatem
1206 2758 1408 2838 huiusmodi,
1444 2765 1576 2822 servata
1608 2765 1719 2824 tamen
1753 2759 1858 2822 16666

203 2863 360 2929 canonica
387 2868 420 2926 66
450 2860 562 2926 habito
593 2861 740 2947 episcopi
769 2860 935 2926 diocesani
968 2883 1147 2938 66666666,
1181 2860 1374 2925 6666666666
1407 2861 1608 2946 presentium
1640 2861 1857 2947 indulgemus.

202 2965 292 3030 Nulli
315 2987 394 3050 ergo
418 2972 479 3029 ete.
527 2963 634 3049 Siquis
658 2971 767 3028 autem
793 2973 855 3028 etc.

311 3085 387 3149 Dat.
410 3085 562 3164 viterbii,
585 3084 690 3150 Nonis
713 3085 872 3151 Novemb.
897 3108 981 3150 6666
1005 3107 1104 3150 nono.

988 3555 1075 3628 667.

310 3669 500 3780 Gregorius
522 3694 578 3762 IX
595 3717 682 3777 papa
704 3693 886 3782 [Waltcro]
907 3695 1060 3776 episcopo,
1091 3693 1208 3759 666666
1234 3699 1264 3758 61
1284 3692 1407 3758 matari
1431 3691 1622 3758 tornacensi
1644 3690 1790 3768 6666661,
1824 3695 1860 3756 61

202 3801 419 3887 [Iohannem]
440 3800 626 3866 comitissam
649 3799 828 3864 61666666
849 3802 879 3862 61
901 3797 1072 3862 Hemoniae
1094 3797 1138 3861 od
1159 3797 1401 3862 observationem
1422 3797 1623 3878 666-6666666
1646 3796 1755 3879 tegam,
1778 3815 1858 3876 qaas

140 3947 145 3960 -
202 3907 306 3970 miaor
327 3909 408 3969 6616
429 3903 592 3979 iuraverit,
615 3921 679 3966 666
702 3903 801 3966 terreri
822 3901 1016 3978 6666611661,
1038 3901 1068 3965 si
1089 3919 1143 3964 cas
1167 3901 1296 3981 iniquas
1318 3919 1382 3964 csse
1404 3900 1584 3964 constiterit.

1521 4003 1616 4080 1235,
1639 4000 1718 4066 Nou.
1742 4001 1772 4066 5.

237 4153 238 4160 ¹
306 4093 388 4159 Grep.
407 4090 456 4142 IX
473 4089 540 4158 Rco.
565 4089 620 4144 Vol.
642 4089 675 4156 V,
694 4092 748 4156 83,·
765 4089 829 4143 Lib.
848 4089 906 4154 IX,
924 4093 988 4143 276.

411 4340 419 4358 .
449 4340 457 4357 .
487 4284 720 4375 episcope,
750 4338 758 4355 .
789 4339 797 4357 .
827 4283 993 4356 decano
1022 4285 1064 4354 et
1092 4337 1100 4353 .
1131 4336 1139 4354 .
1168 4279 1342 4353 cantori
1368 4279 1651 4355 Tornacensi.

314 4432 397 4497 Cum
420 4431 599 4516 iniquitatis
621 4432 787 4495 vinculum
819 4453 892 4495 esse
916 4452 981 4494 non
1004 4429 1124 4494 debeat
1148 4429 1384 4508 iuramentum,
1416 4429 1533 4494 merito
1562 4430 1733 4516 providere
1757 4430 1858 4496 debe-

205 4557 292 4615 mus‚
326 4557 367 4600 ne
391 4535 452 4600 666
476 4534 548 4599 eins
570 4541 725 4619 pretextu
748 4533 918 4597 obtineant
940 4533 1055 4596 illicita
1077 4532 1274 4596 firmitatem.
1320 4531 1532 4616 Significante
1557 4533 1716 4618 siquidem
1740 4533 1861 4599 dilecta

204 4639 237 4702 in
254 4638 386 4703 Christo
409 4637 478 4701 iilia
500 4636 603 4701 nobili
625 4637 763 4702 muliere
786 4634 1391 4700 ..66616166661666666611666616
1415 4657 1474 4700 666
1497 4638 1657 4703 noveritis
1678 4638 1859 4724 accepisse,

205 4743 291 4828 quod
313 4748 472 4827 tempore,
496 4762 560 4825 quo
584 4741 757 4805 comitatus
773 4739 928 4804 Flandrie
952 4741 1102 4825 pervenit
1125 4738 1165 4802 ad
1188 4737 1326 4824 ipsam¹‚
1351 4737 1428 4802 dum
1452 4740 1586 4804 minoris
1610 4747 1701 4804 esset
1724 4740 1857 4820 etatis²‚

204 4845 245 4911 de
269 4843 483 4910 observandis
512 4851 599 4908 terre
632 4865 690 4908 sue
714 4863 753 4906 ac
783 4843 927 4907 maxime
950 4842 1152 4926 quarundam
1176 4843 1326 4906 villarum
1358 4842 1649 4910 consuetudinibus
1673 4849 1707 4908 ct
1728 4844 1858 4929 legibus

205 4951 388 5016 iuramento
419 4947 557 5034 prestito
593 4967 627 5010 se
658 4947 828 5026 astrinxit,
862 4945 955 5010 cuius
989 4946 1162 5010 occasione
1198 4946 1382 5030 burgenses
1413 4949 1446 5007 et
1475 4943 1624 5007 homines
1655 4942 1742 5009 dicte
1772 4952 1860 5008 terre

128 5078 153 5114 ,6
206 5052 313 5118 teneri
335 5050 448 5116 dieunt
471 5049 609 5115 eandam
633 5048 674 5114 ad
697 5049 963 5114 observationem
986 5055 1181 5113 statutorum
1204 5046 1426 5134 quorundam,
1451 5067 1514 5130 qne
1538 5053 1614 5111 sunt
1637 5047 1670 5110 in
1693 5068 1860 5112 enormem

206 5155 421 5221 ecclesiarum
443 5153 604 5218 lesionem
628 5159 662 5217 et
685 5152 867 5217 animarum
890 5150 1098 5238 dispendium
1122 5150 1323 5229 introducta,
1348 5148 1502 5214 videlicet
1523 5149 1564 5212 de
1587 5168 1652 5212 666
1676 5148 1858 5214 abiciendis

207 5259 306 5324 certis
334 5256 537 5342 temporibus
570 5257 687 5321 scortis
717 5263 751 5321 et
779 5255 974 5341 quibusdam
1010 5256 1085 5320 aliis
1117 5255 1241 5319 illicitis
1275 5254 1462 5318 nullatenus
1492 5250 1706 5336 corrigendis.
1765 5250 1860 5314 Unde

207 5362 373 5428 humiliter
407 5360 586 5447 postulavit
621 5381 641 5424 6
675 5360 786 5440 nobis,
821 5366 857 5424 ut
887 5381 929 5424 ne
964 5357 1125 5424 servando
1157 5357 1340 5444 predictum
1375 5357 1594 5420 iuramentum
1626 5353 1858 5420 detrimentum

687 5519 735 5524 -..-.-...
767 5519 786 5524 .-.
803 5518 859 5523 ---..
875 5519 895 5522 -
917 5519 935 5522 --
947 5517 1100 5524 Δ..--.---
1112 5512 1658 5522 ...-.---.-..-.---.-----.--.--

312 5621 336 5686 1)
354 5637 380 5672 6.
401 5623 480 5672 19116.
551 5619 577 5680 2)
599 5625 666 5672 6616
685 5624 724 5671 cst
743 5635 768 5671 a.
787 5622 866 5672 1190.

1601 5707 1650 5760 il*
