4524 6412
752 369 953 436 cristomn
971 369 1160 435 saoconna.
1197 369 1271 434 nat.
1773 374 1835 446 275

183 554 301 620 vestris
323 545 418 620 iustis
435 551 713 643 postulationibus
730 556 910 621 clementer
924 554 1106 636 annuimus,
1130 559 1163 620 et
1185 555 1348 641 prefatum
1366 555 1599 620 monasterinm
1622 554 1656 619 iu
1673 553 1837 636 Gaurode,

183 659 269 745 quod
291 659 325 722 in
348 657 448 723 tundo
470 657 560 723 beati
584 658 691 740 Petri,
722 679 819 744 quem
842 658 928 722 bone
952 657 1109 722 memorie
1135 655 1250 745 G[er0]
1281 658 1425 723 marchio
1449 679 1522 723 cum
1544 665 1614 724 tota
1635 658 1837 747 proprietate

185 785 245 829 sua
265 763 406 829 ecclesie
429 760 576 828 Romane
599 761 727 843 obtulit,
758 762 877 826 intuitu
898 762 1031 848 pietatis
1054 761 1200 826 noscitur
1223 783 1298 827 esse
1321 769 1554 845 constructum,
1583 764 1617 828 iu
1640 783 1704 848 quo
1727 761 1837 828 divino

186 868 265 932 estis
300 866 459 951 obsequio
491 866 695 954 mancipate,
732 865 774 930 ed
815 866 985 950 exemplar
1016 864 1121 930 felicis
1157 865 1391 930 recordatiouis
1432 865 1603 946 Iohannis,
1639 866 1761 932 Leonis
1804 871 1839 931 et

121 999 133 1036 a
186 971 370 1036 Innocentii
414 969 502 1035 tertii
540 969 811 1056 predecessorum
849 976 1033 1035 nostrorum
1071 969 1293 1035 Rornanorum
1331 970 1540 1056 pontificum,
1586 992 1660 1035 cum
1700 969 1838 1052 clericis,

184 1074 452 1140 ministerialibus
488 1081 522 1138 et
555 1074 705 1140 omnibus
742 1073 783 1138 ad
818 1073 905 1138 idem
938 1073 1171 1139 monasterium
1201 1073 1440 1159 pertinentibus
1470 1074 1530 1138 sub
1564 1074 1655 1139 beati
1682 1073 1772 1140 Petri
1806 1079 1840 1138 et

184 1184 298 1246 nostra
323 1178 528 1265 protectione
560 1177 755 1264 suscipimus
785 1184 819 1242 et
847 1177 1013 1262 presentis
1040 1177 1153 1262 scripti
1182 1177 1355 1263 privilegio
1379 1177 1632 1258 communimus,
1665 1178 1698 1242 in
1724 1177 1839 1264 primis

185 1279 346 1366 siquidem
370 1286 562 1360 statuentes,
584 1287 621 1344 ut
643 1279 721 1345 ordo
745 1281 933 1360 eanonicus,
957 1280 1012 1364 qui
1036 1280 1070 1343 in
1094 1279 1210 1344 eodem
1233 1280 1431 1346 monasterio
1456 1280 1635 1346 secundum
1657 1279 1766 1344 Deum
1788 1280 1838 1344 in-

186 1385 319 1449 stitutus
343 1404 418 1448 esse
441 1383 637 1464 dinoscitur,
668 1384 835 1469 perpetuis
865 1382 988 1448 ibidem
1018 1383 1220 1468 temporibus
1250 1382 1484 1448 inviolabiliter
1511 1383 1714 1449 observetur.
1758 1383 1839 1448 Pre-

110 1519 136 1556 ιο
187 1494 279 1552 terea
308 1507 528 1572 quascumque
558 1487 786 1572 possessiones
818 1494 880 1552 etc.
908 1507 1029 1572 usque:
1060 1486 1213 1572 adipisci,
1246 1486 1339 1550 firma
1369 1485 1462 1551 vobis
1493 1493 1526 1551 et
1555 1486 1619 1567 eis,
1655 1506 1718 1572 que
1747 1485 1840 1552 vobis

186 1590 415 1668 successerint,
438 1595 472 1654 et
494 1589 857 1675 illibatapermaneant.
902 1591 941 1654 In
957 1591 1075 1676 quibus
1099 1591 1160 1654 hec
1177 1597 1239 1654 etc.
1256 1611 1377 1675 usque:
1401 1589 1585 1654 vocabulis:
1610 1590 1717 1654 locum
1733 1589 1841 1674 ipsum

187 1701 250 1760 etc.
273 1714 392 1778 usque:
415 1693 655 1780 pertinentibus
680 1694 765 1768 suis;
786 1693 952 1759 sorensem
968 1694 1144 1759 eeclesiam
1166 1714 1239 1758 eum
1255 1694 1401 1780 capellis,
1425 1695 1657 1758 monasterium
1681 1693 1715 1756 in
1735 1692 1842 1756 Vrose

187 1818 260 1862 cum
282 1797 355 1882 ipsa
376 1796 456 1860 villa
479 1802 513 1860 et
537 1795 663 1860 duabus
686 1796 866 1881 parrochiis
889 1797 1006 1883 positis
1028 1797 1062 1860 in
1085 1796 1215 1877 eadem,
1243 1796 1402 1861 Alsleven
1431 1797 1589 1862 maiorem
1618 1802 1652 1860 et
1673 1796 1842 1871 minorem,

187 1900 347 1986 capellam
371 1921 444 1964 oum
465 1899 591 1964 duabus
615 1900 805 1985 parrochiis,
828 1899 957 1985 Egeleu
974 1921 1047 1964 eum
1068 1901 1195 1986 capella
1216 1899 1381 1965 abbatisse
1404 1908 1438 1964 et
1460 1901 1564 1965 tribus
1587 1901 1660 1964 aliis
1682 1898 1842 1978 ecclesiis,

111 2036 134 2073 n
161 2002 385 2068 ·Waleda1en
416 2023 489 2068 cum
523 2004 650 2088 capella
684 2003 853 2068 abbatisse
886 2011 919 2068 et
951 2003 1138 2089 parrochia,
1168 2002 1386 2067 Padeburnea
1418 2025 1491 2068 cum
1521 2003 1648 2068 duabus
1681 2002 1842 2081 ecclesiis,
1890 2001 1892 2006 ’

187 2104 425 2172 Hetebumsub
452 2127 526 2171 eum
557 2105 751 2192 parrochia,
786 2112 924 2190 quatuor
957 2107 1052 2171 villas
1086 2128 1148 2192 que
1182 2107 1389 2172 nominantur
1423 2107 1548 2192 Polege
1582 2127 1656 2172 cum
1689 2105 1843 2185 ecelesia,

186 2209 417 2275 Nachterstide
442 2230 515 2273 curn
539 2209 691 2290 ecclesia,
714 2210 828 2275 lesere
849 2231 922 2274 cum
944 2211 1099 2290 ecclesia,
1123 2210 1296 2276 Strentsen
1313 2231 1386 2275 eum
1403 2211 1554 2289 ecclesia,
1577 2209 1749 2295 Drogebul
1771 2228 1844 2273 cum

187 2313 338 2394 ecclesia,
362 2312 599 2398 Burgengerod
622 2320 656 2379 et
671 2313 934 2398 Helbelingerod
951 2336 1024 2379 cum
1040 2315 1190 2395 ecclesia,
1214 2315 1350 2395 Behem,
1367 2314 1578 2390 Wellebelre,
1602 2313 1844 2399 Gaiedendorp,

187 2416 385 2501 Baleburge,
408 2415 638 2503 Bennendorp,
660 2416 884 2500 Aneleburcb,
907 2417 1130 2483 Hakebnrnec
1153 2418 1270 2503 viginti
1286 2419 1429 2504 quinque
1446 2438 1588 2497 mansos,
1612 2416 1646 2480 in
1660 2416 1844 2481 Heurilres-

111 2553 117 2569 ·
190 2519 271 2606 dorp
295 2519 411 2603 viginti
440 2525 567 2605 septem
595 2541 744 2602 mansos,
774 2522 808 2585 in
836 2522 1002 2606 Plezegen
1031 2528 1159 2608 septem
1187 2542 1333 2602 mansos,
1367 2523 1401 2586 in
1429 2520 1643 2606 Alekendorp
1672 2520 1845 2586 duodecim

189 2643 337 2702 mansos,
366 2621 400 2686 in
423 2621 621 2687 occidentali
643 2623 771 2709 Egelen
794 2625 929 2710 triginta
951 2647 1100 2704 mansos,
1129 2625 1162 2688 in
1186 2623 1354 2710 Groninge
1377 2625 1512 2710 triginta
1539 2631 1606 2690 tres
1635 2644 1781 2704 mansos,
1812 2623 1846 2687 in

189 2725 398 2811 Blekendorp
433 2726 567 2809 triginta
595 2733 721 2812 septem
750 2749 882 2794 mansos
913 2751 986 2793 cum
1017 2729 1208 2816 parrochia,
1245 2730 1278 2793 in
1307 2728 1498 2814 Amendorp
1528 2733 1595 2793 tres
1626 2749 1775 2806 mansos,
1813 2725 1846 2790 in

189 2829 416 2915 Hergeastede
448 2836 481 2894 et
508 2830 542 2894 in
570 2829 812 2897 Westerhusen
843 2832 988 2899 sedecim
1023 2855 1171 2914 mansos,
1202 2834 1235 2898 in
1267 2833 1475 2919 Reinesdorp
1508 2832 1624 2898 decern
1654 2837 1689 2896 et
1720 2836 1847 2916 septam

189 2954 322 2998 mansos
345 2940 378 2998 et
400 2931 570 2997 dimidium
593 2955 667 2998 cunr
690 2935 771 3017 foro,
794 2943 829 3001 et
850 2937 967 3023 viginti
990 2945 1098 3003 curtes
1121 2939 1325 3024 pertinentes
1348 2936 1389 3002 ad
1412 2937 1519 3001 forum
1542 2956 1616 3000 cum
1639 2934 1790 3014 ecclesia,
1814 2933 1848 2996 in

191 3035 425 3122 Wallenadorp
448 3044 587 3123 quatuor
609 3059 759 3122 mansos,
791 3040 824 3104 iu
846 3041 1040 3128 hiolendorp
1065 3063 1126 3106 sex
1145 3062 1299 3122 mansos,
1332 3041 1365 3104 in
1389 3038 1544 3105 cumelez
1568 3038 1683 3104 decem
1705 3058 1848 3118 mansos,

191 3141 224 3204 in
239 3140 408 3225 Niendorp
433 3160 495 3204 sex
517 3161 660 3222 mansos,
683 3143 717 3206 iu
731 3141 943 3210 hamersleve
959 3145 1076 3231 viginti
1093 3145 1174 3209 duos
1193 3165 1325 3210 mansos
1342 3164 1416 3208 cum
1433 3143 1586 3223 ecclesia,
1610 3142 1643 3206 in
1660 3140 1847 3206 Stortewist

192 3251 265 3310 octo
287 3264 428 3325 mansos,
452 3243 485 3307 in
502 3242 631 3309 Strouiz
648 3246 764 3330 viginti
788 3247 868 3313 duos
885 3270 1028 3330 mansos,
1053 3250 1086 3313 in
1102 3248 1254 3333 Drosege
1275 3247 1435 3313 tredecim
1458 3267 1601 3327 mansos,
1625 3245 1659 3309 in
1676 3243 1849 3308 Kokstede

192 3348 274 3412 duos
297 3367 439 3425 mansos,
465 3347 498 3410 in
513 3346 655 3412 Padeleu
679 3349 760 3414 duos
783 3371 927 3432 mansos,
950 3353 983 3416 in
1000 3351 1098 3417 Sleve
1121 3351 1203 3417 duos
1226 3373 1368 3430 mansos,
1393 3333 1426 3414 in
1440 3348 1662 3416 Wederstede
1679 3347 1850 3411 dimidium

191 3471 351 3532 mansum,
374 3451 408 3513 in
423 3449 603 3536 Winninge
627 3451 709 3517 duos
731 3474 872 3535 mansos,
897 3455 930 3518 in
946 3454 1187 3522 Wicsederode
1211 3477 1328 3520 novem
1350 3475 1493 3532 mansos,
1517 3453 1551 3516 in
1566 3450 1849 3516 Haehermesleve

132 3583 134 3588 ¹
193 3554 308 3620 decem
335 3560 368 3619 et
397 3559 471 3618 octo
502 3575 652 3637 mansos,
682 3557 716 3621 in
744 3556 939 3624 Gatarsleve
969 3566 1036 3625 tres
1065 3583 1216 3640 mansos,
1247 3560 1279 3624 in
1302 3558 1503 3644 Wepesleve
1535 3562 1604 3620 tres
1632 3575 1782 3634 mansos,
1817 3553 1851 3617 in

193 3657 393 3743 Wedestorp
416 3678 516 3721 unum
539 3680 701 3739 mansum,
734 3662 768 3725 in
791 3661 938 3749 Daldorp
962 3685 1023 3728 sex
1044 3685 1193 3744 mansos,
1225 3665 1258 3727 in
1281 3659 1462 3727 Reinstede
1487 3681 1588 3724 unum
1611 3677 1775 3734 mansum,
1814 3655 1848 3719 in

193 3762 355 3849 Wippere
377 3783 475 3827 unum
499 3783 664 3845 mansum,
694 3766 727 3829 iu
750 3767 950 3832 Alvensleve
974 3766 1056 3832 duos
1079 3790 1228 3848 mansos,
1258 3767 1292 3831 in
1313 3763 1561 3829 Rodolvesburc
1592 3761 1674 3827 duos
1708 3779 1851 3838 mansos,

195 3865 228 3930 iu
251 3864 367 3930 Salten
389 3864 472 3930 duos
494 3887 642 3948 mansos,
666 3868 700 3932 in
721 3867 949 3935 Rotmersleve
972 3871 1088 3956 viginti
1111 3893 1258 3950 mansos,
1282 3871 1316 3934 in
1339 3866 1512 3934 Menstede
1535 3866 1617 3931 duos
1640 3885 1790 3944 mansos,
1814 3863 1848 3925 in

197 3968 359 4034 Scholene
387 3990 487 4034 unum
515 3992 680 4054 mansum,
712 3973 745 4037 in
767 3973 962 4040 Burdewieh
994 3974 1074 4039 duos
1102 3996 1253 4055 mansos,
1285 3975 1319 4038 in
1340 3972 1492 4038 Lerezhe
1522 3969 1605 4034 duos
1637 3988 1786 4046 mansos,
1819 3965 1853 4028 in

118 4123 136 4137 ..
195 4073 294 4139 Liere
309 4094 410 4137 uuum
425 4094 585 4156 mansum,
607 4075 641 4139 iu
658 4075 945 4162 Thederzingerod
962 4099 1060 4142 unum
1077 4098 1236 4159 mansum,
1253 4078 1286 4141 in
1299 4074 1596 4141 Weudelmesburc
1612 4071 1695 4136 duos
1710 4089 1853 4148 mansos,

196 4178 230 4242 in
253 4176 413 4264 Mandorp
443 4200 544 4243 nuum
572 4200 735 4258 mansum,
768 4180 802 4244 in
826 4178 963 4266 Cephen
988 4181 1069 4246 duos
1098 4202 1244 4261 mansos,
1274 4181 1307 4245 in
1329 4178 1478 4245 Alberod
1500 4198 1601 4242 unum
1625 4195 1789 4254 mansum,
1819 4172 1853 4235 in

196 4280 325 4346 Reidsn
341 4281 455 4348 decem
479 4289 512 4348 et
535 4289 662 4368 septem
680 4303 811 4348 mansos
834 4290 869 4349 et
890 4284 1027 4350 totidem
1051 4306 1155 4366 areas,
1179 4283 1351 4349 duodecim
1375 4304 1469 4348 creas
1493 4302 1566 4346 cum
1589 4299 1697 4346 annuo
1722 4275 1853 4343 redditu

198 4406 257 4450 sex
281 4383 458 4450 solidorum
482 4392 515 4450 et
536 4407 637 4450 unum
660 4387 845 4472 pomerium
873 4409 946 4452 cum
974 4387 1077 4453 tribus
1105 4387 1304 4452 nemoribus.
1351 4385 1437 4450 Sane
1470 4383 1635 4449 novalium
1657 4388 1853 4461 vestrorum,

198 4510 261 4574 que
284 4489 425 4575 propriis
449 4489 598 4554 manibus
621 4490 675 4554 vel
698 4491 882 4576 sumptibus
906 4492 1014 4556 colitis
1037 4499 1105 4556 tam
1128 4491 1168 4556 de
1191 4491 1289 4554 terris
1319 4488 1415 4553 cultis
1440 4509 1535 4573 quam
1566 4485 1698 4552 incultis
1722 4484 1791 4548 sive
1814 4482 1855 4547 de

197 4598 380 4657 vestrorum
403 4592 591 4657 animalium
612 4593 821 4658 nutrimentis
845 4594 898 4658 vol
921 4593 961 4658 de
989 4594 1079 4674 ortis,
1102 4594 1253 4678 virgultis
1277 4598 1310 4657 ot
1333 4591 1570 4677 piseationibus
1593 4589 1724 4668 vestris,
1747 4587 1856 4650 nullus

199 4695 328 4759 anobis
344 4694 489 4762 decimas
506 4697 640 4780 exigere
656 4695 711 4761 vel
727 4703 923 4782 extorquere
945 4703 1113 4783 presumat
1168 4695 1221 4759 Ad
1236 4695 1298 4760 hec
1314 4714 1417 4759 novas
1433 4700 1467 4758 et
1483 4692 1646 4758 indebitas
1665 4689 1856 4756 exactiones

198 4798 240 4862 ab
262 4798 534 4886 archiepiscopis,
567 4798 731 4887 episeopis
761 4806 795 4864 et
824 4799 898 4864 aliis
922 4800 1135 4865 ecclesiarum
1164 4799 1299 4886 prelatis
1322 4799 1355 4862 in
1378 4795 1496 4862 eadem
1519 4795 1662 4861 ecclesia
1683 4793 1755 4859 fieri
1780 4813 1856 4880 pro-

198 4901 361 4966 hibemns.
405 4901 632 4967 Predictorum
649 4909 759 4968 autem
775 4903 1045 4988 predecessorum
1062 4911 1247 4970 nostrorum
1263 4901 1411 4987 vestigiis
1428 4901 1628 4980 inherentes,
1644 4897 1857 4984 prohibemus

200 5026 329 5070 omnem
363 5005 538 5070 cuiuslibet
566 5007 707 5071 ecclesie
737 5007 941 5072 sacerdotem
970 5015 1081 5094 preter
1111 5007 1324 5093 apostolicam
1356 5004 1469 5070 sedem
1497 5003 1619 5067 habere
1652 5001 1794 5086 aliquam
1824 4999 1857 5062 iu

138 5149 149 5184 s,
203 5116 313 5174 restro
337 5109 535 5175 monasterio
559 5108 725 5176 ditionem.
770 5111 927 5175 Preterea
948 5111 1118 5176 beatorum
1141 5112 1364 5197 apostolorum
1378 5108 1469 5174 Petri
1494 5114 1526 5172 et
1541 5106 1635 5171 Pauli
1661 5103 1857 5169 auctoritate

207 5212 367 5292 iubemus,
390 5218 428 5277 ut
443 5214 552 5278 nullus
575 5235 645 5295 rex,
669 5213 746 5295 dux,
770 5213 924 5293 marchio,
949 5235 1059 5279 comes
1075 5214 1128 5278 vel
1144 5213 1209 5277 alia
1225 5213 1381 5277 secularis
1396 5231 1538 5299 persona
1553 5208 1719 5274 licentiam
1737 5205 1859 5271 habeat

201 5316 308 5402 ipsum
331 5316 566 5380 monasterium
587 5317 753 5403 aliquibus
777 5316 966 5382 hominibus
989 5318 1023 5382 in
1042 5316 1239 5382 beneficium
1261 5315 1349 5389 dare,
1373 5321 1409 5378 ut
1430 5314 1577 5400 prolecto
1602 5312 1695 5376 iuxta
1717 5309 1750 5374 id
1773 5307 1860 5394 quod

203 5418 386 5484 subiectum
409 5420 590 5507 apostolice
620 5420 692 5485 sedi
714 5421 877 5507 privilegii
907 5421 1060 5485 firmitate
1084 5420 1249 5501 consistit,
1278 5418 1472 5482 inconcusse
1495 5416 1633 5481 ditatum
1656 5419 1859 5503 permaneat,

308 5681 330 5746 ⁸)
350 5680 486 5731 l'adcbnn'r
504 5679 535 5729 n.
619 5679 645 5746 Ι·)
667 5681 800 5734 llctcburr'r
813 5679 843 5734 lt.
927 5677 947 5744 e)
966 5680 1108 5732 llalraburir
1122 5679 1152 5730 n.
