4494 6426
1003 380 1051 437 EX
1068 379 1225 438 Hononu
1243 379 1284 436 III
1303 375 1484 435 coemere

1204 682 1288 754 110.

527 797 716 890 Honorias
738 823 805 888 ΙΙΙ
816 843 906 904 papa
928 820 1067 884 chrice
1096 821 1163 903 rapi
1185 820 1315 886 Siciliae
1342 820 1512 902 sipnisicat,
1543 839 1575 884 sc
1603 820 1670 883 eins
1690 839 1861 900 personam
1889 822 1918 882 ct
1939 839 2070 901 rapnnm

415 929 473 994 snb
497 948 557 993 sna
573 927 762 1010 prenniano
784 927 948 1008 suscipere.
1690 926 1784 1001 1220,
1806 923 1908 987 Mart.
1931 925 1982 986 16.

519 1049 592 1103 Han.
610 1049 668 1103 HI
682 1049 752 1119 ch.
776 1047 831 1102 Vol.
850 1045 894 1110 ΙΙ,
914 1049 980 1111 172,·
997 1042 1060 1097 Lib.
1081 1044 1101 1096 I
1104 1043 1134 1108 V,
1154 1049 1218 1098 700.

895 1275 1085 1350 Ηο01100
1115 1275 1285 1349 illustri
1312 1274 1403 1367 regi
1430 1273 1591 1347 Sicilie.

521 1428 618 1492 Licet
646 1427 734 1490 omni
761 1432 909 1512 tempore
945 1433 978 1490 te
1016 1427 1100 1490 sicut
1137 1426 1339 1489 carissimum
1372 1423 1513 1488 ecclesie
1542 1422 1690 1487 Romane
1729 1421 1831 1485 lilium
1863 1427 1896 1486 et
1934 1420 2067 1486 fidelem

416 1532 596 1618 apostoliea
619 1531 757 1595 dextera
777 1535 952 1615 protegere
976 1551 1013 1594 ae
1035 1529 1207 1595 defensare
1230 1529 1380 1608 velimus,
1402 1527 1465 1590 hoe
1486 1533 1597 1590 tamen
1612 1531 1759 1611 tempore
1784 1525 1981 1609 specialiter,
2005 1545 2069 1610 quo

414 1635 607 1699 karissimus
640 1634 672 1696 in
697 1632 827 1696 Christe
855 1633 942 1697 filius
971 1641 1083 1696 nester
1105 1632 1141 1696 F.
1159 1633 1294 1697 illustris
1319 1653 1378 1695 rex
1400 1629 1512 1694 Sicilie
1539 1630 1573 1694 in
1595 1629 1816 1693 Romanorum
1839 1629 2070 1714 imperatorem

416 1739 557 1819 electus,
590 1737 720 1823 genitor
741 1743 833 1816 tuus,
866 1735 908 1800 ad
935 1734 1210 1800 transfretandum
1241 1734 1412 1819 magnifiee
1437 1755 1472 1796 00
1495 1733 1636 1816 accingit
1658 1753 1717 1817 010
1740 1731 1907 1795 dilatanda
1937 1731 2070 1796 ferente

416 1839 559 1904 Domino
582 1841 688 1925 gloria
709 1839 850 1903 nominis
867 1838 1057 1914 Christiani,
1080 1838 1375 1902 habundantierem
1396 1836 1437 1901 de
1460 1843 1492 1901 te
1516 1858 1626 1900 curem
1650 1857 1765 1920 gerere
1788 1857 1848 1900 uos
1871 1841 2011 1921 oportet,
2034 1841 2071 1899 ut

416 1942 503 2007 idem
526 1965 586 2008 rex
609 1964 648 2008 eo
671 1943 792 2028 ylarius
817 1949 850 2006 et
878 1943 1023 2007 securius
1053 1949 1268 2027 prosequatur
1302 1961 1394 2004 suum
1419 1940 1598 2024 gloriosum
1627 1946 1660 2003 et
1690 1938 1822 2003 salubre
1852 1939 2066 2025 propositum,

417 2067 480 2131 quo
505 2046 626 2111 sentiet
648 2051 681 2111 te
705 2045 877 2131 apostolici
897 2045 1019 2109 laveris
1042 2045 1247 2130 protectione
1270 2044 1440 2108 munitum.
1485 2043 1572 2106 Hinc
1590 2050 1650 2120 est,
1674 2041 1759 2126 quod
1783 2063 1958 2127 personam
1980 2049 2071 2106 tuam

416 2156 449 2214 et
474 2170 610 2234 regnum
634 2148 746 2213 Sicilie
775 2171 847 2213 eum
876 2148 1026 2212 omnibus
1057 2148 1181 2212 iuribus
1212 2146 1476 2233 etpertinentiis
1501 2145 2072 2210 00100000001111011101000110

414 2253 618 2339 protectione
648 2272 686 2316 ac
714 2251 905 2317 defensione
943 2251 1153 2337 suscipimus,
1192 2257 1225 2315 et
1258 2251 1421 2335 presentis
1456 2250 1568 2336 scripti
1603 2250 1783 2334 patrocinio
1821 2252 2071 2331 communimus,

416 2355 594 2419 districtius
616 2354 805 2420 inhibentes
829 2376 870 2419 ne
894 2354 966 2438 quis
989 2354 1120 2418 interim
1144 2375 1317 2439 personam
1341 2359 1431 2417 tuam
1453 2359 1509 2417 aut
1525 2374 1661 2437 regnum
1678 2359 1769 2416 tuum
1791 2374 1849 2418 seu
1873 2355 1982 2439 aliqua
1999 2355 2071 2418 iura

2122 1959 2144 1996 to

415 2465 471 2522 tua
493 2459 680 2537 molestare,
703 2459 862 2538 minuere,
885 2464 941 2520 aut
964 2456 1209 2542 quomodolibet
1231 2457 1422 2542 perturbare
1446 2462 1623 2542 presumat.
1668 2456 1757 2520 Nulli
1780 2477 1858 2542 ergo
1875 2463 1937 2522 ete.
1955 2465 2067 2521 nostre
2133 2484 2143 2520 s

415 2560 639 2648 protectionis,
662 2559 864 2625 detensionis
887 2581 925 2623 ae
949 2560 1151 2624 inhibitionis
1175 2560 1364 2646 infringere.
1409 2559 1445 2623 Si
1468 2561 1540 2645 quis
1564 2566 1672 2624 autem
1696 2566 1760 2625 etc.

524 2661 601 2728 Dat.
625 2663 777 2741 Viterbii,
800 2661 900 2727 XVII
922 2661 998 2728 Kal.
1022 2663 1126 2749 April.
1150 2663 1358 2749 pontificatus
1380 2664 1484 2728 nostri
1507 2685 1592 2728 anuo
1617 2671 1743 2749 quarto.

1204 3182 1288 3255 111.

525 3294 713 3387 Honorias
745 3321 811 3385 ΠΙ
838 3341 930 3402 parra
958 3318 1160 3404 [Eberhardc
1187 3320 1246 3405 Π]
1281 3320 1518 3404 Salisbnrpcnsi
1549 3322 1777 3404 archiepiscopo
1814 3326 1842 3386 ct
1873 3322 2070 3407 [1110110010]

419 3425 595 3491 0111010001
620 3424 758 3504 episcopo
787 3427 816 3488 01
840 3423 1051 3507 [Wernhero]
1080 3423 1187 3488 abbati
1215 3423 1350 3490 Sanctae
1376 3425 1486 3490 Crucis
1507 3425 1651 3506 nmndat,
1682 3429 1718 3488 nt
1742 3425 1786 3488 ad
1811 3426 1952 3507 contin-ia
1977 3427 2072 3508 repni

417 3527 587 3592 Belemina
601 3527 776 3592 accedmlcs
791 3531 903 3608 partes
924 3547 999 3591 seras
1021 3527 1224 3608 interponant
1237 3527 1281 3591 ad
1301 3527 1536 3607 reformandam
1551 3529 1744 3593 concordiam
1766 3529 1851 3592 inter
1864 3530 2067 3615 [Andrean]

415 3629 606 3714 Propensem
628 3631 803 3712 episcopnm
825 3650 864 3695 ea
878 3634 973 3710 parte
995 3650 1063 3694 arra
1090 3635 1120 3694 ct
1139 3629 1353 3714 [Otalrarnm]
1374 3651 1473 3714 repam
1501 3636 1531 3695 ct
1552 3632 1683 3696 barones
1704 3631 1875 3696 Bchcmiac
1896 3654 1935 3696 cn
1956 3633 2069 3700 altera.

1687 3737 1781 3813 1220,
1802 3736 1906 3799 Mart.
1928 3739 1982 3803 20.

517 3853 593 3910 Han.
617 3854 675 3907 ΙΙΙ
694 3853 761 3923 ch.
791 3852 847 3908 Vol.
870 3854 920 3918 11,
948 3857 1015 3921 100,·
1042 3853 1103 3907 Lib.
1120 3853 1173 3919 IV,
1197 3857 1261 3908 678.
1306 3855 1411 3908 Pertrii
1436 3855 1574 3923 exemplar
1599 3855 1784 3924 suppleamus
1811 3872 1846 3909 ca
1873 3854 1968 3926 Rayn.
1995 3859 2070 3911 Ana.

413 3941 474 3995 rect.
493 3956 519 3994 a.
537 3944 618 4005 1220,
636 3944 652 4006 §
671 3944 706 3994 34
724 3945 749 3995 et
769 3943 814 3993 35.

516 4026 653 4092 Potthast
672 4026 742 4096 Req.
762 4029 840 4080 6215.

449 4311 458 4329 .
498 4255 850 4348 Salzehurgensi
885 4255 1228 4346 archiepiscopo
1268 4261 1310 4328 et
1346 4311 1355 4327 .
1393 4311 1402 4328 .
1439 4255 1650 4347 episcopo
1687 4257 1897 4350 Kymensi
1933 4267 1975 4334 et
2012 4319 2021 4335 .
2060 4319 2068 4336 .

439 4375 591 4449 abbati
619 4375 779 4449 Sancte
805 4375 958 4450 Crucis
985 4375 1304 4450 Cistereiensis
1331 4376 1502 4449 ordinis
1523 4377 1808 4452 Peteviensis
1835 4381 2042 4455 diocesis.

524 4523 605 4588 Post
628 4522 785 4587 diutinam
809 4546 947 4606 meram,
977 4547 1073 4610 quem
1096 4525 1295 4590 venerabilis
1323 4525 1423 4589 irater
1444 4532 1558 4590 noster
1579 4527 1757 4612 Pragensis
1781 4530 1955 4616 episcopus
1979 4532 2067 4618 apud

413 4627 628 4712 apostolicam
651 4626 764 4692 sedem
780 4629 880 4692 traxit
902 4649 960 4714 pro
977 4630 1149 4712 questione
1173 4629 1380 4715 interipsum
1403 4636 1553 4715 exparte
1576 4653 1642 4696 una
1664 4638 1698 4696 01
1721 4681 1752 4697 ..
1775 4633 1937 4699 illustrem
1954 4656 2066 4722 regem

413 4749 451 4792 ac
469 4729 609 4794 barenes
622 4729 758 4795 Boemie
776 4753 818 4795 ex
832 4732 935 4795 altera
947 4754 1048 4818 super
1064 4733 1211 4813 decimis,
1224 4732 1449 4798 iurisdictione
1466 4736 1700 4818 ecelesiastica,
1718 4739 1934 4802 eeclesiarum
1947 4739 2065 4804 immu-

412 4833 515 4897 nitate
538 4854 576 4897 ae
603 4835 767 4898 nonnullis
790 4835 863 4898 aliis
898 4835 939 4899 ad
969 4837 1228 4926 ecclesiasticam
1254 4838 1495 4922 pertinentibus
1523 4839 1709 4904 libertatem
1739 4841 1888 4921 suborta,
1917 4863 1975 4927 pro
2004 4865 2068 4928 qua

414 4936 513 5001 etiam
541 4937 612 5022 ipse
642 4958 701 5002 rex
735 4945 768 5003 et
803 4939 942 5004 barenes
977 4942 1306 5006 excommunicationi
1341 4948 1373 5006 01
1404 4963 1540 5027 regnum
1576 4945 1645 5008 eius
1681 4945 1852 5010 subiacent
1880 4946 2066 5026 interdicte,

412 5040 545 5104 tandem
575 5042 840 5126 procuratoribus
864 5043 966 5129 ipsius
989 5045 1076 5130 regis
1103 5052 1136 5109 et
1158 5046 1317 5110 baronum
1340 5046 1373 5110 in
1397 5052 1509 5110 nostra
1530 5049 1698 5132 presentia
1721 5050 1904 5114 constitutis
1926 5056 2067 5136 utraque

412 5163 486 5228 pers
509 5143 644 5208 arbitrio
668 5152 779 5210 nostro
803 5146 908 5211 libere
932 5169 966 5211 se
996 5149 1166 5212 commisit.
1219 5149 1343 5213 Habito
1372 5150 1473 5234 igitur
1501 5171 1574 5214 cum
1604 5151 1758 5215 iratribus
1787 5154 1907 5217 nostris
1936 5160 2066 5219 etcum

2117 3568 2142 3605 ‘ee

409 5246 490 5332 ipsis
514 5246 661 5332 partibus
684 5249 782 5333 lengo
806 5247 847 5312 de
870 5252 1106 5337 compositione
1130 5257 1284 5333 tractatu,
1314 5253 1359 5316 ita
1385 5253 1471 5338 quod
1502 5259 1613 5339 partes
1635 5255 1707 5340 ipse
1730 5277 1749 5318 a
1772 5255 1877 5321 ferma
1900 5257 1962 5321 sibi
1985 5279 2063 5344 pro·
2117 5289 2121 5300 ·

411 5350 520 5435 posite
543 5350 577 5413 in
599 5351 714 5436 paucis
737 5352 882 5416 articulis
906 5353 1152 5436 discordabant,
1184 5377 1261 5420 ecee
1285 5355 1405 5420 nobilis
1432 5357 1481 5420 vir
1503 5355 1649 5421 Dalebor
1671 5358 1775 5423 maior
1797 5360 2007 5442 iusticiarius,
2032 5369 2066 5426 et

409 5452 570 5518 Martinus
586 5455 742 5540 pincerna
757 5455 860 5542 ipsius
877 5458 975 5542 regis,
995 5479 1032 5522 ae
1048 5459 1260 5524 Marcuerdus
1277 5459 1317 5524 de
1333 5459 1462 5525 Deehin
1483 5466 1516 5524 et
1535 5459 1630 5526 Divis
1651 5461 1692 5526 de
1714 5462 1865 5528 Prachen
1883 5465 2066 5546 castellani,

411 5561 444 5619 et
466 5555 581 5620 Habra
602 5565 793 5643 procurator
814 5559 933 5624 nobilis
957 5561 1018 5625 riri
1036 5557 1245 5648 Blenesenis]
1271 5563 1442 5626 castellani
1464 5563 1505 5628 de
1527 5563 1666 5629 Budisin
1682 5564 1884 5632 advenerunt
1907 5589 1949 5632 ex
1971 5575 2067 5653 parte

410 5659 487 5722 dieti
510 5660 596 5743 regis
621 5666 654 5724 et
677 5683 747 5738 sue,
771 5683 844 5725 cum
868 5664 1022 5729 instantia
1044 5666 1257 5750 postulantes,
1281 5673 1317 5730 ut
1339 5668 1502 5752 prefatum
1527 5669 1718 5755 episcopum
1742 5669 1782 5732 ad
1802 5671 1965 5736 Viennam
1984 5672 2066 5736 eivi-
