4590 6366
759 333 960 389 deleretur}
977 337 1169 396 abnueras.
1206 343 1281 398 1236.
1781 353 1840 413 591

189 504 362 587 pravitatis
385 506 530 571 heretice
555 509 691 571 maculis
714 508 885 572 abolendis
909 515 942 573 et
966 513 1063 576 etiam
1088 513 1189 580 Terre
1215 515 1335 580 Sancte
1368 520 1517 602 negotio,
1553 520 1640 605 quod
1672 521 1734 586 sibi
1758 527 1848 585 tanto
1889 553 1904 578 ο

191 608 366 692 specialius
396 610 635 695 procurandum
664 613 899 692 commisimus,
929 623 1050 700 quanto
1080 617 1122 680 ad
1151 621 1391 704 promotionem
1422 623 1510 686 illius
1540 644 1600 688 nos
1632 646 1690 711 pre
1722 626 1847 690 eunctis

190 711 296 774 teneri
323 713 508 777 viventibus
536 721 741 800 reputamus,
771 716 950 781 efficaciter
977 718 1169 800 intendatis,
1203 722 1317 785 scituri
1349 722 1434 808 quod
1462 746 1521 809 per
1555 726 1617 790 boe
1648 734 1680 791 et
1709 730 1847 812 gratiam

190 835 331 900 superne
356 814 596 880 benedictionis
621 818 784 902 aquisitis,
817 825 850 882 et
879 841 939 884 nos
963 821 1055 886 vobis
1085 844 1151 887 non
1180 823 1346 889 modicum
1369 826 1410 890 ad
1433 827 1597 912 condigne
1622 830 1847 895 retributionis

189 918 351 1001 premium
374 917 581 982 laudabiliter
605 920 767 1004 obligatis.
825 920 983 1007 Alioquin
1014 926 1225 1004 sententiam,
1256 948 1353 1011 quam
1388 929 1459 1015 ipse
1490 931 1602 996 tulerit
1632 933 1663 996 in
1694 933 1847 1014 rebelles,

188 1028 292 1084 ratam
315 1021 510 1087 habebimus
534 1031 566 1088 et
589 1024 747 1088 faciemus
770 1032 903 1090 auctore
926 1026 1068 1092 Domino
1092 1030 1326 1095 inviolabiliter
1351 1032 1529 1098 observari.

296 1142 371 1206 Dat.
394 1143 574 1211 Interamn.
597 1146 646 1210 IV
670 1146 747 1212 Idus
771 1148 869 1228 Iunii,
892 1170 977 1212 anno
1000 1148 1137 1214 decimo.

994 1356 1040 1425 ΙΙ,

601 1479 819 1569 Comitibus,
849 1483 1142 1571 marchionibus
1171 1486 1433 1575 potestatibus

284 1596 446 1671 consiliis
474 1604 510 1671 et
537 1602 866 1674 communitatibus
894 1624 961 1694 per
988 1605 1264 1693 Lombardiam,
1293 1607 1498 1679 marchiam
1525 1607 1758 1680 Tervisinam

729 1728 766 1795 et
792 1722 1055 1797 Romaniolam
1083 1725 1306 1798 constitutis.

297 1868 404 1931 Patris
428 1868 533 1932 eterni
566 1868 668 1948 filius,
699 1869 887 1956 redemptor
910 1871 1060 1936 dominus
1083 1872 1177 1937 Iesus
1201 1872 1369 1954 Christus,
1400 1875 1550 1959 quicum
1575 1882 1664 1940 esset
1692 1876 1843 1940 interris

188 1992 246 2055 pre
270 1970 403 2034 humani
428 1973 533 2035 salute
557 1973 689 2055 generis
713 1975 927 2054 constitutus,
951 1975 1129 2039 innumeris
1153 1986 1215 2040 etc.
1245 1999 1364 2062 usque:
1394 1980 1591 2064 proveniret.
1641 1978 1735 2042 Nune
1764 2000 1843 2044 vero

188 2074 307 2138 sedens
332 2074 372 2138 ad
396 2073 567 2166 dexteram
591 2077 773 2140 maiestatis
797 2085 857 2142 ete.
882 2079 1042 2163 usquein
1066 2079 1165 2144 finem
1186 2081 1278 2144 utin
1302 2080 1377 2147 alia.

294 2195 369 2259 Dat.
394 2203 559 2282 utsupra.

811 2393 1222 2402 ...mm—..-

970 2675 1056 2748 694.

294 2781 484 2892 Gregorius
515 2811 571 2876 IX
598 2833 687 2892 papa
709 2812 910 2877 Fridcricam
931 2812 1146 2876 Romanorum
1169 2815 1386 2894 imperatorem
1413 2819 1514 2898 repat,
1544 2818 1579 2877 ut
1600 2817 1738 2894 nepotem
1759 2817 1841 2897 repis

188 2914 302 2978 reem
328 2915 372 2977 ad
397 2915 497 2978 sedem
525 2916 725 2994 apostolicam
750 2935 809 2995 pre
837 2916 1013 2996 recipiendo
1044 2917 1190 2997 baptismi
1218 2920 1414 2981 sacramento
1444 2916 1586 2981 accedere
1612 2917 1760 2980 volentem
1787 2917 1842 2981 scd

184 3018 300 3081 iniuste
323 3018 359 3080 ia
380 3038 475 3100 rapae
495 3018 651 3083 detentam
673 3019 790 3082 dimitti
806 3018 921 3103 saciat.
1485 3022 1579 3098 1236,
1602 3018 1678 3086 Ian.
1700 3022 1753 3084 23.

289 3137 370 3203 eree.
389 3137 439 3190 IX
456 3138 526 3206 Rep.
550 3138 605 3192 Vol.
634 3138 662 3201 V,
681 3143 735 3192 168
741 3158 751 3204 ,·
768 3137 832 3191 aa.
851 3139 888 3206 X,
908 3143 970 3192 123.

288 3223 423 3292 Petraea,
443 3223 513 3295 neq.
533 3228 630 3289 10198,
649 3224 701 3278 aab
719 3225 785 3278 Ian.
803 3229 847 3278 24.

532 3421 772 3528 FridericO,
800 3437 1100 3512 Romanorum
1128 3437 1387 3529 imperatori
1413 3443 1493 3511 etc.

293 3587 433 3661 Quidam
462 3590 590 3674 nepos¹
613 3587 702 3671 regis
725 3587 877 3667 Tuniei²,
905 3587 1028 3673 apertis
1056 3587 1090 3650 in
1119 3586 1320 3670 agnitionem
1349 3587 1497 3650 veritatis
1526 3586 1744 3671 intelligentie
1779 3607 1837 3650 sue

183 3691 286 3754 oculis
311 3692 424 3756 oolirio
449 3692 540 3756 verbi
562 3691 644 3772 Dei,
676 3691 717 3756 ad
739 3699 885 3755 nostram
915 3712 973 3776 pro
1002 3689 1190 3776 recipiendo
1220 3689 1375 3775 baptismi
1405 3697 1609 3754 sacramento
1638 3691 1838 3775 presentiam

183 3793 369 3859 accedebat.
410 3793 468 3858 Set
485 3815 558 3858 curu
580 3795 861 3859 intellexissemus
879 3792 1019 3858 eundem
1036 3799 1167 3878 captum
1184 3814 1222 3856 ae
1239 3793 1407 3857 detentum
1431 3814 1450 3856 a
1473 3794 1550 3872 tuis,
1566 3814 1625 3878 pro
1641 3792 1837 3857 liberatione

182 3897 286 3982 ipsius
310 3897 487 3962 direximus
511 3897 738 3962 detentoribus
762 3899 885 3983 scripta
905 3902 1033 3976 nostra,
1057 3894 1249 3959 mandantes
1273 3902 1309 3959 ut
1331 3917 1403 3960 cum
1427 3896 1460 3959 in
1484 3895 1588 3959 tribus
1611 3895 1687 3960 anni
1710 3894 1837 3959 festivi-

184 4000 304 4064 tatibus
328 4001 628 4066 exoommunicatos
652 4001 882 4066 denuntiemus
906 4000 1037 4085 publice
1062 4020 1174 4063 omnes
1198 4000 1283 4078 illos,
1307 4001 1362 4085 qui
1386 3999 1528 4085 spoliant
1548 3999 1602 4064 vel
1624 3998 1755 4084 capiunt
1778 4020 1838 4063 seu

182 4102 331 4168 detinent
358 4102 399 4166 ad
429 4103 541 4168 sedem
572 4105 786 4190 apostolicam
817 4101 1015 4167 accedentes
1042 4109 1076 4165 et
1104 4100 1282 4165 redeuntes
1315 4101 1356 4165 ab
1386 4102 1491 4187 ipsa³,
1521 4123 1596 4166 eum
1625 4103 1837 4166 restituerent

181 4207 337 4271 libertati.
382 4206 507 4271 Verum
532 4229 604 4272 cum
628 4208 692 4294 ipsi
714 4207 877 4271 mandatis
901 4227 967 4269 non
991 4204 1145 4268 duxerint
1169 4205 1431 4290 obsequendum,
1461 4205 1537 4290 quia
1564 4227 1629 4271 non
1657 4205 1752 4270 decet
1775 4205 1836 4268 im-

181 4311 339 4398 perialem
363 4295 595 4376 excellentiain
618 4313 740 4376 factum
765 4309 952 4375 huiusmodi
975 4309 1135 4386 tolerare,
1164 4314 1278 4394 utpote
1310 4308 1394 4392 quod
1425 4310 1459 4373 in
1483 4307 1648 4374 Creatoris
1675 4307 1837 4374 redundat

181 4415 331 4480 iniuriam
355 4422 389 4480 et
417 4415 589 4479 manifeste
612 4413 690 4478 fidei
719 4412 831 4478 obviat
863 4418 896 4476 ct
924 4412 1039 4492 saluti,
1070 4411 1280 4475 serenitatem
1311 4419 1400 4475 tuam
1434 4433 1587 4496 rogamus
1612 4418 1645 4476 et
1668 4412 1836 4476 hortamur

183 4520 359 4598 attentius,
390 4519 542 4605 quatinus
567 4517 644 4603 quid
674 4518 762 4582 same
793 4525 848 4580 tue
879 4513 1050 4601 expediat,
1084 4513 1160 4599 quid
1191 4513 1306 4578 honori
1333 4515 1513 4601 prudenter
1538 4515 1727 4592 attendens,
1762 4535 1835 4579 cum

180 4623 281 4686 nichil
303 4622 366 4687 boe
397 4629 487 4686 esset
515 4620 604 4684 aliud
635 4642 731 4706 quam
758 4620 924 4707 profectus
952 4617 1029 4682 fidei
1062 4617 1236 4704 impedire,
1267 4617 1386 4703 prefati
1412 4620 1499 4704 regis
1533 4627 1687 4706 nepotem
1716 4618 1835 4683 dimitti

180 4725 282 4790 facias
316 4746 377 4788 neo
413 4723 564 4810 impediri
595 4725 782 4810 permittas,
816 4723 989 4808 quominus
1019 4721 1060 4786 ad
1089 4742 1149 4785 nes
1179 4720 1338 4785 accedere
1367 4723 1477 4788 valeat
1505 4723 1610 4788 libere
1641 4743 1679 4786 ac
1709 4744 1834 4788 secure.

181 4827 277 4902 Quod
304 4835 413 4892 autem
443 4827 529 4892 idem
558 4828 751 4912 religionem
780 4827 880 4891 nolita
906 4846 1075 4889 assumere
1104 4847 1142 4889 ae
1165 4825 1247 4904 alia,
1284 4845 1347 4910 que
1372 4825 1412 4892 de
1435 4827 1508 4913 ipso
1533 4828 1618 4890 sieut
1646 4827 1834 4911 accepimus

180 4940 236 4997 tue
260 4930 476 5015 magnitudini
500 4937 576 4994 sunt
597 4931 711 5012 relata,
734 4931 864 4995 noveris
888 4929 1019 5016 penitus
1044 4949 1118 4993 esse
1140 4927 1257 4992 falsa*¹

288 5050 365 5115 Dat.
389 5050 569 5116 Interamn.
591 5049 693 5114 VIIII
715 5048 791 5114 Kal.
813 5049 899 5128 Iulii,
922 5069 1007 5114 anno
1031 5048 1170 5113 decimo.

285 5310 307 5375 ¹)
326 5311 389 5362 velit
400 5311 448 5372 R.,·
465 5313 499 5374 ef.
515 5309 802 5376 Haillard-Brtlrolles,
821 5311 867 5362 tc.
878 5319 894 5360 t.
906 5309 934 5374 V,
947 5328 974 5376 p.
987 5313 1049 5374 265,
1065 5310 1109 5360 uei
1126 5310 1268 5375 inperator
1287 5310 1359 5360 dicit:
1375 5309 1512 5374 diligenter
1529 5307 1654 5373 quesitus,
1671 5308 1693 5356 si
1710 5307 1833 5374 baptizari

181 5398 251 5463 velit,
270 5398 374 5448 omnino
391 5407 475 5464 negat

283 5532 311 5600 l)
329 5530 515 5586 Addat-Asta
531 5531 655 5598 aeratam·
673 5531 871 5596 Winkclmaam,
890 5530 986 5585 maa.
1005 5528 1049 5594 II,
1067 5529 1139 5595 tII,
1157 5545 1186 5597 p.
1199 5532 1261 5591 108,
1280 5534 1336 5583 not.
1350 5532 1376 5582 3.
1445 5529 1474 5598 2)
1496 5527 1832 5584 Yalrie·Atu·Zatarta.

181 5617 211 5686 3)
232 5615 275 5686 Cf.
288 5632 314 5668 a.
330 5620 394 5672 306.
476 5617 505 5686 4)
525 5617 599 5687 Quid
616 5619 767 5687 imperator
784 5617 966 5686 responderit,
984 5615 1098 5684 colliqes
1116 5631 1150 5670 ea·
1168 5631 1194 5668 a.
1215 5617 1272 5668 700
1290 5621 1315 5670 et
1334 5619 1399 5669 703.
