4494 6426
103 5575 128 5610 ‚tt

735 347 936 406 marchan
953 347 1143 407 SELECTAE.
1180 349 1255 408 1220.
1779 357 1820 420 99

166 521 324 609 suscipiat
345 523 524 610 imperialis
547 524 652 610 gloria
676 524 836 592 diadema.
881 527 951 593 Nos
975 525 1135 613 siquidem
1159 527 1192 592 id
1215 527 1276 592 tibi
1299 549 1339 592 ea
1359 526 1620 594 consideratione
1644 528 1818 611 suasimus,

166 625 243 710 quia
265 629 380 713 procul
403 627 503 692 dubio
529 627 569 690 ad
592 635 683 693 tuum
707 637 741 694 et
769 631 828 694 filii
854 631 903 695 tui
932 632 1089 696 honorem
1116 631 1344 716 cognoscimus
1373 631 1550 717 pertinere.
1597 631 1656 696 Set
1678 631 1819 696 nichilo·

166 729 273 794 minus
296 731 473 814 gratiarum
495 730 557 795 tibi
579 731 752 797 referimus
775 734 921 798 actiones
944 755 1003 819 pro
1026 733 1178 819 precibus
1202 733 1375 798 exauditis.

271 832 348 898 Dat.
372 834 458 920 apud
479 833 763 918 Urbemvetercm,
786 837 816 900 V
840 836 915 903 Kal.
940 837 1155 923 Septembris,
1180 837 1391 924 pontificatus
1414 837 1518 903 nostri
1540 857 1625 902 anuo
1648 838 1772 922 quinto.

788 1080 927 1087 mu...-
937 1081 964 1086 -..
973 1080 1136 1087 maa-‘m
1147 1081 1175 1086 ..-
1192 1083 1198 1086 ,

953 1341 1035 1414 137.

276 1449 464 1542 Honoras
490 1477 556 1543 ΙΙΙ
573 1499 664 1560 popo
692 1478 876 1563 [Conrado]
907 1479 1140 1545 Constantieast
1171 1480 1308 1560 episeopo
1341 1484 1371 1542 et
1403 1479 1623 1566 [Eberlmrde]
1653 1480 1760 1546 abbati
1785 1480 1822 1544 de

169 1581 275 1646 Salem
307 1580 459 1662 madal,
494 1586 530 1645 ut
557 1582 735 1665 Epawaem
770 1584 907 1646 armitera
940 1582 977 1647 de
1011 1583 1115 1649 Urueb
1148 1587 1176 1647 et
1211 1584 1291 1647 alies
1326 1582 1556 1666 crucesignatos
1582 1583 1626 1648 ud
1663 1587 1733 1647 eota
1762 1602 1822 1647 saa

166 1684 345 1764 caepaosdo
367 1684 560 1764 compellant.
1456 1687 1551 1768 1220,
1574 1686 1658 1770 Aug.
1680 1687 1733 1750 28.

269 1803 342 1859 Han.
361 1807 416 1857 ΙΙΙ
429 1803 498 1873 Rep.
523 1805 579 1858 Vol.
598 1807 656 1869 ΙΙΙ,
675 1810 724 1866 15,·
743 1805 805 1860 lab.
830 1806 859 1871 V,
879 1811 924 1861 68.

270 1889 404 1954 Ponant,
425 1891 495 1962 aeq.
515 1894 597 1945 6343.

100 2131 114 2164 o
205 2141 213 2158 .
242 2141 250 2158 .
279 2084 618 2159 Constantiensi
646 2084 856 2178 episcopo
885 2091 926 2159 el
955 2142 963 2158 .
993 2141 1002 2158 .
1030 2085 1177 2159 abbati
1207 2087 1257 2159 de
1285 2087 1431 2160 Salem
1457 2086 1783 2160 Cisterciensis

588 2205 762 2279 ordinis
790 2204 1155 2279 Constanticnsis
1183 2206 1386 2282 diocesis.

276 2352 357 2418 (lum
386 2352 506 2418 nobilis
534 2354 584 2418 vir
606 2353 722 2440 Egeno
751 2376 861 2420 comes
891 2355 932 2420 de
956 2355 1089 2419 Uraha¹
1121 2361 1250 2442 sumpto
1279 2356 1384 2422 crucis
1417 2357 1584 2442 signaculo
1614 2359 1753 2424 transire
1787 2358 1821 2422 iu

167 2455 270 2521 Terra
285 2455 405 2522 Sancte
422 2457 604 2522 subsidium
618 2460 754 2538 voverit,
778 2461 864 2524 sicut
878 2461 1075 2547 accepimus,
1099 2467 1132 2524 et
1147 2461 1270 2543 iurarit,
1288 2461 1478 2526 discretioni
1494 2469 1602 2527 vestre
1618 2462 1820 2549 presentium

168 2562 360 2625 auctoritate
387 2561 593 2642 mandamus,
627 2565 780 2649 quatinus
812 2570 878 2627 tam
908 2565 1015 2650 ipsum
1044 2585 1140 2650 quam
1170 2565 1412 2650 crucesignatos
1440 2567 1522 2630 alios
1550 2565 1591 2630 de
1623 2566 1752 2630 Alsatia
1780 2564 1821 2628 ad

92 2687 94 2690 ·
169 2664 361 2748 exequenda
389 2671 465 2730 vota
499 2687 558 2730 sua
592 2667 662 2731 sine
695 2688 786 2732 more
815 2667 988 2753 dispendio
1023 2689 1084 2755 per
1112 2690 1282 2733 censuram
1314 2669 1571 2734 ecclesiasticam
1601 2669 1821 2755 appellatione

169 2774 295 2830 remota
316 2769 451 2853 cogatis.

275 2871 348 2936 Dat.
372 2872 460 2959 apud
481 2872 605 2938 Urbem
628 2880 783 2956 veterem,
806 2875 836 2938 V
859 2873 934 2938 Kal.
959 2873 1172 2961 Septembris,
1194 2896 1279 2940 armo
1302 2877 1426 2961 quinto.

790 3120 861 3126 ...-
866 3119 1197 3127 -ἢ--ο--ωψ---ω

957 3380 1039 3452 138.

278 3490 465 3585 Honorius
479 3519 639 3601 IIIpapu
653 3519 838 3604 [Conrado]
859 3519 997 3600 episeopo
1012 3519 1151 3583 Meteasi
1165 3520 1340 3601 irnperialis
1362 3521 1455 3586 aulae
1475 3520 1662 3586 cancellario
1684 3519 1823 3598 euadat,

166 3631 203 3691 ut
229 3631 343 3692 terrem
372 3624 545 3689 ecaritissoe
571 3622 742 3686 Matbildis
769 3621 921 3686 dilatione
947 3625 976 3686 ct
1001 3624 1198 3687 excusatione
1225 3625 1416 3688 cessantibus
1436 3623 1607 3707 Rreyaaldo
1635 3625 1823 3690 subdiacono

90 3773 117 3809 ρ.)
171 3731 330 3812 resignari
346 3728 459 3814 saciat.
1481 3730 1574 3806 1220,
1597 3728 1681 3809 Sept.
1704 3732 1735 3792 4.

274 3849 346 3904 Heu.
367 3849 422 3901 ΙΙΙ
436 3845 503 3916 Ray.
528 3846 584 3900 Vol.
604 3848 662 3910 ΙΙΙ,
682 3849 732 3907 18;
751 3844 814 3900 Lib.
840 3845 868 3910 V,
887 3849 927 3901 91.

274 3932 410 3997 Pettbast
428 3932 497 4000 Rep.
518 3936 598 3988 6351.

379 4169 388 4186 .
418 4168 428 4187 .
457 4111 672 4204 episcopo
699 4112 906 4203 Metensi,
934 4112 1179 4205 imperialis
1209 4113 1310 4186 aule
1338 4110 1616 4186 cancellario.

280 4263 316 4327 Si
337 4262 589 4348 benignitatem,
621 4282 716 4347 quam
744 4263 885 4327 circata
909 4262 1089 4348 apostolica
1112 4261 1208 4327 sedas
1232 4260 1392 4340 exhibuit,
1421 4260 1598 4346 diligenter
1620 4257 1823 4338 attenderes,

95 4409 106 4444 s
175 4367 246 4431 cius
268 4367 403 4451 negotia
425 4365 615 4450 diligentius
638 4373 673 4430 et
699 4364 829 4430 fidelius
857 4386 1059 4452 procurares.
1106 4364 1192 4430 Sane
1216 4386 1282 4429 non
1304 4385 1479 4451 possumus
1502 4384 1567 4427 non
1589 4363 1710 4442 mirari,
1735 4361 1822 4447 quod

173 4490 246 4532 curn
270 4471 381 4556 regale
404 4468 592 4533 mandatum
616 4468 799 4554 acceperis,
823 4476 920 4555 prout
943 4471 1008 4533 tuis
1031 4469 1125 4533 nobis
1148 4469 1267 4534 litteris
1290 4468 1461 4548 intimasti,
1483 4474 1520 4531 ut
1543 4467 1636 4531 nobis
1660 4467 1823 4552 resignari

173 4573 298 4637 laceres
321 4581 443 4638 terram
466 4573 553 4637 clare
576 4573 733 4637 memorie
757 4622 765 4638 .
789 4622 796 4638 .
820 4574 988 4638 comitisse
1011 4571 1156 4637 Matildis
1180 4572 1221 4636 ad
1244 4571 1429 4636 Romanam
1452 4571 1625 4635 ecclesiam
1655 4571 1823 4657 pertinen-

173 4683 249 4756 tem,
272 4697 310 4741 ac
333 4682 468 4763 propter
489 4674 551 4740 hoc
575 4674 731 4740 dilectum
753 4675 856 4739 filium
879 4674 1101 4762 Raynaldum,
1131 4676 1366 4741 subdiaconum
1390 4681 1423 4739 et
1446 4675 1653 4760 capellanum
1676 4681 1823 4738 nostrum

173 4778 214 4843 ad
236 4786 269 4844 ta
292 4779 479 4844 iamdudum
506 4779 728 4845 curaverimus
751 4779 927 4861 destinare,
951 4787 986 4845 tu
1010 4802 1084 4845 eum
1111 4780 1382 4867 promissionibus
1405 4777 1566 4842 hactenus
1589 4776 1765 4843 detinendo
1788 4777 1821 4840 in

98 4925 124 4956 2,
174 4883 306 4967 nogotio
335 4883 407 4971 ipso
435 4883 611 4948 efficaciter
631 4883 765 4948 minime
794 4885 996 4970 processisti.
1041 4883 1139 4949 Oorte
1161 4884 1241 4947 talia
1263 4882 1304 4948 ds
1332 4889 1365 4946 te
1393 4902 1459 4945 non
1482 4880 1694 4967 sperabamus
1726 4879 1822 4943 obse-

174 4987 265 5070 quia,
297 4987 373 5072 quia
403 4987 521 5052 scimus
550 5008 611 5051 nos
643 4993 676 5052 et
703 4987 918 5073 apostolicam
948 4987 1061 5053 sedem
1092 4987 1133 5053 de
1163 4995 1196 5053 te
1219 4988 1317 5072 longe
1341 4986 1407 5050 alia
1428 4984 1599 5050 meruisse.
1651 4982 1823 5047 Mouemus

174 5089 273 5172 igitur
295 5089 535 5156 fraternitatem
558 5097 648 5154 tuam
677 5096 710 5156 et
735 5111 796 5177 per
823 5092 1005 5178 apostolica
1027 5092 1149 5179 scripta
1171 5091 1231 5155 tibi
1261 5088 1474 5177 precipiendo
1504 5085 1714 5167 mandamus,
1743 5106 1822 5170 qua-

176 5193 262 5256 tinus
285 5199 406 5258 ternam
429 5193 587 5259 dilatione
611 5215 649 5259 ac
672 5196 886 5259 excusatione
910 5196 1116 5260 cessantibus
1139 5195 1270 5259 nomine
1287 5200 1398 5258 nostro
1421 5191 1590 5278 capellano
1614 5188 1716 5252 iacias
1738 5188 1822 5253 resi-

177 5297 266 5382 gnari
290 5297 448 5384 predicto,
472 5305 506 5363 ct
528 5298 638 5364 eidem
660 5297 701 5362 ab
725 5298 828 5384 ipsius
852 5305 939 5364 terro
963 5297 1148 5364 hominibus
1172 5295 1340 5362 fidelitatis
1363 5297 1547 5360 iuramenta
1568 5291 1725 5380 prestari,
1747 5313 1823 5379 pre-

277 5557 303 5620 1)
324 5555 407 5610 Hune
424 5556 485 5610 eius
501 5557 594 5624 frater
613 5554 756 5608 eanredus
775 5555 920 5624 episeopus
939 5555 1105 5609 Portueasr'a
1119 5555 1207 5624 poulo
1225 5561 1288 5610 ante
1305 5571 1323 5608 o
1341 5558 1404 5608 coto
1421 5552 1511 5606 cruca
1524 5550 1637 5620 pertitas
1654 5550 1825 5608 absolverat:

179 5641 215 5707 τί.
232 5657 258 5694 rr.
276 5645 336 5694 123.

1428 5781 1431 5784 .
1475 5797 1480 5808 Α
1512 5730 1624 5808 ¹alil:
