4524 6412
753 378 953 438 EPISTOLAE
970 383 1159 441 SELEC'I'AE.
1197 389 1272 442 1230.

970 683 1056 756 415.

293 792 489 886 &minaria
511 817 723 902 duadcoipinti
743 822 1039 902 instrumentorum,
1068 826 1105 888 in
1134 825 1247 906 quihus
1272 826 1376 908 somna
1405 829 1494 910 pacis
1521 829 1605 896 inter
1626 833 1783 898 ecclesiam
1812 837 1842 899 et

184 923 385 987 Fridcriaum
407 920 622 986 Romanarum
644 923 861 1004 imperatorem
882 924 970 1006 apud
992 925 1146 992 Sanctum
1170 928 1363 994 Germanum
1387 931 1486 996 initae
1508 934 1692 1000 continetur.

1345 1035 1440 1112 1230,
1462 1033 1526 1100 Iul.
1540 1075 1581 1086 —
1594 1039 1678 1121 Aua.
1699 1040 1753 1106 28.

289 1144 327 1197 ln
346 1143 429 1212 (trip.
452 1143 502 1196 IX
522 1142 592 1212 Rep.
618 1143 675 1197 Vol.
693 1144 724 1210 1,
751 1147 893 1198 161-168
915 1153 981 1216 post
998 1147 1061 1202 Lib.
1079 1148 1136 1202 111
1157 1152 1252 1206 entant
1269 1156 1307 1206 22
1328 1151 1436 1207 litterae
1453 1152 1491 1208 od
1506 1155 1577 1210 hone
1594 1173 1652 1211 rem
1665 1158 1840 1227 pastinantes,

122 1265 133 1302 5
186 1247 257 1301 quas
275 1230 362 1284 edidit
380 1229 470 1297 Perta,
489 1229 549 1283 La.
568 1235 585 1284 t.
604 1229 648 1292 ΙΙ,
664 1247 693 1299 p.
706 1233 862 1288 eas-276.
899 1233 1218 1306 Damushicn.1-18,
1237 1237 1359 1292 ordinem
1378 1255 1432 1309 quo
1448 1240 1478 1294 in
1491 1241 1559 1310 Ray.
1578 1243 1706 1310 trauntur
1722 1243 1841 1297 numum

184 1317 300 1403 adiectis
318 1316 483 1370 indicantes.
519 1315 556 1369 N.
570 1319 677 1370 19-22
695 1331 747 1370 suo
765 1318 823 1372 loco
836 1320 984 1374 secundum
998 1321 1127 1390 tenuioris
1146 1323 1276 1388 ordinem,
1294 1327 1319 1378 et
1335 1341 1427 1395 papae
1445 1327 1552 1395 quiderm
1570 1329 1699 1398 epistolas
1715 1329 1840 1398 inlepras

181 1417 379 1473 proponemus.

1000 1561 1029 1627 I.

293 1668 479 1734 Fridericus
508 1669 724 1734 Romanarum
762 1670 932 1751 imperator
964 1693 1066 1739 caram
1100 1674 1242 1739 Iohanne
1276 1677 1415 1758 episcopo
1451 1678 1622 1745 Sabinensi
1658 1683 1688 1743 et
1724 1678 1841 1744 timim

179 1773 361 1856 presbytera
383 1774 558 1851 cardinali,
585 1775 771 1856 apostalicae
797 1775 880 1839 sedis
908 1775 1032 1858 lupatis,
1059 1779 1161 1856 iurat,
1189 1799 1221 1842 se
1247 1801 1308 1862 pra
1329 1783 1485 1862 mnnihras,
1506 1802 1569 1863 pra
1590 1782 1703 1864 quiam
1725 1803 1842 1847 cacani-

59 1933 61 1940 ,
111 1918 135 1956 ,ο
187 1877 366 1941 munientes
387 1878 437 1956 sit,
460 1877 622 1942 nmndalis
642 1877 786 1941 ecclcsiae
807 1881 965 1942 staturum
986 1898 1060 1944 asse.
1572 1887 1666 1966 1230,
1689 1885 1755 1950 Iul.

993 2067 1038 2132 II.

278 2177 479 2244 Frr'dcrr'cus
491 2176 706 2242 Romanarum
724 2178 894 2260 imperator
916 2179 1005 2244 iurat
1025 2184 1054 2245 et
1071 2201 1131 2261 per
1148 2180 1349 2248 limmasinm
1370 2183 1507 2248 camitem
1522 2185 1716 2250 Acarnanam
1736 2185 1842 2250 iurari

184 2277 272 2359 facit,
294 2299 326 2344 se
351 2281 535 2360 Teutonicis,
558 2281 753 2358 Lomhardis,
783 2282 961 2348 hominihus
981 2285 1080 2367 rapui,
1105 2284 1242 2350 Gallicis
1263 2290 1291 2349 et
1312 2287 1464 2368 omnihus,
1492 2289 1548 2369 arei
1569 2289 1712 2353 cmlesim
1733 2291 1842 2352 cantra

185 2408 217 2450 sc
238 2383 446 2462 adhaeserint,
468 2405 586 2448 amnem
608 2383 758 2463 offensores
779 2389 808 2448 et
823 2405 970 2466 paenam,
992 2388 1164 2452 sententias
1184 2393 1213 2452 et
1236 2389 1342 2453 hanna
1364 2390 1399 2452 in
1420 2411 1470 2454 cas
1491 2391 1559 2456 laha
1578 2391 1750 2468 remittere,·
1766 2410 1842 2470 pro·

185 2489 280 2554 neittit
302 2489 396 2552 etiam
416 2507 448 2551 sa
471 2492 573 2552 terras
594 2488 736 2554 ccclesiae
759 2490 946 2553 inuasurum
966 2509 1031 2554 nan
1054 2508 1127 2554 esse.
1567 2495 1661 2572 1230,
1683 2492 1749 2560 Iul.

984 2677 1046 2744 111.

295 2789 481 2854 Fridericus
496 2787 709 2854 Barcanorum
724 2789 895 2870 imperator
908 2777 1066 2855 eonioarsis
1079 2794 1186 2854 notum
1203 2789 1289 2875 facit
1302 2792 1386 2856 inter
1406 2811 1439 2856 se
1460 2796 1489 2856 et
1502 2791 1660 2856 ecclesiam
1675 2795 1842 2857 tractatum

186 2892 247 2972 iri,
274 2893 411 2973 qualiter
437 2892 482 2956 ad
507 2911 540 2956 se
561 2896 760 2957 revertantur
785 2892 948 2958 Gaietano
975 2897 1005 2956 et
1027 2892 1164 2958 Sanctae
1185 2893 1328 2975 Apathae
1350 2894 1490 2960 ciuitates
1516 2899 1545 2959 et
1566 2913 1670 2959 amnes
1691 2895 1728 2958 de
1749 2915 1843 2977 repna
1871 2893 1874 2898 '

187 2995 330 3072 Siciliae,
363 3014 440 3076 quos
465 2996 591 3059 ccclesia
625 2996 662 3058 in
687 2995 749 3076 fide
777 3015 836 3060 suo
862 2997 1022 3076 receperit,
1056 2997 1170 3078 quiana
1197 2996 1416 3062 indevotione
1443 2998 1512 3062 eins
1540 2997 1721 3078 perdurent.
1781 2997 1845 3062 Per

188 3097 389 3162 Plaetorium
416 3098 555 3162 camitem
576 3097 771 3162 Acerramon
798 3098 1010 3163 iuramentum
1035 3103 1193 3180 praestat,
1223 3117 1255 3163 se
1282 3099 1341 3164 has
1368 3105 1470 3165 taras
1495 3101 1624 3165 interim
1651 3099 1845 3180 offensurum

185 3221 250 3264 non
271 3219 345 3266 esse.
437 3197 445 3214 ¹
1575 3205 1670 3281 1230,
1691 3203 1757 3268 Iul.

989 3303 1049 3368 IX.

111 3467 136 3503 ,ο
297 3414 445 3501 L[onda]
466 3413 609 3498 Repinrm
630 3418 660 3479 et
680 3413 871 3500 [Marinus]
887 3414 1044 3480 Berensis
1065 3414 1297 3496 archiepiscopi,
1318 3415 1506 3500 [Nicotaus]
1521 3415 1663 3499 Repinus
1685 3417 1845 3498 episeopus

187 3523 216 3584 el
237 3519 335 3584 abhas
360 3517 556 3585 Crisaenmrii
578 3519 734 3582 universis
762 3523 869 3583 natum
886 3519 1029 3605 saniant,
1057 3519 1276 3602 Marparilum
1297 3539 1400 3582 unam
1426 3537 1458 3583 se
1484 3522 1514 3584 at
1541 3521 1666 3584 nuntiis
1688 3521 1844 3586 Iohannis

188 3623 374 3689 Sabincnsis
400 3621 534 3703 episcopi
562 3625 591 3685 ct
619 3622 753 3686 Phaniae
780 3623 956 3705 presbyteri
984 3623 1176 3701 cardinalis,
1204 3622 1375 3704 lepatarum
1398 3642 1514 3703 papae,
1543 3623 1682 3700 iurasse,
1709 3641 1741 3686 se
1768 3623 1845 3687 aella

187 3727 403 3807 imperatorem
424 3725 584 3789 staminum
604 3725 715 3791 lmbcre
737 3729 767 3790 et
787 3745 852 3791 nau
872 3727 983 3791 alitem.
1501 3727 1594 3803 1230,
1616 3724 1680 3789 Iul.
1703 3726 1757 3792 21.

295 3990 488 4056 Berthaldus
508 3989 744 4072 Aquilepiensis
759 3989 959 4071 patriarcha,
982 3989 1188 4055 Eberhardus
1209 3988 1459 4069 archiepiscopus
1474 3987 1734 4071 Salishurpensrs,
1756 3987 1845 4071 Sipa-

111 4153 136 4190 m
185 4093 297 4182 fredus
318 4094 478 4176 episopus
492 4091 744 4174 Ratisponensis,
765 4092 941 4174 Liupoldus
962 4093 1029 4158 dua
1044 4093 1197 4158 Austriaa
1218 4099 1247 4158 et
1268 4093 1395 4170 Stirioe,
1417 4090 1628 4168 Bernhardns
1642 4090 1845 4168 Kariathrae,

192 4197 263 4263 Otto
283 4196 452 4261 Meraniae
473 4195 565 4261 duces
586 4195 745 4259 uniuersis
766 4200 872 4260 natum
890 4194 1033 4280 faciunt,
1064 4196 1148 4261 inter
1169 4195 1371 4260 Fridericum
1392 4193 1607 4258 Rornanorum
1628 4193 1845 4274 imperatorem

190 4305 220 4366 et
251 4299 409 4366 ecclesiam
428 4301 609 4364 ,trochotum
639 4298 697 4376 iri,
733 4298 870 4380 qualiter
903 4298 947 4364 ad
978 4301 1196 4381 impostorem
1226 4300 1426 4362 revertantur
1460 4296 1621 4362 Gaielono
1654 4299 1682 4361 et
1710 4295 1846 4362 Sanctia

190 4403 334 4487 Apathae
354 4403 495 4467 ciuitates
517 4406 546 4466 et
567 4420 670 4466 anons
691 4400 729 4465 de
750 4421 844 4485 repno
866 4401 1006 4481 Siciliae,
1028 4421 1105 4484 quas
1126 4403 1162 4465 in
1181 4401 1244 4483 fide
1265 4420 1325 4464 suo
1347 4399 1494 4481 receperit
1515 4400 1652 4478 ecelesia,
1674 4400 1788 4482 quiana
1809 4398 1845 4462 in

189 4506 258 4570 eins
283 4505 441 4570 devotione
461 4503 652 4585 perdurcul,·
684 4504 901 4584 imperatorem
928 4525 990 4585 per
1019 4504 1219 4569 Thornasium
1247 4503 1384 4567 camitem
1409 4503 1604 4568 Acerrorum
1636 4503 1847 4567 iuramentum

113 4669 139 4706 w
188 4608 398 4690 praestitisse,
421 4626 453 4672 se
474 4608 601 4672 interim
621 4628 720 4690 nequae
742 4608 800 4672 hos
821 4628 920 4691 nequa
940 4607 1027 4674 ullas
1047 4609 1191 4674 ecclcsiae
1212 4610 1314 4672 terras
1335 4605 1528 4685 offensurum
1549 4625 1622 4685 esse,
1645 4610 1674 4671 et
1695 4605 1846 4684 onenihras,

191 4711 247 4793 qui
261 4715 369 4775 cantro
392 4729 424 4776 se
438 4710 582 4776 malacim
595 4711 805 4791 odhaesmint,
826 4711 1006 4790 sententias,
1029 4710 1261 4776 constitutiones
1283 4712 1312 4773 et
1330 4709 1437 4774 hanna
1460 4709 1496 4772 in
1517 4728 1567 4772 aas
1589 4709 1656 4773 lato
1676 4707 1847 4784 remini-e,-

111 2848 134 2885 15

191 4833 224 4878 sa
252 4817 355 4879 autem
380 4813 558 4898 [princpes
578 4813 774 4898 praedictos]
799 4815 923 4879 iurasse
949 4831 981 4878 se
1006 4817 1245 4894 promereturas,
1272 4811 1354 4894 qnod
1379 4812 1550 4892 imperator
1577 4811 1652 4875 haec
1678 4813 1791 4891 seruet,
1818 4812 1847 4874 si

190 4937 261 4982 aera
282 4919 391 4983 contra
412 4935 450 4982 ea
471 4917 585 4996 omiot,
607 4935 640 4982 se
662 4918 805 4984 eeclesiae
826 4917 983 4997 affuturas
1003 4935 1077 4982 esse.
1498 4914 1593 4992 1230,
1617 4911 1680 4977 Iul.
1703 4914 1757 4977 23.

299 5213 527 5303 Blertholdus]
548 5217 737 5300 patriarcha
763 5217 1013 5301 Aquilepimnsis‚
1043 5214 1285 5302 [Eherhardus]
1312 5212 1561 5294 archiepiscopus
1587 5209 1847 5294 Solishrnpensrs,

114 5390 139 5428 ³5
192 5321 407 5409 [Sipefridus]
438 5321 681 5403 Ratisponensis
713 5323 874 5404 episcopm
905 5321 1064 5386 uniuersis
1094 5323 1202 5384 ndum
1234 5317 1372 5399 faciunt,
1406 5313 1554 5414 promocio
1583 5312 1671 5396 opned
1696 5313 1848 5380 Sanctum

195 5427 390 5491 Garnonum
416 5424 450 5488 in
477 5424 663 5505 praesentia
692 5424 850 5488 Iohannis
878 5423 1066 5490 Sabinensis
1092 5422 1227 5503 episcopi
1251 5425 1280 5484 et
1305 5417 1637 5500 manumissum·
1663 5416 1846 5493 cardinalis,

192 5529 363 5610 lapatorum
387 5547 507 5608 popae,
542 5531 571 5591 ct
600 5519 771 5591 multorum
800 5527 937 5592 aliarum
964 5543 1077 5589 causac
1104 5524 1199 5589 lectae
1226 5523 1307 5600 sint,
1333 5525 1465 5602 propter
1493 5538 1575 5600 quas
1601 5519 1770 5599 iapmatar
1795 5539 1848 5582 eu·

192 5631 433 5696 communicatus
460 5629 518 5692 sit:
548 5629 681 5693 tuncino
701 5629 845 5710 praefixo
866 5649 935 5692 eum
963 5646 1029 5691 nan
1051 5625 1290 5707 transfretasse,
1317 5624 1506 5706 promissum
1527 5643 1691 5687 normarum
1713 5621 1849 5686 rnilitum
