4596 6406
815 405 1016 462 EPIS'IOLAII
1033 407 1222 465 schacum.
1258 411 1335 466 1240.
1829 413 1893 478 699

238 579 394 646 siminus
417 581 528 646 valent
557 579 642 646 dicte
670 580 754 645 libre
783 579 847 645 tria
873 581 964 646 milia
991 581 1169 668 quingente
1192 582 1407 671 quingaginta
1416 593 1440 666 ⁸,
1463 584 1566 648 libras
1589 584 1740 671 promisit
1763 585 1893 670 legatus

238 685 392 772 supplere
416 686 589 750 communi.

345 785 430 853 Item
462 788 614 854 conuenit
646 793 680 851 et
710 787 862 872 promisit
894 787 1099 874 supradictus
1131 789 1276 856 sindicus
1306 791 1438 856 nomine
1468 792 1650 856 communis
1678 789 1891 860 Ianuensium

237 893 301 979 ipsi
324 892 456 957 dominc
478 893 588 978 legato
616 891 788 977 recipienti
818 891 949 956 nomine
979 891 1102 958 domiui
1131 914 1216 980 pepe
1248 894 1371 979 eligere
1401 894 1484 960 duos
1514 894 1618 976 uiros,
1651 895 1769 982 quibus
1798 902 1832 959 et
1858 895 1891 958 in

237 1017 374 1082 quorum
396 1001 560 1082 potestate
588 993 695 1059 tradet
723 994 897 1080 pecuniam
929 995 1151 1082 supradictam
1179 1004 1214 1062 et
1243 998 1341 1063 aliam
1363 1019 1426 1084 que
1451 999 1596 1063 solvetur
1617 1019 1722 1084 usque
1746 998 1787 1063 ad
1812 1020 1890 1064 oon-

234 1105 419 1165 currentem
442 1100 657 1184 quantitatem
679 1098 751 1184 ipse
774 1096 925 1162 dominns
952 1100 1082 1184 legatus
1110 1101 1164 1165 uel
1196 1102 1302 1166 nuntii
1331 1101 1453 1166 domini
1483 1122 1586 1189 pepe,
1614 1123 1673 1188 pro
1698 1122 1739 1167 ea
1761 1123 1889 1188 expen-

234 1202 342 1268 denda
362 1204 396 1267 iu
418 1202 515 1267 dictis
537 1204 643 1288 galeis
666 1210 699 1267 et
722 1201 838 1266 taridis
860 1209 894 1266 et
916 1203 1126 1290 apparatibus
1147 1204 1327 1270 earundem
1349 1212 1384 1270 et
1405 1228 1470 1272 non
1493 1208 1527 1272 in
1549 1206 1624 1272 aliis
1647 1207 1801 1291 negotiis,
1825 1206 1890 1271 nisi

234 1314 325 1371 esset
347 1306 388 1372 de
411 1307 580 1370 voluntate
603 1305 724 1370 domini
753 1327 838 1393 pepe
862 1307 915 1370 vel
945 1308 1132 1371 nuntiorum
1165 1309 1237 1373 eius
1265 1309 1305 1373 ad
1333 1309 1396 1373 hoc
1425 1311 1676 1376 constitutorum
1704 1310 1757 1373 vel
1788 1309 1890 1395 ipsius

234 1410 347 1496 legati.
402 1408 631 1497 Supradictam
661 1430 739 1474 vero
774 1408 960 1474 mercedem
994 1417 1028 1475 et
1060 1412 1202 1497 pretium
1236 1412 1396 1478 dictarum
1430 1415 1597 1500 galearum
1631 1420 1667 1478 et
1701 1412 1890 1490 taridarum,
1966 1499 1969 1502 Ι

235 1513 413 1578 secundum
437 1512 524 1600 quod
547 1513 699 1599 superius
722 1512 843 1577 dictum
867 1519 927 1594 est,
950 1514 1036 1578 ultra
1058 1512 1162 1579 dictas
1185 1515 1287 1579 libras
1311 1517 1375 1581 tcta
1395 1518 1486 1582 milia
1508 1518 1704 1603 quingentas
1727 1517 1889 1601 quinqua·

231 1618 333 1702 ginta,
357 1637 420 1703 que
443 1616 565 1681 debent
588 1616 770 1700 computari
792 1616 825 1680 in
848 1616 921 1702 ipsa
943 1616 1095 1682 mercede
1119 1625 1153 1682 et
1175 1619 1294 1705 pretio,
1317 1620 1417 1685 debet
1440 1621 1563 1686 habere
1586 1641 1759 1685 commune
1784 1619 1889 1684 Ianus

233 1727 308 1786 ante
330 1741 391 1807 per
412 1739 559 1785 mensem
576 1739 675 1784 unum
692 1739 788 1804 quam
808 1719 880 1804 ipse
897 1720 992 1804 galee
1016 1727 1050 1785 et
1071 1720 1177 1786 taride
1201 1729 1379 1805 armentur,
1402 1729 1499 1810 prout
1522 1724 1672 1810 superius
1690 1722 1813 1788 dictum
1828 1729 1890 1789 est.

338 1824 423 1888 Item
446 1829 555 1888 actum
579 1829 631 1887 est
653 1823 739 1886 inter
761 1823 851 1908 ipsas
874 1829 997 1908 partes,
1021 1823 1108 1909 quod
1132 1825 1161 1887 si
1184 1825 1373 1910 supradicte
1397 1828 1493 1912 galee
1516 1833 1550 1892 et
1569 1825 1674 1892 taride
1696 1847 1761 1891 non
1777 1833 1890 1891 essent

232 1927 419 1992 necessarie
449 1947 509 2013 pro
539 1924 734 2012 supradictis
762 1926 899 2011 prelatis
928 1933 962 1991 et
988 1927 1062 1992 aliis
1094 1927 1253 1993 ducendis
1281 1935 1315 1992 et
1342 1928 1553 2010 reducendis,
1584 1928 1695 1994 metet
1718 1930 1804 1994 libre
1826 1929 1890 1995 tria

142 2081 143 2084 ,
233 2031 324 2094 milia
347 2030 526 2116 quingente
549 2028 785 2114 quinquaginta
807 2034 841 2094 ct
864 2029 929 2094 alia
951 2031 1106 2116 pecunia,
1138 2051 1202 2115 que
1226 2033 1335 2096 soluta
1363 2039 1467 2116 essct,
1497 2039 1728 2120 computentur
1750 2053 1809 2120 pro
1833 2034 1890 2098 illa

230 2135 373 2219 pecunia
394 2139 428 2197 et
451 2133 484 2196 in
508 2132 574 2212 illa,
598 2152 661 2217 que
684 2130 783 2196 debet
806 2132 876 2196 dari
899 2155 919 2197 a
941 2133 1072 2198 domino
1101 2155 1188 2220 papa
1218 2156 1279 2220 pro
1306 2136 1461 2218 naribus,
1491 2137 1595 2222 galeis
1619 2144 1654 2202 et
1675 2137 1814 2200 usceriis
1838 2137 1888 2200 in-

230 2235 355 2301 trandis
377 2238 411 2301 in
433 2257 586 2321 regnum,
610 2235 666 2300 illo
689 2238 780 2300 salvo
811 2237 899 2323 quod
927 2238 1010 2302 libre
1033 2237 1165 2315 XXVI,
1195 2259 1258 2324 que
1286 2239 1553 2326 expenderentur
1581 2238 1614 2305 in
1643 2241 1884 2326 preparatione,

229 2339 292 2404 hoe
309 2347 361 2405 est
381 2340 415 2404 in
438 2345 600 2425 apertura,
623 2340 881 2425 uniuscuiusque
904 2339 1094 2421 taridarum,
1116 2362 1181 2405 non
1197 2342 1363 2407 debeant⁰
1385 2345 1567 2429 computari
1590 2345 1624 2408 in
1646 2344 1799 2430 pecunia,
1823 2365 1886 2429 que

229 2442 299 2507 dari
321 2442 421 2507 debet
442 2463 502 2528 pro
526 2442 639 2527 galeis,
663 2443 802 2507 navibus
826 2448 860 2506 et
882 2443 1042 2508 uscheriis
1066 2443 1228 2509 intrandis
1252 2445 1285 2508 in
1307 2467 1456 2531 regnum.

338 2546 423 2611 Item
445 2553 554 2614 actum
578 2553 629 2611 est
651 2547 738 2612 inter
759 2548 849 2635 ipsas
871 2554 1000 2634 partes,
1032 2549 1119 2635 quod
1142 2550 1170 2614 si
1193 2571 1312 2630 naues,
1342 2552 1438 2634 galee
1467 2557 1502 2614 et
1521 2549 1666 2614 ascherii
1687 2571 1753 2614 non
1775 2554 1888 2614 essent

229 2651 417 2716 necessarie
445 2672 504 2737 pro
538 2650 706 2715 invasione
739 2651 850 2734 regni,
886 2650 987 2716 debet
1021 2651 1140 2716 cedere
1170 2652 1329 2738 pecunia,
1364 2674 1428 2738 que
1462 2653 1569 2718 soluta
1602 2660 1692 2718 esset
1721 2653 1885 2718 communi

227 2753 455 2838 lamensium,
479 2756 512 2820 in
534 2756 661 2820 lucrum
684 2754 865 2820 communis
888 2755 991 2820 Ianus
1016 2763 1048 2820 et
1072 2755 1221 2822 eiusdem
1245 2756 1534 2821 communicasse.

336 2859 490 2924 Predicta
502 2859 610 2922 omnia
623 2863 657 2922 et
670 2858 800 2943 singula
815 2859 1021 2945 supradictus
1037 2860 1183 2925 sindicus
1201 2861 1333 2925 nomine
1350 2860 1531 2924 communis
1543 2859 1647 2924 Ianne
1657 2858 1807 2946 promisit
1822 2857 1886 2944 ipsi

228 2962 359 3028 domino
382 2962 492 3048 legato
515 2962 686 3046 recipienti
707 2962 840 3028 nomine
862 2964 980 3027 summi
1007 2964 1170 3050 pontilicis
1191 2963 1379 3046 attendero,
1402 2964 1569 3050 complere
1594 2970 1628 3028 et
1651 2963 1828 3028 observare
1852 2966 1886 3026 et

228 3067 262 3131 iu
281 3067 371 3131 nullo
388 3066 614 3130 contravenire
631 3065 691 3130 sub
707 3086 793 3152 pena
809 3087 991 3131 marcarum
1015 3067 1158 3153 quinque
1181 3068 1307 3132 milium
1330 3068 1458 3151 argenti
1481 3067 1637 3154 stipulata
1659 3074 1693 3132 et
1714 3065 1885 3153 promissa,

225 3191 285 3256 pro
307 3189 372 3255 qua
393 3190 480 3256 pena
502 3174 536 3232 et
557 3167 622 3232 ad‘
645 3167 695 3232 eic'
714 3169 954 3234 observandum
978 3172 1089 3234 omnia
1105 3172 1194 3235 bona
1209 3170 1389 3235 communis
1406 3169 1555 3234 eiusdem
1571 3169 1701 3256 pignori
1718 3167 1884 3253 obligarit.

227 3274 367 3361 Insuper
392 3274 511 3338 iuravit
533 3271 619 3336 idem
642 3271 787 3336 sindicus
809 3273 842 3336 in
865 3274 1006 3338 animam
1035 3275 1210 3361 potcstatis
1239 3281 1274 3339 et
1302 3273 1561 3338 consiliariorum
1588 3273 1693 3338 Ianua
1719 3271 1829 3340 omnia
1851 3276 1885 3335 et

226 3377 357 3462 singula
380 3375 550 3440 attendere
575 3381 609 3439 et
630 3375 808 3440 observare
832 3382 866 3440 et
889 3377 1070 3464 complere,
1100 3385 1133 3442 et
1156 3378 1243 3464 quod
1266 3383 1415 3464 potestas
1438 3378 1592 3463 sequenti
1617 3376 1801 3441 successori
1823 3395 1883 3440 suo

226 3479 368 3545 dimittet
399 3501 459 3567 per
490 3478 634 3565 speciale
667 3485 908 3543 sacramentum
936 3487 971 3545 et
1000 3487 1190 3562 teneamen,
1225 3480 1311 3567 quod
1344 3480 1454 3545 omnia
1480 3480 1667 3566 supradicta
1694 3486 1728 3544 et
1754 3479 1883 3563 singula

226 3584 403 3648 observare
427 3583 548 3647 debeat
571 3589 604 3646 et
626 3587 785 3646 teneatur.
820 3582 929 3646 Versa
943 3583 1014 3647 vice
1031 3582 1138 3648 dictus
1153 3583 1306 3648 dominus
1330 3585 1460 3669 legatus
1478 3583 1674 3648 auctoritate
1699 3590 1733 3647 ot
1750 3581 1883 3646 licentia

224 3687 287 3751 sibi
310 3707 468 3751 concessa
490 3707 510 3749 a
533 3684 664 3748 domino
687 3705 782 3771 papa,
806 3685 900 3749 cuius
923 3686 1072 3750 licentie⁰
1099 3693 1195 3751 tenor
1216 3694 1268 3751 est
1290 3685 1428 3750 inferius
1452 3686 1656 3771 descriptus:
1689 3684 1881 3769 ‘Gregorius

223 3790 398 3876 episcopus
421 3787 529 3866 etc.'¹,
553 3788 684 3852 nomine
708 3794 742 3851 et
765 3788 835 3852 vico
860 3789 977 3853 summi
999 3790 1164 3874 pontilicis
1187 3797 1221 3854 et
1243 3790 1393 3875 promisit
1414 3797 1450 3854 et
1473 3789 1628 3854 convenit
1642 3787 1730 3853 dicto
1754 3787 1880 3854 sindico

222 3894 353 3957 nomine
376 3892 557 3957 communis
580 3891 681 3955 Ienue
705 3891 887 3974 attendere,
911 3892 1077 3978 complere
1102 3900 1136 3957 et
1158 3893 1333 3957 observare
1357 3893 1467 3957 omnia
1489 3898 1522 3956 et
1546 3891 1693 3976 singula,
1723 3911 1879 3976 quecum-

222 4019 285 4083 que
309 3998 458 4085 superius
481 3997 605 4082 scripta
627 4002 717 4076 sunt,
746 3995 797 4060 et'
817 3995 925 4082 ipsum
948 3994 1115 4060 dominum
1144 4017 1263 4082 papam
1286 3997 1340 4060 vel
1366 3996 1438 4060 eius
1468 3995 1600 4059 nuntios
1624 3995 1735 4060 iacere
1758 3993 1879 4059 debere

223 4102 284 4166 sub
311 4123 398 4188 pena
423 4122 604 4166 marcarum
627 4101 660 4165 X
686 4101 812 4166 milium
842 4102 992 4188 argentiss
1019 4101 1174 4186 stipulata
1201 4106 1235 4165 et
1265 4100 1428 4186 promissa
1449 4120 1470 4163 a
1490 4097 1580 4162 dicto
1608 4099 1719 4183 legato
1746 4099 1879 4163 nomine

223 4206 341 4270 summi
370 4205 549 4291 pontificis,
583 4225 642 4290 pro
676 4225 740 4289 qua
770 4205 911 4290 pecunie
943 4210 976 4268 et
1010 4201 1051 4266 ad
1089 4205 1136 4268 sic
1168 4202 1408 4269 observandum
1439 4202 1596 4268 universa
1624 4204 1711 4267 bona
1737 4202 1879 4266 ecclesie

221 4309 370 4374 Romane
394 4309 522 4395 pignori
545 4308 703 4392 obligarit
725 4307 813 4372 dicto
837 4308 1011 4373 communi.
1056 4305 1110 4370 Ad
1133 4327 1196 4393 que
1221 4306 1331 4372 omnia
1352 4313 1386 4370 ct
1410 4305 1541 4390 singula
1558 4304 1749 4392 supradicta
1771 4305 1878 4369 dictus

220 4412 385 4477 Heuricus
409 4418 538 4476 creatus
560 4411 622 4475 suit
646 4410 789 4475 sindicus
812 4412 844 4474 in
868 4411 1008 4476 consilio
1032 4409 1129 4492 iacto,
1153 4417 1287 4496 recepta
1310 4415 1475 4496 potestate
1499 4430 1520 4473 a
1543 4407 1639 4472 dictis
1656 4415 1821 4494 potestate
1846 4415 1879 4472 et

222 4516 417 4580 consiliariis
440 4515 569 4581 iurandi
595 4517 628 4580 in
650 4517 792 4581 animam
817 4517 973 4604 ipsorum,
996 4523 1034 4581 ut
1056 4515 1180 4580 dictum
1202 4522 1264 4580 eet.

327 4619 414 4684 Acta
436 4627 511 4684 sunt
533 4619 594 4684 hec
617 4619 720 4685 Ianne
743 4619 776 4684 in
799 4621 919 4707 palatio
935 4618 1167 4699 Fumarorum,
1190 4618 1245 4682 ubi
1266 4618 1356 4682 curia
1382 4622 1521 4682 tenetur.
1568 4615 1705 4681 Testes:
1730 4613 1874 4680 Obertus

218 4724 347 4790 Ruxius
369 4723 480 4806 iudex,
503 4724 713 4789 Guillielmus
729 4723 770 4789 de
787 4725 908 4799 Quinto
925 4723 1036 4806 iudex,
1060 4722 1225 4788 Heuricus
1242 4721 1453 4799 Maluxellus,
1476 4718 1671 4785 Frederious
1688 4718 1730 4783 de
1747 4717 1876 4798 Predis,

217 4827 362 4893 Ianonus
386 4827 427 4893 de
449 4827 550 4892 Porta
573 4829 691 4911 scriba,
714 4829 873 4915 magister
887 4828 1006 4892 Petrus
1029 4826 1071 4892 de
1088 4827 1252 4892 Guarcino
1275 4824 1400 4890 domini
1422 4846 1508 4911 pape
1532 4824 1682 4909 scriptor,
1709 4822 1875 4888 Guiredus

218 4931 259 4998 de
282 4931 450 4997 Tanasisis
473 4931 516 4997 de
538 4931 736 5014 Mediolano,
759 4933 859 4998 fratre
882 4931 942 4996 N.²
963 4938 1060 4996 teste.
1105 4930 1169 4995 Die
1192 4929 1289 5009 Iovis,
1312 4927 1397 4991 VIII
1420 4927 1500 4992 Idus
1523 4927 1698 4992 Decembr.

326 5035 420 5109 Quo⁸
453 5035 562 5100 omnia
590 5037 684 5101 vobis
711 5057 777 5101 uon
805 5037 898 5123 potui
919 5036 1050 5100 mittere
1072 5033 1239 5121 publicata
1265 5037 1401 5118 propter
1422 5030 1662 5110 festinantiam,
1690 5033 1801 5093 tamen
1830 5027 1873 5094 de

219 5140 369 5204 omuibus
392 5139 529 5205 lecimus
551 5139 624 5205 fieri
646 5140 779 5227 publica
800 5141 1028 5205 instrumenta.

322 5399 346 5464 δ)
364 5402 503 5454 &mandam
521 5419 610 5470 apogr.
629 5401 724 5454 Perea
741 5404 768 5452 in
783 5403 814 5454 R.
833 5403 869 5452 ito
887 5403 1022 5469 scriptam:
1039 5403 1077 5454 III
1087 5401 1172 5462 sivo
1190 5397 1259 5448 deest
1270 5399 1299 5448 L.
1370 5391 1396 5459 b)
1414 5394 1483 5460 quod
1501 5393 1568 5446 dicta
1586 5393 1619 5444 R.
1699 5391 1723 5456 θ)
1742 5393 1874 5444 debcatB.

217 5481 242 5554 ⁸³)
259 5485 291 5538 ad
309 5487 377 5538 deest
394 5489 422 5538 in
440 5488 474 5540 B.
561 5487 585 5556 ⁶)
602 5491 706 5541 licentia
724 5488 756 5540 R.
846 5484 867 5554 t)
885 5497 913 5539 at
930 5487 998 5538 deest
1013 5488 1042 5537 in
1060 5485 1092 5535 R.
1180 5483 1206 5548 Β)
1223 5469 1249 5534 Il
1267 5481 1367 5547 argenti
1385 5479 1417 5530 R.

320 5607 347 5672 1)
363 5621 390 5660 a.
411 5608 474 5672 784,
491 5605 517 5660 Ι.
637 5605 666 5674 2)
690 5604 724 5660 Ut
741 5604 851 5660 martur
868 5603 1000 5666 Nicolao,
1031 5600 1136 5668 dequo
1153 5597 1205 5652 aab
1223 5613 1249 5652 a.
1271 5601 1333 5652 784.
1463 5597 1492 5666 3)
1511 5591 1664 5670 desolatio
1688 5594 1820 5668 Gregorii
1842 5595 1876 5652 dc

216 5691 368 5756 Romania,
384 5691 420 5762 cs.
439 5707 467 5746 a.
487 5697 548 5749 792.

1615 5777 1668 5832 880
