4524 6412
436 359 499 428 286
1014 356 1060 416 EX
1080 353 1254 415 caesena
1273 352 1311 412 IX
1329 351 1509 412 casterno

436 542 523 602 terre
558 535 706 622 predicte
740 535 851 600 valeas
885 519 1045 615 animare,
1081 540 1202 620 quanto
1235 532 1267 597 id
1298 532 1444 598 securius
1474 531 1583 597 facere
1613 529 1755 618 poteris,
1791 553 1863 597 cum
1896 530 1997 598 fuerit
2030 527 2090 595 tibi

436 638 601 727 provisum
618 639 807 725 specialiter
821 639 855 703 in
870 639 931 703 hac
947 647 1051 724 parte.
1095 638 1204 712 Quare
1221 636 1474 701 nobilitatistue
1491 635 1643 720 precibus
1659 635 1816 713 inclinati,
1839 642 1872 700 te
1889 635 2090 700 existentem

436 743 468 806 in
492 741 666 808 devotione
690 741 877 806 huiusmodi
901 748 934 806 et
956 742 1059 806 Terre
1077 740 1196 805 Sancte
1218 739 1387 823 negotium
1410 744 1650 824 procurantem,
1673 759 1746 802 cum
1768 745 1856 803 terra
1878 745 1912 803 et
1935 739 2087 802 omnibus

434 846 540 926 bonis,
564 867 627 931 que
650 845 935 932 impresentiarum
950 844 1189 910 rationabiliter
1205 841 1366 928 possides,
1391 842 1451 906 sub
1474 841 1563 906 beati
1578 841 1670 906 Petri
1693 848 1728 906 et
1749 848 1861 906 nostra
1882 842 2088 927 protectione

436 948 632 1034 suscipimus
662 955 696 1014 et
723 949 886 1034 presentis
915 949 1028 1034 scripti
1052 947 1231 1034 patrocinio
1255 946 1503 1010 communimus.
1548 945 1639 1009 Nulli
1663 965 1741 1029 ergo
1764 946 1894 1010 omnino
1918 945 2087 1009 hominum
2139 963 2150 1000 ⁵

436 1058 497 1117 etc.
521 1057 631 1116 nostre
655 1051 868 1137 protectionis
891 1050 1082 1135 infringere.
1128 1049 1163 1113 Si
1185 1049 1257 1133 quis
1280 1054 1390 1113 autem
1412 1056 1475 1113 etc.
2096 1055 2097 1058 ’

543 1171 630 1235 Data
652 1171 802 1252 velletri,
826 1171 912 1235 XIII
935 1171 1010 1235 Kal.
1034 1170 1194 1236 Novemb.
1217 1171 1427 1256 pontificatus
1450 1169 1554 1233 nostri
1575 1189 1660 1234 anno
1684 1168 1798 1253 primo.
1869 1235 1872 1240 ,

1058 1413 1469 1422 .-.-.—————-———----

1220 1641 1306 1712 370.

544 1749 735 1862 Grcqorins
755 1779 811 1846 IX
825 1799 915 1860 pape
937 1777 1101 1842 Fridericc
1121 1776 1336 1841 Romanorum
1358 1777 1540 1857 imperatori
1561 1778 1670 1842 scribit
1690 1797 1731 1855 se,
1753 1778 1823 1842 ticet
1843 1799 1911 1844 erem
1934 1781 2090 1846 scatentia

430 1882 615 1963 persederit,
644 1884 786 1947 maxima
814 1885 917 1946 tannen
948 1902 1011 1962 qna
1037 1881 1173 1960 potaerIt
1194 1879 1355 1950 dulcedine
1377 1900 1451 1960 erpa
1472 1901 1541 1943 carn
1563 1882 1675 1960 episse;
1693 1886 1849 1946 ,anamael
1876 1883 2090 1963 oppressiones

435 1986 633 2051 catastarum
655 1987 691 2049 in
712 2005 806 2068 repne
829 1984 959 2050 Siciliae
981 1987 1009 2046 et
1025 1983 1270 2063 persecutionem
1292 1983 1435 2047 comitare
1460 1983 1643 2048 Gatianensis
1664 1987 1693 2046 ct
1714 1983 1880 2065 Raprcaldi
1901 1985 1938 2050 de
1953 1986 2086 2061 Aversa,

430 2109 502 2167 pro.
519 2089 633 2172 quibas
660 2088 785 2153 eeclesia
814 2107 846 2152 se
872 2087 1069 2169 ebiipaoerit,
1099 2106 1227 2166 enraqae
1256 2089 1373 2162 anona,
1404 2090 1439 2149 nt
1465 2085 1509 2150 iad
1533 2087 1686 2167 premiere
1709 2088 1786 2168 fidei
1805 2089 1974 2164 cntlrolicae
1997 2088 2090 2151 satis-

433 2192 577 2272 faciendo
598 2190 666 2256 Deo
686 2195 715 2256 et
733 2191 910 2256 horninibus
930 2194 1081 2255 recurrat.
1657 2194 1750 2270 1227,
1771 2192 1808 2255 in
1827 2193 1892 2272 piae
1912 2192 2002 2254 arani.

540 2312 623 2383 Grep.
642 2311 692 2365 IX
708 2311 777 2380 Rep.
800 2310 859 2364 Vel.
877 2310 903 2374 Ι,
922 2311 1047 2375 48-49,·
1065 2308 1128 2362 Lib.
1147 2308 1172 2370 Ι,
1191 2311 1269 2362 165³.

537 2396 764 2466 Pottlrast,.Rep.
783 2399 865 2449 8049.

397 2691 398 2694 Ἴ
468 2607 711 2700 Gregorius
738 2614 816 2681 etc.
843 2606 1102 2694 FredericO,
1129 2605 1431 2678 Romanorum
1457 2603 1713 2694 imperatori
1740 2610 1817 2677 eto.
1847 2605 2055 2696 spiritum
2153 2647 2163 2684 a

1060 2726 1236 2800 consilii
1264 2725 1468 2800 sanioris,

543 2877 678 2941 Utinam
700 2877 748 2940 ita
769 2876 972 2962 imperialem
1002 2876 1230 2942 celsitudinem
1261 2874 1499 2940 assuefecisses
1527 2874 1636 2938 timori
1666 2873 1790 2954 divino,
1819 2881 1856 2938 ut
1882 2875 1930 2939 illi
1956 2883 1989 2941 te
2019 2883 2090 2944 tota

436 2981 611 3047 devotione
641 2981 825 3058 subiciens,
861 2981 915 3065 qui
944 2981 1005 3046 tibi
1035 2981 1176 3046 subiecit
1204 2981 1311 3045 varias
1340 2981 1506 3060 nationes,
1540 3000 1605 3044 non
1640 2978 1746 3042 solum
1779 2978 1884 3064 ipsum
1915 2987 2028 3047 contra
2055 2989 2089 3048 te

436 3103 612 3168 provocare
635 3090 810 3164 metueres,
833 3105 875 3148 nc
898 3085 1083 3170 arguereris
1104 3084 1348 3170 ingratitudinis
1364 3083 1549 3163 manifeste,
1573 3089 1623 3146 set
1645 3104 1704 3169 pro
1727 3083 1891 3168 perceptis
1915 3083 2086 3150 beneficiis

436 3186 479 3250 ad
502 3186 708 3252 serviendum
733 3188 797 3252 sibi
820 3189 897 3253 totis
919 3188 1093 3254 desideriis
1116 3189 1295 3275 aspirares,
1326 3188 1380 3272 qui
1410 3209 1483 3252 cum
1509 3207 1574 3252 uon
1596 3187 1660 3252 nisi
1683 3208 1742 3272 pro
1765 3194 1798 3253 te
1822 3187 1969 3274 indigeat
1990 3188 2087 3253 bonis
2139 3219 2165 3258 ao

436 3289 519 3370 tuis,
557 3311 762 3376 nequaquam
805 3292 961 3357 affectum
998 3292 1119 3357 nedum
1161 3293 1313 3357 effectum
1355 3293 1625 3356 irremuneratum
1663 3290 1865 3375 relinqueret
1902 3292 2088 3357 servientis.

435 3391 569 3456 Utinam
600 3414 728 3479 quoque
757 3393 995 3478 benignitatem
1025 3402 1058 3459 et
1088 3395 1279 3481 patientiam
1309 3395 1450 3460 ecclesie
1480 3394 1628 3458 Romane
1656 3392 1824 3458 humiliter
1852 3415 2088 3481 recognoscas;

435 3515 532 3580 quam
556 3517 629 3560 cum
653 3497 904 3582 exasperaveris
926 3498 1163 3583 multipliciter,
1185 3498 1272 3562 ultra
1294 3518 1390 3581 quam
1414 3496 1569 3583 expediat
1592 3497 1768 3575 recenseri,
1791 3519 1833 3562 ne
1857 3498 2088 3565 celsitudinem

434 3607 524 3666 tuam
546 3600 702 3665 conviciis
725 3601 811 3667 velle
834 3601 1000 3666 lacescere
1017 3601 1196 3683 videamur,
1219 3603 1292 3688 ipsa
1314 3622 1393 3686 erga
1415 3607 1448 3665 te
1472 3621 1601 3686 semper
1624 3599 1761 3666 affluens
1785 3600 1917 3685 pietatis
1939 3609 2088 3668 materne

434 3704 632 3784 visceribus,
661 3711 771 3769 tecum
798 3725 974 3791 numquam
1007 3706 1170 3791 processit
1197 3706 1261 3770 uisi
1291 3705 1338 3778 in„
1354 3704 1470 3790 spiritu
1498 3704 1654 3768 lenitatis.
1706 3705 1814 3779 Quare
1840 3707 2025 3791 arguimur,
2053 3713 2088 3772 et
2139 3733 2165 3771 aa

263 3826 332 3870 uxor.
347 3833 415 3881 aaa.
433 3807 570 3871 forsitan
599 3828 664 3871 non
693 3807 843 3894 indigne,
872 3806 958 3893 quod
986 3808 1079 3893 quasi
1113 3813 1293 3892 coquentes
1322 3807 1419 3873 edum
1448 3808 1482 3870 in
1511 3807 1596 3872 lecte
1624 3808 1737 3873 matris
1767 3816 1799 3874 te
1828 3809 1862 3873 iu
1890 3809 1955 3874 tuis
1978 3809 2088 3874 noxiis

434 3911 656 3975 voluntatibus
680 3911 792 3976 lovere
815 3910 964 3976 ridemur
986 3911 1019 3974 in
1041 3912 1217 3976 multorum
1240 3910 1454 3996 preiudicium
1478 3917 1511 3975 et
1534 3909 1722 3975 scandalum
1746 3912 1887 3978 ecclesie
1911 3913 2087 3997 generalis.

433 4013 529 4078 Licet
552 4014 639 4079 enim
671 4035 714 4078 cx
742 4033 781 4077 eo
814 4012 900 4098 quod
924 4011 1047 4077 Christi
1074 4035 1224 4093 causam,
1257 4035 1354 4098 quam
1381 4012 1546 4077 videbaris
1578 4015 1828 4098 magnanimiter
1854 4017 2086 4102 assumpsisse,

434 4117 643 4202 sperantibus
675 4115 745 4180 lere
775 4116 926 4179 omnibus
953 4120 986 4180 te
1014 4115 1105 4180 illam
1132 4116 1173 4181 ad
1201 4116 1299 4180 finem
1330 4115 1494 4180 deducere
1524 4116 1720 4201 gloriosum,
1749 4118 1796 4181 ita
1827 4119 2008 4200 enerviter,
2039 4120 2087 4183 ita

433 4221 631 4306 periculose,
654 4219 701 4284 ite
722 4220 843 4284 misere
866 4218 1025 4301 deiecisti,
1048 4219 1140 4288 dolor
1162 4218 1406 4300 immoderatus,
1431 4225 1544 4304 stupor
1566 4219 1745 4286 immensus
1769 4227 1803 4285 et
1826 4223 1968 4286 enormis
1992 4243 2084 4288 orror
2135 4257 2162 4296 ao

435 4343 552 4409 eorpus
577 4328 610 4388 et
632 4323 773 4387 animam
795 4328 942 4387 nostram
963 4322 1106 4409 undique
1131 4323 1421 4402 circumdederint,
1448 4322 1495 4387 ite
1525 4321 1612 4406 quod
1641 4323 1710 4387 lare
1732 4324 1768 4387 in
1791 4326 1899 4390 extasi
1921 4325 2021 4411 positi
2044 4326 2085 4392 de

433 4427 681 4511 recuperatione
697 4425 799 4492 Terre
817 4425 936 4492 Sancte
960 4449 1044 4514 pene
1060 4426 1190 4514 penitus
1208 4427 1354 4512 cepimus
1370 4425 1557 4510 desperare,
1580 4426 1696 4491 flentes
1719 4427 1922 4493 amarissime
1946 4429 2085 4494 nichilo-

434 4528 540 4592 minus
570 4534 618 4593 tot
646 4535 679 4593 et
711 4536 819 4594 tantos
851 4531 1021 4595 occasione
1052 4531 1099 4594 tui
1122 4536 1268 4594 mortuos
1292 4529 1495 4592 Christianos
1520 4536 1553 4593 et
1581 4535 1751 4613 gementes
1782 4531 1911 4596 illorum
1939 4534 2085 4616 exilium,

434 4631 558 4696 utinam
580 4652 646 4696 non
669 4632 868 4714 excidiumt,
893 4633 947 4718 qui
970 4654 1029 4719 pro
1052 4640 1109 4698 tua
1126 4633 1246 4698 fiducia
1267 4633 1331 4698 iter
1345 4633 1551 4718 arripuerunt
1573 4632 1606 4696 in
1621 4633 1770 4700 eiusdem
1793 4642 1879 4701 terre
1904 4637 2084 4703 subsidium

434 4734 675 4816 transfretandi,
700 4755 795 4800 omne
811 4741 922 4800 tamen
938 4735 1024 4820 quod
1042 4737 1207 4822 potuimus
1225 4742 1353 4822 ergata
1370 4735 1572 4800 servavimus
1586 4738 1847 4803 mansuetudinis
1863 4739 2083 4822 moderamen,
2136 4769 2162 4809 aa

433 4837 523 4901 illem
545 4844 670 4902 tantum
694 4837 891 4903 sententiam
913 4838 1124 4924 publicando,
1154 4859 1250 4924 quam
1281 4839 1351 4924 ipse
1380 4838 1414 4902 in
1442 4844 1475 4902 te
1498 4839 1700 4905 voluntarius
1723 4841 1850 4908 ieceras
1873 4845 2084 4930 promulgari,

434 4947 467 5004 et
488 4940 684 5005 retardando
708 4941 797 5022 illas,
830 4962 911 5028 quas
934 4941 1132 5007 consensisti
1154 4941 1325 5020 ferendas,
1356 4942 1420 5006 nisi
1444 4941 1647 5008 conditiones
1677 4944 1759 5010 alias
1782 4967 1862 5031 quas
1885 4949 2084 5034 promiseras

433 5042 640 5131 adimpleres.
684 5045 735 5110 Ne
759 5051 870 5110 autem
892 5045 998 5131 possit
1013 5045 1174 5132 quispiam
1190 5047 1360 5132 suspicari,
1384 5045 1469 5130 quod
1493 5047 1691 5113 sinceritatis
1714 5049 1861 5130 affectus,
1885 5072 1981 5136 quern
2005 5074 2085 5139 erga

280 5169 345 5212 rav.
359 5173 414 5220 aa.
432 5154 465 5212 te
489 5148 645 5234 gerimus,
669 5149 712 5212 sit
734 5169 777 5212 ex
799 5147 862 5211 hoc
885 5148 938 5212 vel
961 5148 994 5211 in
1017 5148 1126 5234 aliquo
1149 5148 1341 5228 diminutus,
1365 5171 1439 5214 cum
1462 5149 1590 5214 dicatur
1611 5153 1731 5237 potius,
1756 5152 1841 5239 quod
1864 5160 1959 5240 pater
1979 5155 2083 5220 filium

432 5270 529 5334 quem
552 5249 659 5337 diligit
686 5251 834 5336 corripit,
864 5258 898 5316 et
920 5272 939 5315 e
962 5253 1124 5316 contrario
1148 5253 1203 5338 qui
1225 5253 1330 5338 parcit
1351 5254 1444 5338 virge
1467 5252 1536 5318 odit
1565 5254 1683 5336 filium,
1713 5277 1753 5320 ca
1781 5277 1843 5341 que
1871 5255 1912 5320 ad
1944 5258 2082 5323 salutern
2136 5295 2164 5332 so

431 5353 539 5417 anime
563 5359 633 5434 tue,
665 5374 761 5438 quam
783 5354 861 5420 totis
883 5354 1065 5419 visceribus
1088 5341 1292 5440 olfaciamus,
1321 5356 1488 5442 pertinere
1512 5356 1756 5442 cognoscimus,
1785 5381 1846 5424 nee
1869 5381 1934 5424 non
1957 5382 1997 5426 ea
2019 5384 2082 5448 que
2183 5431 2188 5440 ,

542 5529 869 5537 ----—---——--.-—---..-
884 5533 1362 5541 t—mm-uss-—ffl-b-
1380 5535 1536 5541 .-....---.,-..
1546 5535 1698 5540 -——---—--
1719 5537 1886 5543 ——---—-

536 5647 557 5710 ¹)
576 5648 632 5698 Lib.
651 5646 736 5711 1,165
753 5621 923 5716 neppteainras
940 5669 971 5701 en
988 5651 1064 5720 Rapa
1083 5671 1107 5702 a.
1129 5655 1204 5716 122i,
1221 5654 1237 5716 §
1256 5658 1300 5704 40.
