4538 6426
771 351 972 410 EPISTOLAE
990 351 1179 412 SELECTAE.
1215 357 1291 413 1218.

633 603 870 677 Universis
900 601 1127 693 episcopis
1153 602 1431 678 Lombardie.

316 753 448 841 Sperari
470 760 599 841 peterat
630 759 664 818 et
690 752 870 817 verisimile
894 751 1080 831 videbatur,
1109 759 1146 817 ut
1167 752 1442 835 Mediolanenses,
1472 775 1607 840 querum
1631 758 1806 823 elationem
1830 767 1864 825 et

206 859 394 944 superbiam
427 865 618 922 consuetam
640 856 802 921 Dominus
835 878 910 921 cunr
939 878 1051 921 eorum
1089 856 1280 920 confusione
1313 859 1483 943 corripuit,
1515 880 1635 924 nemen
1658 861 1730 925 ciue
1755 864 1863 928 saltim

205 983 279 1027 sere
302 963 517 1046 requirerent,
541 967 574 1025 et
596 959 638 1024 ad
659 961 751 1024 illurn
773 961 927 1024 intuitum
949 961 1093 1046 ipserum
1122 961 1287 1045 erigerent
1310 959 1530 1040 tenebrosum,
1555 963 1647 1028 euius
1670 985 1785 1028 manus
1807 972 1858 1030 est
1888 975 1925 1018 Ea·
1940 983 1995 1028 au·

207 1086 306 1151 super
328 1085 458 1128 ornnem
491 1064 669 1150 superbum
705 1071 739 1128 et
768 1071 995 1149 arrogantem,
1029 1065 1085 1129 ubi
1115 1065 1324 1130 eminentiam
1357 1072 1493 1130 enervet
1518 1066 1705 1131 sublimium
1729 1074 1762 1132 et
1784 1090 1860 1154 pre-

205 1174 330 1233 stemat
352 1167 559 1232 altitudinem
584 1166 808 1254 superborum.
855 1166 953 1232 Certe
983 1167 1009 1231 si
1034 1167 1212 1253 respiciant
1235 1188 1253 1230 e
1277 1168 1401 1240 vicine,
1434 1190 1491 1232 sue
1523 1168 1693 1235 dumtaxat
1715 1172 1862 1256 potentie

205 1271 301 1334 inniti
323 1291 388 1336 nen
412 1269 534 1336 debent
556 1275 589 1333 et
611 1269 764 1334 fiduciam
786 1290 909 1355 ponere
932 1270 966 1332 in
989 1268 1195 1334 multitudine
1219 1269 1457 1355 quadrigarum.
1502 1272 1586 1337 Nam
1609 1273 1786 1338 humilibus
1808 1275 1856 1338 eis
1888 1293 1995 1346 isaar.

205 1375 436 1440 resistentibus
464 1373 555 1439 dedit
583 1374 744 1439 Dominus
773 1375 927 1459 gratiam,
962 1375 1008 1437 ita
1036 1379 1072 1437 ut
1106 1395 1178 1438 curn
1211 1375 1276 1460 ipsi
1316 1375 1486 1440 crederent
1515 1377 1624 1440 emnia
1651 1375 1801 1462 redigere
1828 1377 1861 1440 in
1908 1447 1912 1455 ,

204 1480 347 1544 cinerem
383 1483 416 1542 et
447 1476 604 1551 favillam,
634 1477 786 1542 viderunt
819 1483 852 1542 et
881 1475 1055 1541 doluerunt
1069 1487 1091 1556 ¹¹,
1124 1477 1212 1562 qued
1238 1499 1350 1543 eornm
1381 1481 1581 1563 arrogantia,
1610 1479 1791 1564 indignatio
1829 1489 1862 1544 et

136 1607 141 1632 ¹
206 1581 360 1668 superbia
383 1588 434 1646 eat
456 1581 553 1666 lenge
575 1582 715 1667 amplius
739 1601 836 1666 quam
860 1581 1005 1665 ipsorum
1027 1602 1092 1644 non
1114 1579 1377 1645 erubescentium
1400 1581 1565 1646 fortitude.
1610 1583 1713 1646 Perre
1735 1583 1861 1647 lieetin

203 1685 351 1769 generali
375 1684 513 1748 coneilio
536 1706 595 1769 pre
619 1682 812 1769 exequendo
836 1681 1037 1746 commodius
1059 1682 1161 1746 Terre
1179 1683 1297 1747 Sancte
1322 1705 1478 1748 succursu
1499 1684 1636 1770 provida
1658 1683 1757 1749 fuerit
1779 1684 1861 1749 deli·

204 1788 372 1853 beratione
396 1793 570 1866 statutum,
605 1795 641 1852 ut
671 1787 835 1873 principes
871 1794 904 1852 et
927 1787 1039 1873 pepuli
1063 1785 1240 1849 Christiani
1271 1786 1312 1849 ad
1339 1788 1477 1851 invinent
1507 1789 1637 1872 plenam
1664 1809 1780 1874 pacem
1806 1794 1862 1852 aut

203 1891 329 1956 firmam
351 1897 522 1976 treuguam
546 1891 653 1954 saltim
675 1911 735 1974 per
749 1888 998 1973 quadriennium
1019 1887 1253 1952 invielabiliter
1269 1887 1491 1968 observarent,
1516 1897 1548 1953 et
1571 1891 1627 1974 qui
1650 1891 1859 1975 acquiescere

203 1993 288 2058 ferte
314 1999 594 2079 centempnerent,
627 2014 686 2079 per
720 1992 1093 2057 excommunicationem
1125 1991 1158 2054 in
1189 2013 1347 2076 personas
1382 1999 1415 2055 et
1449 1992 1656 2057 interdictum
1689 1994 1723 2057 in
1757 1998 1861 2058 terras

205 2097 367 2160 artissime
397 2103 610 2181 cogerentur,
647 2095 912 2160 Mediolanenses
952 2101 1062 2160 tamen
1093 2092 1231 2179 predicti
1262 2115 1437 2179 numquam
1467 2101 1681 2160 cessaverunt
1708 2096 1861 2180 persequi

204 2197 418 2276 Christianos,
440 2200 494 2263 ιθ]
516 2199 627 2263 verius
650 2198 757 2282 ipsum
781 2196 964 2274 Christum,
989 2203 1116 2261 etcum
1141 2217 1226 2260 nunc
1250 2197 1282 2259 in
1307 2197 1517 2282 expeditione
1541 2197 1643 2282 ipsius
1666 2198 1708 2262 ab
1732 2199 1859 2263 oriente

202 2322 307 2386 usque
341 2299 383 2365 ad
416 2299 619 2365 occidentem
654 2307 743 2365 tetus
777 2301 845 2365 lere
874 2306 1029 2385 urgeatur
1056 2300 1196 2385 populus
1222 2297 1442 2378 Christianus,
1469 2299 1568 2364 iidem
1595 2307 1706 2366 erecta
1733 2300 1860 2366 cervice

204 2411 317 2468 contra
338 2403 447 2469 Deum
470 2402 662 2468 incedentes
685 2425 790 2489 nuper
812 2403 913 2467 etiam
937 2409 1050 2467 centra
1072 2401 1210 2466 dilectos
1237 2402 1321 2466 tilios
1345 2401 1585 2467 Cremonenses
1608 2409 1642 2468 et
1662 2401 1860 2468 Parmenses

204 2508 344 2593 superbe
373 2508 466 2572 eenle
495 2515 529 2573 et
556 2507 734 2571 insatiabili
764 2506 862 2572 eorde
891 2507 1074 2572 exercitum
1105 2527 1281 2592 preparare
1313 2506 1470 2570 nituntur.
1532 2499 1628 2570 Unde
1657 2506 1734 2591 quia
1760 2505 1861 2571 nichil

120 2635 133 2672 s
204 2609 295 2674 aliud
316 2616 442 2676 restare
468 2609 605 2684 videtur,
628 2611 692 2674 nisi
714 2615 750 2675 ut
768 2611 801 2674 in
818 2611 1018 2676 confusionis
1036 2611 1243 2696 precipitium
1259 2617 1411 2674 cormant
1427 2611 1638 2694 ignominiam
1656 2609 1860 2690 adducentis,

204 2734 279 2778 cum
301 2719 412 2799 preter
434 2712 578 2777 divinum
602 2713 770 2792 timerem,
805 2735 902 2799 quem
935 2735 1069 2799 prorsus
1102 2713 1264 2778 abiecisse
1296 2720 1491 2793 noscuntur,
1525 2713 1618 2796 quasi
1649 2712 1773 2777 absorti
1801 2733 1861 2798 per

203 2815 441 2902 desperationis
457 2817 647 2901 veraginem
665 2837 868 2902 nequaquam
886 2816 1125 2881 contundantur
1139 2818 1191 2880 ιθ]
1208 2817 1404 2880 erubescant
1419 2814 1577 2894 adversis,
1600 2835 1714 2880 manus
1730 2821 1859 2880 nostras

203 2920 239 2984 in
260 2941 318 2984 θοι
342 2918 494 2983 duximus
522 2918 784 3004 aggravandasl‘,
813 2921 962 2984 volentes
992 2967 1031 2984 ..
1061 2926 1275 3006 potestatem,
1306 2919 1509 2982 consiliarios
1537 2940 1664 2984 necnon
1692 2925 1725 2984 ct
1755 2918 1859 2984 secie·

203 3027 308 3086 tatum
330 3023 504 3107 magistros
532 3023 674 3087 civitatis
700 3045 813 3088 cerum
845 3045 905 3110 per
932 3030 1031 3090 tetam
1064 3021 1293 3087 Lembardiam
1322 3022 1458 3107 singulis
1490 3021 1606 3086 diebus
1629 3022 1800 3086 dominicis
1827 3027 1860 3085 et

123 3149 135 3185 a
205 3125 343 3206 festivis,
365 3125 503 3212 pulsatis
526 3127 692 3211 campanis
716 3133 749 3190 et
773 3126 918 3190 candelis
941 3126 1099 3204 accensis,
1124 3125 1424 3190 excommunicates
1443 3125 1746 3211 publicenuntiarh
1769 3131 1803 3190 et
1818 3147 1859 3191 ne

202 3229 260 3294 alii
287 3229 376 3294 cives
399 3227 663 3318 Mediolanenses
692 3230 939 3294 excusationem
968 3230 1099 3293 valeant
1121 3249 1256 3300 ¹sumere
1285 3229 1320 3293 in
1350 3229 1508 3313 peccatis,
1543 3249 1656 3293 omnes
1686 3227 1860 3315 predictos,

203 3332 258 3417 qui
284 3330 326 3396 ad
358 3331 614 3417 impugnandum
639 3331 878 3397 Cremonenses
910 3333 962 3396 ιθ]
992 3332 1188 3396 Parmenses
1218 3352 1309 3395 arma
1341 3331 1381 3396 de
1410 3336 1519 3396 cetere
1554 3331 1769 3417 sumpserint,
1806 3333 1859 3398 ιθ]

203 3435 245 3500 ad
279 3433 514 3500 devastandum
547 3442 667 3500 terrani
702 3436 853 3500 venerint
882 3434 1077 3514 eorundem,
1112 3436 1459 3500 excommunicationis
1494 3435 1623 3499 vinculo
1658 3433 1862 3516 innodamus,

203 3538 367 3604 sententia
389 3537 550 3602 consimili
573 3539 794 3624 percellentes
818 3545 963 3603 rectores
987 3545 1020 3603 et
1044 3539 1247 3603 consiliarios
1270 3539 1439 3604 civitatum
1462 3539 1676 3624 illarumque
1700 3537 1860 3603 Mediola-

204 3641 362 3706 nensibus
385 3641 553 3705 societatis
577 3641 689 3705 ledere
718 3648 794 3706 sunt
815 3643 968 3721 astricte,
992 3643 1020 3705 si
1044 3648 1158 3706 contra
1181 3641 1422 3706 Cremonenses
1445 3643 1498 3706 vel
1520 3643 1718 3706 Parmenses
1740 3642 1860 3727 presti-

204 3745 303 3810 terint
326 3744 494 3823 auxilium,
517 3744 690 3808 consilium
720 3745 773 3808 vel
802 3745 946 3810 levorem
971 3744 1113 3820 eisdom;
1144 3767 1183 3810 ae
1211 3746 1283 3831 pari
1314 3766 1372 3809 ees
1395 3745 1524 3809 vinculo
1547 3745 1720 3828 alligamus
1744 3742 1861 3828 quide

203 3845 507 3912 Mediolanensibus
538 3848 681 3932 aliquem
710 3849 969 3933 presumpserint
997 3848 1030 3911 in
1059 3855 1258 3934 potestatem
1285 3869 1454 3912 assumere
1478 3850 1530 3912 vel
1552 3855 1723 3913 rectorem.
1768 3846 1862 3910 Bona

204 3970 332 4035 queque
356 3950 475 4013 civium
503 3949 739 4035 predictorum,
774 3950 969 4035 ubicumque
1005 3951 1126 4015 fuerint
1155 3951 1303 4029 inventa,
1337 3950 1537 4036 precipimus
1571 3949 1728 4030 detineri,
1760 3949 1863 4014 inter·

203 4050 351 4117 dicentes
374 4052 536 4117 universis
560 4060 593 4118 et
616 4054 769 4138 singulis,
799 4075 840 4118 ne
870 4075 944 4118 cum
974 4055 1022 4118 cis
1046 4055 1271 4119 commertium
1301 4054 1446 4119 habeant
1474 4055 1526 4117 ιθ]
1549 4059 1760 4117 contractum.
1806 4050 1859 4115 Ad

127 4185 153 4221 aa
206 4155 266 4220 hee
288 4157 433 4221 universi
456 4157 511 4242 qni
534 4158 581 4222 eis
605 4158 773 4222 societatis
799 4157 911 4222 federe
935 4158 996 4223 sub
1019 4157 1196 4222 iuramenti
1218 4159 1348 4222 vinculo
1373 4163 1448 4222 sunt
1470 4156 1607 4235 astricti,
1638 4161 1795 4241 quantum
1818 4154 1860 4218 ad

203 4258 275 4339 hoc,
297 4259 362 4322 illis
390 4280 425 4324 se
458 4260 608 4325 noverint
630 4261 814 4325 iuramento
842 4261 1029 4325 huiusmodi
1062 4283 1126 4325 non
1156 4262 1279 4335 teneri,
1313 4283 1386 4325 eum
1420 4259 1645 4325 iusiurandum
1679 4259 1859 4344 iniquitatis

203 4361 367 4426 vinculum
390 4383 464 4427 θιιθ
487 4384 552 4427 nen
575 4363 706 4444 debeat,
730 4370 781 4429 set
804 4365 957 4449 equitatis
981 4365 1090 4450 potius
1114 4370 1147 4428 et
1162 4365 1286 4428 iustitie
1309 4365 1558 4428 firmamentum.
1602 4360 1765 4434 Quocirca
1786 4363 1859 4425 uni·

203 4465 350 4529 versitati
373 4473 482 4531 vestre
498 4487 560 4552 per
581 4468 763 4553 apostolica
785 4469 908 4553 scripta
923 4466 1133 4554 precipiendo
1150 4467 1352 4547 mandamus,
1375 4468 1526 4552 quatinus
1549 4466 1711 4551 premissa
1728 4464 1857 4528 sublato

204 4568 432 4653 appellationis
462 4569 631 4634 obstaculo
661 4577 695 4635 et
723 4592 782 4636 ves
811 4572 875 4657 ipsi
903 4571 1040 4636 firmiter
1072 4571 1269 4650 observetis,
1308 4577 1342 4635 et
1370 4578 1528 4656 quantum
1557 4571 1591 4634 in
1622 4569 1716 4634 vebis
1749 4568 1857 4650 luerit,

205 4670 332 4735 faciatis
355 4671 590 4738 inviolabiliter
611 4669 789 4739 observari.

311 4772 387 4840 Dat.
410 4775 564 4844 Lateran.
586 4775 655 4842 IIII
677 4777 726 4842 Id.
749 4778 837 4860 Iulii,
859 4799 944 4844 anne
968 4777 1122 4844 seeundo.

999 5197 1058 5270 lh.

317 5289 504 5382 Honorius
536 5315 603 5380 ΙΙΙ
628 5337 717 5399 pepe
752 5317 867 5382 nedem
898 5318 1057 5402 significet
1089 5339 1121 5384 se
1153 5311 1354 5384 Placentinos
1386 5316 1665 5393 caenomanicerc,
1704 5313 1759 5396 qai
1791 5333 1859 5376 carn

206 5415 496 5483 Mediolanensibus
518 5424 627 5484 centra
652 5421 872 5486 Crcmonenaes
893 5426 923 5486 ct
944 5421 1131 5488 Porticenses
1153 5423 1321 5487 carratam
1336 5442 1536 5503 praeparere
1557 5421 1713 5496 nitantur,
1736 5437 1768 5481 aa
1789 5433 1857 5483 reos

311 5646 333 5710 ¹)
350 5647 387 5696 ite
406 5645 438 5698 12.
521 5643 544 5710 ¹‘)
563 5648 741 5714 aggrnrmdos
760 5647 793 5700 R.
