4576 6390
771 393 972 458 EPISTOLAE
990 395 1180 458 smaoraa.
1215 397 1290 458 1234
1798 401 1861 470 475

205 599 278 644 cum
316 575 521 665 expedierit,
561 576 741 642 commodis
779 577 898 643 vestris
937 575 1115 643 efficaciter
1150 576 1357 642 inclinemus.
1423 576 1595 658 Ceterum,
1632 584 1670 644 ut
1709 579 1861 644 voluntas

203 689 318 748 nostra
340 689 402 749 etc.
425 701 545 767 usqua:
570 682 740 747 studeatis.

311 802 389 869 Dat.
411 808 448 868 ut
471 823 579 889 supra.

831 875 1242 882 m—

992 1148 1079 1222 585.

311 1277 501 1390 Gronau
516 1307 572 1371 rx
588 1327 677 1388 papa
697 1306 875 1392 [sauma
889 1307 970 1392 ru]
992 1307 1221 1389 archiepiscopo
1234 1307 1424 1390 Macerino
1445 1308 1573 1386 aaut,
1594 1327 1634 1372 a
1655 1307 1696 1372 aa
1717 1307 1860 1386 auare,

123 1455 135 1494 ,
200 1412 237 1475 in
258 1409 372 1492 quibas
392 1409 553 1474 Hearicas
581 1413 611 1474 et
635 1409 801 1475 Corradus
829 1409 948 1490 fratres
976 1411 1150 1493 lantpraoii
1177 1409 1371 1490 Ilrarinpiae
1398 1411 1450 1476 ias
1474 1414 1663 1492 patronatus
1692 1410 1860 1489 obtineant,

200 1514 378 1578 ammam
399 1513 513 1596 ratpot.
1501 1517 1596 1592 1234,
1618 1513 1694 1580 Ian.
1718 1515 1771 1578 22.

304 1630 386 1700 (ἔτερ.
404 1632 452 1685 III
464 1631 533 1702 Ray.
554 1630 613 1686 Vol.
632 1634 685 1698 IV,
702 1634 772 1698 1883
790 1631 852 1686 In'b.
877 1634 958 1699 VIII,
974 1635 1036 1687 119.

678 1898 687 1915 .
717 1899 726 1915 .
754 1842 1089 1934 archiepiscopo
1116 1841 1381 1934 Maguntino.

294 1990 348 2055 Ad
371 1990 570 2055 audientiam
595 1998 739 2055 nostram
762 1993 895 2056 noveris
917 1992 1121 2078 pervenisse,
1145 1989 1231 2076 quod
1255 1998 1290 2056 tu
1311 1993 1473 2057 universis
1497 1994 1659 2074 ecclesiis,
1681 1993 1716 2058 in
1739 1993 1857 2080 quibus

200 2101 266 2159 tam
298 2094 410 2159 dilecti
440 2095 499 2159 filii
529 2095 658 2159 nobiles
690 2095 751 2158 viri
782 2093 947 2159 Henricus
979 2102 1012 2158 et
1036 2093 1205 2158 Conradus
1234 2095 1351 2160 fratres
1383 2096 1542 2182 langravii
1571 2095 1728 2181 Turingie
1760 2117 1857 2182 quam

198 2191 347 2264 homines
371 2199 422 2262 sui
444 2198 495 2262 ius
519 2197 669 2262 obtinent
691 2205 899 2284 patronatus,
933 2198 1123 2262 exactiones
1154 2196 1317 2262 indebitas
1342 2205 1375 2264 et
1397 2199 1556 2264 hactenus
1579 2201 1727 2266 insuetas
1750 2201 1856 2286 impo-

199 2303 294 2367 suisti
317 2303 358 2367 de
381 2323 476 2383 novo,
500 2300 655 2366 videlicet
676 2309 713 2366 ut
734 2308 952 2388 proventuum
977 2321 1108 2366 suorum
1132 2302 1324 2366 vicesimam
1346 2303 1409 2367 tibi
1431 2303 1629 2389 persolvant,
1653 2304 1687 2368 in
1709 2303 1857 2389 ipsorum

197 2406 357 2470 nobilium
381 2405 491 2470 odium
512 2411 546 2470 et
568 2410 793 2490 contemptum
816 2410 849 2468 et
872 2403 1092 2490 predictarum
1116 2405 1330 2469 ecclesiarum
1358 2425 1425 2468 non
1453 2405 1617 2470 modicum
1639 2405 1857 2492 preiudicium

198 2517 231 2574 et
253 2530 441 2594 gravamen.
494 2508 601 2595 Super
623 2528 685 2592 quo
709 2509 790 2594 ipsis
814 2507 1012 2594 eligentibus
1040 2507 1149 2593 potius
1172 2507 1213 2571 ob
1237 2508 1378 2572 ecclesie
1402 2507 1549 2573 Romane
1573 2509 1792 2573 reverentiam
1815 2507 1857 2573 ad

198 2635 257 2678 nos
287 2614 408 2679 habere
438 2633 606 2678 recursum
637 2633 735 2697 quarn
765 2611 917 2676 iniuriam
948 2609 1135 2674 huiusmodi
1168 2611 1264 2675 aliter
1293 2612 1504 2698 propulsare,
1538 2611 1635 2676 nobis
1664 2611 1784 2676 devote
1816 2633 1854 2676 ac

195 2716 364 2782 humiliter
386 2716 515 2780 exstitit
537 2715 742 2801 suplicatum‚
768 2722 805 2779 ut
828 2736 901 2779 cum
924 2715 1017 2778 iuxta
1030 2715 1255 2780 Lateranense
1280 2715 1452 2779 concilium
1475 2713 1516 2779 ab
1541 2715 1757 2779 ecclesiarum
1779 2735 1855 2802 pre-

195 2820 270 2884 latis
292 2841 351 2905 pro
375 2819 629 2884 necessitatibus
650 2819 728 2897 suis,
752 2819 780 2882 si
802 2825 914 2882 tamen
935 2839 1035 2882 causa
1057 2818 1232 2882 manifesta
1255 2825 1288 2882 et
1309 2817 1512 2883 rationabilis
1536 2817 1568 2882 id
1590 2824 1759 2904 exposcat,
1782 2839 1856 2882 cum

195 2925 330 2988 caritate
354 2924 532 3010 petendum
563 2923 605 2986 sit
634 2922 837 2986 subditorum
868 2923 1027 2986 auxilium
1056 2920 1275 3001 moderatum,
1305 2921 1478 3009 providere
1511 2943 1611 3008 super
1632 2921 1695 2986 hoc
1718 2926 1856 3008 paterna

196 3026 415 3091 sollicitudinc
439 3027 658 3112 dignaremur.
705 3025 868 3099 Quocirca
890 3026 1130 3090 fraternitatem
1161 3032 1250 3088 tuam
1280 3047 1467 3106 monemus,
1499 3047 1559 3112 per
1591 3024 1772 3111 apostolica
1794 3024 1855 3088 tibi

197 3131 320 3216 scripta
341 3128 544 3210 mandantes,
568 3129 720 3213 quatinus
741 3129 933 3213 vigesimam
957 3135 1107 3193 exactam
1130 3129 1321 3208 restituens,
1343 3128 1384 3194 ab
1408 3130 1479 3194 sius
1504 3129 1678 3193 exactione
1703 3126 1855 3206 desistas,

194 3235 395 3313 iuramento,
427 3232 564 3317 siquod
592 3253 611 3296 a
640 3232 776 3318 prelatis
799 3233 851 3296 vsl
882 3232 1009 3296 clericis
1033 3233 1246 3296 ecclesiarum
1279 3233 1425 3318 ipsarum
1454 3232 1494 3297 de
1528 3233 1600 3317 ipsa
1623 3230 1782 3296 solvenda
1804 3236 1856 3295 est

194 3338 383 3424 prestitum,
415 3358 476 3402 nec
499 3356 564 3401 non
588 3335 935 3399 excommunicationis
960 3341 993 3400 et
1017 3335 1185 3400 interdicti
1216 3336 1406 3414 sententiis,
1438 3356 1518 3418 quas
1542 3335 1716 3399 occasione
1739 3333 1854 3397 huius-

194 3439 282 3504 modi
304 3441 460 3504 vicesime
483 3440 517 3503 in
539 3439 666 3524 aliquas
690 3437 850 3503 dictarum
874 3439 1091 3503 ecclesiarum
1114 3445 1150 3502 ut
1181 3441 1342 3504 asseritur
1364 3439 1591 3525 promulgasti,
1616 3438 1687 3502 sina
1711 3435 1852 3500 difficul-

194 3546 271 3610 tatis
301 3544 472 3608 obstaculo
501 3543 667 3608 relaxatis.
713 3541 885 3627 Alioquin,
917 3563 990 3605 cum
1014 3563 1056 3606 ex
1088 3541 1187 3606 officii
1216 3542 1321 3607 nostri
1347 3541 1458 3606 debito
1482 3548 1654 3605 teneamur
1675 3558 1853 3627 precavere

118 3663 143 3702 2⁵
197 3645 489 3734 indempnitatibus
527 3646 703 3711 earundem
741 3653 774 3710 et
811 3646 957 3710 scandali
989 3647 1161 3710 materiam
1195 3668 1364 3728 amovere,
1398 3646 1580 3711 venerabili
1613 3645 1706 3709 fratri
1739 3648 1852 3708 nostro

197 3751 493 3836 ..Mersburgensi
516 3750 690 3836 episcopo¹
712 3749 831 3814 litteris
855 3749 976 3814 nostris
1000 3750 1210 3834 iniungimus,
1233 3758 1270 3813 ut
1293 3756 1325 3813 te
1349 3749 1391 3814 ad
1413 3748 1445 3813 id
1469 3749 1598 3814 sublato
1621 3744 1853 3833 appellationis

197 3854 366 3920 obstaculo
389 3853 612 3918 districtione⁸
634 3875 698 3938 qua
719 3853 871 3918 convenit
894 3853 1026 3938 cognita
1047 3853 1185 3918 veritate
1209 3852 1395 3939 compellat.

302 3974 381 4040 Dat.
402 3973 519 4055 Reate,
541 3974 575 4038 X
596 3959 670 4039 Kal.
694 3973 780 4055 Iulii,
803 3995 888 4038 anno
912 3979 1040 4040 octavo.

818 4265 1229 4273 ..ᾔ-ψ

978 4543 1064 4617 586.

301 4676 491 4788 Graporias
509 4703 566 4768 IX
584 4724 671 4785 papo
692 4702 914 4788 [Hermanno]
935 4702 1084 4784 magistro
1106 4703 1136 4765 ct
1152 4697 1316 4785 fratribus
1338 4697 1461 4762 ordinis
1486 4696 1722 4762 taraucam
1743 4697 1851 4758 notam

115 4827 142 4868 ιο
188 4808 288 4894 facit,
317 4829 349 4874 sc
376 4809 421 4872 ad
440 4827 549 4890 procos
571 4805 741 4891 H[enrici]
770 4809 800 4870 et
829 4804 1005 4891 C[onradi]
1027 4803 1173 4890 fratrum
1201 4802 1452 4886 mntpraoiaam
1475 4800 1670 4883 Tbnrinpiae
1696 4795 1849 4878 hospitale

298 5101 321 5170 ⁸)
339 5105 389 5156 sub
406 5104 544 5171 apostolice
562 5104 705 5156 obedientis
723 5102 857 5170 disciplina
878 5101 907 5152 in
928 5098 1080 5168 apoyrapba
1097 5107 1199 5160 nomer
1221 5107 1287 5151 certa
1304 5099 1390 5148 minsas
1407 5097 1482 5160 bena,
1505 5094 1568 5161 quia
1584 5094 1612 5144 ia
1630 5091 1732 5144 talibus
1751 5089 1849 5152 litter-is,

191 5191 280 5256 aaa·
298 5189 347 5241 baa
364 5198 435 5254 curat,
452 5189 499 5241 bac
516 5191 571 5256 ipro
590 5191 644 5242 Ioco
663 5189 805 5256 appellatio
823 5188 856 5240 ab
874 5195 1005 5238 acaum
1023 5184 1142 5236 mandati
1159 5185 1277 5236 interdici
1294 5185 1368 5248 salat,
1390 5184 1454 5234 aaa
1470 5199 1496 5232 ru
1515 5184 1580 5244 396,
1605 5181 1674 5242 403,
1693 5179 1747 5226 407
1755 5213 1762 5240 ,
1787 5176 1849 5236 493,

193 5279 246 5328 636
264 5276 367 5326 stolidi
384 5277 453 5341 lepis.
489 5275 628 5328 Praemm
644 5277 723 5327 acrba
739 5275 789 5326 illa
806 5291 824 5324 a
841 5274 899 5324 tato
918 5273 1006 5323 carias
1024 5271 1161 5324 Romanae
1178 5289 1288 5338 proram
1306 5272 1394 5322 aliena
1415 5268 1478 5320 mibi
1494 5267 1627 5330 nidenan,
1648 5273 1671 5316 st
1691 5279 1772 5330 sarpa
1795 5261 1849 5310 iana

192 5362 296 5428 saepius
313 5362 494 5426 dubitacinrm,
511 5380 547 5412 an
564 5363 608 5412 ubi
626 5363 654 5413 in
672 5361 831 5429 apographis
848 5361 898 5412 sub
915 5359 1053 5427 apostolica
1070 5357 1215 5410 obedientia
1230 5357 1381 5418 inservimus,
1399 5355 1501 5407 sublato
1518 5351 1697 5420 appellationis
1714 5347 1848 5402 οιιιιιιοιιιο

114 5471 140 5510 ³5
192 5450 270 5499 maai
286 5449 450 5500 incerasiolam
461 5449 560 5514 suerin
580 5465 643 5498 nans
660 5465 718 5498 cans
741 5449 769 5498 in
787 5447 849 5513 Rep.
862 5446 1000 5512 famulae
1012 5461 1064 5510 par
1081 5443 1232 5508 compendia
1255 5442 1332 5493 scribi
1353 5441 1466 5504 soleant,
1487 5439 1596 5502 ididan,
1620 5436 1643 5488 vi
1665 5453 1718 5487 non
1741 5449 1848 5499 seraper,

192 5543 277 5586 mm
292 5535 443 5601 plammqvoe
459 5535 509 5585 snb
526 5551 559 5600 sp
577 5535 610 5584 cb
628 5535 667 5584 dis
685 5534 789 5600 legiam,-
805 5535 840 5600 cs.
859 5531 984 5598 Palacbg,
1001 5529 1075 5583 Reios
1092 5527 1160 5580 acca
1179 5527 1242 5580 Ital.
1255 5545 1285 5594 p.
1305 5529 1344 5578 13.

295 5689 321 5756 1)
341 5685 478 5740 Eccardo.
