4448 6420
663 335 864 392 tartaronum
881 337 1070 394 SELEC'PAE.
1107 339 1182 394 1223.
1693 348 1752 410 167

98 507 293 573 moliebatur
314 508 472 574 adversus
495 511 637 595 aliquem
654 511 826 596 quicquam
849 509 936 591 mali,
960 531 1037 574 ecce
1062 509 1167 576 dictus
1190 533 1311 594 comes,
1334 520 1556 600 transgressor
1578 517 1753 582 iuramenti

99 610 265 676 fidelitatis
288 613 374 698 quod
398 616 429 680 ei
452 616 657 700 prestiterat,
682 620 715 679 et
737 615 912 678 multorum
934 613 1169 678 beneficiorum
1193 636 1256 700 que
1280 616 1321 680 ab
1345 617 1418 703 ipso
1442 625 1614 704 receperat
1636 621 1751 686 imme-

99 736 169 778 mor
200 723 233 779 et
256 715 419 800 ingratus,
448 726 605 782 nocturno
633 725 781 803 tempore
809 716 844 779 in
872 716 1049 780 tentorium
1077 717 1149 780 eius
1177 717 1305 783 irruens
1334 739 1408 783 cum
1436 722 1587 802 armatis,
1618 723 1752 790 immitis

99 819 226 900 mitem,
261 828 404 885 armatus
434 822 610 900 inermem,
635 821 785 886 ,vasallus
815 818 981 882 dominum
1009 819 1044 881 in
1072 824 1174 883 strato
1204 841 1263 885 suo
1292 820 1509 888 dormientem
1538 825 1658 890 invasit
1668 827 1688 907 ²,
1720 833 1754 891 et

100 921 184 1006 quod
216 923 286 987 sine
318 923 429 989 dolore
463 946 526 989 nec
555 923 668 988 audire
701 923 867 1010 potuimus
896 942 957 986 nec
985 942 1158 1007 possumus
1186 924 1341 1002 recitare,
1377 925 1484 1011 ipsum
1512 948 1624 1013 regem
1653 931 1752 1016 impia

98 1025 304 1091 vulneratum
326 1049 391 1092 una
414 1050 486 1092 cum
508 1028 635 1114 prefato
658 1028 725 1091 filio
749 1046 808 1090 suo
831 1025 865 1088 in
887 1024 1004 1088 silvam
1026 1023 1187 1108 quandam
1210 1025 1365 1108 adduxit,
1388 1049 1427 1093 ao
1450 1028 1568 1096 deinde
1592 1053 1664 1096 cum
1687 1033 1752 1098 illis

99 1137 193 1194 extra
215 1151 353 1216 regnum
378 1153 413 1196 se
434 1131 646 1211 transferens,
670 1151 727 1194 eos
749 1129 783 1192 in
806 1126 957 1191 districtu
973 1127 1103 1212 imperii
1120 1134 1233 1214 captos
1250 1127 1399 1196 detinere
1414 1135 1584 1219 presumit.
1629 1134 1752 1200 Omnes

99 1232 260 1318 siquidem
282 1256 379 1320 reges
401 1241 435 1298 et
456 1235 621 1321 principes
646 1240 781 1318 tangere
805 1231 905 1295 debet
927 1237 994 1294 tarn
1017 1250 1150 1295 enorme
1174 1231 1349 1316 flagitium,
1375 1255 1415 1298 eo
1439 1236 1525 1321 quod
1548 1238 1622 1302 aliis
1645 1245 1752 1303 atten-

99 1336 189 1400 tandi
213 1343 325 1401 contra
348 1337 497 1402 dominos
522 1360 598 1402 suos
622 1338 742 1402 similia
764 1335 908 1400 tribuere
932 1333 1039 1419 potuit
1061 1334 1271 1416 incentivum,
1295 1336 1492 1402 audentibus
1513 1338 1577 1404 hoc
1600 1342 1753 1427 exemplo

99 1459 291 1524 presumere
321 1462 384 1526 que
413 1443 566 1505 comitem
593 1439 776 1526 predictum
806 1436 991 1501 audiverint
1016 1437 1267 1523 presumpsisse.
1326 1437 1411 1504 Sane
1443 1441 1521 1504 licet
1549 1443 1752 1527 apostolatus

99 1541 241 1605 officium
263 1564 321 1606 vos
343 1544 537 1608 universosa
563 1544 738 1608 constituat
761 1540 940 1619 debitores,
963 1539 1050 1603 dicto
1074 1545 1184 1604 tamen
1206 1541 1279 1625 regi
1302 1542 1455 1627 specialis
1478 1545 1577 1626 ratio,
1600 1566 1666 1609 non
1687 1567 1754 1612 una

99 1643 157 1706 sed
180 1646 370 1732 multiplex,
402 1669 461 1712 nos
484 1647 652 1732 astringit,
680 1646 726 1710 ita
748 1643 835 1730 quod
858 1644 929 1708 sine
956 1643 1083 1708 lesione
1106 1643 1194 1708 fame
1223 1650 1335 1709 nostre
1365 1666 1404 1710 ac
1432 1647 1531 1711 etiam
1555 1650 1753 1717 conscientie

99 1745 160 1810 sibi
184 1767 249 1810 non
265 1769 437 1835 possemus
459 1751 492 1813 in
515 1756 581 1813 tam
604 1749 713 1834 gravis
729 1747 858 1811 articuli
873 1747 1071 1810 necessitate
1087 1744 1215 1812 deesse.
1260 1746 1371 1812 Primo
1396 1749 1482 1813 enim
1498 1771 1635 1836 regnum
1649 1751 1753 1818 Dacis

100 1849 287 1934 specialiter
313 1850 355 1915 ad
382 1851 563 1917 Romanam
594 1857 721 1938 spectat
749 1849 921 1915 ecclesiam
951 1855 985 1913 et
1015 1847 1057 1912 ad
1086 1848 1240 1935 specialis
1270 1849 1401 1915 ditionis
1430 1851 1586 1918 indicium
1615 1855 1647 1919 ei
1678 1876 1753 1920 esse

99 1953 246 2016 noscitur
269 1954 439 2034 censuale,
469 1954 620 2040 idemque
650 1975 710 2018 rex
738 1953 821 2018 sicut
848 1957 882 2016 et
909 1949 1163 2038 predecessores
1187 1953 1238 2016 sui
1266 1973 1302 2017 se
1326 1957 1506 2040 apostolice
1529 1956 1601 2022 sedi
1623 1957 1754 2024 fidelem

100 2077 232 2141 semper
247 2055 398 2121 exhibuit
421 2063 455 2122 et
470 2057 640 2132 devotum;
663 2056 749 2120 unde
773 2055 801 2118 si
824 2053 940 2119 eadem
962 2055 1070 2141 ipsum
1093 2055 1127 2118 in
1148 2054 1211 2119 hoc
1234 2077 1321 2138 casu,
1345 2057 1431 2143 quod
1455 2058 1550 2140 absit,
1573 2059 1753 2142 desereret,

100 2179 135 2222 se
165 2179 232 2222 non
259 2161 364 2224 solum
393 2161 554 2245 ingratam
582 2159 640 2224 sed
670 2157 837 2242 indignam
859 2177 987 2242 quoque
1018 2155 1185 2222 fidelitatis
1209 2165 1244 2222 st
1273 2158 1457 2225 devotionis
1484 2161 1671 2226 huiusmodi
1694 2185 1753 2228 ex-

99 2261 239 2326 hiberet.
283 2260 422 2326 Accedit
445 2269 478 2326 et
501 2262 565 2326 alia
580 2262 663 2326 ratio
686 2281 752 2325 non
768 2259 920 2337 invalida,
945 2259 1003 2324 sed
1028 2280 1091 2344 que
1115 2261 1185 2324 sola
1201 2261 1368 2327 sufficeret
1390 2285 1450 2328 nos
1474 2263 1515 2328 ad
1537 2265 1642 2351 ipsius
1665 2266 1753 2350 regis

99 2364 350 2429 subventionem
372 2365 543 2445 inducere,
572 2364 700 2429 etiamsi
729 2363 873 2427 rationes
904 2361 1083 2426 deficerent
1113 2363 1307 2448 supradicte.
1352 2365 1446 2431 Idem
1470 2367 1556 2431 eninr
1587 2388 1661 2448 rex,
1691 2368 1754 2432 etsi

39 2495 41 2526 ι
100 2489 158 2553 pro
192 2467 339 2532 subsidio
369 2467 470 2533 Teme
500 2467 620 2532 Sancte
653 2489 717 2531 non
751 2467 875 2530 baiulat
909 2466 1038 2550 signum
1067 2467 1171 2530 crucis
1204 2467 1237 2531 in
1271 2467 1421 2554 publico,
1454 2468 1534 2533 illud
1568 2477 1679 2535 tamen
1712 2469 1754 2534 ad

99 2575 244 2633 nostram
272 2570 534 2636 exhortationem
562 2576 751 2656 susceptum
776 2569 901 2633 baiulat
928 2569 961 2632 in
992 2570 1136 2648 occulto,
1169 2576 1260 2634 certa
1286 2570 1379 2636 nobis
1410 2573 1628 2658 promissione
1657 2573 1753 2654 facta,

100 2673 185 2758 quod
214 2675 285 2759 ipse
316 2676 370 2739 vel
397 2675 484 2739 filius
512 2675 583 2738 eius
611 2673 644 2737 in
671 2673 776 2758 ipsius
806 2671 907 2737 Terre
937 2671 1056 2736 Sancte
1086 2692 1274 2737 succursum
1304 2674 1528 2739 transfretabit
1557 2675 1592 2738 in
1619 2675 1754 2740 instanti

100 2778 252 2862 passagio
275 2778 429 2857 generali.
474 2776 518 2841 Et
540 2778 568 2841 si
590 2777 699 2841 forsan
720 2781 837 2840 neuter
858 2775 1004 2860 ipsorum
1030 2774 1247 2860 personaliter
1265 2777 1477 2841 transfretare
1498 2779 1653 2863 potuerit,
1674 2775 1753 2842 illuc

101 2886 230 2944 eentum
260 2881 314 2944 vel
347 2880 387 2944 ad
420 2881 527 2945 minus
562 2879 797 2965 quinquaginta
828 2877 950 2941 milites
987 2875 1178 2953 destinabit;
1213 2876 1301 2942 unde
1336 2885 1430 2966 patet
1463 2880 1599 2945 cuilibet
1631 2882 1755 2946 volenti

39 3007 44 3044 e
101 2984 270 3047 veritatem
299 2984 394 3048 oculo
424 2984 558 3048 rationis
592 2983 770 3068 inspicere,
805 2979 891 3066 quod
919 2979 1086 3065 sepedicto
1122 2981 1193 3066 regi
1225 2987 1375 3046 tenemur
1409 2984 1527 3048 saltem
1564 2984 1648 3048 sicut
1680 2985 1754 3049 aliis

101 3087 335 3171 crucesignatis
359 3087 485 3152 adesse.
532 3086 722 3151 Gaudentes
752 3085 852 3169 igitur
883 3091 916 3148 et
939 3084 1108 3148 caritatem
1137 3090 1227 3148 tuam
1251 3084 1359 3170 dignis
1382 3087 1416 3150 in
1438 3085 1580 3150 Domino
1602 3086 1754 3152 laudibus

101 3190 375 3268 commendantes,
399 3190 485 3275 quod
508 3189 549 3254 ad
563 3189 790 3253 liberationem
814 3187 917 3273 ipsius
942 3187 1029 3270 regis
1053 3193 1086 3250 et
1110 3187 1170 3251 filii
1193 3189 1245 3252 sui
1264 3188 1434 3271 hactenus,
1459 3189 1543 3254 sicut
1558 3191 1754 3277 accepimus,

101 3290 241 3356 fideliter
269 3293 454 3374 intendisti,
488 3293 726 3357 fraternitatem
757 3296 847 3353 tuam
877 3311 1031 3374 rogamus
1063 3291 1220 3354 attentius
1254 3297 1287 3355 et
1320 3290 1504 3373 hortamur,
1534 3314 1573 3357 ac
1602 3293 1664 3358 tibi
1695 3315 1755 3380 per

100 3395 281 3480 apostolica
318 3397 440 3482 scripta
476 3397 613 3460 firmiter
649 3392 849 3478 iniungendo
886 3392 1096 3474 mandamus,
1141 3395 1293 3479 quatinus
1332 3395 1418 3480 quod
1452 3396 1611 3460 haetenus
1648 3396 1755 3461 fecisti

103 3497 310 3562 laudabiliter
332 3520 391 3584 per
413 3505 446 3564 tc
468 3501 586 3584 ipsum,
610 3497 650 3562 de
674 3503 784 3562 cetero
809 3495 986 3559 studiosius
1009 3495 1133 3560 faciasb
1157 3496 1309 3562 mandato
1335 3504 1367 3562 at
1390 3498 1542 3584 precibus
1566 3499 1755 3585 apostolicis

101 3600 267 3681 invitatus,
290 3600 331 3666 ad
354 3602 560 3667 liberandum
584 3623 641 3666 eos
663 3600 769 3664 modis
793 3599 1041 3685 quibuscunque
1065 3605 1160 3687 potes
1185 3601 1389 3665 incessanter
1410 3601 1576 3680 intendas,
1604 3601 1651 3666 ita
1669 3600 1755 3686 quod

102 3702 243 3768 studium
273 3711 363 3769 tuum
387 3708 510 3771 clareat
536 3728 597 3792 per
619 3705 788 3784 effectum,
819 3708 852 3768 et
880 3708 915 3765 tu
945 3709 1057 3789 preter
1086 3701 1172 3766 sedis
1200 3704 1380 3788 apostolice
1407 3705 1561 3788 gratiam,
1590 3724 1689 3789 quam
1713 3726 1754 3769 ex

102 3806 162 3870 hoo
187 3807 317 3893 plenius
333 3811 531 3895 assequeris,
555 3830 685 3873 crescas
710 3815 743 3873 et
765 3807 896 3872 nomine
920 3805 1006 3892 apud
1023 3807 1172 3871 homines
1197 3813 1229 3870 et
1251 3807 1369 3871 merito
1392 3807 1479 3893 apud
1500 3807 1618 3872 Deum.
1663 3807 1755 3872 Inter

103 3915 211 3976 cetera
232 3932 311 3976 vero
334 3911 457 3977 dictum
481 3913 632 3977 comitem
657 3933 699 3976 ex
722 3916 815 3995 parte
837 3916 950 3973 nostra
973 3929 1107 3973 moneas
1128 3908 1318 3994 diligenter,
1345 3915 1383 3972 ut
1404 3909 1488 3973 infra
1510 3930 1658 3975 mensem
1679 3917 1755 3996 post

39 4039 40 4042 ¹
105 4015 347 4100 susceptionem
375 4015 557 4079 litterarum
586 4017 784 4093 nostrarum,
815 4033 895 4097 quas
927 4032 1026 4097 super
1052 4011 1114 4075 hoc
1144 4011 1205 4076 sibi
1233 4009 1419 4098 dirigimus,
1452 4011 1613 4097 prefatum
1641 4033 1754 4098 regern

103 4122 135 4179 et
161 4116 265 4180 filium
298 4119 369 4182 eius
406 4119 502 4204 plene
535 4116 681 4182 libertati
708 4117 861 4182 restituat
895 4121 928 4180 et
962 4113 1086 4200 absque
1117 4114 1309 4179 difficultate
1338 4114 1485 4200 qualibet
1512 4115 1633 4180 liberos
1662 4117 1754 4181 abire

103 4219 288 4303 permittat,
323 4242 448 4307 nosque
482 4222 547 4307 ipsi
579 4221 737 4285 faciemus
767 4219 916 4285 exhiberi
950 4219 1075 4283 iustitie
1107 4219 1396 4303 complementum,
1433 4219 1462 4282 si
1492 4217 1649 4283 adversus
1680 4241 1755 4284 eum

103 4319 202 4385 habet
223 4321 347 4407 aliquid
369 4325 559 4409 questionis.
605 4322 669 4397 Qui
693 4323 720 4386 si
743 4323 822 4402 tuis,
845 4323 943 4387 immo
967 4322 1088 4386 nostris
1111 4322 1320 4406 acquiescere
1342 4321 1474 4386 monitis
1497 4342 1562 4386 nou
1584 4322 1755 4404 curaverit,

104 4423 211 4509 ipsum
239 4433 273 4490 et
303 4447 415 4491 omnes
443 4428 514 4491 eius
542 4428 576 4490 in
609 4427 671 4490 hac
702 4426 874 4511 iniquitate
902 4425 1048 4490 fautores
1080 4425 1209 4489 sublato
1240 4424 1469 4510 appellationis
1498 4425 1669 4490 obstaculo
1696 4447 1754 4490 ex-

52 4551 62 4580 v
105 4529 341 4606 communices,
374 4529 498 4594 faciens
527 4528 896 4594 excommunicationem
927 4527 1032 4613 ipsam
1061 4527 1200 4611 singulis
1221 4525 1338 4590 diebus
1361 4525 1533 4593 dominicis
1556 4533 1590 4593 et
1617 4527 1755 4608 festivis,

41 4665 48 4672 ·
105 4633 243 4716 pulsatis
259 4634 425 4718 campanis
443 4641 476 4699 et
499 4633 643 4700 candelis
664 4632 823 4710 accensis,
848 4630 1039 4695 solemniter
1057 4630 1218 4715 publicari
1238 4651 1298 4715 per
1318 4630 1472 4694 universa
1489 4630 1561 4695 loca
1583 4629 1756 4715 inquibus

106 4734 225 4799 videris
254 4735 421 4822 expedire.
466 4735 519 4800 Ad
547 4737 609 4801 hec
637 4735 808 4814 diocesim,
837 4735 871 4797 in
899 4753 1101 4818 quacumque
1132 4731 1334 4819 sepedictum
1358 4752 1471 4816 regem
1500 4738 1533 4797 et
1559 4733 1661 4796 filiurn
1684 4733 1755 4797 eius

106 4838 281 4923 contigerit
310 4838 466 4919 detineri,
500 4840 643 4904 subicias
671 4836 863 4918 interdicto,
894 4833 1093 4900 interdicens
1121 4835 1155 4898 in
1183 4855 1224 4899 ea
1251 4841 1284 4898 et
1306 4833 1436 4898 omnino
1469 4854 1599 4898 cessare
1629 4834 1755 4899 faciens

106 4944 213 5007 omnia
237 4945 462 5009 ecclesiastica
484 4949 689 5009 sacramenta
712 4949 745 5006 et
774 4942 960 5027 sepulturas
984 4939 1173 5025 specialiter
1194 4944 1411 5017 mortuorum,
1441 4957 1481 5001 eo
1504 4935 1674 5001 dumtaxat
1696 4959 1755 5002 ex-

55 5065 64 5102 ³
108 5054 203 5133 cepto
226 5045 313 5131 quod
334 5047 498 5133 baptisma
519 5047 663 5133 parvulis
686 5053 720 5110 et
740 5043 956 5109 morientibus
972 5043 1157 5129 penitentia
1178 5063 1244 5107 non
1265 5047 1413 5126 negetur,
1436 5038 1499 5104 hoc
1521 5037 1608 5104 idern
1631 5040 1756 5105 faciens

107 5149 147 5214 de
169 5149 317 5234 quolibet
339 5150 410 5213 loco
433 5148 475 5213 ad
497 5170 593 5234 quem
610 5149 763 5213 comitem
786 5148 893 5233 ipsum
916 5145 1071 5211 devenire
1088 5145 1272 5229 contigerit,
1295 5142 1438 5230 quandiu
1453 5141 1552 5206 fuerit
1573 5143 1607 5206 in
1630 5142 1755 5208 codem.

107 5251 257 5338 Denique
281 5275 355 5318 oum
377 5253 441 5317 iam
464 5254 571 5318 dictus
594 5273 704 5318 comes
722 5251 914 5316 fidelitatem
936 5250 971 5314 in
993 5247 1133 5314 subditis
1157 5248 1226 5312 suis
1249 5247 1396 5312 invenire
1417 5265 1483 5310 non
1505 5244 1635 5326 debeat,
1659 5266 1756 5331 quarn

212 5479 235 5544 ·)
252 5480 290 5530 sa
308 5478 392 5546 aaa.
474 5476 497 5544 b)
516 5480 593 5532 aare
611 5479 695 5547 aaa..

212 5615 236 5682 l)
255 5613 292 5666 la
310 5613 405 5670 iacula
422 5613 498 5688 Lyae
514 5613 585 5670 tator
602 5613 700 5672 manen
716 5619 743 5670 ct
761 5615 847 5669 Alaea
864 5613 972 5668 imulas
989 5610 1053 5680 aa,
1072 5613 1150 5674 1223,
1168 5608 1240 5663 Mat.
1259 5611 1284 5662 6.
