4596 6406
138 4207 165 4246 30

792 397 992 453 EPISTOLAE
1010 399 1199 456 SELEOTAE.
1237 402 1312 456 1240.
1813 410 1875 471 669

218 571 322 655 gratie
349 571 559 656 prerogativa
582 571 844 657 complectimur,
874 573 920 635 ita
942 573 1032 658 ipsos
1055 574 1089 639 in
1113 575 1400 661 benedictionibus
1424 575 1607 641 dulcedinis
1629 598 1875 664 prosequamur.

218 673 265 738 Ut
287 674 387 759 igitur
409 673 546 760 predicti
569 673 685 738 fideles
709 675 812 739 nostri
836 673 1038 740 diversarum
1058 677 1265 743 tunsionibus
1281 679 1546 764 persecutionum
1561 682 1685 764 gravati
1709 682 1742 745 in
1765 687 1875 746 nostre

184 801 190 812 ·
218 778 323 862 gratie
354 777 578 841 consolatione
606 797 642 841 se
669 777 836 861 gaudeant
867 778 1047 863 respirare,
1076 780 1282 858 mandamus,
1317 782 1469 866 quatinus
1494 783 1605 867 legata
1627 790 1661 849 et
1683 783 1762 850 fidei
1788 805 1875 848 corn·

218 882 334 961 missa,
359 881 387 944 si
410 881 530 965 quain
553 879 655 944 'Perre
680 881 800 946 Sancte
825 880 1008 946 subsidium
1032 890 1108 948 sunt
1132 885 1264 958 relicta,
1288 884 1323 948 in
1345 905 1424 948 usus
1447 907 1629 971 pauperum
1652 887 1810 952 habilium
1834 886 1874 950 ad

220 982 432 1071 pugnandum
456 988 489 1046 et
512 983 545 1046 in
568 985 810 1069 reparationem
834 1005 1016 1066 murorum,
1040 985 1259 1071 expendenda
1280 1007 1341 1072 per
1363 1007 1479 1052 manus
1503 995 1649 1070 vestras,
1680 993 1874 1055 auctoritate

218 1087 401 1173 apostoliea
424 1087 643 1160 convertatis;
667 1087 924 1152 contradictores
949 1095 1011 1154 etc.
1057 1087 1152 1160 Quod
1176 1090 1204 1152 si
1228 1111 1293 1154 non
1317 1112 1431 1155 omnes
1455 1098 1518 1156 etc.

326 1206 401 1270 Dat
424 1212 460 1270 ut
484 1228 593 1293 supra.

1005 1611 1090 1683 771.

327 1721 517 1834 Granouas
545 1749 602 1814 IX
620 1770 711 1831 papo
735 1750 878 1816 Gnidani
905 1754 934 1814 ct
955 1750 1150 1834 Haqnicioni
1176 1752 1257 1833 filiis
1283 1756 1313 1817 ct
1344 1751 1508 1816 herodibus
1536 1752 1694 1834 qnondam
1716 1752 1875 1835 Rayncrii

218 1858 410 1924 manationis
438 1854 607 1920 arbitrium
633 1852 834 1938 R[aynaldi]
862 1855 996 1935 episcopi
1021 1853 1188 1933 Ostiensis,
1221 1877 1281 1938 qna
1313 1857 1358 1920 cis
1384 1857 1610 1937 possessionem
1640 1856 1737 1920 castri
1763 1855 1872 1939 Pregii

218 1963 364 2040 restitnit,
386 1964 489 2024 tonora
510 1957 691 2038 diplomatis
712 1957 752 2021 ab
773 1957 875 2022 codem
897 1959 1036 2039 episcopo
1057 1979 1086 2022 a.
1111 1962 1209 2038 1240,
1232 1961 1325 2028 Febr.
1349 1963 1392 2026 25
1415 1961 1484 2025 clati
1504 1961 1634 2038 inserto,
1656 1960 1829 2039 confirmat.

1489 2066 1583 2140 1240,
1605 2062 1713 2143 April.
1735 2063 1789 2127 21.

323 2149 403 2218 Gran.
422 2147 470 2200 IX
488 2145 554 2214 Rea.
576 2144 635 2200 Vol.
660 2147 724 2214 VII,
743 2151 773 2209 5,·
790 2145 852 2198 Lib.
873 2144 956 2208 XIV,
975 2149 1020 2199 23.

308 2357 550 2432 Nobilibus
577 2357 688 2430 viris
718 2355 916 2430 Guidoni
945 2363 989 2431 et
1014 2358 1303 2450 Huguicioni,
1337 2357 1443 2432 liliis
1470 2362 1513 2431 et
1537 2357 1784 2431 heredibus

354 2493 355 2498 ’
664 2479 891 2570 quondam
918 2477 1115 2552 Rainerii
1143 2480 1431 2554 marchionis.

328 2628 378 2692 Ea
401 2649 465 2714 que
489 2627 610 2692 iudicio
634 2633 698 2692 etc.
721 2649 843 2714 usque:
869 2629 1072 2695 communiri.
1119 2628 1205 2694 Sane
1229 2631 1315 2694 inter
1337 2628 1499 2716 quondam
1522 2628 1711 2694 Rainerium
1734 2631 1874 2696 marchi-

218 2755 313 2799 onem
336 2738 464 2819 patrem
489 2738 636 2797 restrum
666 2755 709 2798 ex
738 2740 831 2819 parte
861 2755 926 2798 una
959 2740 992 2798 et
1020 2734 1287 2799 communitatem
1316 2741 1350 2798 et
1378 2733 1527 2798 homines
1551 2733 1649 2798 castri
1673 2734 1807 2818 Pregii¹
1831 2755 1874 2798 ex

216 2837 321 2900 altera
345 2857 445 2922 super
467 2835 693 2900 iurisdictione
717 2858 755 2901 ac
778 2837 920 2913 iuribus,
949 2859 1012 2923 que
1041 2838 1128 2902 idem
1152 2843 1246 2924 pater
1268 2844 1380 2901 vester
1402 2836 1436 2900 in
1461 2841 1567 2899 castro
1591 2835 1664 2921 ipso
1688 2858 1724 2901 se
1748 2837 1871 2900 habere

216 2939 366 3018 dicebat,
398 2944 432 3003 et
454 2939 553 3004 rebus
577 2939 650 3003 aliis
673 2938 795 3005 dudum
824 2942 994 3027 questione
1019 2942 1170 3022 suborta,
1202 2947 1236 3006 et
1259 2941 1363 3028 primo
1387 2940 1508 3004 dilecto
1531 2939 1597 3002 filio
1621 2945 1734 3003 nostro
1759 2941 1872 3004 Ottoni

217 3042 329 3106 Sancti
352 3041 483 3106 Nicolai
507 3041 540 3106 in
565 3041 707 3108 Carcore
731 3044 883 3109 Tulliano
906 3066 945 3109 ac
969 3045 1114 3110 secundo
1138 3045 1256 3109 dilecto
1280 3044 1347 3108 filio
1370 3051 1482 3108 nostro
1506 3039 1651 3130 nigidio]
1678 3041 1872 3108 Sanctorum

217 3144 336 3210 Oosme
364 3151 398 3209 et
425 3143 578 3210 Damiani
615 3146 784 3211 diaconis·
819 3148 1040 3214 cardinalibus
1074 3171 1094 3212 a
1122 3149 1216 3213 nobis
1249 3148 1443 3228 commissa,
1480 3145 1612 3210 tandem
1647 3146 1871 3211 venerabilem

215 3249 349 3314 tratrem
377 3255 526 3313 nostrum
550 3297 558 3312 .
582 3297 590 3312 .
614 3248 805 3315 Ostiensem
834 3253 1025 3339 episcopum
1058 3274 1158 3339 super
1185 3274 1225 3317 ea
1254 3251 1352 3316 tertio
1381 3250 1530 3316 dedimus
1560 3249 1754 3316 auditorem.
1809 3250 1873 3323 Qui

215 3352 392 3438 diligenter
418 3353 597 3418 intellectis
626 3352 702 3419 binc
734 3353 809 3419 inde
840 3357 1034 3442 propositis,
1073 3356 1280 3421 diffinitivam
1313 3375 1372 3441 pro
1400 3354 1494 3418 robis
1523 3373 1655 3418 causam
1685 3353 1873 3418 huiusmodi

214 3455 508 3541 prosequentibus,
539 3455 628 3520 dicto
659 3464 752 3543 patre
776 3458 840 3522 iam
865 3459 950 3522 viam
973 3460 1127 3524 uniuerso
1158 3459 1265 3523 carnis
1289 3459 1456 3543 ingresso,
1485 3457 1527 3521 de
1556 3457 1692 3543 speciali
1719 3456 1872 3521 mandato

215 3565 328 3624 nostro
352 3560 551 3624 sententiam
574 3562 802 3646 promulgavit.
849 3561 950 3627 Cuius
974 3569 1070 3628 tenor
1091 3563 1166 3627 talis
1190 3568 1254 3627 est:
1568 3567 1571 3574 ’

325 3661 364 3728 In
387 3664 519 3728 nomine
542 3663 666 3727 domini
688 3665 791 3729 nostri
814 3662 892 3728 Iesu
916 3665 1039 3730 Christi
1061 3686 1168 3730 amen.
1213 3663 1311 3728 Anno
1332 3662 1514 3726 nativitatis
1542 3663 1690 3728 eiusdem
1709 3661 1872 3742 Maean,

214 3767 424 3853 pontificatus
447 3767 570 3831 domini
595 3767 745 3852 Gregorii
770 3790 854 3854 pape
879 3769 956 3832 noni
979 3790 1065 3833 anno
1088 3767 1192 3848 XIII,
1214 3765 1394 3830 indictione
1417 3764 1523 3847 XIII,
1545 3786 1658 3830 mense
1682 3765 1873 3842 Februario,

215 3870 269 3935 die
291 3869 399 3935 XXV.
445 3870 588 3935 Suborta
610 3873 696 3936 inter
718 3872 861 3937 nobilem
885 3873 989 3937 virum
1013 3872 1175 3959 quondam
1191 3871 1382 3936 Rainerium
1404 3870 1630 3935 marchionem
1655 3890 1755 3956 super
1775 3870 1872 3934 iuris-

214 3974 358 4059 dictione
381 3995 420 4038 ac
443 3974 580 4056 iuribus,
605 3997 667 4061 que
691 3976 724 4041 in
749 3983 856 4042 castro
880 3977 992 4064 Pregii
1015 3978 1057 4044 ad
1080 4000 1116 4043 se
1139 3977 1304 4064 pertinere
1330 3975 1479 4056 dicebat,
1502 3973 1699 4055 redditibus,
1723 3974 1873 4060 dampnis

215 4077 316 4157 datis,
351 4078 479 4142 iniuriis
512 4079 666 4165 irrogatis
702 4087 736 4145 et
770 4081 868 4148 rebus
895 4084 969 4147 aliis
1002 4105 1044 4148 ex
1072 4089 1166 4168 parte
1199 4103 1264 4146 una
1294 4087 1327 4145 et
1356 4078 1629 4146 communitatem
1660 4084 1694 4142 et
1723 4077 1873 4142 homines

217 4182 316 4246 castri
331 4179 444 4266 Pregii
461 4203 503 4246 ex
519 4183 625 4249 altera
645 4185 784 4250 materia
800 4188 991 4272 questionis,
1016 4186 1165 4251 dominus
1190 4207 1276 4272 papa
1296 4183 1521 4248 venerabilem
1545 4202 1587 4268 pa
1596 4187 1679 4246 trem
1706 4181 1873 4246 dominum

215 4284 371 4350 Ottonem
396 4285 508 4350 Sancti
530 4285 660 4352 Nicolai
684 4289 717 4353 in
741 4289 881 4355 Carcere
898 4290 1048 4355 Tulliano
1073 4290 1246 4355 diaconum
1271 4287 1471 4354 cardinalem
1495 4284 1587 4350 dedit
1608 4285 1756 4370 partibus
1779 4283 1873 4348 audi-

213 4393 329 4455 torem.
375 4387 493 4454 Coram
517 4411 581 4476 quo
604 4392 819 4478 Zapparonus
841 4399 1033 4479 procurator
1055 4393 1203 4458 eiusdem
1218 4393 1366 4458 Rainerii
1390 4395 1503 4455 contra
1529 4387 1691 4453 sindicum
1715 4409 1775 4453 seu
1797 4408 1874 4473 pro-

218 4498 403 4557 curatorem
426 4495 529 4580 partis
552 4494 691 4560 adverse
719 4495 868 4561 libellum
891 4497 1011 4562 obtulit
1033 4497 1066 4561 in
1090 4497 1176 4561 hunc
1206 4496 1353 4560 modum:
1383 4493 1513 4558 ‘Coram
1536 4491 1645 4573 vobis,
1671 4490 1871 4557 venerabilis

214 4603 309 4682 pater
330 4596 462 4662 domino
485 4596 678 4678 cardinalis,
708 4620 804 4685 quem
827 4599 978 4666 dominus
1001 4622 1087 4688 papa
1116 4598 1205 4665 dedit
1232 4600 1379 4686 partibus
1403 4596 1604 4676 auditorem,
1635 4615 1783 4682 propono
1811 4615 1873 4678 ego

218 4701 432 4787 Zapparonus
464 4701 597 4767 nomine
627 4703 747 4767 nobilis
775 4704 838 4768 viri
866 4704 1013 4769 Rainerii
1042 4703 1255 4782 marchionis,
1294 4703 1385 4766 cuius
1417 4722 1488 4765 sum
1516 4706 1726 4786 procurator,
1761 4703 1874 4763 contra

214 4802 432 4886 Deutesalve,
463 4811 624 4886 actorem,
660 4806 822 4872 sindicum
856 4829 915 4872 seu
945 4814 1191 4891 procuratorem
1219 4805 1443 4871 universitatis
1476 4804 1576 4868 castri
1599 4803 1711 4888 Pregii
1742 4802 1873 4866 nomine

215 4907 374 4993 ipsorum,
405 4909 493 4995 quod
524 4930 597 4972 cum
620 4910 691 4995 ipse
715 4909 859 4974 marchio
883 4918 973 4975 esset
996 4918 1030 4975 et
1053 4910 1104 4975 sui
1126 4917 1355 4974 antecessores
1378 4906 1498 4972 fuerint
1521 4907 1554 4971 in
1577 4905 1640 4971 hac
1662 4904 1874 4991 possessione

215 5013 268 5076 vel
308 5013 401 5098 quasi
436 5013 580 5077 omnium
616 5013 896 5098 infrascriptarum
932 5015 985 5079 vel
1026 5015 1244 5100 singulorum,
1287 5010 1442 5075 videlicet
1479 5007 1567 5095 quod
1608 5008 1650 5072 ab
1686 5005 1874 5070 hominibus

216 5115 319 5201 ipsius
342 5116 441 5180 castri
463 5116 563 5181 tiebat
579 5115 628 5180 eis
644 5116 820 5194 exercitus,
837 5138 909 5181 curn
925 5117 1134 5199 mandabant,
1158 5117 1356 5181 obediebant
1372 5113 1420 5180 eis
1436 5120 1472 5177 ut
1487 5111 1637 5190 dominis,
1660 5108 1875 5196 appellabant

137 5259 166 5297 ω
217 5217 258 5282 ad
293 5239 367 5300 eos,
401 5218 580 5284 audiebant
614 5227 647 5286 ct
685 5220 934 5286 committebant
968 5222 1149 5288 audiendas
1184 5241 1300 5286 causas
1334 5239 1398 5304 que
1432 5214 1665 5281 deferebantur
1697 5211 1740 5277 ad
1774 5213 1875 5298 ipsos,

214 5323 394 5409 puniebant
423 5321 610 5404 homicidia,
650 5323 827 5404 adulteria,
859 5325 1003 5410 periuria
1036 5332 1068 5390 ct
1100 5326 1166 5389 alia
1197 5322 1373 5402 maleficia,
1412 5319 1638 5406 percipiebant
1664 5315 1874 5381 medietatem

327 5585 349 5652 ¹)
368 5587 520 5640 diamnibus
538 5587 570 5639 n.

322 5707 347 5774 l)
366 5705 415 5758 Ea
434 5705 618 5776 septentrione
637 5705 757 5760 Pacata.
