4576 6390
817 385 1017 444 EPISTOLAE
1035 389 1223 446 SELECTAE.
1259 390 1338 444 1234.

1033 723 1120 796 611.

354 833 544 945 armoricos
575 861 631 926 IX
660 881 747 942 papa
775 857 956 944 [Sipefrido
985 860 1064 944 III]
1096 861 1299 943 Mogontiaco,
1332 859 1536 944 [Ibeodorico
1565 860 1624 945 II]
1659 861 1841 926 Trevercnsi
1873 864 1902 925 et

246 966 423 1052 [Hearico]
448 965 627 1032 Coloniensi
648 963 887 1050 archiepiscopis
908 967 937 1026 ct
958 983 1064 1026 corano
1085 962 1298 1045 suffragancis
1320 963 1400 1026 idem
1421 962 1544 1041 scribit,
1572 964 1674 1030 caba
1702 967 1902 1044 competenter

246 1070 385 1134 mutatis
1542 1069 1637 1145 1234,
1659 1066 1738 1133 Not.
1761 1070 1813 1131 30.

352 1187 434 1257 Grep.
451 1188 501 1241 IX
517 1187 587 1254 Rep.
608 1186 667 1240 Vol.
686 1185 740 1254 IV,
759 1189 831 1252 23&
850 1185 912 1239 Lib.
936 1185 1021 1254 VIII,
1041 1189 1103 1238 345.

353 1274 491 1342 Potttast,
510 1273 581 1345 Rep.
599 1276 683 1326 9780.

313 1525 322 1546 .
352 1526 361 1542 .
388 1469 657 1562 Μᾶςυηῑίηο,
686 1523 695 1540 .
726 1523 735 1541 .
763 1466 1032 1540 Treverensi
1059 1471 1100 1540 et
1128 1524 1136 1540 .
1165 1524 1174 1542 .
1203 1466 1461 1541 Coloniensi
1488 1466 1839 1557 archiepiscopis

793 1592 836 1660 et
862 1609 1015 1660 eorum
1042 1588 1358 1679 suffraganeis.

353 1738 441 1803 Ecce
464 1758 524 1825 per
546 1736 702 1800 dilectum
724 1737 827 1801 filium
851 1737 1043 1821 magistrum
1059 1736 1192 1802 Petrum
1217 1737 1258 1802 de
1283 1736 1436 1824 Supino⁸,
1460 1737 1651 1824 scriptorem
1674 1739 1833 1814 nostrum,
1857 1734 1898 1800 de

248 1842 340 1907 cuius
363 1841 427 1904 fide
460 1863 498 1905 aa
528 1840 735 1904 discretionis
765 1839 924 1903 industria
954 1841 1113 1903 sinceram
1138 1840 1322 1904 obtinemus
1345 1840 1515 1918 fiduciam,
1548 1840 1630 1904 alias
1653 1840 1747 1904 vobis
1769 1840 1897 1903 litteras

247 1945 445 2031 apostolicas
469 1943 679 2028 singulariter
701 1940 919 2020 destinamus,
945 1941 1063 2027 quibus
1087 1949 1190 2006 status
1214 1951 1326 2007 noster
1349 1950 1381 2007 et
1404 1944 1545 2008 ecclesie
1568 1944 1698 2029 plenius
1721 1942 1814 2007 vobis
1839 1963 1897 2006 ex-

246 2049 398 2135 primitur
421 2069 458 2111 ae
482 2068 501 2110 a
524 2046 729 2110 fraternitate
747 2052 855 2110 vestra
878 2066 937 2132 pro
955 2045 1145 2109 defensione
1169 2045 1332 2111 libertatis
1347 2047 1572 2111 ecclesiastice
1595 2044 1636 2110 ad
1658 2045 1897 2132 reprimendam

245 2151 436 2238 superbiam
460 2171 495 2214 se
520 2155 634 2213 contra
661 2148 770 2213 Deum
794 2156 827 2214 et
851 2149 1024 2214 ecelesiam
1049 2149 1263 2213 extollentem
1292 2148 1489 2214 fiducialiter
1510 2143 1668 2213 auxilium
1697 2150 1896 2235 imploratur.

244 2254 314 2319 Vos
337 2256 447 2339 itaque
470 2254 652 2318 litterarum
682 2252 860 2317 earundem
889 2259 1004 2318 tenore
1033 2253 1182 2338 inspecto
1207 2259 1241 2316 et
1264 2252 1459 2333 intellectis,
1492 2273 1554 2338 que
1583 2252 1671 2317 idem
1694 2253 1833 2338 scriptor
1855 2250 1896 2315 de

170 2347 173 2352 ¹
243 2365 330 2422 statu
353 2357 425 2444 ipso
450 2355 543 2420 vobis
567 2354 699 2421 duxerit
720 2353 943 2443 proponenda,
967 2363 1030 2422 eto.
1053 2363 1089 2420 ut
1111 2356 1144 2418 in
1167 2356 1233 2419 alia
1255 2377 1373 2441 usque:
1398 2357 1557 2422 duxeritis
1578 2355 1815 2444 providendum
1832 2362 1895 2420 etc.

245 2483 350 2548 usque
372 2463 407 2526 in
429 2462 537 2526 finem.
1750 2483 1751 2486 ¹

353 2582 430 2648 Dat.
454 2589 518 2648 etc.
541 2582 635 2646 utin
658 2582 783 2648 cadem.

1025 2985 1113 3057 sla.

353 3096 543 3206 Gregorius
557 3122 613 3186 IX
630 3143 717 3203 popo
730 3122 926 3207 [Mauritio]
940 3125 1169 3204 archiepiscopo
1183 3122 1403 3204 Rotoraopcasi
1424 3122 1564 3200 scandat,
1587 3125 1622 3184 at
1640 3126 1748 3185 contre
1767 3121 1895 3186 rebelles

243 3229 418 3308 Rauracos,
441 3228 497 3308 qai
519 3226 690 3290 libertatern
712 3227 950 3290 ecclesiasticam
972 3229 1098 3290 omnino
1118 3227 1293 3290 sabvertere
1315 3225 1496 3301 protientur,
1519 3243 1687 3304 corpraam
1710 3224 1893 3288 bellatorum

244 3352 299 3396 seu
320 3330 599 3412 stipendiariorum
620 3329 796 3393 sabddimn
817 3329 884 3392 sedi
905 3330 1090 3410 apostolicae
1112 3329 1281 3409 incpendct.
1562 3330 1656 3403 1234,
1678 3325 1754 3393 Dec.
1775 3327 1808 3392 5.

349 3448 430 3519 (trop.
449 3448 498 3502 IX
514 3448 580 3518 neq.
603 3447 660 3502 Vol.
679 3448 732 3513 IV,
750 3453 819 3517 2475
837 3449 900 3502 Lib.
926 3449 1010 3518 VIII,
1030 3452 1091 3502 394.
1133 3450 1252 3502 Edissere
1271 3455 1388 3502 tenorem
1405 3447 1490 3500 tuias
1508 3445 1640 3516 epistolae
1658 3463 1692 3499 cc
1710 3445 1804 3516 Rapa.
1822 3445 1895 3499 Ana.

244 3538 305 3591 cccl.
323 3554 350 3591 o.
368 3539 480 3601 1234,§
501 3539 525 3589 7.
1316 3577 1318 3580 .

347 3623 483 3690 Potttrost,
502 3620 570 3690 Rep.
590 3623 669 3674 9791.

669 3873 677 3889 .
706 3871 715 3889 .
744 3815 1079 3908 archiepiscopo
1107 3812 1469 3905 Rothomagensi.

353 3967 438 4041 Quia
460 3967 546 4031 filius
571 3987 607 4030 es
629 3967 782 4046 ecclesie,
804 3987 870 4029 non
889 3973 999 4052 potest
1022 3973 1054 4030 te
1078 3988 1143 4031 non
1165 3965 1337 4031 comedere
1362 3966 1451 4030 zelus
1475 3964 1556 4040 eiua,
1579 3984 1640 4027 uec
1660 3968 1957 4048 potesoppro-101,¹
1975 4003 2029 4050 m

243 4069 317 4134 bria
338 4070 608 4156 exprobrantium
637 4068 686 4132 illi
716 4075 749 4133 et
780 4071 1007 4154 usurpantium
1039 4070 1110 4133 iura
1133 4071 1203 4133 eius
1228 4069 1444 4153 equanimiter
1471 4067 1644 4131 sustinere.
1689 4065 1783 4130 Adeo
1807 4065 1893 4129 enim

242 4175 276 4237 in
299 4175 415 4238 timore
438 4172 541 4236 divini
564 4170 704 4234 nominis
729 4178 762 4236 et
785 4173 925 4236 ecclesie
943 4171 1112 4257 dignitatis
1136 4173 1322 4236 reverentia
1344 4178 1376 4235 te
1400 4169 1563 4234 credimus
1580 4168 1771 4248 radicatum,
1793 4175 1829 4231 ut
1852 4166 1893 4232 de

243 4285 276 4341 te
299 4277 487 4341 nullatenus
510 4275 719 4354 dubitemus,
743 4276 820 4359 quin
843 4277 877 4340 in
900 4277 967 4340 auis
990 4277 1151 4361 angustiis
1175 4276 1288 4339 doleas
1312 4275 1416 4338 vicem
1441 4275 1522 4339 eins.
1568 4273 1654 4337 Sane
1678 4271 1757 4336 tacti
1781 4292 1892 4335 sumus

242 4379 355 4444 dolore
379 4377 485 4442 cordis
508 4379 721 4458 intrinsecus,
752 4399 811 4463 pro
841 4401 880 4444 eo
904 4379 992 4464 quod
1024 4401 1097 4444 eum
1120 4380 1261 4444 Romani
1284 4401 1358 4444 esse
1389 4378 1531 4443 debeant
1560 4377 1700 4441 ecclesie
1727 4375 1787 4438 filii
1816 4395 1892 4460 spe-

242 4484 362 4563 ciales,
386 4483 627 4567 degenerantes
651 4503 694 4546 ex
716 4482 793 4546 filiis
816 4483 849 4546 iu
872 4484 1040 4568 privignos
1064 4484 1146 4548 adeo
1171 4506 1206 4548 se
1230 4482 1401 4547 indevotos
1425 4481 1584 4546 exhibent
1606 4485 1639 4544 et
1669 4480 1833 4564 ingratos,
1856 4485 1893 4542 ut

243 4586 370 4651 modica
385 4586 534 4651 videatur
556 4585 589 4648 in
613 4587 661 4650 eis
684 4586 868 4651 devotionis
893 4587 1034 4652 scintilla
1051 4590 1101 4653 vel
1125 4587 1333 4674 gratitudinis
1350 4586 1560 4651 remansisse.
1604 4582 1688 4647 Nam
1712 4583 1745 4645 in
1767 4589 1892 4645 tantum

241 4691 332 4754 velut
355 4711 397 4753 ex
419 4686 515 4774 adipe
538 4688 660 4774 prodiit
676 4691 740 4753 iam
763 4691 916 4775 iniquitas
932 4691 1121 4771 eorundem,
1144 4699 1179 4754 ut
1199 4711 1264 4755 non
1281 4690 1387 4753 solum
1402 4687 1444 4752 ad
1460 4688 1662 4774 temporalia,
1685 4707 1748 4772 que
1770 4685 1812 4749 ad
1836 4706 1892 4750 eos
1910 4709 1969 4752 no.
1983 4716 2037 4762 na.

240 4814 306 4857 non
329 4793 513 4878 pertinent,
536 4813 649 4856 verum
673 4794 772 4856 etiam
796 4792 836 4856 ad
860 4793 1057 4879 spiritualia,
1081 4795 1174 4858 laicis
1197 4794 1328 4881 penitus
1351 4790 1540 4868 interdicta,
1563 4811 1679 4854 manus
1703 4789 1893 4853 temerarias

241 4897 477 4974 extendentes,
507 4896 639 4959 omnino
670 4895 856 4959 libertatem
888 4897 1147 4961 ecelesiasticam
1178 4904 1327 4962 evertere
1358 4916 1396 4958 ac
1430 4895 1621 4959 subvertere
1651 4893 1827 4956 moliantur
1861 4897 1894 4954 et

239 4998 422 5063 Romanam
445 4998 620 5062 ecclesiam
642 5004 780 5061 matrem
804 5019 906 5078 suam,
931 4999 1144 5064 ecclesiarum
1167 5000 1311 5064 omnium
1335 4997 1503 5084 speculum
1528 5003 1561 5060 et
1584 4995 1764 5078 exemplar,
1787 4990 1892 5055 modis

242 5103 394 5167 omnibus
417 5102 589 5180 ancillare,
620 5108 657 5165 ut
679 5101 825 5186 exempli
855 5102 905 5166 sui
934 5101 1101 5188 pernicieb
1124 5104 1185 5166 soli
1216 5107 1396 5188 provocent
1425 5101 1596 5164 universos
1625 5103 1738 5161 eontra
1759 5097 1892 5160 univer-

242 5206 320 5269 salis
342 5205 482 5270 ecclesie
505 5203 703 5269 libertatern.
748 5203 833 5276 Quia
856 5224 945 5284 vero,
970 5205 1032 5268 etsi
1055 5225 1155 5289 grave
1179 5205 1223 5269 sit
1244 5204 1382 5284 facinus,
1405 5210 1525 5282 tamen,
1548 5222 1623 5266 cum
1646 5198 1702 5263 diu
1725 5197 1893 5263 duraverit

241 5307 427 5372 huiusmodi
449 5307 654 5393 persecutio,
683 5307 815 5390 gravius
839 5313 891 5370 est
914 5307 1117 5391 exemplum,
1146 5327 1207 5370 nos
1237 5307 1374 5390 alligare
1403 5305 1490 5391 quod
1518 5305 1656 5368 fractum
1684 5308 1756 5368 erat
1785 5303 1818 5366 in
1842 5301 1891 5365 cis
1908 5321 2064 5374 maumas.

241 5411 399 5497 pastorali
422 5409 595 5495 diligentia
616 5410 680 5473 nisi
704 5430 815 5472 sumus
840 5417 873 5473 et
896 5408 1054 5473 reducere
1078 5409 1165 5495 quod
1187 5410 1369 5490 abiectum,
1401 5407 1524 5472 sedulis
1546 5408 1780 5470 monitionibus
1804 5402 1891 5490 apud

351 5568 429 5574 ..—..
440 5569 468 5572 --
483 5567 519 5572 --
532 5569 549 5572 -
560 5567 609 5573 ........
805 5569 821 5573 ..
836 5569 852 5573 .-
875 5568 1047 5574 --.--—--—.
1058 5566 1318 5575 --—---..-—-—.-
1338 5565 1557 5574 .—-...-—---0-

344 5667 467 5738 ¹)Supi1‘1
485 5669 517 5722 B.
590 5669 614 5736 ὓ)
632 5670 757 5737 pernicies
774 5669 860 5738 Rapa.
