4604 6420
672 380 674 386 ¹
775 421 974 476 nersroms
992 421 1181 478 sensuras.
1218 423 1293 477 ress.
1801 427 1859 489 381

211 601 348 682 paterna
375 593 595 660 sollicitudine
621 592 808 680 providere,
837 595 1044 660 universitati
1071 601 1180 661 vestre
1211 616 1270 682 per
1296 595 1478 682 apostolica
1508 595 1631 682 scripta
1660 593 1863 678 mandamus,

212 697 365 785 quatinus
388 696 527 764 eandem
550 695 725 762 ecclesiam
748 704 861 763 contra
887 699 1117 763 molestatores
1145 719 1221 764 suos
1248 719 1307 785 pro
1329 697 1454 764 viribus
1483 697 1709 782 defensantes,
1741 701 1864 765 nullam

212 803 343 867 omnino
367 801 598 867 alienationem
621 820 730 865 rerum
753 801 857 887 ipsius
880 801 953 866 fieri
974 801 1184 888 permittatis.

297 921 386 987 Data
408 920 546 1008 Spoleti,
567 921 616 988 IV
638 921 717 986 Idus
741 920 818 986 Iulii
827 922 849 1003 ¹,
872 942 957 986 anno
982 927 1088 987 sexto.

833 1217 1244 1226 ——-—.—-

997 1511 1086 1586 473.

321 1639 511 1750 Gregorius
533 1666 590 1732 IX
610 1687 700 1749 papa
724 1667 925 1732 Fridcrr'cam
947 1666 1161 1732 marsorum
1188 1667 1404 1748 imperatorer
1432 1670 1535 1748 rogat,
1561 1671 1597 1732 ut
1622 1669 1660 1732 tn
1686 1689 1865 1737 &currerem

211 1769 353 1836 ecclcsiae
375 1772 484 1835 contra
508 1769 637 1835 rebelles
657 1770 817 1835 Rornanos
846 1775 994 1854 crrrrrpct,⁸
1023 1771 1120 1834 mittit
1145 1769 1188 1834 ud
1213 1790 1283 1832 eum
1308 1769 1345 1833 dc
1366 1769 1424 1835 buc
1449 1789 1483 1835 re
1509 1776 1539 1836 ct
1564 1772 1602 1837 dc
1619 1770 1709 1857 sacto
1733 1775 1866 1840 Gaietuc

211 1874 397 1954 mapistrum
419 1872 448 1937 1.
471 1873 631 1936 notarium
652 1891 753 1937 auum.
1523 1893 1616 1971 1232,
1637 1891 1702 1959 Μ,
1724 1896 1777 1961 24,

295 2029 296 2038 ’
315 2008 397 2077 Grec.
415 2008 464 2061 IX
480 2007 548 2078 Ray.
569 2007 628 2064 Vol.
647 2012 707 2076 111,
723 2013 841 2077 21-223
861 2010 922 2064 Lib.
945 2009 996 2078 Vr,
1012 2013 1058 2065 48.

313 2095 450 2162 Poteras,
468 2092 539 2166 nep.
559 2099 644 2180 aare.
1106 2120 1107 2124 =

824 2293 1067 2382 Friderico,
1094 2291 1260 2364 illustri

395 2413 695 2489 Romanorum
723 2414 981 2507 imperatori
1008 2432 1181 2504 semper
1208 2415 1415 2503 augusto,
1442 2411 1683 2487 Ierusalem

866 2540 907 2609 ct
934 2533 1087 2607 Sicilie
1114 2533 1220 2625 regi.

319 2683 515 2750 Serenitatis
544 2690 600 2747 tue
629 2683 844 2768 petitionibus
872 2684 1013 2770 receptis
1044 2682 1270 2748 favorabiliter
1292 2689 1326 2746 et
1355 2681 1532 2768 promotis,
1562 2704 1622 2770 per
1643 2685 1866 2752 venerabilem

213 2789 347 2854 fratrem
369 2795 516 2854 nostrum
539 2839 547 2854 .
572 2835 580 2850 .
601 2786 807 2852 Idrontinum
830 2788 1114 2875 archiepiscopum
1146 2786 1206 2852 tibi
1234 2788 1417 2872 postulatas
1446 2787 1573 2852 litteras
1596 2789 1866 2854 transmittemus.

213 2892 349 2957 Interim
365 2899 486 2972 autem,
510 2891 586 2977 quia
609 2912 644 2956 se
665 2899 794 2978 tempus
810 2893 938 2973 obtulit,
962 2914 1025 2978 quo
1041 2913 1100 2980 per
1115 2891 1373 2978 triumphantem
1388 2891 1597 2956 sublimitatis
1613 2899 1670 2958 tue
1686 2892 1867 2972 dexteram,

212 2997 295 3061 elisa
310 3004 538 3082 protervorum
555 2996 710 3082 superbia
725 2995 969 3061 Romanorum²
993 3003 1026 3062 et
1050 2997 1099 3060 sui
1122 2995 1241 3059 furoris
1265 2995 1389 3081 impetu
1405 2995 1580 3075 refrenate,
1605 3001 1709 3061 status
1726 2997 1867 3062 ecclesie

212 3120 250 3164 sc
274 3100 415 3186 imperii,
445 3098 518 3164 Deo
549 3099 693 3186 propitio
716 3099 877 3164 instanter
903 3105 937 3165 et
969 3099 1089 3185 iugiter
1118 3097 1339 3184 ampliandus,
1369 3104 1479 3185 potest
1501 3100 1610 3164 votive
1634 3099 1867 3185 magnitudinis

213 3209 247 3267 et
269 3203 381 3268 obtate
411 3201 641 3288 prosperitatis
673 3201 843 3276 braviumu
868 3201 1024 3288 adipisci,
1055 3201 1282 3268 celsitudinem
1315 3207 1403 3265 tuam
1434 3222 1602 3287 rogamus,
1634 3225 1804 3269 monemus
1835 3210 1869 3269 et

212 3307 380 3371 hortamur
402 3305 570 3386 attentius,
593 3305 747 3389 quatinus
769 3305 803 3369 in
827 3326 1017 3370 succursum
1039 3305 1153 3370 matris
1176 3305 1316 3370 ecclesie
1339 3305 1430 3368 velut
1451 3304 1690 3371 benedictionis
1714 3307 1811 3389 filius,
1834 3314 1867 3372 te

215 3431 355 3498 superne
379 3410 461 3476 lucis
485 3409 606 3474 lumine
630 3409 844 3496 precedente,
872 3411 913 3478 ad
936 3409 1097 3494 fugandas
1119 3416 1268 3474 catervas
1289 3407 1464 3473 demonum
1487 3416 1521 3473 et
1542 3408 1723 3495 frangenda
1745 3431 1867 3475 cornua
1881 3431 1939 3474 mu.
1954 3437 2022 3482 ren.

81 3511 84 3514 ’
174 3579 175 3584 ,
200 3513 388 3600 impiorum
411 3520 477 3578 tam
501 3533 640 3600 propere
665 3535 761 3600 quam
785 3520 939 3599 potenter
962 3535 1120 3598 exurgas,
1153 3520 1190 3578 ut
1220 3513 1361 3578 rebelles
1391 3512 1577 3599 intelligant
1598 3521 1632 3578 et
1660 3521 1868 3600 cognoscant,

214 3617 291 3702 quia
318 3617 381 3681 tibi
407 3637 527 3681 nomen
557 3614 715 3696 ‘invictus
744 3623 778 3683 et
806 3617 973 3683 excelsus’
1005 3638 1063 3704 pre
1094 3624 1180 3681 terre
1209 3615 1360 3700 regibus,
1393 3617 1555 3681 elatorum
1588 3617 1622 3681 in
1652 3616 1869 3703 perditionem

213 3719 382 3806 deponens
406 3719 567 3784 insaniam
590 3725 623 3784 et
645 3720 777 3805 erigens
800 3720 970 3785 humilium
999 3719 1139 3805 gratiam
1170 3720 1204 3783 in
1228 3719 1383 3800 salutem,
1412 3725 1448 3784 ut
1471 3720 1570 3784 etiam
1593 3718 1732 3785 deiectis
1754 3741 1868 3807 perae·

216 3820 391 3908 quentibus
426 3841 579 3908 sponsam
613 3820 750 3903 Christi,
784 3824 896 3909 sponsi
930 3823 1066 3889 delicias
1100 3821 1272 3903 merearis,
1308 3829 1342 3888 et
1375 3829 1431 3886 tua
1461 3821 1591 3888 virtutis
1625 3823 1767 3908 insignia
1796 3844 1869 3888 sere

215 3925 422 4012 posteritatis
445 3923 595 3989 notitiam
618 3924 763 3991 habeant
784 3947 850 3990 non
873 3926 1044 4008 caducam,
1066 3948 1106 3992 ac
1129 3926 1222 3991 favor
1245 3926 1333 3991 sedis
1356 3926 1555 4013 apostolice,
1578 3925 1770 3992 devotorum
1792 3947 1869 4012 pro-

214 4034 322 4093 motor
351 4027 521 4108 assiduus,
554 4028 642 4094 circa
670 4029 718 4093 tui
748 4030 990 4115 promotionem
1018 4029 1160 4094 nominis
1189 4028 1375 4114 augmentis
1403 4029 1567 4094 continuis
1597 4035 1766 4115 augeatur.
1817 4027 1870 4092 Ad

214 4132 276 4196 hec
292 4137 403 4196 autem
420 4131 598 4197 efficaciter
620 4138 654 4197 et
676 4133 848 4218 magnifice
865 4132 1104 4221 prosequenda,
1127 4133 1260 4218 negotio
1278 4134 1493 4199 transmarino
1509 4133 1651 4198 feliciter
1666 4131 1870 4198 terminando

214 4240 358 4300 mentem
392 4234 555 4320 propriam
587 4241 621 4299 et
655 4235 823 4300 efficacem
859 4257 992 4323 operam
1021 4256 1241 4322 apponemus,
1272 4235 1317 4300 ita
1351 4234 1438 4320 quod
1469 4243 1602 4302 auctore
1632 4235 1774 4301 Domino
1805 4236 1870 4301 tuis

214 4338 340 4403 iuribus
370 4344 404 4402 et
433 4343 562 4402 tuomm
591 4339 802 4425 prosperitati
830 4339 976 4405 fidelium
1006 4339 1132 4404 nullum
1160 4339 1393 4405 detrimentum
1416 4339 1534 4406 adessa
1558 4342 1681 4407 senties
1708 4338 1767 4406 sed
1790 4361 1871 4426 aug·

215 4447 371 4506 mentum.
417 4439 572 4505 Ceterum
605 4440 681 4524 quia
714 4462 773 4527 pro
807 4441 871 4507 hiis
905 4442 1048 4508 fideliter
1076 4441 1267 4508 enarrandis
1301 4442 1457 4508 dilectum
1487 4442 1588 4509 filium
1623 4445 1818 4530 magistrum
1845 4443 1871 4509 I.

214 4544 377 4608 notarium
417 4549 579 4621 nostrum,
617 4543 771 4609 devotum
809 4552 917 4627 tuum,
957 4567 1053 4632 quem
1091 4545 1166 4611 fidei
1202 4553 1236 4611 et
1273 4545 1447 4632 probitatis
1481 4567 1540 4612 sue
1579 4548 1704 4613 meritis
1741 4569 1802 4612 nos
1839 4555 1873 4612 et

215 4647 333 4712 fratres
367 4647 470 4713 nostri
508 4667 618 4712 camm
659 4646 817 4714 habemus
856 4657 889 4715 ct
923 4649 984 4715 tibi
1023 4656 1212 4736 reputamus
1246 4656 1434 4734 acceptum,
1474 4649 1516 4714 ad
1549 4652 1749 4737 presentiam
1783 4659 1872 4717 tuam

214 4752 367 4817 duximus
395 4749 641 4832 destinandum,
673 4752 823 4817 volumus
850 4759 887 4816 ut
915 4753 945 4818 ei
980 4752 1078 4818 fidem
1105 4753 1237 4840 plenam
1263 4757 1390 4838 prestes
1420 4753 1453 4816 in
1481 4753 1647 4837 omnibus,
1683 4775 1745 4839 que
1774 4777 1874 4841 super

215 4853 386 4942 premissis
409 4859 579 4920 eteorum
602 4854 855 4920 circumstantiis
879 4876 917 4921 ac
939 4876 1039 4942 super
1060 4855 1147 4921 facto
1171 4853 1312 4920 Gaiatc³
1336 4876 1379 4920 ex
1400 4862 1494 4941 parte
1516 4863 1629 4921 nostra
1658 4863 1714 4922 tue
1737 4859 1871 4923 celsitu·

138 4995 163 5033 ³,
216 4957 284 5022 dini
308 4955 479 5023 reserabit.

322 5077 409 5144 Data
431 5077 548 5158 Reate,
571 5076 676 5141 VIIII
699 5076 867 5144 Kalendas
889 5077 1042 5164 Augusti,
1065 5099 1151 5143 anno
1175 5085 1281 5145 sexto.

324 5253 494 5262 ——---

322 5371 345 5438 ¹)
364 5372 497 5424 brachium
516 5371 548 5424 B.

320 5525 346 5590 l)
365 5527 419 5593 Ap.
432 5523 596 5590 Lucomblet,
615 5525 808 5580 Ntedcrrlrein.
832 5526 898 5581 ΠΒ.
916 5529 935 5580 t.
951 5529 991 5592 ΙΙ,
1005 5543 1036 5596 p.
1055 5529 1101 5596 93,
1119 5543 1146 5580 rr.
1165 5529 1216 5579 181
1235 5543 1269 5579 ec
1287 5522 1471 5594 autographo,
1487 5507 1520 5578 ist
1537 5525 1655 5594 videtur,
1673 5525 1746 5580 edita
1766 5527 1874 5596 legitur,

218 5609 266 5664 sed
283 5609 351 5664 datu
373 5609 452 5662 xvll
472 5610 532 5664 Kal.
552 5610 622 5679 hug.
647 5611 713 5676 (lut.
733 5617 786 5676 16).
891 5613 919 5680 2)
938 5613 982 5666 De
1000 5611 1145 5667 rebellione
1163 5612 1350 5667 Romanorum
1369 5613 1406 5678 cf.
1426 5611 1510 5682 Rycc.
1534 5611 1567 5664 de
1591 5612 1621 5665 S.
1642 5612 1731 5666 Genu.
1750 5630 1774 5667 a.
1796 5619 1875 5680 1232,

138 5717 165 5756 ro
215 5697 263 5750 SS.
283 5695 370 5762 XIX,
383 5712 414 5765 p.
435 5699 593 5750 368-369.
662 5698 691 5765 3)
713 5697 754 5766 Cf.
773 5714 799 5752 rr.
819 5701 882 5755 469.
