4596 6406
795 388 996 445 nrlsrounu
1013 391 1203 448 seruosne
1241 395 1316 450 1240.
1820 403 1882 466 673

227 556 321 621 vobis
353 559 549 624 auctoritate
577 561 780 645 presentium
808 563 1045 644 concedentes,
1074 574 1109 631 ut
1139 566 1210 653 ipsa
1240 568 1419 632 secundum
1448 567 1525 633 dicti
1556 570 1694 634 sormam
1721 572 1883 658 privilegii

227 663 396 748 perpetuis
419 663 536 726 suturis
561 664 764 750 temporibus
788 667 961 752 gaudeatis
973 671 994 733 ¹.
1040 671 1131 735 Nulli
1155 692 1233 757 ergo
1257 709 1299 720 -
1322 677 1434 736 nostre
1459 673 1715 740 confirmationis
1739 681 1801 742 etc.
1847 677 1882 741 Si

227 766 299 850 quis
323 773 432 831 autem
457 773 520 832 etc.

335 885 411 952 Dat.
434 886 587 952 Laterau.
612 887 661 954 VI
683 888 762 955 Idus
786 889 875 972 Maii,
898 914 985 958 anno
1010 893 1124 963 XIIII.

848 1192 1010 1202 nun-*ffi-
1017 1195 1260 1202 -—-——----——-·—-

1011 1524 1096 1597 774.

158 1697 170 1734 a
329 1649 520 1760 (tropina
542 1679 597 1742 rx
614 1699 701 1758 ,aaa
723 1679 815 1756 caro,
839 1681 997 1760 potestati,
1026 1681 1156 1745 aazia
1185 1685 1214 1744 a
1236 1681 1354 1760 populo
1376 1679 1520 1761 natans
1549 1679 1878 1746 scaranensem

220 1781 462 1846 Alexandrinae
484 1781 667 1864 dipnitatcrn
688 1781 889 1862 episcopatem
913 1783 1100 1862 restit-aissc;
1122 1785 1254 1848 nrandat
1277 1785 1326 1860 iis,
1350 1787 1386 1847 nt
1404 1782 1569 1847 Friderico
1591 1781 1671 1846 dicto
1694 1783 1877 1863 inperatori

221 1885 345 1948 nallina
365 1885 524 1949 arcadiam
546 1885 730 1964 impendant
750 1888 780 1948 ct
801 1885 838 1948 de
859 1885 991 1948 ini-iniis
1012 1887 1248 1950 Alexandrinis
1268 1886 1370 1950 illatis
1391 1885 1480 1965 infra
1503 1884 1581 1948 dnos
1602 1905 1721 1950 menses
1743 1887 1873 1949 nuntios

220 1987 384 2052 adsedem
406 1989 605 2068 apostolicam
629 1989 762 2052 mittant.
812 1987 862 2073 Of.
886 2009 918 2051 n.
942 1993 1015 2057 773.
1514 1992 1608 2068 1210,
1630 1989 1714 2055 Mai.
1739 1992 1789 2054 10.

327 2126 406 2193 Grcp.
425 2127 474 2179 IX
492 2126 560 2195 Rea.
582 2126 639 2180 Vol.
664 2126 729 2190 VII,
749 2131 779 2190 8,·
799 2128 861 2182 Lib.
880 2127 963 2190 XIV,
984 2132 1028 2181 37.

145 2210 170 2248 ¹⁰
325 2211 463 2280 Potttraat,
480 2212 545 2280 Rep.
565 2217 658 2266 10872
676 2219 701 2267 et
720 2217 820 2266 10873.

440 2461 586 2550 Clero,
616 2518 624 2536 .
654 2517 663 2536 .
692 2463 922 2555 potestati,
950 2463 1143 2538 consilio
1172 2468 1216 2536 et
1243 2464 1418 2556 populo
1446 2463 1658 2556 Aquensi.

326 2627 377 2692 De
406 2627 512 2692 felicis
541 2631 695 2694 memorio
725 2629 904 2695 Alexandri
935 2653 1019 2718 pape
1053 2629 1300 2717 predecessoris
1330 2632 1432 2695 nostri
1463 2631 1666 2716 benignitate
1703 2629 1874 2716 processit,

220 2729 305 2816 quod
328 2731 382 2816 pie
406 2732 615 2797 considerans
636 2733 896 2799 Alexandrinam
919 2736 1085 2799 civitatem
1108 2735 1141 2798 in
1165 2734 1322 2799 honorem
1344 2735 1501 2821 principis
1524 2735 1746 2820 apostolorum
1770 2733 1873 2797 luisse

220 2842 437 2898 constructam
461 2843 523 2901 etc.
547 2845 702 2924 utsupra
725 2860 844 2924 usquo:
869 2840 1009 2904 unionis.
1046 2839 1120 2903 Hac
1143 2840 1230 2904 enim
1246 2838 1412 2927 predictus
1429 2841 1454 2903 Ι.
1473 2838 1735 2903 consideratione
1754 2837 1873 2902 ductus

144 2953 169 2993 ¹⁵
221 2938 472 3021 Alexandrinos,
495 2963 553 3026 pro
577 2963 616 3007 eo
639 2943 725 3027 quod
749 2949 826 3008 tunc
850 2945 1005 3030 temporis
1028 2944 1170 3007 inimicis
1194 2944 1336 3009 ecclesie
1356 2943 1566 3022 adheserunt,
1589 2941 1630 3006 ad
1647 2941 1749 3027 ipsius
1765 2940 1871 3005 redire

129 3045 132 3048 ’
218 3042 406 3108 mandatum
437 3049 561 3109 temero
590 3053 876 3133 contempnentes,
909 3048 1105 3134 episcopalis
1134 3047 1282 3112 destituit
1311 3047 1479 3132 dignitatis
1506 3047 1647 3126 honore,
1682 3065 1779 3131 quam
1811 3065 1871 3108 nos

219 3144 430 3230 exigentibus
454 3149 579 3213 meritis
601 3149 678 3214 fidei
701 3173 739 3216 ac
762 3150 947 3215 dovotionis
971 3151 1135 3238 ipsorum,
1158 3150 1191 3212 in
1214 3150 1332 3235 quibus
1356 3151 1496 3215 ecclesie
1521 3172 1557 3215 so
1579 3150 1641 3214 boc
1664 3149 1870 3236 potissimum

217 3255 366 3334 tempore
389 3259 500 3335 gratos
522 3253 659 3318 reddere
684 3253 886 3332 studuerunt,
912 3256 960 3320 eis
984 3253 1222 3318 restituendam
1246 3253 1399 3318 duximus
1422 3254 1464 3319 de
1487 3255 1593 3339 gratia
1616 3252 1768 3340 speciali,
1792 3274 1870 3316 con-

218 3353 374 3419 cedentes
404 3356 529 3421 eisdem
563 3365 599 3423 ut
627 3361 699 3444 ipsa
727 3360 892 3444 gaudeant
923 3359 1090 3444 perpetuis
1122 3358 1241 3422 tuturis
1278 3359 1482 3445 temporibus
1521 3357 1699 3422 secundum
1732 3357 1870 3420 formam

217 3458 379 3543 privilegii
402 3463 583 3527 memorati.
628 3463 752 3527 Verum
776 3485 848 3527 cum
871 3464 973 3527 nostri
998 3463 1041 3527 sit
1064 3461 1238 3543 desiderii,
1260 3471 1296 3527 ut
1320 3470 1352 3527 et
1375 3483 1433 3526 vos
1456 3483 1515 3548 per
1538 3483 1639 3547 opera
1661 3458 1869 3545 gratitudinis

215 3560 319 3645 ipsius
348 3565 486 3630 ecclesie
518 3565 676 3630 studeatis
704 3568 842 3653 gratiam
874 3567 1073 3652 promereri,
1104 3568 1313 3654 presentibus
1336 3566 1544 3646 mandamus,
1576 3566 1728 3650 quatinus
1751 3585 1771 3626 a
1793 3584 1868 3649 pcr-

215 3666 384 3731 secutioue
408 3669 549 3732 civitatis
574 3670 731 3749 eiusdem,
753 3692 816 3756 que
840 3670 927 3735 sedis
951 3669 1133 3756 apostolice
1157 3671 1308 3757 specialis
1332 3669 1455 3749 existit,
1479 3669 1565 3733 omni
1588 3668 1762 3734 occasione
1777 3677 1868 3756 post-

216 3771 323 3857 posita
351 3769 565 3852 desistentes,
599 3795 637 3838 ac
665 3774 833 3840 Friderico
868 3774 954 3838 dioto
987 3775 1195 3861 imperatori,
1226 3771 1290 3837 Dei
1320 3779 1353 3836 et
1382 3773 1523 3836 ecclesie
1551 3772 1699 3852 inimico,
1732 3773 1869 3858 eiusque

216 3874 398 3939 fautoribus
420 3876 546 3941 nullum
569 3877 609 3940 dc
633 3884 742 3943 cetero
759 3885 873 3942 contra
890 3879 1062 3943 ecclesiam
1080 3886 1114 3942 et
1130 3877 1388 3943 ecclesiasticam
1412 3876 1597 3940 libertatem
1621 3875 1870 3963 impendentes·

217 3979 398 4060 consilium,
420 3980 578 4043 auxilium
599 3981 653 4045 rel
674 3981 829 4060 favorem,
854 3983 1014 4068 speciales
1037 3983 1170 4046 nuntios
1194 3987 1321 4045 vestros
1346 3979 1386 4045 de
1410 3978 1526 4044 stando
1551 3977 1713 4044 mandatis
1736 3981 1867 4061 nostris,

215 4103 314 4167 super
329 4103 368 4147 eo
386 4083 552 4148 sufficiens
569 4083 756 4148 mandatum
772 4084 933 4149 habentes
950 4083 1035 4170 quod
1052 4083 1254 4169 sepedictam
1267 4083 1470 4148 Alexandria
1489 4082 1655 4147 civitatem
1672 4083 1705 4146 in
1721 4090 1868 4148 nostrum

214 4193 248 4251 et
277 4187 458 4272 apostolice
489 4186 577 4252 sedis
607 4195 828 4273 contemptum
856 4188 1010 4274 gravibus
1041 4188 1199 4252 affecistis
1230 4188 1375 4266 iniuriis,
1409 4187 1493 4251 iutra
1524 4185 1606 4251 duos
1636 4206 1765 4250 meuses
1793 4195 1869 4272 post

216 4290 459 4375 susceptionem
491 4291 693 4376 presentium
724 4291 765 4356 ad
794 4298 939 4356 nostram
968 4293 1169 4379 presentiam
1203 4290 1386 4356 destinetis.
1439 4289 1596 4374 Alioquin
1628 4290 1723 4356 vobis
1751 4291 1868 4354 merito

217 4393 377 4478 imputare
400 4395 561 4481 poteritis,
585 4395 613 4458 si
637 4395 742 4482 culpis
760 4397 878 4461 vestris
902 4397 1114 4481 exigentibus
1139 4397 1306 4460 ciuitatem
1321 4401 1464 4460 vestram
1489 4394 1665 4478 contigerit
1687 4391 1868 4480 episcopali

219 4497 296 4562 sede
319 4497 449 4584 privari.

322 4617 399 4684 Dat.
422 4618 575 4683 Lateran.
600 4618 648 4682 VI
671 4618 749 4684 Idus
771 4619 862 4702 Maii,
886 4642 971 4686 anno
995 4618 1110 4684 XIIII.

322 4736 360 4802 In
383 4739 524 4804 eundem
546 4739 615 4805 iere
639 4739 770 4806 modum
795 4790 829 4808 ..
853 4741 965 4806 abbati
989 4740 1110 4806 Sancte
1134 4738 1260 4804 iustine
1283 4738 1324 4804 de
1350 4738 1513 4804 Scaudio²
1535 4738 1701 4826 Aquensis
1725 4739 1866 4805 diocesis

213 4861 333 4926 usque:
364 4842 544 4928 episcopali
573 4843 653 4909 sede
681 4845 812 4931 privari.
864 4845 1026 4920 Quocirca
1056 4843 1266 4924 mandamus,
1296 4844 1449 4927 quatinus
1482 4844 1620 4923 clerum,
1654 4849 1866 4929 potestatem,

214 4944 385 5009 consilium
410 4951 443 5010 et
466 4947 621 5032 populum
645 4948 834 5034 Aquensem
857 4947 898 5012 ad
921 4948 955 5012 id
977 4950 1136 5014 attentius
1167 4968 1302 5013 moneas
1332 4952 1364 5010 et
1386 4947 1536 5026 inducas,
1566 4947 1653 5032 quod
1682 4968 1783 5034 super
1805 4944 1866 5009 hoo

215 5046 334 5112 feceris
358 5053 391 5112 et
413 5049 589 5132 inveneris,
611 5051 706 5118 nobis
729 5051 871 5116 fideliter
892 5052 1120 5138 rescripturus.

322 5167 397 5232 Dat.
420 5175 457 5234 ut
480 5193 589 5258 supra.

1599 5349 1760 5358 ———--.-

310 5463 332 5528 ⁸)
350 5465 502 5533 impendatis
519 5467 551 5518 R.

318 5601 344 5738 10)
363 5599 549 5654 Alexandrini
567 5601 637 5656 Mai.
657 5607 693 5656 18
709 5604 873 5673 imperatori
890 5619 918 5656 sc
936 5601 1126 5664 asiacam,-
1144 5599 1382 5666 Bonna-mesor,
1401 5601 1418 5656 l.
1436 5620 1458 5658 c.
1476 5621 1503 5657 a
1524 5607 1605 5668 3107,
1624 5621 1650 5656 n.
1736 5603 1765 5672 2)
1785 5601 1866 5656 Sesti

211 5701 299 5759 prope
340 5685 425 5739 cante.

317 5785 378 5836 Rau.
396 5783 476 5838 Pom.
494 5787 514 5837 L
1625 5785 1660 5840 85
