4560 6420
773 408 973 468 apremonte
990 408 1180 468 senacula.
1214 411 1290 467 1241.
1808 412 1869 476 717

213 587 355 676 impulsa
376 587 530 652 fluctibus
547 587 610 652 etsi
625 586 774 668 iactetur,
797 609 863 652 non
879 587 1048 671 mergitur,
1072 593 1106 652 et
1117 585 1213 651 undis
1229 606 1425 672 repercussa
1440 585 1655 652 frementibus
1671 587 1699 652 si
1715 590 1870 674 quatitur,

212 714 278 757 non
308 697 492 777 quassatur.
557 689 710 754 Ecclesia
744 690 876 775 quidem
911 711 1010 777 supra
1038 689 1115 754 Ildei
1149 697 1277 777 petram
1312 695 1423 754 erecta
1456 689 1647 775 frequenter
1681 691 1722 756 ab
1754 692 1870 756 emulis

214 795 400 860 Christiane
436 794 605 878 religionis
646 793 816 880 impetitur
849 800 883 858 et
917 793 1126 880 impugnatur
1160 813 1239 878 sepe
1270 792 1312 857 ab
1347 793 1572 858 ecclesiastice
1602 794 1870 881 persecutoribus

213 899 394 973 libertatis;
428 905 480 962 set
502 897 647 978 demum,
678 897 851 962 Altissimo
879 897 920 961 ad
944 918 1018 962 eam
1041 896 1215 961 clementie
1239 896 1352 960 oculos
1375 897 1552 962 inclinante
1577 919 1701 983 sueque
1723 899 1870 983 potentie

215 1001 386 1066 dexteram
410 1001 611 1066 extendente
635 1000 796 1082 tutricem,
820 1001 1023 1066 detractores
1039 999 1115 1065 fidei
1132 998 1224 1064 freno
1245 1005 1399 1064 arcentur
1413 1001 1536 1065 silentii
1551 1008 1586 1065 et
1601 1002 1870 1088 persequentium

212 1126 328 1170 manus
350 1106 384 1170 in
407 1105 478 1170 iura
501 1105 642 1170 ecclesie
665 1104 776 1169 laxate
800 1104 962 1190 regressis
995 1103 1118 1168 viribus
1150 1103 1401 1184 contrahuntur,
1433 1105 1544 1190 sieque
1573 1112 1647 1192 post
1675 1105 1870 1170 turbationis

212 1210 361 1275 nubilum
396 1230 547 1274 serenum
582 1209 673 1295 pacis
705 1209 933 1294 subsequitur,
973 1215 1007 1273 et
1041 1207 1182 1272 ecclesie
1211 1208 1274 1292 ipsi
1301 1208 1506 1292 gubernante
1533 1208 1675 1274 Domino
1707 1210 1871 1296 presentis

213 1313 319 1378 seculi
340 1333 430 1377 mare
462 1312 697 1392 substernitur,
732 1312 848 1376 colliso
877 1311 1003 1398 impetu
1034 1312 1271 1395 insurgentium
1301 1312 1527 1396 procellarum.
1581 1311 1615 1376 Si
1646 1334 1725 1398 ergo
1754 1312 1870 1377 fideles

213 1415 360 1481 eiusdem
385 1415 527 1480 ecclesie
551 1416 644 1480 iuxta
667 1415 919 1480 mutabilitatem
944 1414 1101 1501 temporis
1125 1413 1265 1478 sinistris
1296 1414 1471 1500 aliquando
1504 1423 1742 1503 exasperentur
1770 1437 1870 1480 even-

217 1519 304 1584 tibus
329 1525 363 1584 et
385 1519 592 1584 mulceantur
614 1518 809 1604 quandoque
832 1519 967 1600 votivis,
997 1539 1062 1583 non
1094 1539 1151 1582 eos
1176 1538 1350 1582 successus
1373 1518 1580 1584 adversitatis
1602 1518 1782 1606 deprimat,
1809 1539 1870 1583 neo

211 1629 322 1688 tamen
346 1644 501 1687 occursus
524 1623 755 1710 prosperitatis
780 1622 939 1702 extollat,
968 1628 1019 1687 set
1046 1623 1080 1686 in
1111 1643 1151 1686 eo
1181 1643 1258 1709 spes
1287 1627 1357 1686 tota
1386 1629 1526 1708 ponatur
1548 1624 1718 1709 omnisque
1741 1622 1870 1702 fiducia,

211 1727 266 1813 qui
296 1726 504 1814 sperantibus
534 1726 568 1790 in
599 1747 635 1792 se
664 1726 888 1791 misericordie
923 1727 1029 1791 sinum
1058 1727 1164 1811 aperit
1202 1732 1235 1790 et
1265 1732 1342 1812 post
1370 1726 1590 1791 tribulationis
1619 1727 1810 1814 patientiam
1838 1727 1871 1791 in

212 1828 359 1894 adversis
390 1829 573 1895 remedium
604 1830 636 1893 in
672 1831 840 1916 prosperis
876 1829 1112 1894 consolationis
1143 1828 1313 1914 impendit.
1369 1828 1557 1894 Fridericus
1590 1851 1730 1917 namque
1765 1830 1871 1895 dictus

212 1933 408 2019 imperator,
439 1933 580 1998 ecclesie
608 1941 816 2021 persecutor,
850 1933 982 1998 directis
1011 1933 1087 1996 olim
1110 1932 1266 1997 iratribus
1288 1934 1407 1997 nostris
1436 1940 1470 1998 et
1500 1935 1713 2000 ecclesiarum
1735 1935 1871 2021 prelatis

214 2057 253 2100 ac
276 2037 478 2123 principibus
501 2036 587 2101 orbis
611 2037 729 2101 litteris
753 2037 848 2122 petiit
871 2036 1045 2101 convocari
1068 2035 1272 2116 concilium¹,
1296 2043 1333 2100 ut
1355 2036 1458 2102 ibide
1476 2037 1600 2102 meritis
1617 2044 1872 2123 cognosceretur

211 2141 332 2227 ipsius,
364 2162 489 2227 nosque
517 2140 650 2206 tandem
679 2141 720 2205 de
743 2140 880 2206 fratrum
904 2139 1086 2205 eorundem
1110 2139 1246 2204 consilio
1268 2140 1413 2225 prelatos
1436 2146 1470 2204 et
1492 2162 1605 2226 regum
1628 2162 1667 2205 ac
1690 2141 1872 2228 principum

212 2245 344 2308 nuntios
370 2244 547 2309 adsedem
571 2245 786 2331 apostolicam
817 2243 970 2308 duximus
1000 2242 1227 2308 convocandos
1238 2242 1260 2308 ².
1308 2242 1374 2308 Sed
1397 2243 1483 2308 idem
1506 2243 1568 2308 hoc
1590 2245 1772 2326 intellecto,
1796 2244 1872 2329 quia

191 2335 346 2412 ‘terroris
368 2349 494 2412 sonitus
510 2349 683 2435 impiorum
706 2347 840 2413 auribus
865 2368 996 2433 semper
1019 2347 1116 2429 inest,
1140 2366 1180 2411 eo
1203 2346 1290 2432 quod
1305 2347 1376 2411 lesa
1391 2347 1592 2413 conscientia
1607 2370 1685 2414 seva
1700 2347 1871 2440 presumit2
1884 2362 1930 2405 na.
1946 2367 2012 2414 rasi.

212 2451 454 2538 subsequenter
485 2452 566 2516 alias
596 2451 725 2514 litteras
755 2451 935 2514 contrarias
969 2449 1147 2514 destinavit
1157 2448 1181 2530 ³,
1219 2455 1252 2514 et
1281 2450 1431 2534 nequiter
1460 2471 1495 2514 se
1526 2450 1702 2516 humilians
1730 2471 1871 2515 examen

218 2556 347 2619 concilii
371 2555 577 2641 requirendo,
600 2555 757 2620 Interiora
780 2575 840 2618 sua
862 2556 961 2642 plena
983 2553 1058 2618 dolo
1083 2554 1243 2640 scripture
1264 2553 1424 2618 varietate
1447 2553 1584 2621 detexit.
1627 2553 1872 2620 decedentibus

212 2658 322 2743 itaque
346 2657 525 2723 adsedem
549 2657 687 2722 eandem
710 2658 847 2745 prelatis
870 2659 1035 2743 aliquibus
1058 2664 1092 2722 et
1115 2657 1263 2743 pluribus
1295 2678 1408 2722 eorum
1437 2665 1571 2746 propter
1599 2659 1697 2723 maris
1721 2659 1872 2723 timorem

212 2762 253 2826 ad
277 2763 409 2849 propria
436 2761 665 2842 redeuntibus,
697 2763 786 2849 ipse,
816 2761 927 2826 audito
956 2762 1064 2826 vicino
1095 2763 1294 2846 reliquorum
1325 2761 1484 2843 adventu,
1513 2783 1571 2827 eoa
1599 2763 1716 2849 positis
1743 2762 1871 2827 insidiis

212 2865 291 2930 tecit
314 2887 387 2931 oum
403 2865 587 2930 venerabili
610 2865 712 2929 tratre
735 2865 890 2951 episcopo
914 2865 1108 2931 Penestriuo
1132 2887 1170 2930 ac
1193 2865 1314 2930 dilecto
1338 2866 1405 2930 filio
1428 2873 1541 2931 nostro
1559 2866 1598 2933 Ο.
1616 2865 1728 2932 Sancti
1743 2865 1872 2930 Nicolai

213 2971 246 3035 in
271 2968 411 3034 Osroene
435 2969 586 3035 Tulliano
610 2968 747 3032 diacono
780 2968 956 3049 cardinali,
986 2970 1104 3054 legatis
1134 2968 1222 3034 sedis
1250 2971 1449 3056 apostolice,
1478 2969 1652 3050 detineri‘,
1685 2969 1778 3056 quasi
1806 2990 1871 3033 non

216 3073 383 3138 sufficeret
406 3073 485 3153 sibi,
509 3071 597 3158 quod
622 3072 796 3136 ecclesiam
819 3072 1046 3158 multipliciter
1068 3073 1208 3152 leserat,
1231 3073 1296 3137 nisi
1318 3080 1352 3138 et
1374 3074 1456 3138 alias
1480 3073 1588 3139 eidem
1611 3071 1872 3139 inextimabilem

213 3178 373 3262 irrogaret
408 3178 578 3243 offensam.
630 3177 754 3241 Verum
792 3178 855 3242 etsi
886 3177 948 3243 hoo
977 3177 1195 3241 turbationem
1232 3179 1398 3242 mentibus
1434 3178 1581 3244 fidelium
1611 3177 1768 3257 inferant,
1805 3197 1871 3240 non

212 3287 322 3346 tamen
361 3302 493 3346 suorum
528 3280 674 3345 cordium
714 3286 767 3346 est
805 3281 1006 3346 immutanda
1040 3283 1224 3346 constantia
1258 3303 1320 3346 nec
1355 3303 1468 3347 eorum
1504 3289 1580 3347 sunt
1613 3281 1713 3347 animi
1749 3281 1869 3346 sinceri

213 3385 383 3460 flectendi;
415 3392 467 3450 set
498 3392 589 3449 tanto
620 3385 742 3451 debent
768 3386 832 3472 ipsi
862 3386 1002 3450 ecclesie
1033 3392 1146 3450 contra
1173 3392 1420 3472 persecutorem
1451 3386 1591 3451 eundem
1623 3386 1872 3451 favorabiliores

214 3487 341 3569 adesse,
369 3497 490 3574 quanto
514 3511 590 3553 eum
605 3511 648 3554 ex
664 3489 727 3554 hiis
743 3490 927 3574 graviorem
951 3490 1032 3574 ipsis
1054 3489 1206 3554 iniuriam
1229 3490 1263 3554 in
1286 3491 1343 3554 illa
1358 3491 1505 3555 sentiunt
1519 3491 1680 3556 intulisse.
1726 3489 1872 3575 Ideoque

216 3591 465 3656 universitatem
488 3599 632 3657 vestram
654 3613 840 3672 monemus,
868 3613 1022 3678 rogamus
1046 3600 1080 3658 et
1102 3591 1270 3658 hortamur
1292 3593 1451 3658 attentius
1473 3594 1685 3674 mandantes,
1710 3600 1872 3680 quatenus

215 3695 248 3759 in
284 3695 424 3760 ecclesie
459 3694 634 3760 devotione
670 3696 937 3760 constantissime
971 3698 1187 3783 persistentes
1223 3703 1256 3762 et
1292 3697 1495 3763 confidentes
1528 3699 1562 3763 in
1595 3697 1738 3762 Domino
1773 3703 1807 3762 et
1838 3697 1873 3761 in

215 3799 363 3887 potentia
384 3798 515 3863 virtutis
538 3798 658 3887 ipsius,
689 3799 829 3864 inimicis
853 3801 924 3865 eius
947 3808 1102 3886 tanquam
1126 3800 1247 3866 Christi
1272 3801 1442 3867 fortissimi
1464 3801 1643 3867 bellatores
1665 3806 1819 3887 potenter
1839 3805 1873 3864 et

215 3903 354 3968 viriliter
376 3903 548 3969 resistatis.
593 3902 665 3969 Nec
688 3905 853 3990 repentini
877 3927 972 3970 casus
994 3905 1149 3991 iniquitas
1174 3904 1406 3971 cordavestra
1428 3912 1561 3992 stupore
1586 3911 1790 3988 consternat,
1822 3911 1873 3970 set

216 4006 258 4071 ad
281 4006 509 4072 defensionem
532 4007 635 4094 ipsius
660 4009 802 4074 ecclesie
824 4009 983 4074 accendat
1015 4030 1055 4074 ca
1086 4009 1195 4094 potIus
1224 4009 1314 4073 zelus
1337 4009 1413 4076 Dei.
1466 4009 1535 4074 Nos
1566 4009 1653 4074 enirn
1682 4030 1781 4096 super
1810 4007 1873 4073 hiis

218 4109 330 4175 taliter
351 4111 524 4198 providere
548 4111 621 4176 Deo
645 4118 756 4177 actore
781 4112 997 4192 studebimus,
1021 4113 1138 4177 auxilii
1161 4113 1213 4176 sui
1236 4112 1406 4178 dexteram
1429 4113 1524 4178 nobis
1547 4113 1667 4178 adesse
1690 4118 1874 4200 sperantes,

214 4213 301 4299 quod
337 4215 512 4301 impiorum
547 4213 712 4301 depressis
744 4217 913 4281 conatibus
947 4216 1052 4281 honor
1083 4217 1146 4282 erit
1178 4215 1366 4298 Altissimo,
1402 4217 1563 4282 catholice
1598 4216 1675 4282 fidei
1709 4216 1810 4281 robur
1840 4221 1874 4282 et

214 4317 438 4382 ecclesiastice
461 4316 622 4382 libertatis
653 4325 865 4403 augmentum
895 4320 1105 4405 provenient,
1137 4341 1176 4385 ac
1204 4329 1315 4386 vestra
1346 4329 1379 4386 et
1408 4321 1546 4386 aliorum
1572 4320 1718 4386 fidelium
1748 4321 1873 4386 utilitas

215 4423 465 4508 subsequeturl.

322 4541 399 4609 Dat.
422 4541 577 4608 Lateran.
599 4541 664 4606 XV
688 4541 763 4607 Kal.
786 4542 892 4625 Iunii,
914 4543 1122 4631 pontificatus
1145 4546 1249 4610 nostri
1272 4568 1358 4612 anno
1382 4544 1633 4633 quintodecimo.
1696 4547 1698 4550 ’

137 4686 164 4725 ιο
325 4663 363 4728 In
387 4663 527 4729 eundem
551 4662 683 4728 modum
707 4713 740 4729 ..
763 4663 866 4728 nobili
888 4665 959 4729 viro
982 4663 1057 4729 duci
1080 4671 1115 4730 et
1136 4665 1258 4752 populo
1281 4665 1485 4732 Venetorum
1496 4668 1517 4731 ⁸.

324 4767 364 4831 In
388 4767 527 4833 eundern
550 4765 682 4831 modum
706 4814 739 4832 ..
763 4767 938 4853 potestati,
967 4768 1104 4832 consilio
1134 4775 1168 4834 et
1194 4769 1316 4854 populo
1347 4769 1604 4852 Mediolanensi,
1633 4769 1872 4848 Ferrariensi·‚

215 4871 410 4954 Mantuano,
442 4871 653 4951 Placentino,
686 4870 866 4950 Perusino,
901 4871 1098 4954 Tudertino,
1131 4873 1389 4955 Interamnensi,
1420 4874 1648 4952 Urbevetano,
1683 4872 1873 4959 Spoletano,

215 4975 404 5055 Narniensi,
426 4973 615 5061 Anagnino,
638 4973 785 5060 Signino,
808 4976 971 5057 alatrino,
993 4976 1174 5058 Verulano,
1198 4977 1436 5043 Tarracinensi.

321 5235 346 5302 ⁸)
365 5238 395 5288 In
413 5253 436 5288 e.
455 5253 488 5286 m.
508 5273 534 5288 ..
553 5254 577 5304 p.
595 5252 619 5288 c.
636 5243 663 5288 et
679 5253 704 5304 p.
722 5237 750 5286 iu
768 5237 829 5302 [lep.
848 5254 946 5304 seraper
964 5239 1096 5305 repetitum
1113 5249 1156 5291 ert.

139 5375 165 5414 rs
323 5355 349 5420 1)
369 5353 412 5422 cs.
430 5371 471 5424 ep.
489 5353 667 5424 imperatoria
684 5371 710 5407 a.
730 5357 811 5420 1239,
830 5355 920 5423 April.
938 5359 978 5408 20
995 5361 1020 5409 et
1038 5360 1117 5416 1240.
1136 5355 1223 5410 Mart.
1242 5359 1277 5410 16
1293 5355 1390 5422 datar,-
1409 5353 1708 5418 miliarii-Brittones,
1726 5354 1743 5408 l.
1762 5369 1783 5406 c.
1802 5357 1820 5407 t.
1842 5349 1874 5414 V,

215 5458 244 5510 p.
265 5443 320 5492 sor
339 5443 365 5493 er
383 5444 447 5494 era.
544 5441 573 5508 a)
593 5438 636 5508 cs.
653 5456 680 5493 u.
701 5443 754 5494 rar
773 5442 799 5494 er
818 5444 882 5495 ree.
978 5441 1006 5507 a)
1027 5440 1070 5508 cs.
1089 5440 1341 5509 Brome-mere,
1368 5442 1385 5494 t
1411 5457 1433 5495 c.
1450 5458 1478 5495 u.
1498 5445 1579 5506 area,
1599 5443 1679 5504 3139,
1699 5443 1777 5502 sris,
1797 5443 1874 5492 erra.

218 5527 248 5594 4)
269 5524 312 5594 Os.
331 5541 358 5580 rr.
378 5530 430 5581 812
448 5532 474 5581 et
493 5530 554 5580 813.
658 5527 687 5594 b)
705 5529 740 5579 Iu
759 5525 976 5596 Baumparteab.
995 5525 1145 5592 cornero„
1171 5527 1276 5581 Fontes
1304 5545 1359 5582 rer.
1378 5529 1456 5583 Aust.
1478 5529 1561 5584 Atra.
1585 5528 1631 5592 ΙΙ,
1654 5533 1672 5582 t.
1690 5530 1741 5588 25.
1766 5543 1795 5595 p.
1815 5529 1874 5584 18⁴.

219 5612 312 5666 eodem
337 5612 456 5681 epistola
482 5617 548 5666 nota
575 5611 767 5680 mronoloqea
794 5611 929 5665 destituta
955 5627 1015 5665 cour
1040 5611 1220 5681 inscriptione
1245 5613 1381 5668 universis
1408 5614 1587 5668 ecclesiarum
1612 5613 1766 5667 rectoribus
1790 5615 1874 5665 artat.

219 5700 247 5765 6)
267 5697 327 5752 Sub
347 5698 413 5753 XIII
433 5698 493 5752 Kal.
512 5697 573 5753 Iun.
590 5698 620 5753 iri
638 5697 697 5752 cod.
716 5699 864 5770 epistolari
887 5699 1021 5770 Itecersri,
1039 5698 1142 5754 Arabio
1160 5706 1178 5755 t.
1200 5700 1269 5766 VII,
1285 5720 1315 5772 p.
1335 5705 1399 5768 920,
1417 5719 1443 5758 a
1463 5706 1508 5758 97.
