4576 6390
760 413 960 469 EPISTOLAE
978 411 1168 469 SELECTAE.
1207 413 1282 468 1234.
1791 419 1850 482 481

121 669 122 672 ¹
191 589 230 644 ut
254 581 316 645 sibi
339 589 454 668 perte
478 584 602 668 absque
626 587 804 651 coactionis
828 587 984 651 violentia
1007 585 1156 666 satisfiat,
1179 608 1239 672 per
1261 585 1397 650 idoneos
1420 586 1563 666 nuntios,
1586 607 1667 672 quos
1691 589 1721 652 ei
1745 595 1851 652 trans-

193 686 324 750 mittere
348 707 413 750 non
436 694 632 773 postponas,
662 689 920 755 satisfactionem
949 691 1056 756 cidem
1084 690 1255 754 ultroneus
1280 691 1398 754 offeras
1422 689 1464 754 do
1487 689 1636 775 dampnis
1660 697 1694 755 et
1722 691 1851 755 iniuriis

195 789 361 874 irrogatis;
392 811 451 854 nos
482 791 568 854 enim
600 791 641 855 de
673 794 850 858 securitate
882 801 938 858 tua
966 801 1000 859 et
1030 801 1160 859 tuorum
1184 800 1216 858 et
1246 800 1278 858 te
1306 793 1509 858 restituendo
1538 794 1734 878 ingratiam
1758 816 1850 858 suam

198 893 399 973 curabimus,
432 903 529 980 prout
551 907 746 980 oportunum
776 897 888 976 luerit,
913 904 1057 983 paterna
1089 896 1308 962 sollicitudine
1337 896 1529 983 providere'
1566 897 1661 971 Quod
1692 899 1719 961 ei
1743 899 1854 982 aliqua

195 995 355 1060 dubitatio
378 1019 398 1061 a
422 999 559 1062 consilio
583 1007 695 1063 nostro
718 1007 750 1064 te
774 1001 859 1065 forte
883 1002 1074 1080 retraxerit,
1100 1002 1215 1064 saltem
1239 1007 1440 1086 spontaneus
1465 1007 1497 1064 te
1520 1007 1631 1064 nostre
1655 1000 1852 1066 ordinationi

194 1102 402 1165 committens
440 1103 559 1166 offeras
594 1102 784 1168 satisfacere
822 1105 1011 1189 imperatori
1046 1103 1208 1190 predicto,
1249 1104 1335 1167 sicut
1368 1104 1510 1167 ecclesia
1539 1101 1687 1168 Romana
1720 1104 1852 1169 duxerit

193 1202 442 1289 disponendum.
487 1205 653 1289 Alioquin,
677 1227 750 1270 cum
766 1228 831 1272 non
851 1207 1015 1292 possimus
1035 1228 1096 1271 uec
1117 1207 1216 1270 etiam
1236 1205 1415 1271 debeamus
1438 1208 1502 1293 ipsi
1518 1207 1635 1272 deesse
1660 1209 1692 1272 in
1716 1209 1851 1288 iustitia,

191 1307 225 1370 in
248 1328 312 1391 qua
336 1329 447 1371 snmus
470 1309 544 1372 aliis
567 1308 749 1388 debitores,
782 1330 937 1375 exercere
961 1311 994 1374 in
1018 1317 1050 1374 te
1077 1311 1219 1394 rigorem
1243 1311 1366 1374 iustitie
1390 1312 1483 1376 iuxta
1506 1313 1715 1376 commissum
1738 1334 1758 1376 a
1779 1312 1852 1376 Deo

192 1411 287 1474 nobis
322 1410 465 1474 officium
500 1413 751 1497 compellemur,
793 1419 825 1477 ot
865 1420 900 1478 tu
935 1413 1055 1477 duritie
1090 1420 1145 1478 tue
1180 1414 1304 1499 poteris
1343 1413 1549 1499 discrimina,
1583 1437 1645 1502 que
1680 1416 1756 1480 inde
1791 1416 1852 1480 tibi

196 1514 376 1593 evenerint,
400 1515 571 1599 imputare.

301 1633 378 1700 Dat.
401 1634 488 1721 apud
513 1636 685 1718 Arronem,
707 1637 775 1702 VII
798 1636 844 1702 Id.
871 1637 956 1722 Aug.
980 1613 1072 1700 anno
1089 1643 1214 1701 octavo.

980 2177 1065 2250 594.

303 2284 493 2397 &reponas
508 2315 565 2380 IX
575 2337 663 2398 papa
681 2317 851 2381 baronibus
872 2315 961 2396 rcyni
977 2314 1259 2398 [hierosolymitani
1279 2321 1309 2380 et
1330 2319 1448 2382 cimbros
1463 2315 1695 2382 Acconcnsihns
1709 2315 1848 2391 mandat,

193 2419 229 2481 nt
245 2439 363 2498 moeni,
385 2439 479 2499 qnam
502 2419 585 2483 inicr
606 2421 690 2500 ipsos
711 2425 740 2485 ei
761 2420 963 2484 Fridcrienm
982 2418 1198 2483 Rornanorum
1219 2421 1435 2500 imperatorem
1458 2418 1643 2504 [Albertns]
1659 2417 1849 2500 patriarcha

195 2521 410 2586 Antiochenses
439 2525 468 2584 et
489 2521 732 2607 [Hermannns]
754 2524 901 2604 manistcr
926 2522 1034 2586 donem
1063 2523 1299 2588 Teutonicornnr
1318 2522 1427 2608 facere
1449 2523 1642 2599 curaverint,
1673 2521 1850 2598 observarem

192 2623 334 2704 alioquin
357 2643 389 2688 sc
410 2624 632 2709 [theoderico]
653 2625 882 2706 archiepiscopo
902 2625 1099 2704 maminoti,
1130 2647 1220 2707 quem
1249 2627 1383 2708 lepatnm
1405 2645 1497 2689 sunm
1519 2625 1563 2688 ad
1578 2627 1689 2704 partos
1710 2624 1849 2703 ipsoram

190 2727 302 2803 mittat,
325 2727 497 2806 ininnpera
520 2732 556 2789 nl
577 2729 683 2792 omnia
707 2729 740 2790 in
763 2749 833 2792 enin
855 2731 970 2792 stainos
992 2728 1130 2806 reducat,
1154 2749 1214 2810 qno
1238 2734 1311 2792 anic
1333 2729 1522 2794 discordiam
1543 2728 1626 2791 inter
1640 2726 1849 2810 [Riecardnm

190 2828 429 2912 Filanyorium]
451 2830 672 2894 marescalcum
693 2831 893 2911 imperatoris
914 2836 943 2894 et
965 2850 1015 2894 cos
1036 2833 1119 2912 cissos
1141 2837 1280 2896 exortam
1298 2830 1434 2916 fuerint,

294 2997 376 3066 arey.
397 2998 446 3053 ῙΧ
463 2998 531 3064 3⁶⁹·
555 2999 611 3052 V⁰l
630 3001 649 3054 1
654 3000 683 3068 V,
703 3003 769 3067 1⁹9r
788 3001 849 3056 Lit.
874 3000 959 3065 VIII,
978 3005 1043 3056 ras.
1505 2919 1600 2995 1234,
1623 2917 1706 2999 ΑΨ·
1728 2919 1759 2982 8·

295 3085 431 3150 Potlhaat,
451 3085 520 3158 ch.
540 3089 616 3140 9505
635 3089 660 3140 et
678 3089 761 3141 9504.

436 3298 669 3373 Nobilibus
696 3300 807 3372 viris
833 3301 1078 3374 baronibus
1105 3301 1227 3392 regni
1253 3301 1602 3376 lerosolimitani

714 3427 756 3494 et
782 3422 949 3496 civibus
975 3421 1319 3496 senonensibus.

296 3566 348 3632 De
371 3566 566 3634 liberatione
583 3570 684 3635 Terre
703 3569 821 3635 Sancte
845 3570 1072 3635 indesinenter
1093 3571 1183 3635 anxii
1207 3578 1241 3634 et
1265 3571 1335 3634 sine
1358 3569 1600 3634 intermissione
1625 3569 1756 3632 solliciti
1779 3590 1845 3633 non

190 3691 374 3750 cessamus,
405 3670 481 3734 dum
511 3672 655 3737 flebilem
683 3674 786 3760 ipsius
820 3695 931 3738 casum
959 3674 1175 3752 attendimus,
1209 3695 1268 3760 pro
1299 3673 1369 3737 eius
1400 3678 1487 3736 statu
1518 3679 1680 3757 oportuna
1708 3673 1845 3735 consilia

112 3795 124 3834 a
190 3774 345 3858 cogitare.
391 3773 487 3839 Unde
517 3796 620 3861 nuper
647 3769 886 3842 deliberatione
917 3778 1087 3863 prehabito
1111 3799 1184 3842 cunr
1213 3775 1366 3842 fratribus
1395 3775 1515 3840 nostris
1539 3783 1572 3840 ct
1600 3775 1844 3840 venerabilibus

188 3876 343 3942 fratribus
378 3925 418 3940 ..
452 3876 851 3964 Constantinopolitano¹,
886 3928 926 3945 ..
955 3882 1148 3946 Antiooensi
1182 3887 1216 3944 et
1246 3929 1254 3943 .
1284 3928 1291 3943 .
1321 3877 1606 3945 Ierosolimitano²
1638 3878 1843 3964 patriaahis,

187 3979 460 4065 archiepiscopis,
489 3981 651 4068 episcopis
675 3991 708 4046 et
738 3984 847 4048 multis
875 3985 947 4048 aliis
976 3985 1190 4050 ecclesiarum
1212 3984 1348 4070 prolatis
1370 3981 1458 4068 apud
1481 3981 1594 4047 eedem
1626 3983 1840 4068 apostolicam

188 4083 389 4163 constitutis,
419 4092 573 4170 presente
597 4093 631 4149 et
654 4093 847 4171 acceptante
871 4088 1045 4152 karissimo
1069 4088 1103 4150 in
1127 4086 1258 4150 Christo
1281 4086 1348 4150 lilio
1371 4093 1484 4150 nostro
1507 4084 1693 4166 Friderico,
1717 4084 1839 4149 Roma-

188 4206 303 4249 norum
325 4187 522 4272 imperatore
552 4209 683 4274 semper
710 4197 867 4273 augusto,
900 4189 1080 4255 Ierusalem
1104 4197 1137 4253 et
1160 4188 1273 4253 Sicilie
1304 4209 1384 4272 rege
1407 4189 1544 4269 illustri,
1578 4189 1632 4273 pie
1662 4195 1748 4252 terre
1778 4188 1842 4274 ipsi

191 4288 448 4372 subvenicpdum
471 4289 672 4377 providimus
695 4313 755 4378 per
777 4293 968 4377 generalem
990 4293 1104 4380 populi
1121 4291 1299 4355 Christiani
1322 4311 1521 4372 succursum,
1545 4297 1579 4355 et
1600 4291 1733 4376 ubique,
1758 4292 1842 4355 sicut

189 4399 239 4456 est
268 4393 401 4476 negotio
429 4394 630 4478 permaxime
659 4397 898 4472 necessarium,
929 4398 1018 4484 pacis
1049 4417 1109 4460 seu
1140 4403 1352 4479 treuguarum
1374 4393 1496 4458 debere
1526 4393 1640 4458 federa
1662 4393 1840 4460 observari.

189 4494 274 4568 Quia
296 4517 373 4559 vero
402 4496 580 4561 turbationi
609 4505 642 4561 et
669 4519 712 4562 ex
739 4499 801 4564 hoe
823 4501 914 4584 gravi
937 4500 1083 4587 periculo
1107 4499 1254 4563 subiacet
1283 4504 1371 4561 terra
1399 4496 1562 4583 predicta,
1591 4503 1726 4585 propter
1755 4497 1842 4583 quod

188 4599 279 4664 labor
311 4599 497 4664 huiusmodi
527 4607 615 4666 esset
644 4601 787 4683 inutilis,
823 4604 850 4668 si
884 4625 1000 4690 pacem
1033 4605 1106 4689 ipsa
1135 4624 1200 4667 non
1230 4601 1385 4682 haberet,
1420 4623 1478 4687 pro
1509 4621 1573 4686 qua
1603 4601 1664 4666 heo
1695 4603 1839 4686 provisio

189 4703 363 4782 emanavit,
387 4710 420 4767 et
439 4703 534 4767 facile
557 4704 696 4768 ammitti
714 4707 918 4792 contingeret
941 4729 1062 4794 paucas
1085 4728 1149 4793 que
1173 4713 1349 4791 supersunt
1372 4704 1526 4789 reliquias
1549 4725 1593 4769 ex
1615 4703 1746 4769 eadem:
1769 4727 1840 4786 nos,

189 4808 338 4871 nolentes
362 4807 459 4871 sicuti
481 4827 541 4870 nec
557 4805 714 4874 debemus
737 4809 839 4896 ipsius
856 4811 1087 4875 exterminium
1104 4811 1277 4888 sustinere,
1299 4807 1522 4873 venerabilem
1538 4807 1670 4872 fratrem
1693 4814 1840 4873 nostrum

188 4961 196 4977 .
221 4957 229 4971 .
252 4909 477 4975 Ravennatem
499 4909 799 4997 archiepiscopum,
824 4915 1004 4999 apostolice
1029 4914 1117 4979 sedis
1140 4915 1302 4999 legatum,
1326 4912 1418 4976 cuius
1440 4910 1648 4975 discretionis
1672 4919 1705 4976 et
1727 4913 1838 4997 probi-

187 5013 265 5076 tatis
292 5014 409 5077 merita
436 5014 614 5078 efficaciter
640 5035 700 5078 nos
731 5015 916 5099 hortantur,
947 5024 984 5082 ut
1013 5019 1046 5082 in
1075 5017 1185 5082 arduis
1216 5016 1358 5100 negotiis
1380 5014 1469 5078 vicos
1493 5019 1622 5076 nostras
1644 5013 1840 5079 fiducialiter

189 5116 427 5181 committamus
450 5116 572 5195 eidem,
606 5116 647 5180 ad
680 5126 791 5203 partes
815 5127 942 5185 vestras
965 5120 1119 5184 duximus
1144 5117 1391 5198 destinandum,
1425 5115 1673 5180 universitatem
1695 5124 1838 5182 vestram

65 5295 72 5302 .
188 5224 358 5282 monentes
381 5226 414 5282 ct
436 5219 604 5284 hortantes
628 5229 767 5302 attente,
800 5223 1012 5289 obsecrantes
1035 5245 1095 5310 per
1117 5225 1342 5309 aspersionem
1367 5220 1535 5305 sanguinis
1558 5219 1636 5284 Iesu
1660 5219 1782 5284 Christi
1805 5231 1839 5285 et

110 5359 137 5398 ω
189 5323 222 5385 in
256 5321 482 5384 remissionem
509 5322 601 5386 vobis
637 5326 862 5410 peccaminum
894 5328 1122 5414 iniungentes,
1157 5327 1308 5413 quatinus
1336 5345 1466 5411 pacem,
1499 5344 1594 5409 quam
1622 5323 1687 5387 iam
1716 5323 1838 5390 dudum

188 5423 355 5511 predictus
377 5423 603 5490 Antiocheuus
631 5429 817 5513 patriarcha
840 5438 874 5496 et
896 5431 1035 5496 dilectus
1063 5431 1147 5495 filius
1178 5478 1186 5493 .
1211 5429 1399 5514 ..magister
1420 5427 1535 5491 domus
1559 5424 1837 5494 Theutonioorum

291 5683 317 5748 1)
336 5681 464 5736 Nicolao.
532 5683 560 5752 2)
581 5681 708 5742 aaran

293 5781 354 5832 ltro.
372 5781 452 5832 Ponr.
470 5782 489 5834 1.
