4604 6420
424 373 487 442 414
571 431 573 436 .
1001 367 1050 428 ax
1068 365 1243 427 aaaooan
1260 367 1299 423 rx
1317 362 1498 422 ssorsnao

423 548 632 636 pervenisse,
662 544 750 632 quod
772 545 903 632 quidam
932 545 1072 612 heretici
1100 545 1133 610 in
1155 545 1274 610 vestris
1299 541 1487 609 diocesibus
1510 538 1694 620 constituti,
1722 545 1831 605 metu*
1857 538 1973 604 mortis
1996 537 2080 604 falso

424 649 467 716 ad
502 650 697 718 catholicam
730 650 904 716 eeclesiam
933 655 1153 728 revertentes,
1183 669 1246 714 nec
1277 667 1343 712 non
1371 651 1404 712 et
1436 646 1547 731 plures
1580 643 1637 708 alii
1665 642 1707 708 de
1737 641 1884 709 heretica
1915 642 2080 730 pravitate

425 755 583 837 convicti,
611 752 653 820 ad
676 773 820 819 errorem
843 753 1012 839 pravitatis
1036 751 1201 832 eiusdem,
1230 772 1327 836 quem
1349 772 1369 815 a
1391 772 1428 815 se
1451 748 1622 814 abdicasse
1646 749 1777 834 penitus
1799 747 2013 823 videbantur,
2042 752 2080 811 ut

425 859 558 945 gravius
582 857 733 923 scindere
755 856 887 921 valeant
910 855 1103 920 catholicam
1126 855 1296 934 unitatem,
1320 853 1432 939 sepius
1453 856 1673 918 revertuntur.
1716 850 1768 916 Ne
1790 851 1889 936 igitur
1911 871 1973 938 per
1994 850 2079 914 tales

426 961 487 1027 suh
521 960 604 1027 false
634 959 857 1026 conversionis
887 959 999 1046 specie
1029 956 1190 1023 catholice
1220 956 1298 1022 fidei
1326 956 1531 1042 professores
1560 955 1777 1042 perniciosius
1806 955 1972 1040 eorrumpi
2000 974 2080 1017 con-

426 1067 547 1150 tingat,
582 1063 790 1144 mandemus,
826 1063 979 1149 quatinus
1011 1061 1197 1127 huiusmodi
1233 1061 1443 1149 pestilentes,
1478 1067 1651 1147 postquam
1685 1058 1726 1124 de
1759 1059 1921 1145 pravitate
1955 1056 2081 1121 fuerint

427 1167 580 1233 iamdicta
601 1167 782 1248 convincti,
806 1167 834 1231 si
856 1166 952 1232 aliter
973 1166 1080 1252 puniti
1102 1186 1167 1230 non
1190 1165 1325 1246 fuerint,
1350 1185 1407 1230 eos
1430 1165 1477 1230 ita
1501 1210 1609 1230 .....
1610 1161 1635 1243 ¹³,
1658 1161 1745 1248 quod
1768 1162 1908 1248 quilibet
1930 1167 2081 1228 vestrum

426 1271 460 1336 in
484 1291 545 1335 sua
566 1268 701 1351 diocesi,
725 1275 761 1335 ut
783 1269 864 1356 ipsis
888 1268 944 1334 det
965 1268 1099 1334 vexatio
1122 1268 1336 1348 intellectum,
1359 1269 1393 1332 in
1416 1274 1577 1355 perpetuo
1600 1287 1732 1331 earcere
1755 1264 1941 1332 retrudatis.

537 1388 625 1454 Data
649 1387 813 1474 Anagnis,
836 1387 886 1452 IV
907 1387 1078 1454 Kalendas
1100 1387 1220 1470 Martii,
1245 1408 1329 1453 auno
1353 1393 1459 1452 sexto.

1212 1804 1299 1879 515.

539 1915 729 2030 Graecias
761 1946 817 2013 IX
843 1966 933 2028 pape
964 1945 1220 2026 archepisccpis,
1255 1944 1406 2026 episcopis
1438 1945 1467 2008 et
1498 1942 1575 2008 clits
1608 1941 1808 2007 scelestarum
1835 1943 1995 2023 praelatis
2020 1963 2085 2023 per
2139 1969 2163 2005 rc

433 2048 616 2116 aaronem
638 2050 814 2114 cmsstitutis
834 2048 974 2127 mandat,
995 2051 1030 2112 at
1052 2047 1243 2114 Iudaeorum
1264 2066 1413 2126 recessus,
1435 2047 1491 2128 qai
1512 2049 1746 2124 monserantur,
1767 2047 1952 2127 reprimat.

1722 2152 1815 2228 1233,
1836 2149 1940 2214 Mart.
1962 2153 1994 2214 4.

536 2238 619 2310 orep.
637 2238 688 2293 rx
704 2238 773 2308 nec.
797 2238 854 2292 vot.
873 2235 935 2301 111,
954 2241 1019 2304 101;
1037 2235 1100 2290 asc.
1121 2234 1173 2302 vr,
1193 2239 1257 2290 353.

534 2325 672 2393 Patami,
688 2325 757 2396 Jeep.
777 2327 854 2380 9112.

496 2518 858 2614 Archiepisoopis
887 2523 929 2593 et
955 2516 1183 2610 episcopis
1210 2521 1252 2589 et
1278 2515 1380 2590 aliis
1408 2514 1696 2589 eeclesiarum
1722 2515 1913 2607 prelatis
1942 2536 2019 2607 per
2140 2551 2164 2588 ιι

979 2637 1242 2712 Teutoniam
1269 2633 1541 2710 constitutis

541 2787 699 2854 Sufficere
723 2789 883 2854 debuerat
905 2785 1041 2873 perfidie
1065 2786 1256 2868 ludeorum,
1280 2784 1366 2870 qnod
1389 2805 1447 2851 eos
1468 2785 1574 2872 pietas
1599 2783 1786 2850 Christiana
1809 2785 1910 2851 solius
1934 2785 2087 2850 humani-

432 2893 511 2958 tatis
533 2892 652 2957 intuitu
667 2898 816 2978 receptat
839 2897 873 2957 et
896 2891 1046 2972 sustinet,
1069 2912 1149 2977 quos
1172 2890 1229 2967 hii,
1254 2889 1310 2974 qui
1324 2887 1422 2954 fidem
1438 2887 1632 2954 catholicam
1650 2895 1893 2976 persequuntur
1915 2895 1948 2954 et
1964 2909 2087 2954 nomen

431 2993 566 3058 Domini
595 3015 660 3084 non
690 3000 867 3076 noverunt,
897 2995 931 3059 in
961 3016 1053 3061 suam
1082 2993 1359 3059 cohabitationem
1389 2996 1424 3058 et
1453 2992 1653 3057 consortium
1682 3013 1747 3058 non
1780 2991 1963 3056 admittunt.
2014 2991 2087 3078 Ipsi

436 3096 524 3162 enim
546 3097 668 3182 ingrati
690 3098 794 3184 gratie
817 3118 855 3163 ac
877 3097 1113 3163 beneficiorum
1142 3095 1237 3161 obliti
1266 3094 1361 3160 nobis
1390 3114 1449 3181 pro
1478 3095 1584 3180 gratia
1610 3095 1842 3161 contumeliam
1858 3093 2028 3160 vexhibent
2051 3099 2088 3158 et
2140 3117 2168 3156 nc

434 3197 475 3263 de
505 3198 710 3286 benignitate
737 3200 838 3288 impia
865 3200 1082 3266 retributione
1105 3204 1346 3285 contemptum,
1377 3197 1433 3282 qui
1462 3218 1505 3261 ex
1532 3197 1602 3262 sola
1630 3197 1856 3263 misericordia
1878 3198 1911 3262 in
1940 3203 2088 3262 nostram

434 3301 693 3369 familiaritatem
728 3304 863 3369 admissi
901 3325 959 3370 sue
994 3303 1153 3369 deberent
1186 3321 1365 3388 agnoscere
1404 3301 1516 3386 iugum
1549 3322 1593 3366 ex
1627 3303 1724 3388 culpa
1760 3301 1893 3388 propria
1925 3305 2089 3387 perpetue

435 3406 615 3474 servitutis.
659 3407 845 3495 Accepimn·
886 3406 1064 3491 siquidem,
1095 3405 1182 3490 quod
1211 3426 1277 3470 non
1307 3406 1378 3471 sine
1409 3404 1521 3470 dolore
1550 3425 1719 3471 narramus
1750 3412 1784 3470 et
1812 3405 1983 3471 scribimus
2013 3425 2089 3469 oum

434 3505 577 3594 pudore,
607 3508 693 3594 quod
715 3509 809 3576 Indoi
838 3531 898 3597 per
920 3510 1115 3575 Teutoniam
1138 3509 1308 3575 constituti
1330 3509 1408 3574 faeti
1436 3515 1512 3575 sunt
1540 3507 1623 3574 adeo
1646 3510 1842 3591 insolentes,
1870 3515 1907 3574 ut
1928 3508 2003 3572 illos
2026 3529 2089 3572 ex·

435 3632 549 3676 cessus
580 3611 785 3678 committere
815 3613 848 3678 in
877 3613 1107 3679 contumeliam
1135 3611 1321 3678 Christiane
1349 3611 1426 3677 fidei
1454 3633 1519 3677 non
1546 3619 1740 3698 pavescant,
1770 3612 1856 3698 quod
1883 3634 1948 3678 non
1980 3611 2088 3675 solum
2141 3631 2167 3671 ss

435 3713 546 3779 dicere
583 3713 642 3780 sed
673 3714 772 3780 etiam
804 3721 857 3781 est
887 3714 1081 3802 nepharium
1108 3716 1263 3802 cogitare.
1318 3715 1453 3781 Habent
1486 3715 1608 3781 etenim
1642 3716 1806 3803 mancipia
1840 3714 2026 3781 Christiana
2056 3719 2090 3779 et

436 3816 626 3882 circumcidi
648 3817 772 3883 faciunt
795 3825 830 3884 et
851 3817 1017 3884 iudaizare
1041 3819 1251 3906 compellunt.
1295 3817 1451 3883 Nonnulli
1475 3818 1593 3893 etiam,
1623 3839 1688 3883 non
1716 3840 1752 3884 re
1780 3817 1838 3884 sed
1862 3819 1932 3883 solo
1955 3818 2090 3884 nomine

436 3918 628 4001 Christiani,
660 3927 778 4007 sponte
801 3942 838 3986 se
860 3920 1097 3986 transferentes
1119 3919 1161 3985 ad
1183 3920 1274 4006 ipsos
1297 3926 1330 3985 et
1353 3941 1466 3985 corum
1488 3921 1585 3986 ritum
1610 3927 1777 3987 sectantes
1800 3920 1990 3986 circumcidi
2012 3943 2090 4009 per-

435 4023 571 4088 mittunt
593 4029 627 4089 et
654 4022 776 4090 Iudeos
805 4044 841 4088 se
869 4022 999 4109 publice
1027 4023 1231 4109 profitentur.
1276 4021 1320 4086 at
1344 4043 1417 4088 cum
1440 4022 1473 4088 in
1497 4022 1656 4090 Toletano
1680 4023 1841 4098 coneilio¹
1865 4023 1908 4088 sit
1931 4029 2090 4090 statutum

436 4128 470 4190 et
498 4124 532 4188 in
562 4125 734 4209 generali²
763 4125 994 4192 nichilominus
1025 4127 1232 4204 innovatum,
1266 4146 1307 4191 ne
1336 4123 1459 4189 Christi
1490 4126 1702 4213 blasphemus
1733 4127 1873 4215 publicis
1904 4127 2089 4214 preferatur
2142 4153 2169 4192 so

437 4227 580 4308 officiis0,
609 4249 683 4292 oum
715 4229 850 4295 nimium
879 4229 921 4293 sit
948 4229 1140 4310 absurdum,
1168 4235 1204 4294 ut
1231 4229 1307 4294 talis
1335 4228 1369 4293 in
1392 4227 1597 4295 Christianos
1624 4231 1690 4295 vim
1721 4238 1876 4297 exerceat
1904 4233 2090 4318 potestatis,

436 4330 667 4396 nichilominus
692 4330 740 4396 eis
764 4331 942 4419 dignitates
965 4335 1131 4399 seculares
1156 4339 1189 4398 et
1211 4332 1343 4419 publica
1359 4333 1467 4399 officia
1481 4334 1737 4412 committuntur,
1760 4355 1900 4420 quorum
1915 4337 2090 4402 occasione

437 4433 471 4498 in
498 4431 704 4499 Christianos
736 4436 866 4501 seviunt
895 4442 929 4502 et
961 4437 1135 4502 nonnullos
1168 4457 1300 4502 servare
1335 4436 1460 4501 faciunt
1489 4437 1586 4502 ritum
1616 4458 1722 4506 sunm.
1772 4437 1908 4504 Habent
1937 4445 2091 4525 preterea

437 4537 583 4601 nutrices
611 4543 645 4602 et
680 4536 819 4602 famulas
846 4539 882 4603 in
909 4538 1058 4604 domibus
1087 4539 1228 4626 propriis
1258 4538 1478 4619 Christianos,
1509 4560 1572 4625 que
1600 4539 1687 4626 apud
1716 4561 1773 4607 eos
1799 4541 1858 4605 illa
1885 4543 2092 4607 committunt

439 4641 600 4722 enormia,
630 4639 717 4726 quod
740 4641 975 4708 abominationi
1003 4649 1078 4708 suut
1106 4642 1315 4708 audientibus
1338 4648 1373 4708 et
1393 4643 1531 4710 horrori.
1574 4643 1619 4709 Et
1646 4645 1725 4710 licet
1747 4644 1780 4708 in
1803 4644 1919 4710 eodem
1942 4646 2090 4732 generali
2144 4666 2171 4706 ss

439 4742 577 4806 coneilio
600 4748 768 4826 caveatur,
794 4752 831 4809 ut
853 4745 946 4813 Iudai
968 4747 1140 4831 utriusque
1170 4768 1270 4812 sexus
1294 4748 1437 4813 inomni
1461 4746 1721 4814 Christianorum
1751 4750 1920 4836 provincia
1942 4756 1977 4815 et
2002 4751 2091 4814 omni

438 4851 586 4932 tempore
610 4845 769 4930 qualitate
792 4846 922 4914 habitus
945 4849 986 4913 ab
1010 4848 1085 4912 aliis
1108 4848 1364 4935 distinguantur,
1397 4852 1444 4916 sie
1475 4852 1509 4916 in
1537 4851 1730 4936 quibusdam
1752 4852 1913 4918 Teutonis
1942 4854 2091 4941 partibus

439 4949 575 5015 inolevit
597 4948 756 5030 confusio,
779 4949 865 5036 quod
885 4950 977 5016 nulla
1001 4949 1187 5016 differentia
1209 4951 1447 5019 discernuntur.
1493 4954 1576 5021 Cum
1599 4956 1700 5041 igitur
1722 4956 1847 5042 nephas
1871 4957 1924 5038 sit,
1946 4964 1983 5021 ut
2005 4957 2091 5022 sacri

439 5052 650 5139 baptismatis
672 5052 761 5117 unda
774 5059 909 5119 renatus
923 5053 1106 5118 infidelium
1128 5055 1194 5120 ritn
1216 5057 1268 5122 vel
1285 5058 1534 5124 conversatione
1556 5057 1695 5141 ledetur,
1718 5079 1757 5124 ac
1772 5060 1889 5145 religio
1906 5059 2093 5126 Christiana

544 5311 567 5378 ⁸)
585 5313 718 5365 constituti
736 5315 781 5380 qni
798 5323 869 5368 metu
887 5313 919 5366 B.
1000 5314 1022 5382 ¹⁸)
1041 5315 1110 5367 deest
1126 5313 1225 5380 aliquid
1241 5315 1269 5367 ia
1288 5315 1320 5367 R.
1405 5317 1427 5384 e)
1445 5319 1537 5370 officiis
1555 5318 1623 5371 deest
1639 5319 1668 5370 irs
1686 5319 1719 5370 It.
2145 5331 2174 5371 so

542 5447 568 5514 1)
586 5446 711 5501 Pramum
734 5447 765 5502 in
788 5448 870 5503 tertio
892 5463 917 5502 a.
937 5448 994 5500 589
1015 5449 1161 5518 eelebrmo,
1187 5466 1232 5520 op.
1252 5449 1362 5518 Monoi,
1390 5449 1488 5507 Concil.
1510 5451 1617 5508 Collect.
1635 5455 1653 5507 t.
1672 5452 1734 5520 IX,
1751 5469 1782 5523 p.
1799 5455 1862 5508 996.
1907 5455 1944 5509 Io
1965 5455 2092 5510 conditis

435 5536 536 5604 postea
559 5532 643 5586 Toleti
660 5531 765 5587 habitis
783 5533 834 5586 boe
851 5537 986 5589 statatum
1006 5538 1118 5604 caspias
1140 5537 1301 5592 imsooatum
1322 5538 1365 5592 cel
1386 5537 1575 5606 consternatam
1592 5544 1638 5593 est.
1717 5540 1743 5608 2)
1767 5538 1952 5596 Lateromcss'
1969 5557 1997 5596 a.
2015 5545 2095 5611 1215,

439 5637 486 5690 ap.
505 5619 601 5674 nasa
618 5619 636 5672 1.
654 5633 677 5672 e.
696 5602 715 5674 t.
733 5619 835 5682 xxrr,
850 5635 881 5689 p.
899 5623 983 5673 rose.
