<?xml version="1.0" encoding="UTF-8"?>
<!DOCTYPE html PUBLIC "-//W3C//DTD XHTML 1.0 Transitional//EN"
    "http://www.w3.org/TR/xhtml1/DTD/xhtml1-transitional.dtd">
<html xmlns="http://www.w3.org/1999/xhtml" xml:lang="en" lang="en">
 <head>
  <title>
</title>
<meta http-equiv="Content-Type" content="text/html;charset=utf-8" />
  <meta name='ocr-system' content='tesseract 3.04.00' />
  <meta name='ocr-capabilities' content='ocr_page ocr_carea ocr_par ocr_line ocrx_word'/>
</head>
<body>
  <div class='ocr_page' id='page_1' title='image "./monumentagerman00peipgoog/monumentagerman00peipgoog_0547.png"; bbox 0 0 4590 6366; ppageno 0'>
   <div class='ocr_carea' id='block_1_1' title="bbox 1017 392 1513 460">
    <p class='ocr_par' dir='ltr' id='par_1_1' title="bbox 1017 392 1513 460">
     <span class='ocr_line' id='line_1_1' title="bbox 1017 392 1513 460; baseline 0.014 -8"><span class='ocrx_word' id='word_1_1' title='bbox 1017 393 1065 453; x_wconf 77' lang='lat' dir='ltr'><em>EX</em></span> <span class='ocrx_word' id='word_1_2' title='bbox 1084 392 1259 454; x_wconf 75' lang='lat' dir='ltr'><em>cursona</em></span> <span class='ocrx_word' id='word_1_3' title='bbox 1276 395 1315 458; x_wconf 83' lang='lat' dir='ltr'><em>IX</em></span> <span class='ocrx_word' id='word_1_4' title='bbox 1333 397 1513 460; x_wconf 70' lang='lat' dir='ltr'><em>canarno</em></span> 
     </span>
    </p>
   </div>
   <div class='ocr_carea' id='block_1_2' title="bbox 1200 714 1286 780">
    <p class='ocr_par' dir='ltr' id='par_1_2' title="bbox 1200 714 1286 780">
     <span class='ocr_line' id='line_1_2' title="bbox 1200 714 1286 780; baseline 0 0"><span class='ocrx_word' id='word_1_5' title='bbox 1200 714 1286 780; x_wconf 88' lang='lat' dir='ltr'><em>-V.</em></span> 
     </span>
    </p>
   </div>
   <div class='ocr_carea' id='block_1_3' title="bbox 437 812 2115 1135">
    <p class='ocr_par' dir='ltr' id='par_1_3' title="bbox 437 812 2115 1135">
     <span class='ocr_line' id='line_1_3' title="bbox 545 812 2113 932; baseline 0.002 -24"><span class='ocrx_word' id='word_1_6' title='bbox 545 812 736 924; x_wconf 66' lang='lat' dir='ltr'><em>Grunnius</em></span> <span class='ocrx_word' id='word_1_7' title='bbox 762 841 818 909; x_wconf 88' lang='lat' dir='ltr'><em>IX</em></span> <span class='ocrx_word' id='word_1_8' title='bbox 841 865 933 925; x_wconf 80' lang='lat' dir='ltr'><em>papo</em></span> <span class='ocrx_word' id='word_1_9' title='bbox 964 845 1083 910; x_wconf 85' lang='lat' dir='ltr'><em>cosdcrn</em></span> <span class='ocrx_word' id='word_1_10' title='bbox 1109 845 1288 911; x_wconf 79' lang='lat' dir='ltr'><em>cardinales</em></span> <span class='ocrx_word' id='word_1_11' title='bbox 1313 846 1350 910; x_wconf 84' lang='lat' dir='ltr'><em>dc</em></span> <span class='ocrx_word' id='word_1_12' title='bbox 1372 844 1510 910; x_wconf 66' lang='lat' dir='ltr'><em>adorna</em></span> <span class='ocrx_word' id='word_1_13' title='bbox 1535 843 1698 932; x_wconf 76' lang='lat' dir='ltr'><em>G[royorr‘r&#39;</em></span> <span class='ocrx_word' id='word_1_14' title='bbox 1725 843 1763 914; x_wconf 80' lang='lat' dir='ltr'><em>dc</em></span> <span class='ocrx_word' id='word_1_15' title='bbox 1784 846 1892 914; x_wconf 83' lang='lat' dir='ltr'><em>Fasca</em></span> <span class='ocrx_word' id='word_1_16' title='bbox 1914 847 1958 913; x_wconf 84' lang='lat' dir='ltr'><em>de</em></span> <span class='ocrx_word' id='word_1_17' title='bbox 1982 844 2113 932; x_wconf 84' lang='lat' dir='ltr'><em>Barla]</em></span> 
     </span>
     <span class='ocr_line' id='line_1_4' title="bbox 437 944 2115 1031; baseline 0.002 -21"><span class='ocrx_word' id='word_1_18' title='bbox 437 944 582 1010; x_wconf 78' lang='lat' dir='ltr'><strong><em>certiores</em></strong></span> <span class='ocrx_word' id='word_1_19' title='bbox 602 946 682 1026; x_wconf 86' lang='lat' dir='ltr'><em>facit</em></span> <span class='ocrx_word' id='word_1_20' title='bbox 705 947 805 1028; x_wconf 83' lang='lat' dir='ltr'><em>iisqne</em></span> <span class='ocrx_word' id='word_1_21' title='bbox 827 948 990 1028; x_wconf 71' lang='lat' dir='ltr'><strong><em>respondet</em></strong></span> <span class='ocrx_word' id='word_1_22' title='bbox 1011 969 1043 1013; x_wconf 88' lang='lat' dir='ltr'><em>sc</em></span> <span class='ocrx_word' id='word_1_23' title='bbox 1066 953 1171 1012; x_wconf 84' lang='lat' dir='ltr'><em>ratnrn</em></span> <span class='ocrx_word' id='word_1_24' title='bbox 1193 949 1321 1028; x_wconf 79' lang='lat' dir='ltr'><em>trabere,</em></span> <span class='ocrx_word' id='word_1_25' title='bbox 1344 950 1499 1031; x_wconf 83' lang='lat' dir='ltr'><em>quidquid</em></span> <span class='ocrx_word' id='word_1_26' title='bbox 1520 951 1556 1014; x_wconf 86' lang='lat' dir='ltr'><em>da</em></span> <span class='ocrx_word' id='word_1_27' title='bbox 1574 972 1651 1030; x_wconf 82' lang='lat' dir='ltr'><em>poce</em></span> <span class='ocrx_word' id='word_1_28' title='bbox 1673 954 1855 1030; x_wconf 75' lang='lat' dir='ltr'><em>statuerint,</em></span> <span class='ocrx_word' id='word_1_29' title='bbox 1879 951 2053 1016; x_wconf 60' lang='lat' dir='ltr'><em>mamas</em></span> <span class='ocrx_word' id='word_1_30' title='bbox 2077 955 2115 1014; x_wconf 80' lang='lat' dir='ltr'><em>ut</em></span> 
     </span>
     <span class='ocr_line' id='line_1_5' title="bbox 438 1050 1694 1135; baseline 0.006 -23"><span class='ocrx_word' id='word_1_31' title='bbox 438 1050 598 1113; x_wconf 72' lang='lat' dir='ltr'><em>cautiones</em></span> <span class='ocrx_word' id='word_1_32' title='bbox 619 1051 712 1114; x_wconf 80' lang='lat' dir='ltr'><em>iaxta</em></span> <span class='ocrx_word' id='word_1_33' title='bbox 729 1051 879 1134; x_wconf 84' lang='lat' dir='ltr'><em>formam,</em></span> <span class='ocrx_word' id='word_1_34' title='bbox 904 1073 999 1133; x_wconf 81' lang='lat' dir='ltr'><em>qaam</em></span> <span class='ocrx_word' id='word_1_35' title='bbox 1023 1053 1064 1116; x_wconf 84' lang='lat' dir='ltr'><em>iis</em></span> <span class='ocrx_word' id='word_1_36' title='bbox 1087 1054 1291 1130; x_wconf 82' lang='lat' dir='ltr'><em>transmittat,</em></span> <span class='ocrx_word' id='word_1_37' title='bbox 1313 1075 1334 1117; x_wconf 91' lang='lat' dir='ltr'><em>a</em></span> <span class='ocrx_word' id='word_1_38' title='bbox 1356 1052 1511 1118; x_wconf 62' lang='lat' dir='ltr'><em>Mennis</em></span> <span class='ocrx_word' id='word_1_39' title='bbox 1532 1055 1694 1135; x_wconf 83' lang='lat' dir='ltr'><em>rccipiunt.</em></span> 
     </span>
    </p>
   </div>
   <div class='ocr_carea' id='block_1_4' title="bbox 541 1158 2018 1239">
    <p class='ocr_par' dir='ltr' id='par_1_4' title="bbox 541 1158 2018 1239">
     <span class='ocr_line' id='line_1_6' title="bbox 541 1158 2018 1239; baseline 0.001 -19"><span class='ocrx_word' id='word_1_40' title='bbox 541 1185 569 1222; x_wconf 65' lang='lat' dir='ltr'><em>a.</em></span> <span class='ocrx_word' id='word_1_41' title='bbox 589 1175 613 1223; x_wconf 71' lang='lat' dir='ltr'><em>a.</em></span> <span class='ocrx_word' id='word_1_42' title='bbox 1708 1159 1801 1236; x_wconf 84' lang='lat'><strong><em>1235,</em></strong></span> <span class='ocrx_word' id='word_1_43' title='bbox 1824 1158 1936 1239; x_wconf 65' lang='lat' dir='ltr'><em>Apul.</em></span> <span class='ocrx_word' id='word_1_44' title='bbox 1960 1160 2018 1223; x_wconf 80' lang='lat'><em>24.</em></span> 
     </span>
    </p>
   </div>
   <div class='ocr_carea' id='block_1_5' title="bbox 472 1281 2102 1596">
    <p class='ocr_par' dir='ltr' id='par_1_5' title="bbox 472 1281 2102 1596">
     <span class='ocr_line' id='line_1_7' title="bbox 985 1281 1551 1372; baseline 0.004 -19"><span class='ocrx_word' id='word_1_45' title='bbox 985 1337 994 1352; x_wconf 94' lang='lat'><strong>.</strong></span> <span class='ocrx_word' id='word_1_46' title='bbox 1025 1337 1034 1352; x_wconf 90' lang='lat'><strong>.</strong></span> <span class='ocrx_word' id='word_1_47' title='bbox 1063 1281 1275 1372; x_wconf 78' lang='lat' dir='ltr'><em>aplacopa</em></span> <span class='ocrx_word' id='word_1_48' title='bbox 1303 1281 1551 1372; x_wconf 86' lang='lat' dir='ltr'><em>Portuensi,</em></span> 
     </span>
     <span class='ocr_line' id='line_1_8' title="bbox 472 1401 2102 1497; baseline 0.002 -25"><span class='ocrx_word' id='word_1_49' title='bbox 472 1401 499 1472; x_wconf 93' lang='lat' dir='ltr'><em>I.</em></span> <span class='ocrx_word' id='word_1_50' title='bbox 527 1402 649 1475; x_wconf 87' lang='lat' dir='ltr'><em>tituli</em></span> <span class='ocrx_word' id='word_1_51' title='bbox 676 1402 838 1476; x_wconf 87' lang='lat' dir='ltr'><em>Sancte</em></span> <span class='ocrx_word' id='word_1_52' title='bbox 866 1402 1077 1476; x_wconf 83' lang='lat' dir='ltr'><em>Praxedis</em></span> <span class='ocrx_word' id='word_1_53' title='bbox 1105 1408 1147 1476; x_wconf 89' lang='lat' dir='ltr'><em>et</em></span> <span class='ocrx_word' id='word_1_54' title='bbox 1173 1403 1210 1476; x_wconf 87' lang='lat' dir='ltr'><em>S.</em></span> <span class='ocrx_word' id='word_1_55' title='bbox 1238 1403 1357 1476; x_wconf 88' lang='lat' dir='ltr'><em>tituli</em></span> <span class='ocrx_word' id='word_1_56' title='bbox 1386 1404 1544 1478; x_wconf 83' lang='lat' dir='ltr'><em>Sancte</em></span> <span class='ocrx_word' id='word_1_57' title='bbox 1571 1405 1703 1479; x_wconf 87' lang='lat' dir='ltr'><em>Maria</em></span> <span class='ocrx_word' id='word_1_58' title='bbox 1729 1405 2102 1497; x_wconf 87' lang='lat' dir='ltr'><em>Transtyberim&#39;</em></span> 
     </span>
     <span class='ocr_line' id='line_1_9' title="bbox 795 1517 1424 1596; baseline 0.002 -2"><span class='ocrx_word' id='word_1_59' title='bbox 795 1517 799 1527; x_wconf 75' lang='grc'><em>“</em></span> <span class='ocrx_word' id='word_1_60' title='bbox 1110 1522 1424 1596; x_wconf 83' lang='lat' dir='ltr'><em>cardinalibus,</em></span> 
     </span>
    </p>
   </div>
   <div class='ocr_carea' id='block_1_6' title="bbox 2175 1346 2186 1383">
    <p class='ocr_par' dir='ltr' id='par_1_6' title="bbox 2175 1346 2186 1383">
     <span class='ocr_line' id='line_1_10' title="bbox 2175 1346 2186 1383; baseline 0 0"><span class='ocrx_word' id='word_1_61' title='bbox 2175 1346 2186 1383; x_wconf 78' lang='grc'>5</span> 
     </span>
    </p>
   </div>
   <div class='ocr_carea' id='block_1_7' title="bbox 438 1669 2185 3206">
    <p class='ocr_par' dir='ltr' id='par_1_7' title="bbox 438 1669 2185 3206">
     <span class='ocr_line' id='line_1_11' title="bbox 546 1669 2109 1756; baseline 0.003 -23"><span class='ocrx_word' id='word_1_62' title='bbox 546 1669 721 1736; x_wconf 89' lang='lat' dir='ltr'><em>Mediatori</em></span> <span class='ocrx_word' id='word_1_63' title='bbox 749 1670 813 1736; x_wconf 89' lang='lat' dir='ltr'><em>Dei</em></span> <span class='ocrx_word' id='word_1_64' title='bbox 846 1678 879 1736; x_wconf 88' lang='lat' dir='ltr'><em>et</em></span> <span class='ocrx_word' id='word_1_65' title='bbox 907 1671 1074 1735; x_wconf 91' lang='lat' dir='ltr'><em>hominum</em></span> <span class='ocrx_word' id='word_1_66' title='bbox 1101 1670 1178 1734; x_wconf 88' lang='lat' dir='ltr'><em>Iesu</em></span> <span class='ocrx_word' id='word_1_67' title='bbox 1206 1669 1353 1750; x_wconf 83' lang='lat' dir='ltr'><em>Christo,</em></span> <span class='ocrx_word' id='word_1_68' title='bbox 1385 1671 1440 1754; x_wconf 92' lang='lat' dir='ltr'><em>qui</em></span> <span class='ocrx_word' id='word_1_69' title='bbox 1470 1691 1585 1756; x_wconf 88' lang='lat' dir='ltr'><em>pacem</em></span> <span class='ocrx_word' id='word_1_70' title='bbox 1612 1671 1698 1734; x_wconf 89' lang='lat' dir='ltr'><em>iuter</em></span> <span class='ocrx_word' id='word_1_71' title='bbox 1726 1670 1831 1735; x_wconf 90' lang='lat' dir='ltr'><em>Deum</em></span> <span class='ocrx_word' id='word_1_72' title='bbox 1862 1678 1896 1736; x_wconf 88' lang='lat' dir='ltr'><em>et</em></span> <span class='ocrx_word' id='word_1_73' title='bbox 1929 1673 2109 1738; x_wconf 91' lang='lat' dir='ltr'><em>homiuem</em></span> 
     </span>
     <span class='ocr_line' id='line_1_12' title="bbox 441 1772 2109 1860; baseline 0.004 -26"><span class='ocrx_word' id='word_1_74' title='bbox 441 1772 643 1856; x_wconf 83' lang='lat' dir='ltr'><em>reformarit,</em></span> <span class='ocrx_word' id='word_1_75' title='bbox 667 1776 729 1840; x_wconf 90' lang='lat' dir='ltr'><em>etsi</em></span> <span class='ocrx_word' id='word_1_76' title='bbox 753 1797 817 1840; x_wconf 91' lang='lat' dir='ltr'><em>non</em></span> <span class='ocrx_word' id='word_1_77' title='bbox 841 1775 968 1859; x_wconf 85' lang='lat' dir='ltr'><em>dignas,</em></span> <span class='ocrx_word' id='word_1_78' title='bbox 992 1795 1073 1860; x_wconf 89' lang='lat' dir='ltr'><em>quas</em></span> <span class='ocrx_word' id='word_1_79' title='bbox 1096 1781 1207 1838; x_wconf 90' lang='lat' dir='ltr'><em>tamen</em></span> <span class='ocrx_word' id='word_1_80' title='bbox 1230 1794 1403 1860; x_wconf 90' lang='lat' dir='ltr'><em>possumus</em></span> <span class='ocrx_word' id='word_1_81' title='bbox 1426 1773 1605 1856; x_wconf 87' lang='lat' dir='ltr'><em>gratiarum</em></span> <span class='ocrx_word' id='word_1_82' title='bbox 1627 1773 1799 1839; x_wconf 79' lang='lat' dir='ltr'>referimus</span> <span class='ocrx_word' id='word_1_83' title='bbox 1823 1776 1986 1856; x_wconf 84' lang='lat' dir='ltr'><em>actiones,</em></span> <span class='ocrx_word' id='word_1_84' title='bbox 2012 1779 2109 1841; x_wconf 91' lang='lat' dir='ltr'><em>solli-</em></span> 
     </span>
     <span class='ocr_line' id='line_1_13' title="bbox 440 1875 2184 1966; baseline 0.003 -26"><span class='ocrx_word' id='word_1_85' title='bbox 440 1876 617 1941; x_wconf 83' lang='lat' dir='ltr'><em>citudinem</em></span> <span class='ocrx_word' id='word_1_86' title='bbox 647 1900 686 1943; x_wconf 90' lang='lat' dir='ltr'><em>ac</em></span> <span class='ocrx_word' id='word_1_87' title='bbox 718 1879 926 1966; x_wconf 86' lang='lat' dir='ltr'><em>prudentiam</em></span> <span class='ocrx_word' id='word_1_88' title='bbox 956 1885 1099 1942; x_wconf 85' lang='lat' dir='ltr'><em>vestram</em></span> <span class='ocrx_word' id='word_1_89' title='bbox 1130 1878 1239 1962; x_wconf 86' lang='lat' dir='ltr'><em>dignis</em></span> <span class='ocrx_word' id='word_1_90' title='bbox 1275 1878 1308 1941; x_wconf 93' lang='lat' dir='ltr'><em>in</em></span> <span class='ocrx_word' id='word_1_91' title='bbox 1338 1877 1480 1941; x_wconf 90' lang='lat' dir='ltr'><em>Domino</em></span> <span class='ocrx_word' id='word_1_92' title='bbox 1508 1875 1660 1940; x_wconf 79' lang='lat' dir='ltr'><em>laudibus</em></span> <span class='ocrx_word' id='word_1_93' title='bbox 1690 1877 1981 1954; x_wconf 82' lang='lat' dir='ltr'><em>commendantes,</em></span> <span class='ocrx_word' id='word_1_94' title='bbox 2003 1881 2108 1965; x_wconf 72' lang='lat' dir='ltr'><em>&#39;quod</em></span> <span class='ocrx_word' id='word_1_95' title='bbox 2161 1914 2184 1951; x_wconf 71' lang='grc' dir='ltr'><em>ιο</em></span> 
     </span>
     <span class='ocr_line' id='line_1_14' title="bbox 440 1980 2108 2070; baseline 0.002 -26"><span class='ocrx_word' id='word_1_96' title='bbox 440 1981 527 2044; x_wconf 91' lang='lat' dir='ltr'><em>sicut</em></span> <span class='ocrx_word' id='word_1_97' title='bbox 551 2001 593 2044; x_wconf 85' lang='lat' dir='ltr'><em>ex</em></span> <span class='ocrx_word' id='word_1_98' title='bbox 619 1988 732 2046; x_wconf 89' lang='lat' dir='ltr'><em>tenore</em></span> <span class='ocrx_word' id='word_1_99' title='bbox 756 1982 938 2047; x_wconf 89' lang='lat' dir='ltr'><em>litterarum</em></span> <span class='ocrx_word' id='word_1_100' title='bbox 954 1989 1138 2046; x_wconf 82' lang='lat' dir='ltr'><em>vestrarum</em></span> <span class='ocrx_word' id='word_1_101' title='bbox 1162 1989 1195 2045; x_wconf 89' lang='lat' dir='ltr'><em>et</em></span> <span class='ocrx_word' id='word_1_102' title='bbox 1218 1981 1378 2046; x_wconf 87' lang='lat' dir='ltr'><em>relatione</em></span> <span class='ocrx_word' id='word_1_103' title='bbox 1395 1980 1506 2044; x_wconf 89' lang='lat' dir='ltr'><em>dilecti</em></span> <span class='ocrx_word' id='word_1_104' title='bbox 1529 1981 1586 2044; x_wconf 89' lang='lat' dir='ltr'><em>filii</em></span> <span class='ocrx_word' id='word_1_105' title='bbox 1603 1981 1641 2044; x_wconf 86' lang='lat' dir='ltr'><em>G.</em></span> <span class='ocrx_word' id='word_1_106' title='bbox 1660 1980 1852 2045; x_wconf 85' lang='lat' dir='ltr'><em>subdiaconi</em></span> <span class='ocrx_word' id='word_1_107' title='bbox 1875 1989 1908 2046; x_wconf 90' lang='lat' dir='ltr'><em>et</em></span> <span class='ocrx_word' id='word_1_108' title='bbox 1934 1986 2108 2070; x_wconf 86' lang='lat' dir='ltr'><em>capellani</em></span> 
     </span>
     <span class='ocr_line' id='line_1_15' title="bbox 439 2083 2107 2171; baseline 0.004 -25"><span class='ocrx_word' id='word_1_109' title='bbox 439 2085 543 2148; x_wconf 90' lang='lat' dir='ltr'><em>nostri</em></span> <span class='ocrx_word' id='word_1_110' title='bbox 565 2084 659 2150; x_wconf 89' lang='lat' dir='ltr'><em>nobis</em></span> <span class='ocrx_word' id='word_1_111' title='bbox 682 2087 837 2167; x_wconf 86' lang='lat' dir='ltr'><em>innotuit,</em></span> <span class='ocrx_word' id='word_1_112' title='bbox 868 2086 1008 2150; x_wconf 85' lang='lat' dir='ltr'><em>Romani</em></span> <span class='ocrx_word' id='word_1_113' title='bbox 1033 2107 1092 2171; x_wconf 90' lang='lat' dir='ltr'><em>per</em></span> <span class='ocrx_word' id='word_1_114' title='bbox 1114 2092 1224 2149; x_wconf 89' lang='lat' dir='ltr'><em>vestre</em></span> <span class='ocrx_word' id='word_1_115' title='bbox 1248 2084 1418 2168; x_wconf 89' lang='lat' dir='ltr'><em>diligentie</em></span> <span class='ocrx_word' id='word_1_116' title='bbox 1444 2083 1607 2159; x_wconf 83' lang='lat' dir='ltr'><em>studium,</em></span> <span class='ocrx_word' id='word_1_117' title='bbox 1639 2106 1678 2149; x_wconf 89' lang='lat' dir='ltr'><em>eo</em></span> <span class='ocrx_word' id='word_1_118' title='bbox 1701 2085 1841 2150; x_wconf 86' lang='lat' dir='ltr'><em>faciente</em></span> <span class='ocrx_word' id='word_1_119' title='bbox 1866 2087 1921 2170; x_wconf 92' lang='lat' dir='ltr'><em>qui</em></span> <span class='ocrx_word' id='word_1_120' title='bbox 1947 2089 2107 2153; x_wconf 82' lang='lat' dir='ltr'><em>actiones</em></span> 
     </span>
     <span class='ocr_line' id='line_1_16' title="bbox 438 2187 2109 2277; baseline 0.002 -27"><span class='ocrx_word' id='word_1_121' title='bbox 438 2187 542 2251; x_wconf 90' lang='lat' dir='ltr'><em>bonas</em></span> <span class='ocrx_word' id='word_1_122' title='bbox 566 2190 740 2275; x_wconf 86' lang='lat' dir='ltr'><em>aspirando</em></span> <span class='ocrx_word' id='word_1_123' title='bbox 758 2191 908 2277; x_wconf 86' lang='lat' dir='ltr'><em>prevenit</em></span> <span class='ocrx_word' id='word_1_124' title='bbox 930 2197 964 2254; x_wconf 92' lang='lat' dir='ltr'><em>et</em></span> <span class='ocrx_word' id='word_1_125' title='bbox 986 2189 1197 2275; x_wconf 85' lang='lat' dir='ltr'><em>prosequitur</em></span> <span class='ocrx_word' id='word_1_126' title='bbox 1211 2187 1407 2267; x_wconf 86' lang='lat' dir='ltr'><em>adiuvando,</em></span> <span class='ocrx_word' id='word_1_127' title='bbox 1431 2187 1471 2251; x_wconf 92' lang='lat' dir='ltr'><em>ad</em></span> <span class='ocrx_word' id='word_1_128' title='bbox 1496 2189 1600 2252; x_wconf 87' lang='lat' dir='ltr'><em>sinum</em></span> <span class='ocrx_word' id='word_1_129' title='bbox 1624 2189 1737 2252; x_wconf 91' lang='lat' dir='ltr'><em>matris</em></span> <span class='ocrx_word' id='word_1_130' title='bbox 1761 2189 1901 2254; x_wconf 89' lang='lat' dir='ltr'><em>ecclesie</em></span> <span class='ocrx_word' id='word_1_131' title='bbox 1927 2190 2109 2256; x_wconf 85' lang='lat' dir='ltr'><em>humiliter</em></span> 
     </span>
     <span class='ocr_line' id='line_1_17' title="bbox 438 2290 2106 2380; baseline 0.003 -26"><span class='ocrx_word' id='word_1_132' title='bbox 438 2291 629 2373; x_wconf 86' lang='lat' dir='ltr'><em>redeuntes,</em></span> <span class='ocrx_word' id='word_1_133' title='bbox 661 2314 777 2380; x_wconf 87' lang='lat' dir='ltr'><em>pacem</em></span> <span class='ocrx_word' id='word_1_134' title='bbox 801 2292 979 2356; x_wconf 90' lang='lat' dir='ltr'><em>secundum</em></span> <span class='ocrx_word' id='word_1_135' title='bbox 1003 2292 1159 2372; x_wconf 77' lang='lat' dir='ltr'><em>sormam,</em></span> <span class='ocrx_word' id='word_1_136' title='bbox 1189 2313 1285 2376; x_wconf 90' lang='lat' dir='ltr'><em>quam</em></span> <span class='ocrx_word' id='word_1_137' title='bbox 1308 2291 1368 2355; x_wconf 89' lang='lat' dir='ltr'><em>snb</em></span> <span class='ocrx_word' id='word_1_138' title='bbox 1391 2290 1483 2355; x_wconf 92' lang='lat' dir='ltr'><em>bulla</em></span> <span class='ocrx_word' id='word_1_139' title='bbox 1504 2297 1616 2355; x_wconf 88' lang='lat' dir='ltr'><em>nostra</em></span> <span class='ocrx_word' id='word_1_140' title='bbox 1639 2313 1698 2377; x_wconf 91' lang='lat' dir='ltr'><em>per</em></span> <span class='ocrx_word' id='word_1_141' title='bbox 1721 2291 1860 2356; x_wconf 89' lang='lat' dir='ltr'><em>eundem</em></span> <span class='ocrx_word' id='word_1_142' title='bbox 1885 2295 2106 2378; x_wconf 85' lang='lat' dir='ltr'><em>capellanum</em></span> 
     </span>
     <span class='ocr_line' id='line_1_18' title="bbox 439 2393 2183 2481; baseline 0.005 -25"><span class='ocrx_word' id='word_1_143' title='bbox 439 2394 531 2459; x_wconf 84' lang='lat' dir='ltr'><em>vobis</em></span> <span class='ocrx_word' id='word_1_144' title='bbox 569 2396 822 2473; x_wconf 86' lang='lat' dir='ltr'><em>transmisimus,</em></span> <span class='ocrx_word' id='word_1_145' title='bbox 857 2395 1054 2458; x_wconf 88' lang='lat' dir='ltr'><em>unanimiter</em></span> <span class='ocrx_word' id='word_1_146' title='bbox 1088 2402 1310 2479; x_wconf 88' lang='lat' dir='ltr'><em>acceptarunt.</em></span> <span class='ocrx_word' id='word_1_147' title='bbox 1355 2393 1424 2458; x_wconf 88' lang='lat' dir='ltr'><em>Nos</em></span> <span class='ocrx_word' id='word_1_148' title='bbox 1461 2395 1576 2478; x_wconf 85' lang='lat' dir='ltr'><em>igitur,</em></span> <span class='ocrx_word' id='word_1_149' title='bbox 1613 2394 1699 2479; x_wconf 91' lang='lat' dir='ltr'><em>quod</em></span> <span class='ocrx_word' id='word_1_150' title='bbox 1731 2417 1830 2481; x_wconf 89' lang='lat' dir='ltr'><em>super</em></span> <span class='ocrx_word' id='word_1_151' title='bbox 1860 2395 2105 2464; x_wconf 87' lang='lat' dir='ltr'><em>reformatione</em></span> <span class='ocrx_word' id='word_1_152' title='bbox 2160 2427 2183 2463; x_wconf 77' lang='lat' dir='ltr'><em>a</em></span> 
     </span>
     <span class='ocr_line' id='line_1_19' title="bbox 438 2497 2107 2584; baseline 0.004 -24"><span class='ocrx_word' id='word_1_153' title='bbox 438 2499 530 2584; x_wconf 88' lang='lat' dir='ltr'><em>pacis</em></span> <span class='ocrx_word' id='word_1_154' title='bbox 559 2499 645 2563; x_wconf 90' lang='lat' dir='ltr'><em>inter</em></span> <span class='ocrx_word' id='word_1_155' title='bbox 675 2499 848 2564; x_wconf 88' lang='lat' dir='ltr'><em>ecclesiam</em></span> <span class='ocrx_word' id='word_1_156' title='bbox 878 2506 911 2564; x_wconf 90' lang='lat' dir='ltr'><em>et</em></span> <span class='ocrx_word' id='word_1_157' title='bbox 933 2498 1099 2562; x_wconf 90' lang='lat' dir='ltr'><em>Romanos</em></span> <span class='ocrx_word' id='word_1_158' title='bbox 1128 2497 1262 2563; x_wconf 89' lang='lat' dir='ltr'><em>easdam</em></span> <span class='ocrx_word' id='word_1_159' title='bbox 1293 2520 1353 2583; x_wconf 92' lang='lat' dir='ltr'><em>per</em></span> <span class='ocrx_word' id='word_1_160' title='bbox 1376 2520 1432 2563; x_wconf 84' lang='lat' dir='ltr'><em>vos</em></span> <span class='ocrx_word' id='word_1_161' title='bbox 1457 2499 1579 2562; x_wconf 88' lang='lat' dir='ltr'><em>factum</em></span> <span class='ocrx_word' id='word_1_162' title='bbox 1610 2497 1900 2578; x_wconf 83' lang='lat' dir='ltr'><em>essedinoscitur,</em></span> <span class='ocrx_word' id='word_1_163' title='bbox 1932 2507 2045 2564; x_wconf 89' lang='lat' dir='ltr'><em>ratum</em></span> <span class='ocrx_word' id='word_1_164' title='bbox 2073 2509 2107 2566; x_wconf 89' lang='lat' dir='ltr'><em>et</em></span> 
     </span>
     <span class='ocr_line' id='line_1_20' title="bbox 439 2602 2108 2690; baseline 0.003 -25"><span class='ocrx_word' id='word_1_165' title='bbox 439 2609 569 2686; x_wconf 86' lang='lat' dir='ltr'><em>gratnm</em></span> <span class='ocrx_word' id='word_1_166' title='bbox 591 2603 768 2684; x_wconf 84' lang='lat' dir='ltr'><em>habentes,</em></span> <span class='ocrx_word' id='word_1_167' title='bbox 801 2603 981 2667; x_wconf 88' lang='lat' dir='ltr'><em>sinceritati</em></span> <span class='ocrx_word' id='word_1_168' title='bbox 1004 2609 1114 2666; x_wconf 83' lang='lat' dir='ltr'><em>vestre</em></span> <span class='ocrx_word' id='word_1_169' title='bbox 1143 2623 1203 2688; x_wconf 90' lang='lat' dir='ltr'><em>par</em></span> <span class='ocrx_word' id='word_1_170' title='bbox 1231 2603 1413 2688; x_wconf 90' lang='lat' dir='ltr'><em>apostolica</em></span> <span class='ocrx_word' id='word_1_171' title='bbox 1436 2604 1559 2690; x_wconf 88' lang='lat' dir='ltr'><em>scripta</em></span> <span class='ocrx_word' id='word_1_172' title='bbox 1582 2602 1789 2682; x_wconf 86' lang='lat' dir='ltr'><em>mandamus,</em></span> <span class='ocrx_word' id='word_1_173' title='bbox 1818 2603 1975 2686; x_wconf 88' lang='lat' dir='ltr'><em>quatinus</em></span> <span class='ocrx_word' id='word_1_174' title='bbox 1999 2627 2108 2690; x_wconf 86' lang='lat' dir='ltr'><em>super</em></span> 
     </span>
     <span class='ocr_line' id='line_1_21' title="bbox 438 2705 2105 2793; baseline 0.004 -25"><span class='ocrx_word' id='word_1_175' title='bbox 438 2705 520 2784; x_wconf 86' lang='lat' dir='ltr'><em>hiis,</em></span> <span class='ocrx_word' id='word_1_176' title='bbox 551 2727 613 2791; x_wconf 89' lang='lat' dir='ltr'><em>qua</em></span> <span class='ocrx_word' id='word_1_177' title='bbox 637 2706 679 2770; x_wconf 89' lang='lat' dir='ltr'><em>ad</em></span> <span class='ocrx_word' id='word_1_178' title='bbox 701 2707 892 2771; x_wconf 90' lang='lat' dir='ltr'><em>firmandam</em></span> <span class='ocrx_word' id='word_1_179' title='bbox 916 2728 1030 2793; x_wconf 90' lang='lat' dir='ltr'><em>pacem</em></span> <span class='ocrx_word' id='word_1_180' title='bbox 1058 2707 1223 2792; x_wconf 87' lang='lat' dir='ltr'><em>pertinere</em></span> <span class='ocrx_word' id='word_1_181' title='bbox 1248 2708 1422 2786; x_wconf 86' lang='lat' dir='ltr'><em>noveritis,</em></span> <span class='ocrx_word' id='word_1_182' title='bbox 1456 2706 1636 2771; x_wconf 90' lang='lat' dir='ltr'><em>secundum</em></span> <span class='ocrx_word' id='word_1_183' title='bbox 1660 2706 1767 2770; x_wconf 90' lang='lat' dir='ltr'><em>datam</em></span> <span class='ocrx_word' id='word_1_184' title='bbox 1790 2706 1884 2770; x_wconf 90' lang='lat' dir='ltr'><em>vobis</em></span> <span class='ocrx_word' id='word_1_185' title='bbox 1908 2728 1929 2769; x_wconf 86' lang='lat' dir='ltr'><em>a</em></span> <span class='ocrx_word' id='word_1_186' title='bbox 1953 2707 2105 2774; x_wconf 91' lang='lat' dir='ltr'><em>Domino</em></span> 
     </span>
     <span class='ocr_line' id='line_1_22' title="bbox 440 2809 2106 2896; baseline 0.003 -24"><span class='ocrx_word' id='word_1_187' title='bbox 440 2809 578 2892; x_wconf 88' lang='lat' dir='ltr'><em>gratiam</em></span> <span class='ocrx_word' id='word_1_188' title='bbox 610 2809 842 2894; x_wconf 87' lang='lat' dir='ltr'><em>procedentes,</em></span> <span class='ocrx_word' id='word_1_189' title='bbox 874 2810 1042 2874; x_wconf 88' lang='lat' dir='ltr'><em>cautiones</em></span> <span class='ocrx_word' id='word_1_190' title='bbox 1072 2809 1113 2872; x_wconf 91' lang='lat' dir='ltr'><em>ab</em></span> <span class='ocrx_word' id='word_1_191' title='bbox 1142 2810 1190 2873; x_wconf 86' lang='lat' dir='ltr'><em>ais</em></span> <span class='ocrx_word' id='word_1_192' title='bbox 1223 2810 1369 2896; x_wconf 90' lang='lat' dir='ltr'><em>recipere</em></span> <span class='ocrx_word' id='word_1_193' title='bbox 1399 2810 1558 2874; x_wconf 88' lang='lat' dir='ltr'><em>studeatis</em></span> <span class='ocrx_word' id='word_1_194' title='bbox 1590 2811 1681 2872; x_wconf 87' lang='lat' dir='ltr'><em>iuxta</em></span> <span class='ocrx_word' id='word_1_195' title='bbox 1707 2811 1842 2873; x_wconf 87' lang='lat' dir='ltr'><em>formam</em></span> <span class='ocrx_word' id='word_1_196' title='bbox 1871 2831 1972 2894; x_wconf 89' lang='lat' dir='ltr'><em>qnam</em></span> <span class='ocrx_word' id='word_1_197' title='bbox 2003 2813 2106 2877; x_wconf 88' lang='lat' dir='ltr'><em>vobis</em></span> 
     </span>
     <span class='ocr_line' id='line_1_23' title="bbox 438 2912 2185 2999; baseline 0.003 -24"><span class='ocrx_word' id='word_1_198' title='bbox 438 2912 651 2976; x_wconf 88' lang='lat' dir='ltr'><em>interclusam</em></span> <span class='ocrx_word' id='word_1_199' title='bbox 680 2913 889 2998; x_wconf 88' lang='lat' dir='ltr'><em>presentibus</em></span> <span class='ocrx_word' id='word_1_200' title='bbox 920 2912 1154 2978; x_wconf 88' lang='lat' dir='ltr'><em>destinamus¹.</em></span> <span class='ocrx_word' id='word_1_201' title='bbox 1197 2914 1266 2977; x_wconf 88' lang='lat' dir='ltr'><em>Nos</em></span> <span class='ocrx_word' id='word_1_202' title='bbox 1296 2914 1383 2978; x_wconf 90' lang='lat' dir='ltr'><em>enim</em></span> <span class='ocrx_word' id='word_1_203' title='bbox 1412 2913 1618 2978; x_wconf 89' lang='lat' dir='ltr'><em>cautionibus</em></span> <span class='ocrx_word' id='word_1_204' title='bbox 1646 2915 1786 2999; x_wconf 86' lang='lat' dir='ltr'><em>receptis</em></span> <span class='ocrx_word' id='word_1_205' title='bbox 1817 2912 1946 2978; x_wconf 91' lang='lat' dir='ltr'><em>eisdem</em></span> <span class='ocrx_word' id='word_1_206' title='bbox 1976 2915 2021 2978; x_wconf 89' lang='lat' dir='ltr'><em>ad</em></span> <span class='ocrx_word' id='word_1_207' title='bbox 2053 2940 2105 2994; x_wconf 89' lang='lat' dir='ltr'><em>ea,</em></span> <span class='ocrx_word' id='word_1_208' title='bbox 2159 2942 2185 2980; x_wconf 77' lang='lat' dir='ltr'><em>aa</em></span> 
     </span>
     <span class='ocr_line' id='line_1_24' title="bbox 440 3014 2106 3104; baseline 0.005 -26"><span class='ocrx_word' id='word_1_209' title='bbox 440 3036 503 3099; x_wconf 88' lang='lat' dir='ltr'><em>qua</em></span> <span class='ocrx_word' id='word_1_210' title='bbox 532 3015 619 3078; x_wconf 90' lang='lat' dir='ltr'><em>idem</em></span> <span class='ocrx_word' id='word_1_211' title='bbox 643 3014 682 3080; x_wconf 81' lang='lat' dir='ltr'><em>G.</em></span> <span class='ocrx_word' id='word_1_212' title='bbox 712 3037 755 3080; x_wconf 85' lang='lat' dir='ltr'><em>ex</em></span> <span class='ocrx_word' id='word_1_213' title='bbox 786 3023 878 3103; x_wconf 91' lang='lat' dir='ltr'><em>parte</em></span> <span class='ocrx_word' id='word_1_214' title='bbox 907 3024 1017 3081; x_wconf 81' lang='lat' dir='ltr'><em>rastra</em></span> <span class='ocrx_word' id='word_1_215' title='bbox 1044 3018 1139 3081; x_wconf 89' lang='lat' dir='ltr'><em>nobis</em></span> <span class='ocrx_word' id='word_1_216' title='bbox 1170 3019 1324 3104; x_wconf 88' lang='lat' dir='ltr'><em>exposuit</em></span> <span class='ocrx_word' id='word_1_217' title='bbox 1351 3024 1384 3082; x_wconf 88' lang='lat' dir='ltr'><em>et</em></span> <span class='ocrx_word' id='word_1_218' title='bbox 1412 3018 1569 3103; x_wconf 83' lang='lat' dir='ltr'><em>expedire</em></span> <span class='ocrx_word' id='word_1_219' title='bbox 1598 3017 1793 3094; x_wconf 80' lang='lat' dir='ltr'><em>viderimus,</em></span> <span class='ocrx_word' id='word_1_220' title='bbox 1826 3016 1924 3081; x_wconf 90' lang='lat' dir='ltr'><em>dante</em></span> <span class='ocrx_word' id='word_1_221' title='bbox 1952 3017 2106 3088; x_wconf 91' lang='lat' dir='ltr'><em>Domino</em></span> 
     </span>
     <span class='ocr_line' id='line_1_25' title="bbox 441 3118 1075 3206; baseline 0.008 -26"><span class='ocrx_word' id='word_1_222' title='bbox 441 3118 511 3181; x_wconf 90' lang='lat' dir='ltr'><em>sine</em></span> <span class='ocrx_word' id='word_1_223' title='bbox 536 3139 626 3182; x_wconf 90' lang='lat' dir='ltr'><em>more</em></span> <span class='ocrx_word' id='word_1_224' title='bbox 650 3119 822 3206; x_wconf 89' lang='lat' dir='ltr'><em>dispendio</em></span> <span class='ocrx_word' id='word_1_225' title='bbox 847 3120 1075 3206; x_wconf 90' lang='lat' dir='ltr'><em>procedemus.</em></span> 
     </span>
    </p>
   </div>
   <div class='ocr_carea' id='block_1_8' title="bbox 547 3238 1332 3322">
    <p class='ocr_par' dir='ltr' id='par_1_8' title="bbox 547 3238 1332 3322">
     <span class='ocr_line' id='line_1_26' title="bbox 547 3238 1332 3322; baseline 0.009 -21"><span class='ocrx_word' id='word_1_226' title='bbox 547 3238 623 3306; x_wconf 89' lang='lat' dir='ltr'><em>Dat.</em></span> <span class='ocrx_word' id='word_1_227' title='bbox 647 3240 786 3321; x_wconf 88' lang='lat' dir='ltr'><em>Perusii‚</em></span> <span class='ocrx_word' id='word_1_228' title='bbox 809 3240 892 3304; x_wconf 91' lang='lat' dir='ltr'>VIII</span> <span class='ocrx_word' id='word_1_229' title='bbox 914 3241 989 3306; x_wconf 89' lang='lat' dir='ltr'><em>Kal.</em></span> <span class='ocrx_word' id='word_1_230' title='bbox 1012 3241 1103 3322; x_wconf 86' lang='lat' dir='ltr'><em>Maii,</em></span> <span class='ocrx_word' id='word_1_231' title='bbox 1127 3263 1212 3305; x_wconf 89' lang='lat' dir='ltr'><em>anno</em></span> <span class='ocrx_word' id='word_1_232' title='bbox 1235 3263 1332 3309; x_wconf 91' lang='lat' dir='ltr'><em>nono.</em></span> 
     </span>
    </p>
   </div>
   <div class='ocr_carea' id='block_1_9' title="bbox 1233 3550 1292 3616">
    <p class='ocr_par' dir='ltr' id='par_1_9' title="bbox 1233 3550 1292 3616">
     <span class='ocr_line' id='line_1_27' title="bbox 1233 3550 1292 3616; baseline -0.034 0"><span class='ocrx_word' id='word_1_233' title='bbox 1233 3550 1292 3616; x_wconf 85' lang='lat' dir='ltr'><em>vl.</em></span> 
     </span>
    </p>
   </div>
   <div class='ocr_carea' id='block_1_10' title="bbox 438 3648 2183 3952">
    <p class='ocr_par' dir='ltr' id='par_1_10' title="bbox 438 3648 2183 3952">
     <span class='ocr_line' id='line_1_28' title="bbox 547 3648 2107 3759; baseline 0.004 -17"><span class='ocrx_word' id='word_1_234' title='bbox 547 3648 736 3759; x_wconf 67' lang='lat' dir='ltr'><em>Grcporins</em></span> <span class='ocrx_word' id='word_1_235' title='bbox 763 3677 819 3742; x_wconf 88' lang='lat' dir='ltr'><em>IX</em></span> <span class='ocrx_word' id='word_1_236' title='bbox 842 3698 929 3758; x_wconf 85' lang='lat' dir='ltr'><em>papa</em></span> <span class='ocrx_word' id='word_1_237' title='bbox 955 3678 1065 3742; x_wconf 82' lang='lat' dir='ltr'><em>iisdem</em></span> <span class='ocrx_word' id='word_1_238' title='bbox 1092 3679 1244 3744; x_wconf 70' lang='lat' dir='ltr'><em>mandente</em></span> <span class='ocrx_word' id='word_1_239' title='bbox 1272 3699 1331 3746; x_wconf 87' lang='lat' dir='ltr'><em>sna</em></span> <span class='ocrx_word' id='word_1_240' title='bbox 1358 3680 1395 3743; x_wconf 84' lang='lat' dir='ltr'><em>otc</em></span> <span class='ocrx_word' id='word_1_241' title='bbox 1421 3681 1636 3744; x_wconf 84' lang='lat' dir='ltr'><em>iurisdictione</em></span> <span class='ocrx_word' id='word_1_242' title='bbox 1668 3681 1880 3758; x_wconf 79' lang='lat' dir='ltr'><em>ecclesiaram,</em></span> <span class='ocrx_word' id='word_1_243' title='bbox 1911 3681 2107 3748; x_wconf 80' lang='lat' dir='ltr'><em>clericorum</em></span> 
     </span>
     <span class='ocr_line' id='line_1_29' title="bbox 438 3781 2183 3865; baseline 0.005 -22"><span class='ocrx_word' id='word_1_244' title='bbox 438 3781 637 3861; x_wconf 78' lang='lat' dir='ltr'><em>altorumque</em></span> <span class='ocrx_word' id='word_1_245' title='bbox 657 3801 864 3860; x_wconf 84' lang='lat' dir='ltr'><em>personarum</em></span> <span class='ocrx_word' id='word_1_246' title='bbox 886 3782 1164 3847; x_wconf 83' lang='lat' dir='ltr'><em>ecclesiasticarum</em></span> <span class='ocrx_word' id='word_1_247' title='bbox 1187 3785 1292 3851; x_wconf 76' lang='lat' dir='ltr'><em>nicta.</em></span> <span class='ocrx_word' id='word_1_248' title='bbox 1704 3786 1797 3862; x_wconf 83' lang='lat'><strong><em>1235,</em></strong></span> <span class='ocrx_word' id='word_1_249' title='bbox 1819 3786 1927 3865; x_wconf 84' lang='lat' dir='ltr'><em>April.</em></span> <span class='ocrx_word' id='word_1_250' title='bbox 1951 3789 2007 3853; x_wconf 77' lang='lat'><em>24.</em></span> <span class='ocrx_word' id='word_1_251' title='bbox 2157 3821 2183 3859; x_wconf 65' lang='lat'><em>25</em></span> 
     </span>
     <span class='ocr_line' id='line_1_30' title="bbox 541 3903 613 3952; baseline 0 0"><span class='ocrx_word' id='word_1_252' title='bbox 541 3915 568 3952; x_wconf 86' lang='lat' dir='ltr'><em>a.</em></span> <span class='ocrx_word' id='word_1_253' title='bbox 588 3903 613 3952; x_wconf 88' lang='lat'><em>6.</em></span> 
     </span>
    </p>
   </div>
   <div class='ocr_carea' id='block_1_11' title="bbox 1169 4011 1359 4086">
    <p class='ocr_par' dir='ltr' id='par_1_11' title="bbox 1169 4011 1359 4086">
     <span class='ocr_line' id='line_1_31' title="bbox 1169 4011 1359 4086; baseline 0.016 -4"><span class='ocrx_word' id='word_1_254' title='bbox 1169 4011 1359 4086; x_wconf 86' lang='lat' dir='ltr'><em>Eisdem.</em></span> 
     </span>
    </p>
   </div>
   <div class='ocr_carea' id='block_1_12' title="bbox 400 4159 2183 4768">
    <p class='ocr_par' dir='ltr' id='par_1_12' title="bbox 400 4159 2183 4768">
     <span class='ocr_line' id='line_1_32' title="bbox 547 4159 2104 4245; baseline 0.007 -23"><span class='ocrx_word' id='word_1_255' title='bbox 547 4159 629 4222; x_wconf 85' lang='lat' dir='ltr'><em>Cum</em></span> <span class='ocrx_word' id='word_1_256' title='bbox 659 4159 752 4221; x_wconf 86' lang='lat' dir='ltr'><em>iuxta</em></span> <span class='ocrx_word' id='word_1_257' title='bbox 779 4159 914 4223; x_wconf 84' lang='lat' dir='ltr'><em>formam</em></span> <span class='ocrx_word' id='word_1_258' title='bbox 941 4160 1032 4245; x_wconf 90' lang='lat' dir='ltr'><em>pacis</em></span> <span class='ocrx_word' id='word_1_259' title='bbox 1061 4161 1147 4225; x_wconf 89' lang='lat' dir='ltr'><em>inter</em></span> <span class='ocrx_word' id='word_1_260' title='bbox 1174 4163 1346 4226; x_wconf 89' lang='lat' dir='ltr'><em>ecclesiam</em></span> <span class='ocrx_word' id='word_1_261' title='bbox 1376 4172 1409 4226; x_wconf 91' lang='lat' dir='ltr'><em>et</em></span> <span class='ocrx_word' id='word_1_262' title='bbox 1430 4162 1595 4226; x_wconf 91' lang='lat' dir='ltr'><em>Romanos</em></span> <span class='ocrx_word' id='word_1_263' title='bbox 1624 4163 1704 4227; x_wconf 90' lang='lat' dir='ltr'><em>inita</em></span> <span class='ocrx_word' id='word_1_264' title='bbox 1733 4164 1891 4244; x_wconf 82' lang='lat' dir='ltr'><em>ecclesia,</em></span> <span class='ocrx_word' id='word_1_265' title='bbox 1922 4167 2042 4232; x_wconf 89' lang='lat' dir='ltr'><em>clerici</em></span> <span class='ocrx_word' id='word_1_266' title='bbox 2068 4177 2104 4233; x_wconf 86' lang='lat' dir='ltr'><em>et</em></span> 
     </span>
     <span class='ocr_line' id='line_1_33' title="bbox 438 4262 2101 4353; baseline 0.006 -27"><span class='ocrx_word' id='word_1_267' title='bbox 438 4263 502 4326; x_wconf 89' lang='lat' dir='ltr'><em>alie</em></span> <span class='ocrx_word' id='word_1_268' title='bbox 527 4262 753 4326; x_wconf 88' lang='lat' dir='ltr'><em>ecclesiastice</em></span> <span class='ocrx_word' id='word_1_269' title='bbox 776 4283 915 4346; x_wconf 89' lang='lat' dir='ltr'><em>persone</em></span> <span class='ocrx_word' id='word_1_270' title='bbox 940 4263 980 4327; x_wconf 90' lang='lat' dir='ltr'><em>ab</em></span> <span class='ocrx_word' id='word_1_271' title='bbox 1011 4263 1091 4349; x_wconf 87' lang='lat' dir='ltr'><em>ipsis</em></span> <span class='ocrx_word' id='word_1_272' title='bbox 1120 4265 1337 4328; x_wconf 90' lang='lat' dir='ltr'><em>iurisdictioni</em></span> <span class='ocrx_word' id='word_1_273' title='bbox 1366 4272 1477 4329; x_wconf 89' lang='lat' dir='ltr'><em>nostre</em></span> <span class='ocrx_word' id='word_1_274' title='bbox 1507 4266 1611 4330; x_wconf 88' lang='lat' dir='ltr'><em>libare</em></span> <span class='ocrx_word' id='word_1_275' title='bbox 1637 4267 1702 4329; x_wconf 91' lang='lat' dir='ltr'><em>sint</em></span> <span class='ocrx_word' id='word_1_276' title='bbox 1724 4266 1860 4342; x_wconf 76' lang='lat' dir='ltr'><em>dimissi,</em></span> <span class='ocrx_word' id='word_1_277' title='bbox 1884 4272 2101 4353; x_wconf 86' lang='lat' dir='ltr'><em>presentium</em></span> 
     </span>
     <span class='ocr_line' id='line_1_34' title="bbox 439 4349 2183 4456; baseline 0.006 -28"><span class='ocrx_word' id='word_1_278' title='bbox 439 4349 531 4428; x_wconf 79' lang='lat' dir='ltr'><em>robis</em></span> <span class='ocrx_word' id='word_1_279' title='bbox 558 4365 751 4428; x_wconf 89' lang='lat' dir='ltr'><em>auctoritate</em></span> <span class='ocrx_word' id='word_1_280' title='bbox 775 4365 996 4447; x_wconf 69' lang='lat' dir='ltr'><em>mandamus,¹</em></span> <span class='ocrx_word' id='word_1_281' title='bbox 1016 4368 1167 4452; x_wconf 89' lang='lat' dir='ltr'><em>quatinus</em></span> <span class='ocrx_word' id='word_1_282' title='bbox 1191 4369 1279 4431; x_wconf 90' lang='lat' dir='ltr'><em>viros</em></span> <span class='ocrx_word' id='word_1_283' title='bbox 1305 4367 1463 4432; x_wconf 88' lang='lat' dir='ltr'><em>discretos</em></span> <span class='ocrx_word' id='word_1_284' title='bbox 1488 4376 1521 4432; x_wconf 88' lang='lat' dir='ltr'><em>et</em></span> <span class='ocrx_word' id='word_1_285' title='bbox 1543 4368 1696 4453; x_wconf 85' lang='lat' dir='ltr'><em>providos</em></span> <span class='ocrx_word' id='word_1_286' title='bbox 1720 4370 1801 4433; x_wconf 92' lang='lat' dir='ltr'><em>locis</em></span> <span class='ocrx_word' id='word_1_287' title='bbox 1826 4375 2099 4456; x_wconf 88' lang='lat' dir='ltr'><em>competentibus</em></span> <span class='ocrx_word' id='word_1_288' title='bbox 2156 4407 2183 4444; x_wconf 72' lang='lat' dir='ltr'><em>ee</em></span> 
     </span>
     <span class='ocr_line' id='line_1_35' title="bbox 400 4466 2101 4557; baseline 0.007 -27"><span class='ocrx_word' id='word_1_289' title='bbox 400 4532 406 4540; x_wconf 80' lang='grc'>,</span> <span class='ocrx_word' id='word_1_290' title='bbox 439 4466 647 4531; x_wconf 86' lang='lat' dir='ltr'><em>constituatis</em></span> <span class='ocrx_word' id='word_1_291' title='bbox 672 4468 705 4531; x_wconf 93' lang='lat' dir='ltr'><em>in</em></span> <span class='ocrx_word' id='word_1_292' title='bbox 727 4467 832 4548; x_wconf 81' lang='lat' dir='ltr'><em>Urbe,</em></span> <span class='ocrx_word' id='word_1_293' title='bbox 862 4470 917 4553; x_wconf 93' lang='lat' dir='ltr'><em>qui</em></span> <span class='ocrx_word' id='word_1_294' title='bbox 940 4471 1027 4534; x_wconf 92' lang='lat' dir='ltr'><em>omni</em></span> <span class='ocrx_word' id='word_1_295' title='bbox 1051 4492 1263 4556; x_wconf 90' lang='lat' dir='ltr'><em>personarum</em></span> <span class='ocrx_word' id='word_1_296' title='bbox 1286 4473 1477 4557; x_wconf 89' lang='lat' dir='ltr'><em>acceptione</em></span> <span class='ocrx_word' id='word_1_297' title='bbox 1501 4493 1538 4536; x_wconf 92' lang='lat' dir='ltr'><em>ac</em></span> <span class='ocrx_word' id='word_1_298' title='bbox 1562 4472 1718 4536; x_wconf 89' lang='lat' dir='ltr'><em>dilatione</em></span> <span class='ocrx_word' id='word_1_299' title='bbox 1742 4473 1876 4536; x_wconf 88' lang='lat' dir='ltr'><em>remotis</em></span> <span class='ocrx_word' id='word_1_300' title='bbox 1901 4480 1935 4536; x_wconf 90' lang='lat' dir='ltr'><em>et</em></span> <span class='ocrx_word' id='word_1_301' title='bbox 1959 4477 2054 4541; x_wconf 91' lang='lat' dir='ltr'><em>nullo</em></span> <span class='ocrx_word' id='word_1_302' title='bbox 2080 4501 2101 4542; x_wconf 87' lang='lat' dir='ltr'><em>a</em></span> 
     </span>
     <span class='ocr_line' id='line_1_36' title="bbox 438 4570 2100 4660; baseline 0.008 -28"><span class='ocrx_word' id='word_1_303' title='bbox 438 4570 587 4656; x_wconf 89' lang='lat' dir='ltr'><em>partibus</em></span> <span class='ocrx_word' id='word_1_304' title='bbox 611 4571 713 4656; x_wconf 88' lang='lat' dir='ltr'><em>petito</em></span> <span class='ocrx_word' id='word_1_305' title='bbox 738 4572 855 4634; x_wconf 87' lang='lat' dir='ltr'><em>salario</em></span> <span class='ocrx_word' id='word_1_306' title='bbox 873 4573 925 4635; x_wconf 84' lang='lat' dir='ltr'><em>vel</em></span> <span class='ocrx_word' id='word_1_307' title='bbox 945 4581 1089 4659; x_wconf 85' lang='lat' dir='ltr'><em>recepto,</em></span> <span class='ocrx_word' id='word_1_308' title='bbox 1112 4575 1243 4660; x_wconf 91' lang='lat' dir='ltr'><em>plenam</em></span> <span class='ocrx_word' id='word_1_309' title='bbox 1267 4596 1285 4637; x_wconf 90' lang='lat' dir='ltr'><em>a</em></span> <span class='ocrx_word' id='word_1_310' title='bbox 1309 4575 1437 4638; x_wconf 89' lang='lat' dir='ltr'><em>alaricis</em></span> <span class='ocrx_word' id='word_1_311' title='bbox 1461 4582 1495 4638; x_wconf 88' lang='lat' dir='ltr'><em>et</em></span> <span class='ocrx_word' id='word_1_312' title='bbox 1518 4575 1668 4639; x_wconf 88' lang='lat' dir='ltr'><em>ecclesiis</em></span> <span class='ocrx_word' id='word_1_313' title='bbox 1685 4574 1785 4639; x_wconf 91' lang='lat' dir='ltr'><em>Urbis</em></span> <span class='ocrx_word' id='word_1_314' title='bbox 1803 4575 1952 4640; x_wconf 88' lang='lat' dir='ltr'><em>eiusdem</em></span> <span class='ocrx_word' id='word_1_315' title='bbox 1968 4578 2100 4646; x_wconf 86' lang='lat' dir='ltr'><em>faciant</em></span> 
     </span>
     <span class='ocr_line' id='line_1_37' title="bbox 439 4674 1858 4768; baseline 0.002 -31"><span class='ocrx_word' id='word_1_316' title='bbox 439 4674 632 4737; x_wconf 90' lang='lat' dir='ltr'><em>auctoritate</em></span> <span class='ocrx_word' id='word_1_317' title='bbox 655 4675 835 4759; x_wconf 87' lang='lat' dir='ltr'><em>apostolica</em></span> <span class='ocrx_word' id='word_1_318' title='bbox 858 4674 897 4739; x_wconf 90' lang='lat' dir='ltr'><em>da</em></span> <span class='ocrx_word' id='word_1_319' title='bbox 921 4676 1002 4762; x_wconf 89' lang='lat' dir='ltr'><em>ipsis</em></span> <span class='ocrx_word' id='word_1_320' title='bbox 1027 4678 1302 4762; x_wconf 91' lang='lat' dir='ltr'><em>conquerentibus</em></span> <span class='ocrx_word' id='word_1_321' title='bbox 1326 4700 1435 4742; x_wconf 90' lang='lat' dir='ltr'><em>coram</em></span> <span class='ocrx_word' id='word_1_322' title='bbox 1459 4682 1493 4742; x_wconf 77' lang='lat' dir='ltr'><em>se</em></span> <span class='ocrx_word' id='word_1_323' title='bbox 1518 4678 1674 4742; x_wconf 89' lang='lat' dir='ltr'><em>iustitiam</em></span> <span class='ocrx_word' id='word_1_324' title='bbox 1699 4677 1858 4768; x_wconf 82' lang='lat' dir='ltr'><em>exbiberi.</em></span> 
     </span>
    </p>
   </div>
   <div class='ocr_carea' id='block_1_13' title="bbox 548 4793 1335 4876">
    <p class='ocr_par' dir='ltr' id='par_1_13' title="bbox 548 4793 1335 4876">
     <span class='ocr_line' id='line_1_38' title="bbox 548 4793 1335 4876; baseline 0.009 -20"><span class='ocrx_word' id='word_1_325' title='bbox 548 4793 624 4857; x_wconf 88' lang='lat' dir='ltr'><em>Dat.</em></span> <span class='ocrx_word' id='word_1_326' title='bbox 647 4793 786 4876; x_wconf 89' lang='lat' dir='ltr'><em>Perusii‚</em></span> <span class='ocrx_word' id='word_1_327' title='bbox 810 4795 896 4859; x_wconf 84' lang='lat' dir='ltr'>VIII</span> <span class='ocrx_word' id='word_1_328' title='bbox 918 4795 993 4862; x_wconf 88' lang='lat' dir='ltr'><em>Kal.</em></span> <span class='ocrx_word' id='word_1_329' title='bbox 1017 4797 1106 4872; x_wconf 89' lang='lat' dir='ltr'><em>Maii,</em></span> <span class='ocrx_word' id='word_1_330' title='bbox 1130 4819 1214 4861; x_wconf 92' lang='lat' dir='ltr'><em>anno</em></span> <span class='ocrx_word' id='word_1_331' title='bbox 1238 4819 1335 4865; x_wconf 88' lang='lat' dir='ltr'><em>nono.</em></span> 
     </span>
    </p>
   </div>
   <div class='ocr_carea' id='block_1_14' title="bbox 1220 5106 1299 5173">
    <p class='ocr_par' dir='ltr' id='par_1_14' title="bbox 1220 5106 1299 5173">
     <span class='ocr_line' id='line_1_39' title="bbox 1220 5106 1299 5173; baseline 0.025 -2"><span class='ocrx_word' id='word_1_332' title='bbox 1220 5106 1299 5173; x_wconf 86' lang='lat' dir='ltr'>VII.</span> 
     </span>
    </p>
   </div>
   <div class='ocr_carea' id='block_1_15' title="bbox 437 5204 2182 5510">
    <p class='ocr_par' dir='ltr' id='par_1_15' title="bbox 437 5204 2182 5510">
     <span class='ocr_line' id='line_1_40' title="bbox 541 5204 2182 5326; baseline 0.006 -29"><span class='ocrx_word' id='word_1_333' title='bbox 541 5204 728 5297; x_wconf 74' lang='lat' dir='ltr'><em>Fornulos</em></span> <span class='ocrx_word' id='word_1_334' title='bbox 750 5235 996 5299; x_wconf 80' lang='lat' dir='ltr'><em>iuramentornm</em></span> <span class='ocrx_word' id='word_1_335' title='bbox 1023 5237 1177 5300; x_wconf 86' lang='lat' dir='ltr'><em>sanatoris</em></span> <span class='ocrx_word' id='word_1_336' title='bbox 1204 5239 1233 5298; x_wconf 91' lang='lat' dir='ltr'><em>ot</em></span> <span class='ocrx_word' id='word_1_337' title='bbox 1260 5235 1444 5318; x_wconf 72' lang='lat' dir='ltr'><em>officialium</em></span> <span class='ocrx_word' id='word_1_338' title='bbox 1470 5236 1633 5317; x_wconf 68' lang='lat' dir='ltr'><em>Coronatii,</em></span> <span class='ocrx_word' id='word_1_339' title='bbox 1662 5235 1774 5317; x_wconf 83' lang='lat' dir='ltr'><em>quibus</em></span> <span class='ocrx_word' id='word_1_340' title='bbox 1799 5235 1895 5300; x_wconf 76' lang='lat' dir='ltr'><em>iidem</em></span> <span class='ocrx_word' id='word_1_341' title='bbox 1921 5237 1968 5301; x_wconf 86' lang='lat' dir='ltr'><em>ad</em></span> <span class='ocrx_word' id='word_1_342' title='bbox 1989 5241 2100 5307; x_wconf 87' lang='lat' dir='ltr'><em>obser·</em></span> <span class='ocrx_word' id='word_1_343' title='bbox 2155 5287 2182 5326; x_wconf 63' lang='lat'><em>35</em></span> 
     </span>
     <span class='ocr_line' id='line_1_41' title="bbox 437 5337 1438 5422; baseline 0.006 -24"><span class='ocrx_word' id='word_1_344' title='bbox 437 5337 590 5400; x_wconf 74' lang='lat' dir='ltr'><em>cretionem</em></span> <span class='ocrx_word' id='word_1_345' title='bbox 605 5340 698 5417; x_wconf 82' lang='lat' dir='ltr'><em>pacis</em></span> <span class='ocrx_word' id='word_1_346' title='bbox 720 5339 820 5403; x_wconf 86' lang='lat' dir='ltr'><em>initae</em></span> <span class='ocrx_word' id='word_1_347' title='bbox 841 5359 879 5414; x_wconf 12' lang='lat' dir='ltr'><em>sc&gt;</em></span> <span class='ocrx_word' id='word_1_348' title='bbox 895 5339 1084 5422; x_wconf 79' lang='lat' dir='ltr'><em>obstrinpcrc</em></span> <span class='ocrx_word' id='word_1_349' title='bbox 1106 5339 1223 5403; x_wconf 83' lang='lat' dir='ltr'><em>debant.</em></span> <span class='ocrx_word' id='word_1_350' title='bbox 1272 5339 1319 5419; x_wconf 80' lang='lat' dir='ltr'><em>Of.</em></span> <span class='ocrx_word' id='word_1_351' title='bbox 1342 5359 1374 5403; x_wconf 88' lang='lat' dir='ltr'><em>n.</em></span> <span class='ocrx_word' id='word_1_352' title='bbox 1404 5339 1438 5404; x_wconf 91' lang='lat' dir='ltr'><em>V.</em></span> 
     </span>
     <span class='ocr_line' id='line_1_42' title="bbox 539 5460 722 5510; baseline 0.011 -2"><span class='ocrx_word' id='word_1_353' title='bbox 539 5460 722 5510; x_wconf 66' lang='lat' dir='ltr'><em>aman</em></span> 
     </span>
    </p>
   </div>
   <div class='ocr_carea' id='block_1_16' title="bbox 542 5599 1987 5611">
    <p class='ocr_par' dir='ltr' id='par_1_16' title="bbox 542 5599 1987 5611">
     <span class='ocr_line' id='line_1_43' title="bbox 542 5599 1987 5611; baseline 0.006 -7"><span class='ocrx_word' id='word_1_354' title='bbox 542 5599 821 5607; x_wconf 69' lang='lat'><strong>—-———...--——</strong></span> <span class='ocrx_word' id='word_1_355' title='bbox 1620 5603 1621 5606; x_wconf 54' lang='lat'>¹</span> <span class='ocrx_word' id='word_1_356' title='bbox 1859 5603 1987 5611; x_wconf 48' lang='grc' dir='ltr'><em>Ἣ</em></span> 
     </span>
    </p>
   </div>
   <div class='ocr_carea' id='block_1_17' title="bbox 541 5657 2061 5776">
    <p class='ocr_par' dir='ltr' id='par_1_17' title="bbox 541 5657 2061 5776">
     <span class='ocr_line' id='line_1_44' title="bbox 541 5657 2061 5776; baseline 0.006 -23"><span class='ocrx_word' id='word_1_357' title='bbox 541 5657 575 5769; x_wconf 84' lang='grc' dir='ltr'><em>1)Ι</em></span> <span class='ocrx_word' id='word_1_358' title='bbox 587 5699 650 5753; x_wconf 80' lang='lat' dir='ltr'><em>Scit.</em></span> <span class='ocrx_word' id='word_1_359' title='bbox 669 5715 697 5752; x_wconf 87' lang='lat' dir='ltr'><em>n.</em></span> <span class='ocrx_word' id='word_1_360' title='bbox 718 5698 783 5754; x_wconf 87' lang='lat' dir='ltr'><em>VII</em></span> <span class='ocrx_word' id='word_1_361' title='bbox 798 5703 823 5754; x_wconf 88' lang='lat' dir='ltr'><em>ct</em></span> <span class='ocrx_word' id='word_1_362' title='bbox 841 5700 988 5769; x_wconf 74' lang='lat' dir='ltr'><em>formulam</em></span> <span class='ocrx_word' id='word_1_363' title='bbox 1006 5702 1183 5756; x_wconf 81' lang='lat' dir='ltr'><em>instrumenti</em></span> <span class='ocrx_word' id='word_1_364' title='bbox 1200 5718 1227 5755; x_wconf 90' lang='lat' dir='ltr'><em>n.</em></span> <span class='ocrx_word' id='word_1_365' title='bbox 1252 5701 1337 5770; x_wconf 87' lang='lat' dir='ltr'>VIII,</span> <span class='ocrx_word' id='word_1_366' title='bbox 1354 5719 1425 5771; x_wconf 79' lang='lat' dir='ltr'><em>qnae</em></span> <span class='ocrx_word' id='word_1_367' title='bbox 1443 5718 1489 5772; x_wconf 84' lang='lat' dir='ltr'><em>op.</em></span> <span class='ocrx_word' id='word_1_368' title='bbox 1509 5701 1546 5756; x_wconf 88' lang='lat' dir='ltr'><em>H.</em></span> <span class='ocrx_word' id='word_1_369' title='bbox 1565 5701 1615 5756; x_wconf 82' lang='lat' dir='ltr'><em>snb</em></span> <span class='ocrx_word' id='word_1_370' title='bbox 1633 5719 1660 5756; x_wconf 89' lang='lat' dir='ltr'><em>n.</em></span> <span class='ocrx_word' id='word_1_371' title='bbox 1680 5707 1697 5755; x_wconf 91' lang='lat'><strong><em>9</em></strong></span> <span class='ocrx_word' id='word_1_372' title='bbox 1714 5703 1871 5770; x_wconf 57' lang='lat' dir='ltr'><em>iuuenilem</em></span> <span class='ocrx_word' id='word_1_373' title='bbox 1890 5703 1945 5758; x_wconf 84' lang='lat' dir='ltr'><em>vid.</em></span> <span class='ocrx_word' id='word_1_374' title='bbox 1966 5705 2061 5776; x_wconf 78' lang='lat' dir='ltr'><em>iufra.</em></span> 
     </span>
    </p>
   </div>
   <div class='ocr_carea' id='block_1_18' title="bbox 0 0 2300 6357">
    <p class='ocr_par' dir='ltr' id='par_1_18' title="bbox 0 0 2300 6357">
     <span class='ocr_line' id='line_1_45' title="bbox 0 0 2300 6357; baseline 0 0"><span class='ocrx_word' id='word_1_375' title='bbox 0 0 2300 6357; x_wconf 95' lang='lat' dir='ltr'><em> </em></span> 
     </span>
    </p>
   </div>
  </div>
 </body>
</html>
