4576 6390
775 391 975 448 EPIS'POLAE
993 393 1183 450 subucula.
1219 396 1296 450 1233.

994 761 1080 834 547.

319 888 510 998 Grauius
532 916 589 980 IX
611 938 698 997 papa
720 917 764 982 H.
781 921 963 999 praeposito
986 919 1171 985 Pataoiensi
1193 923 1348 1006 indulpet,
1383 927 1418 986 ut
1440 924 1483 987 ad
1504 925 1653 988 solvenda
1674 924 1777 990 debita
1798 925 1868 990 red-

209 1023 294 1085 ditus
316 1038 388 1084 suns
409 1020 627 1085 ecclesiasticos
648 1022 692 1085 ad
713 1023 874 1086 biennium
894 1023 1032 1106 oblipare
1053 1026 1165 1090 valeat.

1544 1114 1638 1189 1233,
1662 1114 1726 1179 Iul.
1750 1119 1780 1178 1.

316 1193 399 1263 orep.
418 1192 468 1253 rx
485 1192 553 1261 neq.
578 1192 633 1246 nu.
652 1192 704 1257 ru,
726 1197 773 1260 ee,
791 1193 858 1266 aee,
877 1193 1030 1260 V11,ees.

741 1423 788 1497 H.
817 1426 1051 1517 preposito
1078 1426 1342 1501 Pataviensi.

319 1573 523 1638 Constitutus
541 1574 574 1636 in
591 1573 758 1659 presentia
773 1578 886 1636 nostra
901 1572 996 1637 nobis
1015 1573 1184 1640 humiliter
1200 1577 1403 1662 supplicasti,
1426 1583 1462 1642 ut
1479 1599 1554 1642 cum
1575 1598 1633 1665 pro
1651 1599 1867 1666 expensarum

211 1675 357 1756 defectu,
390 1677 508 1762 quibus
537 1676 628 1740 luisti
656 1676 698 1740 ad
727 1675 840 1741 sedem
867 1678 1081 1762 apostolicam
1104 1673 1266 1743 vcnierido
1299 1680 1340 1744 ab
1363 1679 1558 1745 Eberhardo
1581 1680 1621 1746 de
1643 1681 1744 1746 Porta
1765 1682 1867 1746 milite
1923 1719 1925 1724 ·

212 1786 246 1844 et
268 1781 339 1845 eius
363 1779 576 1867 complicibus
599 1780 821 1863 Frisiugensis
850 1778 990 1844 diocesis
1020 1783 1196 1867 spoliatus,
1226 1783 1329 1848 fueris
1360 1783 1504 1849 debitum
1536 1785 1647 1849 subire
1671 1785 1868 1870 compulsus,
1948 1766 1953 1773 Φ

188 1883 289 1964 tibi,
322 1890 357 1947 ut
384 1883 425 1947 ad
457 1884 643 1948 huiusmodi
672 1883 820 1948 debitum
849 1884 1102 1970 persolvendum
1133 1886 1280 1952 redditus
1314 1893 1387 1951 tuos
1417 1888 1664 1952 ecclesiasticos
1693 1909 1797 1973 usque
1827 1887 1869 1951 ad

136 2015 160 2052 ιο
212 1986 379 2052 biennium
409 1987 556 2073 obligare
584 1988 714 2074 valeas,
747 1987 918 2073 indulgere
950 1989 1207 2054 misericorditer
1235 1989 1453 2074 dignaremur.
1500 1989 1579 2054 Tuis
1609 1990 1711 2074 igitur
1740 1989 1868 2055 devotis

212 2091 366 2176 precibus
389 2091 550 2172 inclinati,
583 2089 641 2154 tibi
671 2093 866 2156 auctoritate
889 2093 1096 2178 presentium
1120 2093 1329 2158 concedimus
1352 2094 1534 2179 postulata,
1566 2093 1612 2157 ita
1637 2099 1747 2158 tamen
1769 2099 1805 2157 ut
1827 2091 1868 2156 ob

211 2194 273 2258 hoc
297 2195 439 2260 ecclesia
460 2201 516 2259 tuo
540 2195 652 2260 debito
680 2195 714 2259 in
745 2196 952 2282 prepositure
977 2197 1085 2261 officio
1115 2198 1248 2263 minime
1272 2196 1492 2262 defraudetur.
1539 2195 1631 2261 Nulli
1655 2217 1733 2281 ergo
1755 2203 1867 2262 nostra

213 2298 437 2362 concessionis
462 2303 523 2364 etc.
570 2297 606 2361 si
629 2299 701 2384 quis
725 2305 835 2363 autom
859 2305 921 2363 etc.

322 2417 399 2482 Dat.
423 2420 588 2498 Laterani,
611 2419 684 2485 Kal.
708 2419 795 2502 Iulii,
819 2442 906 2485 anuo
931 2421 1081 2507 septimo.
1122 2389 1123 2392 Ἴ

1001 3010 1087 3083 548.

140 3205 163 3242 15
325 3138 527 3232 Francicus
549 3167 765 3232 Romanorum
789 3170 959 3248 inuita-rator
984 3165 1135 3247 Greporio
1161 3163 1217 3228 IX
1238 3183 1346 3244 papiae
1374 3164 1518 3242 nuntiat,
1548 3184 1580 3228 se
1607 3163 1675 3228 eius
1701 3162 1872 3244 epistolam,

214 3271 250 3334 in
273 3293 336 3352 qua
358 3271 528 3335 arbitrium
549 3270 587 3335 dc
607 3290 705 3336 causa
727 3273 811 3336 inter
833 3272 936 3352 ipsum
958 3274 987 3334 et
1002 3267 1195 3332 bombardos
1210 3267 1374 3348 prolatum
1392 3266 1618 3344 contincatur1,
1641 3267 1798 3346 recepisse,
1820 3265 1873 3330 sed

215 3378 382 3455 anuqream
406 3375 528 3438 litteras
544 3378 690 3454 patentes
712 3376 831 3454 mittat,
865 3393 945 3455 quas
974 3371 1059 3436 sedes
1081 3372 1250 3451 apostolica
1272 3390 1328 3434 snio
1356 3373 1385 3432 et
1407 3369 1480 3462 filii
1493 3369 1544 3432 sui
1566 3369 1690 3432 nunine
1712 3387 1809 3449 usque
1830 3366 1874 3432 ad

211 3476 331 3562 festum
353 3477 434 3540 licati
455 3476 626 3541 Michaelis
646 3477 749 3560 [Sept.
773 3476 835 3562 29]
855 3477 948 3540 iuncta
970 3479 1105 3538 tenorem
1127 3474 1348 3538 transmissum
1369 3472 1466 3554 diripi
1481 3471 1698 3552 postulaverit,
1720 3490 1752 3536 se
1772 3469 1874 3554 [Her-
1974 3501 1979 3509 ·

216 3581 347 3666 manni]
379 3581 524 3662 mapistri
554 3580 791 3645 Teutonicorunt
824 3578 982 3645 redituru²
1009 3578 1279 3659 praestolaturum
1310 3595 1388 3654 esse,
1422 3575 1478 3656 qui
1510 3575 1553 3640 ad
1580 3575 1708 3658 siupula
1738 3573 1874 3637 auum

139 3720 166 3760 20
217 3683 332 3766 nepotii
349 3683 477 3763 plenius
498 3684 540 3746 sit
560 3684 742 3751 instructus.

1528 3762 1787 3842 1233,Iu.12.

258 3903 262 3908 .
322 3854 402 3923 Grec.
421 3855 470 3907 IX
487 3854 556 3926 Rep.
581 3855 637 3910 Vol.
655 3854 708 3918 IV,
729 3859 776 3919 75;
796 3853 859 3908 Lib.
880 3854 949 3922 VII,
968 3858 1031 3908 267.

322 3940 561 4008 Bellona-Fictor,
578 3941 649 4011 Rea.
667 3940 748 3995 Fricl.
768 3941 813 4009 11,
830 3957 858 3994 n.
876 3945 958 3995 2024.

882 4215 1232 4226 --—-—.—.-—-..-.——--.-
1239 4215 1252 4220 -

1007 4511 1093 4586 549.

333 4649 536 4747 Frideriurs
557 4677 773 4742 Rornanorum
800 4674 970 4754 imperator
991 4670 1197 4756 R[aynaldo]
1221 4669 1358 4735 Ostiensi
1384 4672 1414 4731 et
1441 4664 1625 4732 Velletrensi
1649 4664 1741 4728 electo
1761 4660 1877 4738 scribit,

145 4815 171 4854 u
223 4787 301 4869 quid
325 4803 431 4866 papae
459 4782 496 4846 de
523 4782 591 4846 circs
618 4779 751 4844 arbitrio
780 4779 864 4843 inter
891 4779 996 4858 abacia
1023 4780 1052 4841 et
1074 4775 1265 4840 Lombnrdos
1291 4773 1453 4854 motatum
1482 4769 1677 4852 responderit
1703 4767 1755 4851 [n.
1780 4765 1879 4850 548],·

222 4889 422 4972 conqueritur
444 4884 526 4968 qnod
542 4904 603 4964 pro
625 4886 667 4947 tot
689 4882 820 4946 iniuriis
835 4882 965 4962 inperio
987 4880 1089 4944 illotis
1110 4899 1175 4943 non
1196 4899 1298 4959 aequo
1312 4873 1491 4958 satisfactio
1505 4874 1666 4938 subsecuta
1687 4871 1738 4948 sit,
1759 4869 1879 4933 unns

222 4996 253 5058 si
274 4998 361 5057 tenor
383 4992 477 5055 buius
486 4988 679 5070 provisionis
693 4986 737 5050 ad
753 4987 914 5067 publicare
926 4985 1071 5049 not-iteam
1088 4982 1208 5060 emerit,
1231 5000 1317 5064 repes
1331 4982 1361 5044 et
1377 4977 1540 5059 principes
1553 4973 1706 5039 arbitrale
1727 4970 1879 5035 indicium

223 5096 365 5160 ecclesiae
387 5094 517 5158 libenter
538 5111 602 5156 non
624 5110 688 5154 esse
709 5089 875 5155 subituros.

1538 5165 1632 5241 1233,
1655 5161 1718 5224 lul.
1740 5161 1791 5225 12.

148 5279 173 5319 so
331 5265 414 5336 (bray.
433 5263 482 5316 IX
498 5262 566 5330 Rea.
587 5261 646 5317 Vol.
665 5260 718 5328 11⁷,
738 5261 861 5324 75-76,·
879 5256 942 5311 Lib.
964 5256 1033 5325 VH,
1050 5259 1114 5311 268.

330 5349 569 5416 Biturs-liciter,
585 5349 603 5402 l.
620 5365 641 5402 c.
660 5363 686 5402 n.
705 5350 789 5401 2025.

1163 5505 1774 5524 “,,-.-,,-,-,,-,,..-,-.,,,-...-..---

334 5531 421 5542 μ-.-μ
428 5531 462 5535 .-.
469 5528 576 5534 ....,--
585 5527 660 5532 ...-
670 5525 689 5531 .-
696 5525 719 5530 -.-
725 5520 1162 5530 .--u-*ff

331 5683 358 5754 ι)
379 5697 405 5736 n.
426 5683 486 5734 aar.
555 5679 582 5750 a)
601 5677 631 5731 n
652 5675 738 5730 rma
756 5675 866 5734 samu.
1623 5753 1677 5808 ω’
