4524 6412
996 393 1043 450 EX
1063 392 1237 451 GREGORH
1257 390 1293 446 ix
1313 391 1493 448 REGIS'PRO

888 683 896 702 .
927 684 936 701 .
964 626 1304 717 archiepiscopo
1334 623 1597 698 Cesariensi.

521 781 671 845 Dilectus
700 779 786 843 filius
817 777 936 843 nobilis
969 777 1018 840 vir
1045 776 1084 842 G.
1116 775 1157 840 de
1186 773 1297 839 Monte
1326 779 1423 838 acuto
1454 773 1699 858 crucesignatus
1730 797 1749 839 a
1777 775 1874 840 nobis
1903 776 2073 842 humiliter

414 886 607 971 postulavit,
637 891 673 948 ut
702 881 1047 948 excommunicationis
1076 879 1288 955 sententiam,
1321 898 1417 961 quarn
1446 899 1504 962 pro
1533 898 1572 941 eo
1602 877 1799 941 venerabilis
1827 878 1929 944 frater
1958 889 2074 944 noster

416 1036 456 1052 ..
490 987 675 1076 patriarcha
707 987 989 1052 lerosolimitanus
1023 986 1056 1048 iu
1089 983 1294 1048 Fridericum
1329 980 1451 1045 dictum
1486 981 1716 1067 imperatorem
1754 983 1909 1067 exigente
1945 985 2071 1048 iustitia

414 1092 649 1178 promulgavit,
693 1091 879 1154 firmitatem
917 1089 1100 1154 faceremus
1137 1085 1282 1150 debitam
1321 1083 1479 1148 obtinere.
1547 1083 1691 1169 Ideoque
1729 1086 1866 1151 firmiter
1909 1088 1969 1151 tibi
2009 1109 2070 1174 per
2138 1109 2149 1144 a

414 1195 595 1281 apostolica
628 1194 751 1280 scripta
785 1192 994 1270 mandamus,
1031 1197 1192 1276 quatenus
1228 1188 1348 1253 dictam
1381 1187 1694 1252 excomunicationis
1732 1191 1948 1270 sententiam,
1986 1193 2073 1255 siout

414 1297 652 1362 rationabiliter
675 1303 727 1361 cst
749 1296 892 1382 prolata,
922 1294 1023 1359 facias
1047 1314 1151 1379 usque
1174 1294 1216 1357 ad
1240 1291 1495 1358 satisfactionem
1519 1290 1713 1375 condignam
1736 1295 1932 1358 auctoritate
1956 1302 2073 1358 nostra

414 1400 474 1464 sub
497 1400 677 1487 apostolice
702 1397 887 1463 obedientie
911 1399 1064 1462 firmitate
1088 1397 1266 1461 observari.

521 1522 608 1587 Data
629 1522 769 1602 Perusii,
792 1520 824 1584 X
847 1521 921 1587 Kal.
944 1519 1095 1604 Augusti,
1120 1518 1328 1604 pontificatus
1351 1517 1455 1581 nostri
1477 1537 1562 1581 auno
1586 1517 1648 1580 ΙΙΙ.

1127 1760 1131 1768 ·
1160 1732 1318 1805 Eidem.
1351 1769 1352 1772 ¹
2125 1775 2149 1810 ιο

522 1884 730 1949 Venerabilis
753 1882 861 1947 frater
876 1889 989 1947 noster
1012 1933 1018 1947 .
1043 1932 1051 1948 .
1074 1881 1288 1966 Nycosieneis
1312 1879 1578 1965 archiepiscopus
1601 1900 1620 1942 a
1643 1879 1738 1943 nobis
1761 1879 1927 1945 humiliter
1949 1887 2068 1968 postu-

413 1988 501 2067 lavit,
525 1996 561 2053 ut
584 1988 895 2054 excomunicatiouis
919 1986 1127 2066 sententiam,
1151 2006 1247 2071 quam
1270 2006 1328 2070 pro
1353 2005 1392 2048 co
1416 1990 1479 2048 eto.
1502 1989 1538 2046 ut
1561 2004 1659 2070 supra
1682 2004 1786 2068 usque
1810 1984 1842 2047 iu
1866 1984 1974 2049 finem.

1061 2286 1068 2290 --
1084 2283 1446 2291 ‚-..-.-—--·--—-—-

524 2673 715 2788 Gregorius
736 2705 792 2770 IX
815 2724 901 2786 papa
929 2705 965 2768 irc
994 2703 1195 2768 Friderc’cam
1221 2701 1338 2767 dictum
1369 2702 1600 2782 imperatorem,
1634 2701 1724 2766 cuias
1751 2702 1891 2769 intortos
1924 2705 2069 2770 eolesam

411 2810 574 2874 Romanae
603 2809 714 2873 illatas
740 2813 890 2887 recenset,
926 2809 1111 2872 seutentiam
1137 2807 1466 2873 excommunicationis
1492 2810 1622 2870 renovat
1646 2826 1810 2889 carnesque
1840 2813 1869 2872 ct
1896 2811 2069 2890 praecipue

410 2913 549 2977 homiues
585 2913 674 2995 repat
711 2934 732 2976 a
769 2913 945 2978 iuramento
986 2912 1150 2992 fidelitatis
1193 2912 1360 2976 denuntiat
1395 2911 1569 2987 absolutor,
1613 2910 1760 2974 steriliter
1796 2914 2069 2977 excommunicares
2122 2941 2144 2977 ra

410 3014 616 3100 Royaaldacr
637 3018 668 3079 ct
689 3014 874 3080 Bertotdum
894 3016 978 3096 [ilios
1000 3015 1157 3096 quondam
1182 3014 1323 3081 Ocuradi
1344 3015 1433 3079 dacis
1455 3013 1620 3094 Spoletom'
1640 3020 1670 3079 et
1691 3017 1803 3080 arcultas
1824 3017 1914 3082 alios.

1580 3119 1675 3197 1229,
1697 3119 1780 3184 circo
1803 3121 1885 3202 Aac.
1908 3123 1979 3188 20¹.

517 3236 598 3306 (ἶνις.
618 3236 668 3290 IX
686 3237 755 3306 Rey.
773 3237 835 3292 Lib.
854 3237 917 3301 ΙΙΙ,
937 3241 980 3292 46.
1016 3238 1136 3292 Edimua
1155 3254 1189 3291 rc
1208 3235 1303 3306 Rapa.
1322 3236 1394 3291 Aac.
1412 3237 1473 3290 cccl.
1492 3253 1518 3291 a.
1538 3240 1616 3302 1229,
1634 3239 1650 3301 §
1670 3242 1781 3293 37-41.

514 3324 648 3393 Potttcet,
667 3323 734 3393 aeq.
755 3327 835 3378 8445.

519 3511 851 3579 Excommunicamus
875 3520 908 3579 et
940 3515 1254 3581 anathematizamus
1278 3536 1320 3578 ex
1343 3522 1435 3600 parte
1458 3513 1523 3577 Dei
1546 3513 1778 3598 omnipotentie
1801 3514 1908 3580 Patris
1933 3524 1966 3582 et
1989 3517 2066 3583 Filii
2119 3541 2143 3580 ro

410 3623 445 3682 et
469 3615 620 3703 Spiritus,
639 3617 757 3697 sancti,
785 3619 979 3684 auctoritate
1003 3640 1130 3704 quoque
1153 3618 1324 3682 beatorum
1348 3617 1569 3703 apostolorum
1593 3615 1683 3680 Petri
1706 3624 1740 3680 et
1762 3616 1856 3683 Pauli
1884 3641 1922 3685 ac
1944 3629 2066 3700 nostra,

409 3741 523 3784 omues
547 3721 711 3786 hereticos
736 3720 914 3803 Catharos,
936 3723 1126 3804 Paterinos,
1150 3721 1317 3808 Pauperes
1341 3721 1381 3786 de
1404 3719 1583 3805 Lugduno,
1606 3720 1830 3803 Arnaldistas,
1855 3722 2066 3810 Speronistas

409 3829 442 3888 et
470 3824 670 3908 Paseaginos
706 3831 739 3889 et
775 3847 888 3890 omnes
918 3826 1017 3906 alios,
1052 3847 1246 3910 quocunque
1282 3824 1412 3890 nomine
1447 3830 1658 3901 censeantur,
1695 3831 1728 3888 et
1762 3847 1874 3890 omncs
1908 3827 2066 3910 fautores,

409 3933 633 4014 receptatores
657 3934 690 3992 et
713 3926 905 3994 defensores
929 3950 1052 3995 eorum.
1739 3999 1741 4004 ,

514 4029 844 4096 Exconrmunicamus
874 4040 907 4097 et
930 4033 1242 4098 anathematizamus
1274 4053 1317 4096 ex
1338 4039 1431 4118 parte
1454 4030 1519 4095 Dei
1542 4031 1775 4116 omnipotentis
1798 4032 1905 4097 Patris
1931 4041 1964 4104 et
1987 4033 2064 4098 Filii
2117 4056 2141 4095 aa

408 4138 442 4196 et
465 4131 607 4220 Spiritus
631 4135 752 4215 sancti,
785 4136 980 4201 auctoritate
1004 4157 1132 4221 quoque
1156 4136 1327 4200 beatorum
1349 4134 1572 4220 apostolorum
1594 4135 1685 4198 Petri
1708 4142 1742 4199 et
1763 4136 1857 4201 Pauli
1880 4159 1918 4201 ac
1941 4145 2065 4220 nostra,

407 4235 612 4300 Fridericum
644 4237 764 4302 dictum
793 4238 1042 4324 imperatorem,
1073 4260 1131 4325 pro
1159 4259 1198 4302 eo
1227 4237 1311 4322 quod
1339 4244 1452 4301 contra
1479 4238 1675 4301 senteutiam
1706 4241 2065 4320 excommunicationis,

407 4361 427 4402 a
455 4339 636 4404 venerabili
665 4339 764 4405 fratre
793 4341 973 4407 Albaneusi
1011 4343 1166 4428 episcopo
1196 4348 1229 4406 et
1261 4337 1436 4426 Gual[one]
1469 4340 1555 4404 bone
1586 4341 1743 4405 memorie
1778 4343 1939 4426 quondam
1977 4346 2065 4409 tituli

409 4439 518 4505 Sancti
534 4442 666 4507 Martini
675 4453 687 4482 ¹¹
713 4444 906 4530 presbytero
931 4444 1087 4509 cardinali
1110 4443 1150 4507 de
1174 4443 1341 4507 voluntate
1367 4449 1399 4506 et
1421 4463 1559 4507 assensu
1583 4464 1641 4506 suo
1665 4446 1858 4509 auctoritate
1883 4448 2063 4532 apostolico

332 4613 339 4630 ,
408 4543 495 4608 sedis
518 4544 650 4626 latam2,
679 4547 720 4610 ad
751 4547 925 4611 terminum
958 4569 1054 4633 quem
1079 4547 1141 4611 sibi
1164 4545 1296 4633 prefixit
1327 4567 1392 4610 nou
1414 4545 1655 4625 transfretavit,
1686 4547 1771 4611 sicut
1802 4549 1967 4635 promisit,
1999 4571 2061 4616 uec
2115 4573 2140 4610 co

407 4647 603 4730 promissum
626 4669 797 4714 numerum
814 4651 951 4715 militum
976 4652 1043 4715 suis
1067 4651 1223 4737 expensis
1247 4672 1306 4736 pro
1330 4649 1475 4714 subsidio
1492 4649 1593 4714 Terre
1613 4649 1732 4715 Sancte
1756 4653 1846 4717 misit
1867 4654 1920 4718 vel
1943 4657 2061 4737 tenuit,

407 4769 468 4813 nec
491 4749 524 4814 in
547 4750 684 4814 Terram
709 4750 862 4816 Sanctam
886 4755 1081 4840 promissam
1103 4753 1277 4840 pecuniam
1301 4754 1431 4818 statutis
1455 4753 1592 4839 abipso
1616 4755 1764 4819 terminis
1788 4755 1974 4823 destinavit.

513 4852 599 4918 Item
628 4875 687 4940 pro
720 4875 759 4919 eo
788 4855 875 4940 quod
902 4857 1186 4943 arehiepiscopum
1209 4857 1423 4922 Tarentinum
1453 4856 1494 4920 ad
1525 4857 1636 4923 sedem
1661 4861 1825 4946 propriam
1850 4867 1883 4926 et
1905 4862 2062 4948 populum

407 4977 500 5020 suum
523 4956 682 5022 accedere
706 4979 771 5024 non
794 4960 962 5045 permittit,
987 4968 1020 5025 et
1043 4962 1129 5046 quod
1152 4961 1357 5048 Templarios
1381 4969 1415 5025 et
1437 4960 1679 5046 Hospitalarios
1707 4963 1802 5028 bouis
1826 4964 2004 5030 mobilibus
2028 4976 2062 5032 et

406 5062 643 5144 immobilibus,
676 5085 738 5149 que
761 5064 927 5128 habebant
949 5065 982 5128 in
1012 5088 1129 5150 reguo,
1158 5067 1328 5153 spoliavit;
1358 5074 1392 5132 ct
1420 5066 1496 5151 quia
1526 5068 1796 5152 compositionem
1826 5066 1946 5132 factum
1975 5069 2062 5134 inter
2114 5089 2138 5127 aa

404 5166 512 5253 ipsum
550 5172 583 5231 ct
617 5167 770 5232 comitem
798 5166 1017 5234 Celanensem
1052 5177 1085 5234 ct
1113 5169 1319 5254 Raynaldum
1353 5171 1393 5235 de
1426 5170 1570 5251 Aversa,
1604 5192 1662 5256 pro
1701 5170 1794 5234 cuius
1830 5171 2061 5236 observatione

1397 5349 1501 5355 .-......-..
1508 5349 1523 5356 ..
1704 5348 1904 5355 ---.—
1911 5350 1946 5355 .-

509 5460 532 5526 Ι)
552 5461 632 5512 illarci
651 5459 736 5528 Rapa.

507 5597 532 5663 1)
552 5594 713 5649 Promissa
732 5597 778 5658 cat,
804 5601 836 5650 ut
853 5595 946 5666 Royn.
964 5602 1061 5661 erronet,
1078 5599 1145 5654 boec
1162 5601 1343 5655 amtbcmotr'a
1361 5602 1452 5668 scruto
1472 5604 1515 5654 47.
1533 5602 1661 5670 apestolac
1678 5603 1718 5655 orl
1736 5603 1880 5657 Lucanum
1902 5605 2062 5674 episcopum

402 5681 490 5746 datur,
510 5697 582 5750 queue
601 5679 689 5734 XIII
704 5681 822 5735 Kalend.
841 5682 989 5751 Septembr.
1007 5685 1169 5753 consignata
1188 5692 1235 5742 est.
1304 5691 1332 5759 2)
1351 5690 1388 5758 cf.
1406 5703 1432 5740 a.
1454 5689 1512 5740 368
1528 5693 1553 5740 et
1574 5692 1634 5742 371.
