4538 6426
758 392 957 446 EPISTOLAE
975 392 1163 448 subucula.
1201 395 1276 448 1218.

780 620 993 711 Capitulo
1020 622 1257 697 Bremensi.

299 765 330 829 A
353 767 448 831 nobis
479 768 646 832 humiliter
673 771 877 854 quesivistis,
913 770 989 854 quid
1024 771 1095 835 fieri
1128 771 1249 836 debeat
1278 772 1319 838 de
1347 781 1547 840 mortuorum
1575 777 1765 863 corporibus
1793 775 1848 862 qui

192 877 339 955 tempore
363 871 541 935 scismatici
564 879 597 936 et
620 873 750 958 reprobi
773 873 964 938 Wademari
988 896 1007 938 a
1027 877 1218 940 scismaticis
1250 885 1326 940 sunt
1359 879 1494 964 sepulti,
1524 885 1557 943 et
1585 880 1625 944 de
1648 879 1846 945 indumentis

192 971 450 1037 sacerdotalibus
470 996 542 1038 cum
559 975 689 1060 quibus,
713 997 839 1041 necnon
860 977 900 1040 de
921 978 1078 1041 altaribus
1096 980 1129 1042 in
1153 979 1272 1064 quibus
1295 979 1467 1064 degradati
1490 982 1675 1068 presbyteri
1699 984 1846 1047 celebra-

124 1099 137 1136 s
192 1082 276 1140 runt.
321 1075 390 1140 Nos
414 1085 524 1141 autem
547 1078 748 1164 inquisitioni
773 1088 882 1145 vestre
906 1080 1049 1146 breviter
1073 1082 1318 1168 respondemus,
1343 1083 1428 1167 quod
1453 1106 1518 1148 non
1542 1085 1704 1149 credimus
1722 1086 1762 1150 ob
1784 1087 1846 1150 hoc

191 1177 361 1243 dumtaxat
383 1180 530 1266 sepultos
553 1181 740 1246 huiusmodi
763 1183 982 1264 exumandos,
1006 1191 1062 1248 ant
1085 1185 1207 1250 debere
1230 1185 1420 1252 indumenta
1442 1189 1522 1252 talia
1543 1189 1662 1253 iterum
1684 1189 1846 1270 benedici,

190 1282 243 1344 vel
266 1284 490 1347 reconsecrari
513 1286 629 1349 altaria
652 1286 849 1372 supradicta.

298 1383 374 1450 Dat.
398 1394 434 1451 ut
458 1411 565 1477 supra.

808 1505 1185 1513 Μ’-..-

987 1735 1049 1806 66.

305 1843 520 1955 martarus]
540 1871 709 1937 Balara-riae
731 1895 789 1937 rea
811 1874 971 1958 H[oaorio
994 1874 1074 1957 HI]
1092 1895 1196 1954 papae
1218 1875 1334 1952 scribit,
1356 1895 1388 1940 sc
1409 1895 1474 1940 csse
1489 1880 1642 1957 paratam
1664 1876 1847 1960 [Andreae]

111 1975 136 2010 ¹⁰
189 1973 328 2054 errisccpo
351 1973 506 2057 Propensi
528 1975 565 2038 dc
587 1977 728 2039 coraibus
749 1996 844 2056 saper
870 1977 983 2057 quibas
1013 1980 1221 2057 conqueratur
1242 1977 1486 2062 satisfactionem
1507 1999 1676 2061 conpraom
1696 1979 1846 2056 exhibere,

188 2097 227 2140 cc
242 2079 337 2157 petit,
364 2083 400 2142 at
421 2079 482 2143 sibi
498 2083 629 2160 propter
649 2079 704 2144 boc
725 2081 827 2143 ciram
851 2080 1018 2144 discretam
1040 2101 1108 2144 cam
1130 2080 1232 2144 codem
1259 2080 1397 2161 episcopo
1422 2102 1519 2162 usqae
1543 2082 1710 2145 Patavium
1731 2081 1845 2144 mittat.

192 2178 243 2258 Cf.
264 2200 297 2244 η.
322 2184 374 2246 67.
1386 2187 1482 2263 1218,
1503 2189 1576 2248 anta
1597 2184 1682 2247 Mai.
1706 2185 1758 2249 15.

294 2300 369 2354 Hora.
388 2303 443 2352 ΙΙΙ
457 2301 527 2370 Ray.
551 2300 607 2354 Vol.
627 2304 651 2364 I,
669 2303 741 2360 259,-
760 2300 822 2354 Lib.
843 2303 883 2364 ΙΙ,
903 2304 979 2354 1129.

293 2385 397 2450 Erben,
415 2388 485 2458 Rey.
504 2386 652 2442 Bolremiae
671 2390 693 2450 l,
712 2391 776 2450 278,
795 2405 822 2440 a.
843 2391 905 2442 595.

661 2589 832 2663 Littera
859 2591 911 2662 ad
938 2591 1167 2664 dominum
1195 2613 1372 2683 papam.

297 2725 577 2804 Reverentissimo
609 2738 738 2801 domino
768 2759 826 2801 suo
855 2737 899 2800 H.
930 2737 1033 2823 primo
1066 2743 1099 2800 et
1125 2737 1302 2801 universali
1325 2739 1470 2823 pontifici
1494 2739 1531 2804 O.
1560 2741 1624 2806 Dei
1652 2743 1758 2827 gratia
1785 2764 1846 2808 rex

189 2842 387 2907 Boemorum
411 2863 485 2905 cum
509 2841 627 2906 devoto
655 2841 813 2925 obsequio
836 2841 969 2904 filialem
994 2840 1241 2906 subiectionem.
1277 2841 1506 2926 significamus
1525 2844 1707 2930 dignationi
1724 2855 1845 2924 vestre,

188 2947 274 3032 quod
311 2947 387 3010 dum
422 2947 620 3031 sollempnes
656 2946 788 3009 nuntios
822 2944 864 3008 ad
896 2944 1018 3008 curiam
1055 2946 1183 3009 mittere
1220 2967 1446 3030 parassemus,
1484 2947 1546 3011 hiis
1578 2971 1639 3033 que
1673 2949 1844 3014 adomino

189 3050 349 3135 Pragensi
373 3050 527 3137 episcopo
551 3056 663 3113 contra
686 3071 745 3113 nos
768 3055 994 3135 proponuntur
1011 3049 1151 3112 finaliter
1174 3071 1405 3135 responsuros,
1430 3059 1564 3137 repente
1589 3054 1679 3116 venit
1701 3075 1720 3117 a
1741 3055 1845 3118 latere

111 3173 127 3208 a
190 3153 337 3218 ciusdem
360 3155 506 3241 episcopi
528 3154 630 3217 abbas
660 3153 700 3218 de
724 3153 868 3232 Insula¹,
903 3159 1019 3239 petens
1043 3175 1085 3216 ex
1113 3175 1254 3239 persona
1283 3155 1386 3240 ipsius
1412 3156 1498 3219 mitti
1529 3156 1592 3219 sibi
1620 3163 1686 3220 tres
1710 3158 1852 3221 comites,

190 3265 318 3322 nostros
331 3258 471 3321 maiores
484 3278 558 3320 curn
570 3255 689 3320 abbate
703 3254 952 3319 deWaltsasen²
965 3255 1193 3320 Cisterciensis
1212 3257 1344 3334 ordinis,
1356 3257 1503 3342 dixitque
1516 3258 1636 3323 frustra
1648 3260 1846 3341 laborantes,

190 3361 218 3424 si
242 3361 297 3445 qui
319 3360 375 3424 alii
397 3361 613 3424 mitterentur.
661 3357 807 3423 Comites
831 3365 940 3422 autem
957 3380 1037 3442 qnos
1053 3360 1150 3444 petiit
1169 3360 1258 3424 nullo
1277 3361 1412 3424 consilio
1428 3362 1480 3425 vie
1498 3363 1707 3427 securitatem
1723 3362 1845 3428 habere

189 3470 375 3549 potuerunt,
398 3462 501 3526 abbas
523 3483 601 3526 vero
624 3464 808 3548 postulatus
838 3463 908 3526 sine
937 3462 1071 3525 licentia
1096 3461 1320 3526 Cistertiensis
1348 3463 1474 3527 abbatis
1502 3465 1615 3530 venire
1642 3485 1708 3528 non
1729 3465 1845 3550 potuit,

188 3567 254 3629 nisi
275 3567 394 3630 vestris
423 3567 542 3630 litteris
571 3566 758 3651 specialiter
783 3573 931 3631 vocatus.
987 3565 1186 3630 Persuasum
1215 3573 1266 3631 est
1295 3588 1373 3651 ergo
1404 3568 1500 3631 nobis
1528 3570 1648 3648 quiris
1671 3569 1845 3653 religiosis,

113 3689 125 3723 2
193 3691 234 3734 nc
257 3669 489 3754 magistrorum
512 3669 788 3754 disputationibus
813 3691 939 3732 sacrum
964 3670 1053 3734 curie
1077 3690 1311 3756 occuparemus
1340 3669 1500 3750 auditum,
1533 3679 1584 3735 set
1611 3671 1716 3756 prima
1738 3671 1845 3734 fronte

190 3774 275 3837 sicut
296 3772 408 3838 devoti
429 3773 488 3836 filii
511 3779 619 3838 vestre
643 3779 797 3859 parentes
820 3773 1010 3858 paternitati
1025 3772 1192 3836 humiliter
1207 3794 1245 3837 ac
1269 3773 1461 3858 simpliciter
1487 3773 1606 3837 litteris
1636 3773 1845 3858 presentibus

191 3877 460 3962 exprimeremus,
483 3877 517 3939 in
540 3876 658 3959 quibus
681 3875 832 3939 duritiam
855 3875 963 3959 gentis
987 3881 1098 3939 nostre
1122 3875 1254 3939 flectere
1278 3877 1330 3939 vel
1352 3875 1385 3938 in
1402 3875 1518 3959 quibus
1535 3897 1608 3939 eam
1623 3897 1688 3938 non
1711 3876 1844 3940 flectere

191 4001 288 4065 posse
312 4000 594 4065 cognosceremus.
640 3977 744 4040 Multa
761 3998 839 4061 ergo
855 3977 999 4041 breviter
1020 3977 1335 4063 comprehendentes
1353 3998 1414 4062 que
1431 3977 1517 4040 idom
1534 3978 1708 4063 episcopus
1732 3985 1845 4042 contra

193 4105 286 4148 suam
308 4083 439 4148 videtur
460 4083 582 4146 habere
607 4081 774 4160 diocesim,
799 4102 890 4144 sacro
914 4081 1113 4166 apostolatui
1136 4088 1246 4144 vestro
1269 4102 1328 4167 pro
1346 4079 1495 4144 omnibus
1511 4101 1576 4144 uno
1592 4081 1692 4145 verbo
1709 4101 1844 4166 respon-

193 4187 299 4253 dendo
321 4188 551 4274 promittimus,
575 4185 660 4269 quod
684 4191 881 4270 cooperante
904 4184 976 4248 Deo
1000 4206 1058 4270 pro
1082 4185 1186 4269 gratie
1209 4191 1320 4248 vestre
1338 4183 1474 4248 obtentu
1498 4183 1621 4263 omnia,
1644 4205 1702 4268 pro
1726 4183 1844 4268 quibus

191 4293 276 4355 iuste
305 4290 435 4356 videtur
463 4288 677 4368 contendere,
711 4287 775 4351 sibi
802 4310 845 4352 ex
874 4289 981 4353 animo
1005 4288 1214 4367 subiciamus,
1241 4293 1352 4373 preter
1374 4286 1460 4372 quod
1482 4293 1613 4371 gentem
1636 4291 1780 4350 nostram
1804 4285 1845 4350 ad

191 4395 338 4460 insuetas
360 4396 519 4458 hactenus
543 4393 687 4457 decimas
708 4413 774 4456 non
797 4412 971 4478 possumus
1000 4413 1117 4476 cogere
1146 4413 1207 4456 nec
1230 4411 1401 4476 possemus
1426 4390 1573 4471 omnino,
1601 4390 1699 4453 etiarn
1723 4390 1751 4453 si
1773 4390 1844 4476 ipse

135 4489 138 4494 ’
192 4497 318 4564 decime
334 4497 430 4562 nobis
444 4497 565 4562 nostris
580 4496 739 4560 deberent
752 4496 868 4562 usibus
884 4495 1060 4560 deservire.
1093 4494 1311 4580 Antiquarum
1327 4514 1456 4578 quoque
1473 4493 1671 4557 decimarum
1687 4491 1845 4573 redditus,

193 4603 267 4686 qui⁸
282 4601 392 4665 multis
414 4601 495 4664 locis
520 4599 764 4680 subtrahuntur,
788 4599 881 4663 reddi
897 4620 1063 4682 cogemus.
1108 4598 1153 4661 Ut
1170 4604 1277 4661 autem
1293 4596 1439 4682 perfecte
1462 4596 1555 4660 vobis
1573 4602 1725 4660 constare
1741 4596 1846 4681 possit

39 4777 42 4786 Α
115 4719 140 4750 ⁵³
191 4705 252 4770 hec
269 4705 377 4769 omnia
391 4725 451 4768 nos
468 4702 586 4768 devote
601 4703 755 4780 facturos,
767 4723 921 4787 rogamus
937 4701 1068 4781 obnixe,
1086 4702 1238 4786 quatinus
1252 4699 1440 4764 obedientie
1457 4705 1567 4764 nostre
1584 4699 1844 4787 experimentum

194 4809 371 4894 capientes,
394 4809 531 4872 mittatis
555 4829 575 4870 a
597 4807 699 4870 latere
723 4813 833 4871 vestro
856 4806 999 4890 aliquem
1022 4804 1199 4868 discretum
1216 4805 1320 4866 vimm
1343 4824 1417 4866 cnm
1433 4801 1550 4865 eodem
1568 4803 1724 4888 episcopo
1741 4824 1844 4887 usque

165 4927 166 4932 ’
192 4913 393 4990 Pattaviam,
425 4917 458 4975 et
481 4931 691 4996 quoscunque
719 4910 892 4995 episcopos
926 4909 980 4972 vel
1013 4907 1150 4971 abbates
1178 4907 1249 4992 ipse
1285 4906 1457 4991 episcopus
1491 4905 1554 4967 sibi
1587 4905 1742 4989 elegerit,
1770 4904 1845 4969 illos

193 5016 387 5079 anctoritate
410 5015 591 5100 apostolica
613 5018 808 5077 executores
831 5012 994 5097 presentis
1017 5017 1128 5074 nostre
1151 5010 1377 5096 promissionis
1401 5009 1617 5073 constituatis.
1662 5008 1795 5091 Nosque
1812 5008 1845 5071 in

193 5121 325 5206 propria
347 5139 613 5205 personamque
636 5115 678 5180 ad
701 5117 827 5181 exitum
849 5115 986 5178 Boemie
1010 5110 1214 5192 accedentes,
1240 5133 1300 5198 per
1320 5112 1558 5190 internuntios,
1589 5131 1670 5194 quos
1696 5110 1846 5172 similiter

138 5241 144 5266 ‚
194 5222 346 5308 elegerit,
375 5221 483 5284 omnia
510 5241 572 5306 que
600 5241 698 5306 supra
720 5218 928 5305 promisimus
953 5264 1075 5282 ......
1083 5215 1097 5254 ¹³
1133 5215 1168 5280 si
1191 5214 1268 5300 quid
1291 5217 1390 5280 etiam
1419 5221 1532 5279 contra
1554 5215 1694 5298 aliquam
1718 5213 1846 5298 specia-

300 5483 323 5548 ¹)
341 5485 409 5550 quod
428 5484 458 5535 R.
540 5483 563 5548 δ)
581 5500 739 5548 exequemur
755 5483 796 5534 ael
813 5483 864 5533 talc
881 5481 944 5547 ataid
961 5480 1036 5542 dwi-

296 5617 322 5680 1)
342 5614 488 5670 namus.
530 5615 730 5670 Moaasterium
758 5619 797 5669 ert
823 5614 854 5667 ia
880 5613 1028 5668 Moldavae
1054 5611 1134 5680 flavii
1159 5609 1255 5666 iacula
1281 5609 1376 5674 caan,
1407 5608 1552 5664 Baliarica
1579 5607 1686 5665 Ostrow
1713 5609 1846 5661 vocatam.

192 5705 220 5776 2)
241 5701 410 5758 Hermanno.

1639 5801 1645 5856 l
