4538 6426
853 377 1068 434 russorum.
1499 445 1501 451 s
1812 381 1862 434 xv

313 573 358 644 In
385 575 453 663 fine
480 574 663 646 voluminis
680 574 841 667 epistolas
855 575 1004 647 Honesti
1018 576 1090 648 ΙΙΙ
1108 583 1138 650 et
1153 577 1311 669 erponi·
1326 578 1386 650 IX
1404 578 1562 667 irretitos,
1589 600 1659 648 occ
1678 601 1695 649 c
1713 579 1865 670 chostis
1892 587 2002 640 Addita·

209 695 445 785 depromptos,
486 717 633 786 quorum
659 695 860 787 apographo
896 697 934 766 io
969 704 1142 788 opprorolu
1168 697 1347 770 Sooictotis
1377 704 1491 787 orout,
1528 698 1701 770 adiunctis
1732 699 1865 771 duobus
1891 667 2008 711 mneos.

208 835 295 906 coos
327 813 368 884 V.
396 809 447 886 Cl.
485 813 527 885 F.
558 813 593 884 T
590 815 697 886 moer
732 815 877 908 largitos
911 823 975 904 est,
1013 819 1232 908 addidimus,
1273 843 1360 911 quoe
1395 821 1530 912 quidem
1569 819 1611 890 ol
1649 819 1732 891 ollis
1764 820 1864 893 buius

209 934 414 1009 collectionis
440 937 645 1028 discrepeat,
674 937 791 1009 ocultis
817 945 939 1026 tomen,
965 946 1004 1011 ot
1030 942 1225 1032 opinamur,
1251 947 1406 1032 suceptae
1431 945 1540 1012 enom.

932 1160 1138 1170 *ιι-.-

313 1351 508 1440 Formclos,
538 1375 624 1443 poros
650 1354 749 1443 iussio
765 1355 897 1443 dotans,
924 1377 965 1427 oe
979 1356 1179 1428 colbertinis
1205 1357 1384 1448 impressis
1402 1361 1432 1426 ot
1449 1378 1489 1426 co
1503 1355 1621 1428 litteris
1634 1355 1864 1444 Ropeatornot,

209 1472 393 1564 inquitas
414 1476 627 1566 perscriptos
651 1481 741 1564 suot,
768 1475 970 1566 collcpiotos.
1025 1477 1106 1547 Noc
1132 1499 1245 1548 omues
1266 1499 1349 1548 scoc
1375 1477 1537 1566 laedones,
1556 1499 1623 1568 per
1645 1497 1731 1568 pots
1755 1472 1864 1546 vous

211 1593 353 1666 commis
371 1595 460 1666 Mem
487 1594 560 1684 fere
584 1597 812 1688 stpoificotor,
840 1600 1121 1687 moooercoioms,
1147 1601 1208 1670 scol
1232 1600 1271 1671 iol
1292 1605 1425 1672 tontum
1442 1599 1577 1691 officere
1597 1597 1800 1684 studuimus,
1827 1601 1864 1667 ot

210 1739 274 1809 qno
301 1737 450 1809 cooequo
476 1714 629 1806 fmmolo
654 1723 785 1810 spectet,
806 1719 914 1812 pleae
938 1717 1159 1811 tolclllpotor.
1660 1727 1661 1730 ’

363 1919 410 1995 Ia
436 1923 605 1996 ceordic:

322 2075 349 2138 l.
385 2070 468 2136 Cum
490 2093 511 2136 a
532 2072 628 2137 uobis
652 2074 784 2158 petitur,
803 2074 888 2160 quod
911 2074 1032 2140 iustum
1056 2082 1108 2140 est
1131 2083 1164 2141 et
1187 2075 1373 2156 honestum,
1398 2082 1463 2140 tam
1479 2075 1572 2160 vigor
1595 2072 1749 2159 equitatis
1766 2092 1863 2156 quam

212 2173 290 2240 ordo
320 2174 426 2262 exigit
454 2175 606 2256 rationis,
641 2183 677 2241 ut
705 2176 737 2240 id
772 2199 833 2263 per
865 2177 1118 2244 sollicitudiuem
1148 2179 1247 2243 oflicii
1277 2179 1381 2243 nostri
1413 2179 1455 2242 ad
1485 2178 1630 2243 debitum
1665 2173 1865 2262 perducatur

211 2281 375 2346 effectum.
420 2279 605 2368 Eapropter
627 2281 747 2348 vestris
770 2283 1066 2370 supplicationibus
1090 2284 1249 2364 inclinati,
1272 2283 1319 2348 ccl
1341 2289 1435 2368 grato
1460 2285 1690 2347 concurrentes
1713 2297 1863 2342 assensu.

319 2404 350 2468 2.
384 2399 434 2466 Ea
451 2423 514 2487 que
538 2400 658 2468 iudicio
682 2403 735 2467 vel
759 2404 934 2469 concordie
957 2405 1185 2483 terminantur,
1208 2405 1302 2469 firma
1325 2403 1448 2470 debent
1470 2409 1504 2468 et
1527 2401 1653 2466 illibata
1675 2399 1863 2486 persistere,

211 2511 244 2571 et
276 2527 317 2570 ne
352 2504 385 2569 in
420 2503 563 2571 recidive
599 2505 819 2572 contentionis
852 2508 1041 2596 scrupulum
1077 2508 1281 2590 relabantur,
1317 2507 1498 2597 apostolico
1535 2504 1687 2571 convenit
1718 2501 1863 2589 presidio

211 2609 414 2674 communiri.
459 2607 646 2698 Eaprcpter
667 2615 721 2677 elo.
743 2615 780 2675 ut
800 2611 836 2675 io
861 2615 890 2679 1.

317 2732 348 2793 3.
380 2727 482 2794 Iustis
506 2731 688 2816 patentium
711 2730 883 2798 desideriis
911 2733 1045 2818 dignum
1081 2741 1132 2798 est
1166 2755 1225 2798 nos
1260 2733 1390 2798 facilem
1425 2731 1565 2818 prebere
1600 2749 1797 2795 consensum
1830 2735 1864 2793 et

214 2838 301 2912 vota,
326 2854 389 2919 qua
412 2855 433 2898 a
456 2834 592 2899 rationis
616 2835 745 2901 tramite
770 2857 835 2901 non
859 2835 1056 2918 discordant,
1077 2837 1437 2924 ellectu-prosequente
1459 2835 1635 2922 complere.
1680 2832 1867 2920 Eapropter

210 2937 430 3002 &dmi

320 3061 349 3122 4.
383 3057 605 3124 Prudentibus
635 3057 835 3144 virginibus,
865 3081 928 3145 que
959 3061 1020 3125 sub
1049 3060 1163 3126 habitu
1194 3061 1362 3147 religionis
1392 3058 1541 3126 accensis
1569 3057 1775 3147 lampadibus
1805 3081 1864 3145 per

211 3180 311 3246 opera
334 3161 518 3226 sanctitatis
541 3163 663 3246 iugiter
687 3183 723 3227 se
746 3169 923 3250 preparant
946 3164 993 3229 ire
1017 3164 1148 3232 obviam
1171 3187 1303 3250 sponso,
1327 3164 1424 3230 sedes
1452 3163 1635 3250 apostolica
1664 3160 1764 3226 debat
1787 3183 1862 3249 pre-

212 3263 328 3329 sidium
352 3265 528 3350 impertiri,
558 3287 599 3330 ne
622 3265 707 3331 forte
732 3266 908 3332 cuiuslibet
937 3269 1131 3334 temeritatis
1159 3268 1309 3334 incursus
1333 3275 1390 3334 aut
1413 3289 1469 3334 eas
1492 3289 1513 3332 a
1534 3266 1703 3356 proposito
1731 3271 1865 3332 revocet

210 3373 268 3433 aut
290 3368 400 3450 robur,
424 3367 510 3458 quod
534 3369 630 3452 absit,
655 3391 748 3438 sacre
773 3371 942 3458 religionis
965 3371 1133 3458 infringat.
1177 3372 1363 3461 Eapropter
1384 3375 1437 3438 clo.
1461 3376 1497 3436 ot
1517 3371 1555 3434 in
1577 3374 1607 3437 1.

318 3493 347 3554 5.
383 3489 560 3574 Quoniam,
595 3499 632 3558 ut
662 3493 709 3557 ait
737 3493 926 3580 apostolus,
955 3513 1068 3560 omnes
1098 3493 1257 3560 stabimus
1286 3499 1362 3559 ante
1390 3493 1533 3559 tribunal
1556 3489 1679 3558 christi
1700 3489 1865 3577 recepturi

214 3596 310 3678 prout
332 3592 365 3658 in
390 3615 526 3682 corpore
550 3595 725 3682 gessimus,
749 3597 819 3664 sive
842 3597 965 3662 bonum
986 3597 1087 3663 luerit
1110 3597 1179 3663 sive
1202 3598 1333 3678 malum,
1357 3603 1487 3682 oportet
1509 3618 1569 3661 nos
1586 3595 1674 3662 diem
1689 3593 1864 3660 messionis

211 3701 361 3762 extreme
384 3697 609 3766 misericordie
634 3699 789 3788 operibus
812 3701 985 3788 prevenire
1009 3723 1047 3768 ao
1072 3706 1261 3766 eternorum
1283 3701 1403 3766 intuitu
1426 3701 1589 3766 seminare
1605 3699 1639 3763 in
1655 3698 1761 3781 terris,
1777 3696 1864 3784 quod

210 3797 370 3866 reddente
393 3799 533 3867 Domino
567 3825 642 3870 cum
670 3803 887 3892 multiplicato
917 3804 1025 3870 fructu
1056 3805 1213 3891 colligere
1237 3803 1417 3870 debeamus
1446 3804 1479 3868 in
1503 3803 1600 3886 celis,
1623 3803 1748 3867 firmam
1772 3822 1864 3888 spem

211 3900 429 3990 fiduciamque
452 3911 621 3988 tenentes,
645 3906 798 3992 quoniam
822 3908 877 3994 qui
900 3929 998 3993 parce
1022 3910 1179 3988 seminat,
1208 3930 1307 3994 parce
1331 3915 1364 3972 at
1385 3913 1505 3989 metet,
1533 3913 1567 3972 et
1589 3906 1646 3992 qui
1668 3905 1809 3972 seminat
1830 3904 1864 3968 in

210 4005 508 4092 benedictionibus,
531 4011 572 4078 de
594 4010 878 4079 benedictionibus
901 4021 935 4079 et
957 4019 1060 4079 metet
1082 4015 1183 4079 vitam
1206 4020 1363 4079 eternam.

321 4133 351 4196 6.
385 4129 586 4218 Religiosam
606 4134 706 4200 vitam
730 4133 930 4218 eligentibus
955 4134 1174 4220 apostolicum
1195 4133 1349 4200 convenit
1368 4129 1486 4198 adesse
1509 4129 1699 4219 presidium,
1716 4151 1758 4195 ne
1779 4129 1864 4194 forte

210 4232 387 4301 cuiuslibet
408 4237 462 4300 etc.
485 4238 521 4300 ot
543 4235 579 4300 in
599 4239 631 4304 4.

320 4355 349 4419 7.
383 4352 602 4424 sacrosancta
627 4355 778 4424 Romana
807 4357 950 4426 ecelesia
975 4357 1114 4424 devotos
1147 4364 1182 4424 et
1212 4359 1353 4424 humiles
1381 4357 1466 4424 lilios
1494 4377 1537 4422 ex
1570 4360 1703 4422 assuete
1732 4353 1865 4442 pietatis

211 4454 318 4522 cilicio
341 4459 536 4546 propensius
560 4459 698 4548 diligere
721 4461 905 4544 cousuevit,
921 4468 955 4528 et
978 4483 1019 4528 ne
1041 4484 1216 4550 pravorum
1239 4463 1407 4528 bominum
1431 4461 1592 4528 molestiis
1613 4459 1790 4546 agitentur,
1806 4479 1864 4524 eos

210 4567 365 4647 tanquam
388 4562 444 4650 pia
466 4569 571 4632 mater
594 4587 653 4631 sue
675 4566 891 4654 protectionis
915 4566 1093 4634 munimine
1117 4566 1302 4634 confovere.
1346 4564 1534 4653 Eapropter
1555 4568 1609 4629 clo.
1632 4567 1668 4627 ot
1688 4562 1725 4627 in
1748 4566 1776 4626 1.

316 4685 346 4748 8.
382 4682 476 4750 Solet
508 4707 654 4752 annuere
688 4685 785 4754 sedas
820 4687 1002 4774 apostolica
1032 4687 1095 4773 piis
1127 4687 1226 4766 votis,
1257 4693 1290 4752 et
1318 4687 1467 4754 honestis
1499 4685 1682 4774 petentium
1712 4681 1864 4770 precibus

210 4785 357 4851 favorem
380 4788 578 4856 benevolum
600 4793 769 4880 impertiri.
815 4791 1002 4878 Eapropter
1023 4796 1078 4857 etc.
1100 4796 1136 4856 ut
1158 4792 1193 4855 in
1217 4795 1246 4856 1.

363 4963 409 5040 Iu
436 4991 580 5060 corporo
606 4971 849 5064 cpislclcmom:

320 5116 349 5180 9.
384 5113 544 5182 iacientes
568 5117 655 5204 quod
677 5119 890 5186 decreveritis
913 5141 1166 5208 percensuram
1190 5119 1448 5186 ecclesiasticam
1471 5113 1651 5182 observari.

321 5239 371 5302 10.
402 5235 558 5324 Alioquin
581 5246 690 5327 partes
714 5239 755 5308 ad
780 5239 992 5329 [prelatorum
1016 5242 1159 5308 iudicum
1181 5239 1248 5328 alc]
1274 5240 1449 5308 remittatis
1472 5257 1621 5316 examen,
1644 5234 1866 5322 appellantem

211 5339 244 5406 in
268 5341 425 5428 expensis
447 5342 604 5429 legitimis
628 5343 919 5432 condempnantes.

325 5464 373 5525 11.
407 5462 617 5545 mandamus,
646 5466 797 5550 quatinus
822 5466 1009 5547 uestita,
1041 5473 1195 5532 revocato
1218 5464 1304 5551 quod
1328 5465 1427 5530 luerit
1453 5460 1689 5538 revocandum,
1716 5457 1866 5541 audiatis,

213 5585 276 5651 qua
299 5573 438 5652 utraque
461 5587 538 5654 pars
562 5567 694 5634 dusera
717 5567 939 5656 proponenda,
963 5577 996 5635 et
1020 5592 1163 5652 causam,
1184 5571 1213 5636 ai
1238 5570 1278 5636 de
1301 5570 1444 5656 partium
1463 5570 1633 5634 voluntate
1656 5565 1865 5652 processerit,

212 5667 278 5739 line
298 5666 410 5738 debito
433 5670 632 5754 terminetis,
655 5669 815 5740 iacientes
835 5675 892 5738 otc.
915 5677 950 5739 ot
972 5673 1008 5736 la
1031 5675 1062 5737 9.
1106 5673 1262 5758 Alioquin
1284 5676 1337 5738 otc.
1361 5676 1395 5736 ol
1417 5671 1453 5738 iu
1477 5674 1527 5750 10.
