4590 6366
751 371 951 456 erramina
969 401 1158 457 sanncrnn.
1192 403 1267 458 rasa.
1775 407 1838 471 567

185 567 294 630 caoius
325 567 473 634 suadere.
520 569 669 643 Quantus
700 573 787 637 enim
820 573 926 654 dolor,
960 583 1142 659 quantusve
1178 576 1283 661 pudor
1317 584 1407 641 esset
1433 579 1554 663 populo
1588 579 1773 644 Christiano
1805 585 1839 644 ct

185 671 327 734 maxime
352 671 582 757 circumposita
606 676 745 759 regioni,
771 678 798 740 si
822 685 908 742 terra
930 679 1080 764 plurimis
1103 680 1271 744 laboribus
1295 687 1329 745 et
1352 681 1509 767 expensis
1533 682 1676 748 Domino
1698 684 1838 769 aquisita

186 794 245 859 per
275 773 436 839 desidiam
466 777 611 842 fidelium
641 779 855 865 perderetur?
905 781 950 845 Ut
978 783 1077 866 igitur
1105 789 1172 846 tam
1201 783 1338 848 arduum
1365 785 1534 868 negotium
1561 787 1638 851 fidei
1665 789 1840 853 salubriter

186 878 370 964 promoveri
400 879 525 960 valeat,
560 880 670 946 divina
700 884 876 947 clementia
908 885 1098 960 miserante,
1133 907 1172 949 ac
1201 887 1341 951 feliciter
1365 890 1567 970 consumari,
1602 891 1836 956 fraternitatem

122 1009 134 1046 s
186 987 275 1044 tuam
297 1001 468 1046 menemus
485 990 517 1047 et
538 985 747 1049 obsecramus
771 987 804 1050 in
821 985 973 1067 Domino,
996 989 1030 1051 in
1047 990 1273 1054 remissionem
1290 991 1349 1053 tibi
1372 993 1597 1076 peccaminum
1620 994 1838 1079 iniungentes,

186 1085 337 1168 quatinus
369 1093 537 1172 assumpto
565 1087 800 1173 predicationis
831 1090 938 1154 officio
964 1097 1097 1177 propter
1119 1091 1243 1170 Deum,
1274 1115 1455 1179 pauperum
1479 1098 1781 1181 crucesignatorum
1805 1098 1839 1160 in

185 1187 359 1252 Bremensi
386 1191 570 1275 provincia,
601 1213 662 1255 nec
691 1213 756 1256 nou
787 1193 820 1255 in
848 1193 1143 1278 Magdeburgensi,
1174 1195 1440 1281 Havelbergensi
1471 1205 1505 1262 et
1536 1198 1669 1263 dimidia
1690 1199 1838 1264 Brande-

186 1290 343 1376 burgensi
366 1313 481 1358 versus
505 1294 661 1374 Albeam,
691 1297 724 1359 in
748 1295 927 1377 Verdensi,
956 1296 1121 1361 Mindensi
1152 1306 1186 1362 et
1208 1298 1456 1364 Padeburnensi
1479 1302 1666 1366 diocesibus
1696 1325 1734 1367 ac
1758 1301 1837 1367 Col-

187 1396 311 1474 landia,
341 1418 412 1460 cunr
442 1399 561 1483 quibus
594 1398 748 1464 duximus
775 1399 1045 1485 dispensandum,
1073 1408 1148 1464 vota
1181 1403 1456 1487 peregrinationis
1485 1413 1679 1471 convertens
1703 1407 1736 1469 in
1765 1427 1837 1469 suc-

189 1519 318 1561 cursum
349 1499 493 1565 fidelium
527 1502 765 1588 predictorum,
800 1511 866 1567 tam
902 1524 958 1567 eos
988 1525 1084 1588 quarn
1120 1505 1202 1568 alios
1233 1505 1348 1570 fideles
1382 1508 1414 1570 in
1446 1508 1570 1573 eisdem
1605 1509 1773 1595 provincia
1806 1515 1840 1572 et

189 1601 373 1667 diocesibus
413 1607 608 1671 constitutos
648 1607 689 1670 ad
724 1607 857 1670 nimiam
892 1607 1080 1686 caritatem,
1120 1630 1184 1692 qua
1219 1608 1369 1674 Christus
1404 1633 1461 1675 eos
1490 1611 1612 1675 dilexit
1650 1619 1684 1676 et
1720 1611 1838 1695 diligit,

188 1712 373 1792 respectum
397 1708 519 1774 habere
543 1718 576 1775 et
600 1713 630 1774 ei
653 1712 832 1776 retribuere
854 1711 976 1796 aliquid
1000 1733 1059 1797 pro
1084 1713 1245 1790 omnibus,
1270 1736 1333 1799 que
1362 1715 1475 1779 tribuit
1502 1716 1573 1801 ipse
1601 1715 1684 1798 illis,
1706 1714 1838 1780 monitis

189 1818 223 1874 et
257 1813 517 1878 exortationibus
555 1817 619 1880 tuis
658 1815 837 1880 secundum
870 1811 979 1879 datam
1008 1815 1067 1878 tibi
1100 1815 1213 1879 aDco
1242 1816 1450 1901 prudentiam
1480 1818 1659 1883 informare
1685 1838 1840 1904 procures

188 1912 365 1998 diligenter
387 1922 421 1980 et
448 1918 604 1998 sollicite,
632 1919 801 2004 postulans
829 1927 866 1981 ut
894 1917 957 2003 ipsi
987 1917 1148 2003 redempti
1177 1921 1283 2005 pretio
1312 1920 1477 2005 glorioso,
1512 1922 1545 1985 in
1575 1942 1655 2006 quos
1685 1930 1839 2006 tanquam

190 2017 277 2081 viros
309 2017 512 2084 Christianos
541 2029 574 2085 et
603 2022 782 2086 catholicos
811 2021 928 2085 cadere
964 2022 1139 2107 opprobria
1169 2024 1438 2108 exprobrantium
1469 2023 1600 2088 Christo
1630 2023 1768 2102 debent,
1803 2045 1839 2086 se

188 2124 327 2187 viriliter
350 2130 382 2187 et
405 2131 556 2209 potenter
578 2125 766 2209 accingant,
791 2125 880 2188 velut
903 2124 1010 2188 zelum
1032 2124 1098 2189 Dei
1120 2125 1281 2191 habentes
1305 2127 1344 2190 ad
1369 2126 1598 2213 appliandum¹¹
1621 2147 1739 2190 nomen
1763 2123 1839 2189 fidei

190 2227 375 2292 Christiane
398 2235 432 2292 et
452 2226 659 2292 liberandum
682 2227 850 2313 proximos
872 2227 913 2291 de
938 2227 1089 2292 manibus
1105 2249 1318 2314 paganorum,
1342 2230 1519 2316 profecturi
1545 2228 1724 2293 secundum
1748 2234 1838 2291 tuum

190 2332 361 2396 consilium
392 2339 425 2396 et
453 2331 556 2396 acturi
586 2331 648 2409 ita,
682 2330 768 2416 quod
798 2337 831 2394 et
866 2331 948 2416 ipsis
980 2332 1142 2416 premium
1171 2331 1331 2397 debeatur
1358 2340 1507 2398 eternum
1536 2338 1569 2397 et
1596 2331 1745 2396 infideles
1774 2350 1839 2393 non

191 2434 329 2519 possint,
352 2434 439 2520 quod
461 2435 593 2520 impune
618 2433 742 2498 Christi
764 2455 883 2498 nornen
907 2435 1182 2520 impugnaverint,
1205 2437 1348 2520 gloriari.
1825 2431 1826 2434 '

299 2539 396 2603 Circa
424 2560 582 2626 personas
611 2559 689 2602 vero
719 2545 753 2602 et
780 2545 902 2616 terras,
920 2558 1012 2632 'quas
1036 2536 1197 2602 Dominus
1228 2538 1269 2602 ad
1297 2539 1393 2604 fidem
1417 2540 1599 2612 vocaverit,
1631 2538 1742 2602 taliter
1763 2556 1838 2622 pro-

190 2641 314 2724 videas,
338 2643 424 2728 quod
446 2642 595 2729 neophiti
618 2663 763 2728 congrua
785 2642 938 2707 libertate
962 2641 1138 2726 gaudeant,
1162 2642 1353 2708 ordinentur
1376 2644 1514 2708 ecclesie
1539 2651 1572 2708 et
1594 2643 1756 2720 dotentur,
1778 2659 1840 2702 nee

189 2747 401 2813 intendentur
423 2747 566 2828 decime,
596 2754 630 2812 et
658 2755 746 2812 terra
775 2748 845 2811 sine
875 2753 987 2810 nostro
1017 2747 1227 2832 beneplacito
1256 2749 1444 2813 nullatenus
1467 2746 1638 2811 dividatur.
1684 2743 1842 2808 Preterea

191 2851 364 2937 episcopos
387 2858 558 2916 assecutos
588 2851 653 2915 iam
684 2851 795 2930 sedes,
826 2871 962 2935 quorum
986 2849 1129 2914 ecclesie
1162 2857 1238 2914 sunt
1268 2849 1394 2931 dotata,
1425 2851 1543 2915 fratres
1573 2868 1701 2934 quoque
1723 2843 1840 2909 militie

192 2953 333 3035 Christi,
357 2956 544 3020 obtinentes
568 2955 796 3041 possessiones
821 2961 854 3018 et
877 2959 1001 3040 castra,
1025 2960 1058 3017 et
1082 2955 1171 3018 cives
1196 2954 1376 3039 Rigcnses,
1400 2977 1473 3019 cum
1495 2954 1639 3018 habeant
1662 2949 1839 3026 civitatem,

114 3071 125 3107 ²
191 3079 320 3122 necnon
347 3060 537 3146 neophitos,
575 3059 631 3145 qui
658 3080 718 3144 per
744 3057 912 3121 munimen
941 3065 1122 3121 castrorum
1151 3057 1293 3142 aliquam
1327 3059 1463 3122 tutelam
1498 3057 1621 3121 habere
1649 3058 1840 3130 noscuntur,

191 3183 325 3228 moneas
349 3162 526 3248 diligenter
552 3171 586 3227 et
616 3161 768 3240 inducas,
798 3167 833 3225 ut
861 3181 935 3224 cum
966 3160 1214 3246 peregrinorum
1238 3161 1361 3226 auxilio
1386 3161 1427 3225 ad
1450 3159 1617 3225 iaciendas
1640 3157 1838 3222 munitiones

191 3289 249 3355 pro
281 3266 446 3352 neophitis
473 3267 610 3353 paganis
641 3266 801 3351 expositis
829 3272 863 3329 ct
894 3263 936 3328 ad
963 3262 1160 3328 ordinandas
1189 3264 1284 3329 sedes
1316 3265 1479 3351 episcopis
1509 3261 1615 3326 adhue
1645 3258 1840 3345 vagantibus

191 3369 363 3434 intendant
393 3369 533 3434 fideliter
562 3376 595 3433 et
622 3365 749 3435 devote.
794 3368 877 3432 Cum
906 3373 1017 3431 autern
1047 3368 1149 3431 multa
1172 3370 1354 3433 necessitas
1378 3367 1506 3451 exigat,
1537 3373 1574 3430 ut
1596 3365 1673 3430 illuc
1696 3361 1841 3426 fidelium

193 3473 374 3539 subsidium
401 3473 656 3552 transmittatur,
691 3479 724 3536 ct
756 3472 890 3556 dignum
921 3472 978 3548 sit,
1012 3477 1049 3534 ut
1081 3472 1114 3535 in
1147 3479 1238 3536 tanto
1268 3472 1400 3556 negotio
1430 3471 1618 3535 laborantes
1645 3465 1758 3531 debita
1782 3483 1842 3548 pro

195 3578 307 3642 labore
332 3576 497 3662 stipendia
520 3582 774 3660 consequantur,
802 3582 838 3639 ut
865 3575 1022 3639 libentius
1053 3575 1160 3640 securi
1184 3575 1225 3640 de
1248 3575 1464 3639 retributione
1487 3571 1683 3659 procedant,
1716 3588 1776 3632 nos
1801 3564 1842 3629 de

195 3681 427 3766 omnipotentis
444 3679 508 3744 Dei
531 3679 756 3744 misericordia
779 3685 812 3743 et
833 3679 1004 3743 beatorum
1027 3679 1120 3744 Petri
1140 3686 1173 3744 et
1189 3679 1283 3743 Pauli
1306 3677 1531 3764 apostolorum
1555 3673 1627 3738 eius
1650 3670 1842 3736 auctoritate

195 3784 325 3865 confisi,
356 3789 422 3847 tarn
451 3784 686 3868 crucesignatis
716 3803 813 3867 quarn
843 3781 1012 3868 signandis
1042 3782 1083 3846 ad
1111 3781 1172 3847 hcc
1202 3783 1235 3846 in
1264 3782 1432 3867 provincia
1456 3786 1489 3845 et
1511 3776 1698 3844 diceesibus
1728 3794 1843 3860 supra·

194 3887 305 3967 dictis,
335 3890 389 3974 qui
424 3886 569 3951 laborem
599 3889 698 3951 istum
729 3887 761 3950 in
787 3887 927 3973 propriis
956 3887 1107 3972 personis
1137 3885 1297 3950 subierint
1325 3893 1359 3950 et
1388 3883 1557 3971 expensis,
1587 3886 1621 3945 et
1649 3880 1697 3944 eis
1725 3878 1781 3962 qui
1810 3877 1844 3940 in

76 4071 80 4074 ,
196 3991 312 4056 alienis
337 3991 492 4077 expensis
520 3990 597 4053 illue
625 3989 840 4069 accesserint,
868 3988 992 4054 ibidem
1019 3988 1059 4053 ad
1087 3990 1195 4053 minus
1226 4010 1285 4074 per
1313 3987 1409 4052 unius
1438 3987 1516 4051 anni
1539 3983 1680 4070 spatium
1702 3981 1845 4045 Domino

120 4109 124 4120 '
198 4095 366 4172 servituri,
393 4115 453 4158 seu
483 4093 548 4156 illis
572 4093 627 4177 qui
650 4091 691 4156 ad
714 4093 964 4157 subventionem
989 4092 1208 4177 predictorum
1237 4091 1384 4156 fidelium
1407 4089 1448 4154 de
1471 4088 1611 4175 propriis
1634 4085 1845 4150 facultatibus

197 4198 443 4278 ministrabunt,
476 4196 566 4261 illam
602 4197 829 4261 remissionem
861 4196 1086 4282 peccaminum
1113 4195 1333 4280 indulgemus,
1370 4215 1433 4279 que
1467 4190 1659 4257 conceditur
1691 4187 1846 4275 predictis

196 4303 301 4367 modis
325 4300 594 4366 subvenientibus
618 4299 720 4365 Terre
744 4299 875 4366 Sancte.

304 4423 381 4487 Dat.
404 4421 556 4502 Viterbii,
580 4421 664 4485 Xllb
686 4421 761 4488 Kal.
784 4421 906 4502 Martii,
929 4442 1014 4486 anno
1038 4420 1098 4486 IX.

818 4677 1214 4686 ———-—-——--——.-
1218 4677 1227 4683 .-

981 4922 1069 4996 672.

308 5055 499 5170 Gregorius
519 5083 574 5149 IX
593 5103 679 5164 papa
701 5083 867 5147 hadewico
889 5080 947 5146 IX
966 5082 1033 5164 rapi
1054 5081 1215 5146 Frarrcs'ac
1237 5079 1373 5161 aspersit,
1395 5076 1531 5158 qualiter
1551 5075 1762 5157 progenitores
1783 5074 1851 5138 ctus

200 5198 230 5258 ct
254 5193 441 5274 praesertim
468 5188 601 5256 Carolus
623 5187 765 5269 Magnus
792 5185 964 5264 celocem,
995 5207 1017 5249 a
1043 5206 1107 5266 qua
1135 5205 1254 5248 curnem
1281 5186 1460 5264 potestatem
1482 5181 1668 5261 deremitat,
1697 5178 1851 5242 bonorare

203 5297 374 5378 cupierint,
402 5293 484 5358 ande
505 5312 574 5356 cum
596 5294 698 5373 repat,
722 5294 758 5354 at
779 5311 884 5354 coram
906 5290 1036 5370 vcstrpto
1061 5308 1191 5370 sequere
1217 5292 1383 5364 statutum,
1410 5305 1470 5367 quc
1495 5283 1633 5346 bacinos
1659 5281 1742 5345 iuris
1768 5280 1853 5364 repis

303 5461 424 5480 ...fl-...1-
437 5471 506 5476 -,.-...-
523 5471 539 5476 .-
556 5471 571 5474 -
589 5469 860 5475 ----..—-..--.-.
875 5467 1128 5473 -.—.-.«—..--..-
1153 5459 1230 5471 --4-
1240 5464 1348 5469 ——--..
1371 5461 1544 5468 ...-—...-..-

307 5589 330 5657 ¹)
347 5592 364 5642 i.
384 5607 405 5642 e.
423 5589 604 5656 ampliandum.
686 5584 710 5653 a)
729 5587 779 5638 llll
798 5585 884 5655 Rapa.
903 5605 928 5636 o.
948 5588 1025 5648 1236,
1043 5585 1059 5648 §
1078 5589 1127 5644 or,-
1154 5583 1199 5634 κά
1216 5583 1291 5633 aioni
1314 5582 1499 5650 Tur-perreriae,
1520 5579 1595 5631 Brut.
1614 5578 1720 5630 Moram.
1740 5585 1756 5628 t.
1775 5575 1800 5641 1,
1817 5579 1854 5627 38

202 5679 260 5746 legit
276 5681 304 5730 in
323 5678 384 5745 Iley.
402 5677 458 5728 XV.
