4494 6426
713 377 913 436 samsonem
930 379 1120 440 SELEOTAE.
1156 387 1231 444 1218.
1758 397 1795 460 61

145 549 205 616 filii
228 552 375 638 magistri
398 549 535 617 Oliverii
559 553 721 617 scolastici
746 553 964 636 Coloniensis,
987 558 1202 643 predicatoris
1227 562 1332 626 crucis
1345 563 1366 642 ¹,
1390 563 1431 627 ab
1455 568 1800 633 excommunicationis

146 655 294 736 vinculo,
325 676 389 740 quo
420 663 490 720 erat
514 655 704 736 adstrictus,
739 657 940 741 absolveret,
978 666 1012 724 tu
1040 662 1074 724 in
1103 684 1178 726 eum
1205 671 1339 750 propter
1367 666 1428 732 hoc
1456 673 1800 736 excommunicationis

149 761 346 825 sententiam
369 760 584 846 promulgasti
607 759 758 844 diligenti
782 761 1017 843 sollicitudine,
1046 786 1111 829 non
1140 767 1314 832 attendens
1338 769 1424 853 quod
1447 770 1493 835 hii
1516 774 1571 857 qui
1592 775 1663 858 regi
1685 796 1800 860 regum

148 862 291 928 Domino
314 864 347 927 in
370 871 436 926 tam
458 864 589 948 urgenti
612 864 745 948 negotio
770 866 1017 946 succurrebant,
1049 868 1248 954 impediendi
1276 892 1341 935 non
1365 881 1474 954 erant,
1504 875 1563 939 scd
1590 878 1699 963 potius
1723 900 1800 943 con-

148 965 301 1030 fortandi.
367 965 450 1030 Cum
485 967 583 1052 igitur
617 967 816 1032 venerabilis
846 967 947 1033 frater
977 977 1090 1035 noster
1123 973 1405 1040 Ierosolimitanus
1438 979 1645 1063 patriarcha²
1679 980 1801 1047 dictum

149 1070 304 1134 abbatem
328 1071 369 1134 ab
392 1069 578 1135 huiusmodi
608 1071 770 1135 sententia
798 1071 930 1137 duxerit
957 1073 1212 1154 absolvendum,
1245 1099 1304 1142 nos
1334 1079 1573 1147 absolutionem
1600 1084 1671 1148 eius
1698 1091 1800 1150 ratam

149 1175 328 1254 habentes,
359 1175 466 1260 ipsum
496 1173 538 1238 ad
569 1181 602 1238 te
631 1175 827 1239 remittimus
855 1175 1055 1258 absolutum,
1090 1180 1283 1246 mandantes
1314 1185 1466 1267 quatinus
1494 1206 1569 1249 eum
1596 1208 1655 1272 pro
1677 1187 1740 1251 Dei
1768 1193 1802 1251 et

150 1278 331 1364 apostolice
356 1277 443 1341 sedis
467 1285 501 1343 et
522 1287 633 1343 nostra
657 1280 842 1344 reverentia
864 1280 1006 1365 benigne
1030 1284 1170 1370 recipias
1194 1293 1228 1349 et
1250 1285 1374 1351 habeas
1399 1287 1671 1356 commendatum.

258 1380 333 1446 Dat.
356 1383 509 1448 Lateran.
532 1383 566 1446 ΙΙ
589 1383 700 1448 Nonas
723 1383 928 1464 Decembris,
953 1387 1160 1470 pontificatus
1186 1390 1290 1453 nostri
1314 1411 1398 1454 anno
1422 1391 1529 1458 tertio.

940 1855 1001 1927 89.

261 1966 541 2059 Honoratam
564 2013 651 2074 popa
677 1993 858 2078 [Cononis]
883 1994 1005 2058 obbatis
1027 1994 1201 2059 Fuldcrasis
1228 2015 1321 2059 carae
1346 1994 1546 2059 Elcwcccase
1574 1997 1804 2074 mecastoriam,

148 2100 201 2162 cui
228 2097 286 2160 diu
315 2097 518 2162 merdabditcr
542 2096 741 2177 praeficeret,
775 2117 872 2178 usquc
898 2098 943 2160 cd
969 2098 1142 2161 triennium
1169 2099 1341 2173 courmltttt,
1371 2101 1406 2159 ut
1433 2098 1586 2174 vilelicet,
1614 2099 1803 2162 Futdcrrsem

149 2201 309 2264 ecclesiam
329 2201 491 2280 propriam
513 2198 637 2274 habena,
660 2199 889 2264 Etcwaccerscm
911 2198 1025 2264 babeat
1047 2200 1298 2266 ccneotcadatem.
1469 2203 1563 2278 1218,
1585 2199 1661 2269 Dec.
1684 2203 1715 2266 9.

254 2320 328 2373 uos.
347 2321 401 2371 111
416 2318 483 2386 κιρ.
508 2318 564 2372 νοι.
583 2321 624 2382 rr,
644 2322 680 2372 35
686 2338 697 2386 ;
716 2319 777 2372 lae.
796 2321 855 2383 ΠΙ,
875 2323 936 2372 165.

745 2568 753 2584 .
785 2565 792 2579 .
821 2512 974 2585 abbati
1001 2462 1210 2586 Wldensi.

258 2659 448 2725 Gaudemus
471 2661 505 2723 in
527 2658 667 2724 Domino
691 2667 725 2724 et
754 2667 843 2724 tuam
870 2662 904 2725 in
931 2681 970 2726 eo
999 2663 1192 2746 religionem
1221 2683 1259 2726 ac
1286 2660 1493 2748 prudentiam
1523 2661 1798 2740 commendamus,

150 2764 238 2851 quod
261 2766 308 2830 sic
332 2785 470 2829 exerces
494 2762 638 2827 officium
661 2765 835 2849 pastorale,
859 2771 895 2828 ut
918 2771 951 2829 et
966 2763 1126 2829 Wldense
1150 2765 1384 2829 monasterium
1408 2764 1570 2830 obtaverit
1593 2772 1625 2829 te
1648 2767 1680 2829 in
1704 2785 1798 2830 suum

150 2875 315 2956 pastorem
338 2888 523 2947 assumere,
556 2875 589 2932 et
612 2866 843 2947 Elewacense,
875 2869 927 2932 cui
958 2868 1014 2932 diu
1035 2868 1244 2933 laudabiliter
1266 2868 1432 2954 prefuisti,
1462 2875 1495 2934 te
1519 2869 1629 2954 cupiat
1651 2868 1803 2933 retinere.

151 2971 238 3036 Sane
267 2978 334 3035 tam
362 2970 529 3034 karissimi
558 2971 591 3033 in
620 2969 752 3034 Christo
781 2971 839 3034 filii
868 2971 972 3034 nostri
993 2970 1171 3050 Friderici,
1198 2972 1334 3035 illustris
1363 2973 1451 3056 regis
1482 2972 1594 3036 Sicilie
1626 2971 1659 3034 in
1687 2970 1807 3034 Roma·

151 3096 266 3140 norum
293 3074 524 3158 imperatorem
553 3074 668 3147 electi,
700 3094 797 3157 quam
829 3080 1008 3152 conventus
1037 3073 1142 3159 ipsius
1173 3073 1396 3138 Elewacensis
1431 3075 1571 3140 ecclesie
1600 3095 1638 3138 ae
1667 3074 1807 3161 plurium

151 3178 290 3242 aliorum
321 3198 436 3263 preces
467 3176 667 3262 recepimus,
702 3183 738 3239 ut
767 3197 839 3240 cum
874 3176 1002 3261 prelato
1035 3176 1182 3241 Wldensi
1213 3179 1427 3259 monasterio,
1462 3177 1547 3263 quod
1581 3178 1808 3264 multipliciter

151 3283 279 3366 lapsum
302 3302 361 3366 per
384 3277 636 3344 sollicitudinem
659 3286 747 3342 tuam
769 3300 867 3364 posse
891 3301 1062 3364 resurgere
1087 3281 1297 3366 sperabatur,
1327 3287 1358 3346 te
1382 3282 1415 3344 in
1439 3281 1593 3346 abbatem
1616 3279 1806 3344 duxerimus

151 3383 414 3464 concedendum,
446 3381 635 3446 iamdictam
669 3382 902 3446 monasterium
932 3381 1167 3462 Elewacensc,
1203 3383 1289 3468 quod
1324 3405 1367 3448 ex
1399 3384 1550 3448 absentia
1583 3390 1640 3447 tua
1674 3383 1808 3446 timetur

152 3488 296 3574 graviter
329 3487 563 3572 collapsurum,
606 3483 818 3549 sollicitudini
857 3493 913 3550 tue
958 3486 1066 3550 saltim
1105 3485 1147 3549 ad
1186 3495 1314 3572 tempus
1350 3487 1555 3553 committere
1589 3486 1808 3572 dignaremur.

150 3591 311 3657 Volentes
334 3591 433 3676 igitur
456 3589 540 3674 quod
565 3610 623 3675 pro
646 3589 857 3653 ecclesiarum
882 3595 969 3653 statu
993 3591 1115 3674 potitur
1136 3591 1360 3655 favorabiliter
1380 3589 1576 3676 adimplere,
1606 3587 1809 3674 sepedictum

86 3737 98 3772 s
152 3695 366 3761 Elewaeense
400 3693 633 3758 monasterium
666 3713 770 3777 usquc
809 3692 849 3756 ad
884 3694 1058 3756 triennium
1098 3694 1328 3758 committimus
1364 3715 1440 3758 cure
1481 3699 1550 3770 tue,
1588 3699 1626 3757 ut
1658 3691 1811 3756 videlicet

151 3799 278 3864 habens
293 3797 488 3863 Wldensem
512 3796 686 3862 eeclesiam
707 3796 880 3880 propriam,
903 3794 1152 3861 Elewaccnsem
1174 3796 1297 3861 habeas
1323 3796 1592 3876 commendatam,
1616 3796 1810 3880 religionem

152 3911 243 3968 tuem
281 3902 497 3967 sollicitantes
533 3907 566 3964 et
599 3899 768 3963 hortantes
801 3905 925 3964 attente
968 3921 1005 3964 ac
1043 3922 1103 3986 per
1136 3901 1319 3986 apostolica
1354 3901 1413 3964 tibi
1447 3899 1569 3984 scripta
1606 3896 1810 3978 mandantes,

152 4007 305 4094 quatinus
334 4005 380 4069 sic
407 4003 584 4090 vigilanter
614 4023 710 4087 geras
741 4001 995 4066 sollicitudinem
1023 4004 1211 4088 utriusque,
1244 4002 1329 4087 quod
1364 4001 1479 4067 eedem
1512 4002 1573 4066 sub
1603 4006 1658 4064 tue
1690 4000 1809 4086 guber·

151 4111 287 4176 natione
313 4107 492 4193 respirent,
524 4112 624 4190 tuque
647 4125 706 4190 per
729 4104 790 4168 hoc
814 4125 962 4170 crescere
987 4106 1097 4170 valcas
1127 4115 1160 4170 ot
1187 4107 1318 4170 nomine
1347 4103 1432 4191 apud
1455 4103 1604 4169 homines
1635 4109 1669 4169 et
1692 4102 1810 4166 merito

70 4252 98 4290 ῃ
152 4212 243 4301 apud
264 4211 382 4276 Deum.

262 4314 339 4380 Dat.
360 4314 513 4379 Lateran.
535 4313 567 4376 V
590 4311 668 4376 Idus
692 4311 898 4392 Decembris,
921 4311 1129 4397 pontificatus
1152 4311 1257 4375 nostri
1280 4332 1366 4375 anno
1388 4311 1496 4376 tertio.

263 4471 303 4535 In
326 4468 465 4536 eundem
487 4467 621 4534 modum
644 4468 803 4553 scriptum
826 4473 878 4534 est
901 4468 1076 4532 conventui
1097 4467 1314 4532 Elewacensi.

962 4941 1023 5014 83.

269 5053 456 5149 Honorem
478 5079 545 5146 ΙΙΙ
563 5101 654 5162 popu
675 5079 875 5165 [Hurtwtco]
903 5080 1042 5161 episcopo
1064 5079 1234 5144 Eistctcaci
1256 5077 1399 5156 mandat,
1429 5081 1465 5140 at
1486 5075 1637 5141 decanam
1663 5079 1693 5140 ct
1712 5073 1815 5139 arett-

154 5185 323 5250 diaconam
344 5189 374 5250 et
388 5186 511 5267 ulmeos
526 5184 690 5248 canonicos
703 5184 845 5248 ecclcsiae
862 5183 1042 5264 Praecessit,
1064 5183 1119 5264 qai
1134 5181 1334 5246 interdictum
1356 5182 1392 5244 in
1413 5201 1450 5245 ea
1461 5180 1598 5260 positum
1611 5177 1815 5254 violaverant,

73 5325 100 5362 a
155 5291 260 5372 efficto
283 5289 495 5370 beneficiisque
514 5289 655 5369 privatos
677 5287 863 5351 denuntiari
881 5289 1035 5366 procuret.
1463 5282 1555 5360 1218,
1576 5279 1651 5345 Dec.
1677 5283 1727 5346 14.

263 5409 336 5462 Hos.
355 5407 412 5462 111
429 5407 496 5476 Rea.
521 5407 577 5461 Vol.
597 5407 642 5475 II,
662 5405 955 5470 36;Lib.111‚166.

264 5493 400 5556 Potttost,
420 5492 490 5563 Bcp.
510 5496 592 5548 5939.

702 5620 811 5626 -—-..
818 5619 904 5625 -.--
1080 5616 1268 5624 ffl-

266 5703 291 5766 1)
309 5699 342 5752 de
360 5699 479 5754 oliverio
497 5701 533 5768 cf.
552 5703 608 5752 tuns
627 5699 684 5752 olio
702 5701 759 5752 tum
779 5700 877 5751 Glires.
896 5715 952 5770 rep.
974 5697 1028 5750 Col.
1047 5713 1074 5764 p.
1093 5701 1154 5758 :tt-5,
1176 5699 1236 5756 aren,
1257 5699 1317 5746 tir.
1389 5694 1416 5760 2)
1437 5689 1591 5760 liudulfus.

670 5789 687 5822 ss
