4576 6390
711 439 714 442 ¹
776 319 976 424 nrrsroms
993 369 1182 428 sarreria.
1218 373 1294 428 aas.
1614 439 1619 447 ,
1800 381 1859 446 rer

211 535 244 603 in
267 538 340 625 ipsa
363 538 504 605 ecclesia
525 553 683 628 usurpare
713 550 897 628 presumat,
930 552 981 610 set
1012 546 1097 610 sicut
1126 547 1241 611 eadem
1271 549 1411 616 ecelesia
1440 556 1566 614 tanturn
1594 552 1860 618 antecessoribus

210 644 349 724 nostris,
381 645 426 709 ita
453 667 581 731 quoque
608 646 702 710 nobis
732 654 765 712 et
795 649 1042 713 successoribus
1066 651 1185 714 nostris
1210 652 1252 714 sit
1276 651 1432 716 subiecta.
1478 653 1708 720 Correctiones
1732 677 1861 741 quoque

213 746 386 832 discipline
421 749 581 833 regularis
615 756 648 813 et
680 771 805 814 morum
838 751 1087 816 reformationes
1117 753 1295 818 eorundem
1323 756 1566 837 canonicomm,
1602 779 1665 843 que
1696 759 1782 823 vires
1813 759 1863 824 sui

213 851 373 936 prepositi
396 852 616 930 excesserint,
641 853 733 917 iuxta
755 855 922 939 antiquam
946 861 979 919 et
1001 855 1160 920 hactenus
1184 857 1392 921 observatam
1415 859 1686 925 consuetudinem
1709 869 1742 926 et
1764 861 1863 928 Late·

215 954 363 1017 renensis
388 960 509 1018 statuta
533 956 663 1019 concilii
684 978 743 1042 per
765 978 825 1021 nos
850 966 883 1022 et
907 980 1117 1023 successores
1134 967 1264 1024 nostros
1287 961 1377 1024 nullo
1399 963 1530 1047 penitus
1553 964 1725 1030 interiecto
1749 966 1863 1051 appel-

211 1058 342 1121 lationis
378 1058 549 1122 obstaculo
587 1051 799 1144 corrigantur.
853 1061 1083 1127 Collaudamus
1114 1084 1192 1147 ergo
1229 1070 1263 1127 et
1299 1065 1544 1146 confirmamus,
1579 1074 1616 1130 ut
1649 1067 1755 1132 dictus
1784 1067 1862 1131 ordo

212 1161 441 1224 canonicorum
473 1162 689 1246 regularium,
723 1165 777 1247 qui
794 1161 985 1228 'secundnm
1008 1165 1072 1229 Dei
1101 1167 1251 1230 timorem
1279 1174 1312 1231 et
1339 1166 1428 1231 beati
1451 1169 1628 1252 Augustini
1656 1171 1801 1255 regulam
1830 1171 1864 1233 in

212 1262 364 1328 iamdicta
393 1265 534 1328 ecclesia
556 1264 737 1329 dinoscitur
759 1267 944 1348 institutus,
976 1271 1146 1355 perpetuis
1178 1269 1300 1334 ibidem
1324 1271 1527 1356 temporibus
1551 1272 1783 1338 inviolabiliter
1805 1272 1863 1336 ob-

213 1374 371 1431 servetur.
418 1368 655 1433 Possessiones
679 1391 757 1434 vero
781 1376 815 1434 et
839 1372 934 1452 bona,
960 1394 1024 1457 que
1048 1372 1164 1437 eadem
1188 1374 1329 1437 ecclesia
1352 1380 1485 1439 auctore
1509 1374 1581 1439 Deo
1605 1374 1762 1460 possidet,
1786 1396 1864 1439 eon-

212 1470 380 1535 firmamus
403 1470 520 1550 eidem,
544 1472 577 1534 in
601 1473 719 1557 quibus
743 1474 803 1538 hec
827 1477 967 1560 propriis
991 1477 1159 1540 vocabulis
1182 1476 1335 1540 duximus
1359 1476 1585 1563 exprimenda:
1617 1480 1724 1542 locum
1748 1479 1864 1564 ipsum,

211 1574 244 1638 in
269 1595 331 1659 quo
355 1574 483 1660 prefata
506 1576 647 1639 ecclesia
670 1577 733 1639 sita
755 1583 815 1654 est,
838 1577 1048 1643 medietatem
1065 1579 1220 1642 videlicet
1241 1579 1333 1643 urbis
1350 1578 1594 1660 Brandeuburc,
1618 1603 1691 1645 curn
1714 1581 1865 1645 omnibus

213 1678 280 1741 suis
302 1676 524 1762 pertinentiis,
553 1679 646 1762 aquis
678 1680 805 1743 scilicet
833 1700 1055 1765 aquarumque
1082 1681 1292 1762 decursibus,
1323 1683 1466 1746 exitibus
1490 1690 1524 1747 et
1547 1683 1722 1760 reditibus3
1754 1705 1865 1749 curam

213 1781 312 1843 etiarn
335 1780 515 1843 animarum
540 1783 640 1844 totins
663 1782 754 1845 urbis
777 1781 1099 1868 Brandeburgensis,
1130 1806 1192 1869 que
1221 1784 1328 1848 eidem
1357 1786 1483 1848 ratione
1515 1786 1603 1850 sedis
1627 1787 1867 1852 cathedralisa

213 1883 298 1947 bone
323 1885 480 1948 memorie
494 1883 662 1951 Wibnar.⁸
684 1886 787 1971 ipsius
811 1886 952 1950 ecclesie
971 1887 1126 1972 episcopo
1151 1895 1203 1951 est
1226 1888 1355 1967 collata,
1379 1895 1414 1952 ut
1437 1889 1478 1952 ab
1501 1891 1605 1975 ipsius
1622 1890 1866 1955 successoribus

214 2007 317 2071 usque
341 1985 382 2049 ad
406 1994 516 2051 nostru
542 1995 690 2074 tempora
714 1997 765 2054 est
789 1990 994 2064 confirmata;
1018 1992 1194 2056 ecclesiam
1217 2013 1345 2076 quoque
1369 1993 1459 2056 beati
1481 1992 1666 2058 Bodeardib
1689 1995 1722 2058 in
1743 1994 1866 2059 forensi

212 2088 289 2152 villa
311 2088 463 2153 Pardwin
487 2112 560 2154 cunr
583 2090 659 2155 dote
683 2113 758 2172 sua,
788 2093 820 2155 in
844 2115 908 2178 qua
938 2094 1089 2178 primitus
1112 2092 1211 2158 iidem
1235 2095 1384 2158 canonici
1407 2117 1426 2158 a
1448 2096 1502 2181 pie
1526 2097 1682 2161 memorie
1704 2097 1866 2183 Wiggero

211 2190 501 2276 Brandeburgensi
526 2194 682 2279 episcopo
706 2194 835 2259 lucrant
859 2197 1015 2274 instituti,
1045 2218 1065 2259 a
1093 2217 1156 2280 qua
1179 2197 1388 2282 postmodum
1410 2219 1470 2283 per
1493 2206 1606 2263 sancte
1630 2200 1866 2265 recordationis

211 2294 429 2358 Wilinarumc
461 2295 546 2360 dicto
586 2298 726 2361 ecclesie
759 2299 949 2386 episcopum
982 2300 1014 2363 in
1046 2299 1161 2363 urbem
1192 2299 1521 2385 Brandeburgensem
1556 2310 1631 2367 sunt
1665 2304 1866 2390 transpositi,

212 2397 317 2483 ipsam
351 2398 483 2482 inquam
519 2401 694 2464 ecclesiam
729 2405 833 2467 sancti
866 2403 1032 2468 Godeardi
1068 2425 1141 2468 cum
1176 2411 1245 2468 tota
1277 2405 1449 2490 parrochia
1481 2406 1584 2491 ipsius
1614 2408 1692 2472 ville
1721 2415 1754 2472 et
1782 2429 1866 2472 noro

214 2508 313 2587 ponte
345 2508 412 2566 toto
446 2509 479 2567 et
512 2503 689 2568 medietate
718 2507 852 2590 antiqui
872 2507 981 2592 pontis
1012 2506 1160 2570 eiusdem
1187 2508 1358 2592 parrochie
1389 2507 1617 2574 adiacentibus
1649 2531 1711 2575 nec
1739 2533 1803 2576 non
1834 2520 1868 2577 et

212 2605 341 2669 tertiam
378 2613 504 2690 partem
539 2604 740 2671 decimarum
784 2610 887 2694 ipsius
924 2610 1000 2673 ville
1035 2618 1101 2672 tam
1137 2609 1267 2694 frugum
1306 2631 1403 2694 quam
1441 2613 1629 2676 animalium
1664 2620 1698 2678 et
1730 2615 1868 2678 aliarum

212 2729 331 2786 rerum,
355 2709 447 2773 iuxta
470 2708 556 2792 quod
579 2710 803 2795 parrochiales
828 2713 969 2776 ecclesie
993 2734 1052 2798 per
1075 2725 1220 2776 nostram
1243 2712 1402 2776 diocesim
1425 2715 1596 2800 percipere
1613 2725 1867 2792 consueverunt3

213 2811 387 2875 ecclesiam
417 2813 515 2877 etiam
544 2819 656 2876 sancte
679 2813 782 2877 Maria
815 2815 848 2877 in
877 2823 1005 2896 monte,
1037 2817 1091 2900 qui
1114 2814 1365 2899 Harlugeberch
1388 2816 1523 2898 dicitur,
1554 2838 1627 2882 cum
1655 2821 1753 2883 tertia
1774 2826 1867 2906 parte

213 2913 411 2978 decimarum
440 2937 483 2979 ex
514 2914 740 2980 adiacentibus
769 2917 894 2998 vineis,
924 2926 958 2982 et
989 2919 1163 2983 ecclesiam
1190 2920 1295 2984 sancti
1326 2919 1456 2983 Nicolai
1486 2921 1520 2983 iu
1545 2920 1762 3009 Luclreberge
1794 2945 1867 2988 cum

214 3016 290 3082 dote
314 3040 372 3082 sua
395 3025 429 3082 et
451 3040 516 3083 uno
531 3039 644 3082 manso
669 3028 702 3083 et
725 3022 822 3084 tertia
844 3027 937 3106 parte
954 3021 1152 3087 decimarum
1175 3023 1278 3108 ipsius
1296 3023 1373 3086 ville
1397 3022 1437 3086 ad
1461 3023 1641 3109 predictam
1663 3026 1868 3112 parrochiam

213 3121 247 3184 in
270 3121 421 3185 Pardwin
444 3122 701 3206 pertinentibus,
730 3131 763 3188 et
794 3125 821 3187 si
846 3146 908 3209 que
932 3126 995 3190 alie
1020 3127 1160 3191 ecclesie
1189 3126 1273 3190 infra
1305 3126 1441 3191 eandem
1464 3130 1669 3213 parrochiam
1692 3130 1813 3194 fuerint
1836 3131 1869 3194 in

213 3233 383 3312 posterum
417 3226 581 3302 edificate;
613 3249 674 3291 sex
703 3249 833 3313 quoquc
868 3250 1017 3294 areamm
1052 3231 1169 3294 sundos
1203 3232 1237 3295 in
1270 3232 1343 3317 ipsa
1374 3232 1452 3295 villa
1480 3232 1631 3296 Pardwin
1665 3254 1684 3297 a
1715 3231 1868 3296 fidelibus

214 3329 352 3409 oblatos,
376 3329 537 3415 hospitale
562 3331 660 3393 ctiam
677 3353 859 3417 pauperum
883 3335 915 3397 in
940 3334 1093 3399 iamdicta
1115 3336 1193 3399 villa
1208 3335 1360 3400 Pardwin
1384 3335 1477 3398 iuxta
1498 3343 1632 3422 pontem
1655 3335 1695 3400 de
1713 3335 1868 3400 Oracowe

214 3433 312 3498 situm
337 3454 409 3496 cum
434 3434 513 3496 ortis
536 3441 570 3497 et
593 3434 742 3498 omnibus
766 3436 832 3500 suis
856 3438 1054 3516 attinentiis,
1078 3440 1174 3503 cultis
1198 3446 1231 3504 et
1254 3439 1401 3512 incultis;
1431 3445 1499 3502 tres
1526 3461 1654 3525 quoque
1677 3461 1772 3504 areas
1795 3461 1868 3503 cum

215 3537 295 3600 ortis
319 3537 386 3600 suis
410 3543 443 3600 et
465 3536 620 3622 pomariis
643 3537 676 3600 in
692 3539 770 3601 villa
786 3539 957 3614 Cracowe;
982 3540 1063 3604 duas
1088 3542 1222 3627 insuper
1245 3543 1388 3620 lacunas,
1412 3562 1510 3605 unam
1532 3543 1566 3605 in
1590 3543 1750 3627 superiori
1773 3548 1867 3628 parte

214 3639 303 3703 urbis
330 3638 564 3704 Brandeburch
597 3647 630 3704 et
659 3641 756 3704 aliam
786 3642 878 3704 iuxta
908 3643 1070 3729 hospitale
1102 3646 1199 3719 sitas;
1234 3653 1364 3709 centum
1398 3647 1498 3710 etiam
1531 3666 1661 3710 mansos
1696 3647 1729 3709 in
1757 3644 1870 3709 Zucha

215 3744 311 3822 sitos,
342 3764 423 3828 quos
450 3742 535 3807 bone
559 3745 715 3808 memorie
740 3744 817 3808 Otto
847 3747 957 3810 senior
979 3747 1125 3812 marchio
1148 3749 1455 3834 Brandeburgensis
1479 3770 1537 3836 pro
1560 3749 1731 3813 animabus
1754 3749 1868 3833 patris,

214 3845 327 3909 matris
352 3853 385 3910 et
410 3847 524 3910 uxoris
555 3868 613 3912 sue
637 3847 776 3912 Iudethe
800 3849 1055 3931 marchionisse,
1087 3873 1199 3915 corum
1228 3852 1303 3917 filiis
1327 3853 1448 3918 Ottone
1473 3858 1506 3918 et
1528 3852 1674 3917 Henrico
1703 3852 1868 3916 consenti-

217 3949 364 4029 entibus,
395 3948 435 4014 de
459 3951 654 4036 patrimonio
679 3973 738 4015 suo
762 3950 880 4016 obtulit
902 3953 1071 4039 sepedicte
1096 3955 1253 4033 ecclesie,
1285 3977 1358 4020 cum
1382 3956 1533 4020 omnibus
1557 3956 1765 4042 pertinentiis
1789 3955 1869 4035 suis,

218 4053 314 4116 cultis
338 4058 371 4117 et
394 4053 534 4133 incultis,
559 4054 762 4118 silvestribus
787 4063 820 4118 et
843 4056 1055 4141 palustribus,
1080 4059 1174 4142 aquis
1198 4079 1420 4144 aquarumque
1444 4059 1645 4140 decursibus,
1669 4046 1703 4124 et
1725 4059 1868 4144 quinque

215 4155 340 4220 modios
369 4156 500 4219 maioris
531 4176 682 4221 mensure
711 4158 789 4221 salis
820 4161 988 4222 annuatim
1016 4160 1252 4225 Brandeburch
1280 4162 1314 4224 in
1342 4160 1487 4226 thelonio
1518 4161 1742 4248 accipiendum
1774 4162 1869 4225 villas

215 4281 343 4344 quoque
368 4259 533 4338 Garzeliz,
559 4259 712 4338 Musclir,
744 4259 906 4341 Bukowe,
941 4262 1063 4342 Bultiz,
1092 4263 1160 4328 Kik
1189 4271 1223 4328 et
1246 4264 1357 4330 Gema
1388 4286 1462 4330 cum
1490 4264 1625 4330 decimis
1656 4272 1690 4330 et
1718 4263 1869 4328 omnibus

215 4363 423 4448 pertinentiis
458 4383 586 4442 aarum,
630 4363 724 4426 cultis
760 4370 793 4426 et
826 4365 974 4445 incultis,
1012 4367 1105 4450 aquis
1142 4388 1364 4454 aquarumque
1403 4365 1610 4448 decursibus,
1652 4368 1869 4449 silvestribus,

215 4466 415 4555 palustribus
447 4467 638 4551 cunctisque
671 4466 883 4548 utilitatibus,
918 4490 991 4532 cum
1019 4469 1147 4535 duobus
1178 4472 1314 4536 lacubus
1343 4473 1429 4536 inter
1460 4471 1570 4537 Gorne
1599 4461 1750 4536 et'Siloe
1782 4472 1868 4550 sitis;

220 4572 393 4636 ecclesiam
418 4571 516 4634 etiam
540 4569 573 4632 in
596 4569 818 4634 Verchiezere
850 4572 945 4635 sitam
977 4573 1010 4636 in
1039 4575 1203 4638 territorio
1227 4574 1403 4638 Pritzerwe
1427 4595 1500 4638 cum
1528 4573 1604 4639 dote
1632 4581 1666 4639 et
1692 4575 1779 4640 areis
1802 4575 1869 4638 suis

216 4683 249 4738 et
272 4673 398 4737 duobus
415 4673 537 4736 mansis
561 4679 595 4738 ot
618 4674 715 4737 tertia
737 4681 830 4760 parte
844 4657 1048 4740 ¹decimarum
1073 4679 1173 4741 totius
1189 4677 1282 4751 ville;
1306 4677 1417 4740 villam
1434 4678 1569 4764 insuper
1583 4677 1773 4742 Mertzaned
1796 4699 1869 4742 curu

216 4786 286 4842 tota
308 4776 435 4842 decima
459 4785 492 4842 et
522 4775 670 4841 omnibus
698 4778 907 4864 pertinentiis
936 4781 1019 4860 suis,
1051 4782 1272 4861 silvestribus,
1302 4781 1518 4867 palustribus,
1551 4781 1646 4845 cultis
1671 4788 1704 4845 et
1726 4781 1869 4861 incultis,

216 4883 406 4968 cunctisque
437 4879 649 4959 utilitatibus,
685 4886 719 4944 et
745 4882 920 4947 ecelesiam
950 4884 1099 4949 ciusdem
1126 4886 1202 4948 ville
1233 4905 1306 4948 cum
1336 4883 1412 4948 dote
1441 4905 1500 4948 sua
1528 4890 1561 4949 et
1589 4905 1655 4948 uno
1688 4905 1801 4947 manso
1829 4883 1870 4948 ad

218 4986 390 5050 ecclesiam
418 4986 451 5048 in
474 4983 695 5047 Verchiezere
723 4985 958 5069 pertinentem
993 4989 1088 5051 villae
1112 5007 1240 5072 quoque
1263 4986 1449 5068 Mulrzowe,
1484 4985 1680 5051 Tremmene
1704 4993 1737 5050 et
1759 4977 1869 5050 Thura

219 5111 292 5153 cum
309 5087 444 5152 decimis
468 5093 501 5150 et
517 5081 669 5150 omnibus
685 5086 884 5172 appenditiis
903 5111 1025 5170 earum,
1050 5091 1146 5155 cultis
1164 5096 1197 5154 et
1212 5090 1353 5169 incultis,
1378 5088 1585 5153 silvestribus
1602 5095 1635 5152 et
1650 5088 1869 5174 palustribus;

194 5185 392 5258 ‘ecclesiam
415 5191 514 5254 etiam
537 5191 570 5254 in
594 5190 704 5255 Thura
729 5213 801 5254 cum
830 5191 906 5256 dote
936 5214 996 5257 sua
1019 5201 1053 5258 et
1082 5194 1179 5257 tertia
1208 5201 1300 5278 parte
1331 5192 1531 5256 decimarum
1559 5191 1599 5256 de
1623 5192 1709 5256 villis
1732 5191 1774 5254 ad
1797 5211 1870 5255 eam

216 5294 473 5382 pcrtinentibus;
503 5293 607 5374 Itzin,
636 5293 961 5380 Scedebauresdorp,
993 5302 1027 5360 et
1054 5302 1155 5360 totam
1179 5295 1340 5360 decimam
1362 5296 1513 5359 villarum
1536 5295 1647 5360 Orelin
1670 5301 1704 5358 et
1726 5292 1869 5358 Baures-

216 5401 306 5486 dorp,
331 5405 397 5462 tam
412 5398 541 5481 frugum
563 5419 661 5482 quarn
679 5399 885 5474 animalium
909 5400 1082 5463 ecclesiam
1105 5400 1139 5462 in
1154 5398 1249 5462 Goliz
1272 5420 1346 5463 cum
1369 5397 1446 5463 dote
1471 5419 1530 5463 sua
1553 5405 1587 5463 et
1602 5397 1729 5462 duobus
1747 5397 1870 5462 mansis

325 5656 348 5730 ¹)
366 5659 474 5714 Wibnai·
489 5660 535 5720 R.,·
553 5661 599 5728 lep.
618 5661 748 5712 Wilmaro.
832 5657 856 5726 ι)
875 5662 922 5728 leq.
941 5661 1105 5734 Godeardi5
1157 5661 1178 5725 ο)
1197 5661 1243 5728 lep.
1261 5661 1422 5712 Wilmarurn.
1504 5655 1527 5724 ἆ)
1544 5661 1659 5711 Mertsari
1673 5657 1705 5712 B.
