4604 6420
763 445 963 502 EPISTOLAE
982 448 1172 505 SELEC'I'AE.
1209 449 1285 501 1232.
1786 447 1848 511 393

197 626 299 671 onera
315 608 448 676 honoris
466 619 499 676 et
521 616 640 694 oneris,
663 618 745 681 alias
767 620 950 685 sacerdotio
967 629 1000 686 et
1021 624 1158 710 imperio
1176 621 1399 706 multiplieiter
1417 640 1564 684 onerosa.
1610 617 1691 702 Quis
1707 638 1849 702 unquam

197 731 282 774 nora
304 722 417 798 posset
441 717 625 784 temeritate
648 741 849 806 presumere,
879 726 970 789 utin
996 726 1128 810 negotio
1149 709 1235 802 lidei,
1258 723 1422 788 libertatis
1444 721 1682 794 ecclesiastice,
1706 721 1848 784 ecclesie

197 820 232 878 et
266 813 393 901 imperii
427 819 544 884 iurium
579 825 835 900 restauratione,
872 827 957 912 quod
992 827 1031 894 de
1065 829 1201 893 oonsilio
1238 835 1350 892 nostro
1385 833 1639 912 prosequeretur
1669 825 1848 911 imperialis

198 917 396 1000 sublimitas,
425 922 458 986 in
480 925 656 1011 principio,
685 927 793 993 medio
817 939 851 994 et
878 931 942 995 linc
965 932 1032 996 lilio
1056 940 1161 995 mater
1183 931 1316 996 deesset
1339 937 1396 994 aut
1418 931 1505 994 lilius
1530 928 1625 993 matri
1649 927 1848 993 deficeret?¹

197 1019 293 1084 Ratio
317 1042 381 1087 non
404 1027 535 1110 patitur,
558 1035 674 1094 natura
695 1032 856 1112 renititur,
879 1041 915 1098 ut
937 1035 1139 1101 individuum
1164 1036 1299 1121 recipiat
1322 1034 1512 1099 sectionem.
1557 1031 1712 1116 Alioquin
1735 1037 1849 1117 posset

196 1121 325 1202 inferri,
356 1126 442 1212 quod
465 1151 501 1195 se
525 1130 632 1216 ipsum
655 1142 767 1218 posset
790 1135 887 1201 homo
911 1139 1112 1223 relinquere,
1142 1144 1176 1202 et
1202 1136 1289 1201 idem
1317 1142 1407 1201 esset
1436 1134 1616 1200 secundum
1639 1132 1726 1199 idem
1749 1134 1847 1198 relin-

197 1244 300 1309 quens
323 1230 446 1314 pariter
474 1241 507 1297 et
535 1235 702 1316 relictum,
730 1259 833 1324 agene
862 1247 896 1305 et
924 1242 1053 1326 patiens
1083 1242 1116 1306 in
1143 1241 1268 1305 eodem.
1314 1239 1428 1318 Absit,
1460 1238 1628 1303 carissime
1660 1237 1720 1318 lili,
1752 1259 1847 1322 quem

196 1336 364 1413 gestamus
394 1333 428 1398 in
451 1335 633 1403 visceribus
660 1341 822 1422 caritatis,
852 1365 947 1428 quem
980 1352 1066 1410 teste
1089 1345 1163 1410 Deo
1193 1346 1226 1408 in
1255 1343 1343 1408 omni
1377 1342 1518 1430 puritate
1541 1340 1725 1426 diligimus,
1756 1341 1848 1405 cuius

196 1433 432 1502 incrementum
455 1460 629 1507 commune
653 1445 857 1510 commodum
881 1454 1086 1534 reputamus,
1116 1455 1151 1512 ut
1180 1446 1297 1531 aliquis
1327 1466 1385 1510 sue
1408 1445 1528 1510 mentis
1558 1443 1679 1508 oblitus
1710 1443 1772 1510 hec
1795 1445 1848 1509 rel

198 1537 315 1602 leviter
338 1541 530 1626 suspicetur.
574 1543 677 1610 Immo
701 1549 729 1612 si
752 1553 964 1615 secretarium
989 1551 1095 1617 cordis
1120 1551 1277 1616 scmtinio
1300 1555 1388 1614 recte
1412 1547 1634 1633 inquisitionis
1657 1547 1848 1633 exquiritur,

197 1639 224 1703 si
251 1641 372 1706 veritas
405 1643 587 1711 infallibilis
619 1647 769 1734 diligenti
800 1653 1014 1719 meditatione
1046 1660 1219 1740 pensatur,
1252 1653 1366 1716 hortus
1401 1651 1557 1735 clavigeri
1590 1651 1683 1735 regni
1715 1651 1848 1716 celestis

195 1743 365 1809 rationalis
389 1753 422 1810 et
444 1748 588 1826 floridus,
611 1754 792 1838 apostolica
815 1777 912 1820 manu
937 1759 1100 1836 consitus,
1130 1755 1273 1842 paradisi
1297 1752 1485 1818 fluminibus
1509 1753 1677 1837 irrigatus,
1709 1773 1773 1817 non
1796 1753 1846 1817 in-

195 1846 327 1912 venitur
348 1871 406 1936 pro
430 1853 502 1918 uris
527 1856 654 1941 spinas,
683 1880 743 1944 pro
766 1860 830 1924 ficu
853 1861 993 1925 tribules
1016 1860 1215 1946 germinare,
1240 1879 1312 1922 cum
1336 1857 1408 1922 eius
1432 1857 1537 1921 cultor
1559 1862 1593 1921 et
1614 1855 1766 1920 dominus
1788 1877 1847 1942 pro
1866 1881 1943 1924 aratu.
1965 1886 2020 1932 aa.

195 1971 279 2034 pane
303 1951 463 2038 lapidem,
493 1979 551 2043 pro
576 1980 636 2024 ovo
665 1961 741 2026 liliis
765 1963 832 2026 suis
855 1984 919 2028 non
953 1963 1162 2028 consueverit
1189 1962 1356 2048 porrigere
1380 1961 1595 2046 scorpionem.
1641 1959 1752 2024 Facile
1776 1959 1847 2044 qui·
1865 1985 1942 2027 uste.
1957 1991 1999 2038 ao.

132 2096 137 2108 .
197 2051 272 2117 dem
295 2055 419 2121 tollitur
441 2061 628 2146 suspicandi
657 2063 816 2145 facilitas,
848 2067 876 2131 si
905 2067 1022 2131 incerti
1053 2065 1165 2130 iudicii
1194 2062 1374 2128 attenditur
1398 2062 1589 2142 difficultas,
1619 2062 1761 2127 maxime
1790 2062 1847 2126 ubi

196 2164 333 2242 experta
370 2161 541 2228 sinceritas
575 2167 684 2252 operis
718 2166 859 2233 destruit
891 2168 1117 2254 imaginariam
1152 2167 1341 2254 opinionem
1375 2165 1506 2232 erroris.
1572 2164 1616 2229 Et
1649 2165 1728 2230 licet
1762 2165 1847 2229 intre

196 2258 351 2325 virtutum
373 2265 521 2348 germina
543 2268 655 2332 lolium
678 2270 871 2357 quandoque
894 2272 1041 2359 improbe
1066 2293 1101 2336 se
1125 2270 1296 2358 pravitatis
1320 2269 1517 2348 immisceat,
1547 2287 1713 2352 nunquam
1737 2274 1848 2333 tamen

195 2362 228 2427 in
252 2365 380 2430 colonia
401 2370 624 2453 apostolorum
647 2374 803 2462 principis
826 2375 867 2440 de
891 2377 1033 2462 puritate
1057 2374 1249 2461 duplicitas,
1272 2371 1313 2438 de
1337 2373 1476 2438 veritate
1500 2371 1665 2451 simultas,
1689 2370 1729 2437 de
1752 2371 1845 2436 inno-

195 2467 303 2532 centia
336 2468 491 2555 iniquitas
525 2474 641 2540 nociva
673 2477 852 2564 colligitur,
887 2501 907 2544 a
936 2501 1000 2566 qua
1033 2477 1260 2544 scandalorum
1293 2474 1479 2541 huiusmodi
1513 2475 1639 2540 zizania
1670 2474 1846 2560 relegatur.

197 2569 358 2645 Quocirca
380 2573 584 2661 imperialem
612 2581 896 2660 mansuetudinem
924 2604 1093 2670 rogamus,
1124 2602 1308 2657 monemus,
1339 2600 1398 2666 per
1425 2579 1649 2682 aspersionem
1678 2578 1847 2664 sanguinis

194 2673 272 2738 Iesu
299 2674 421 2741 Christi
454 2679 667 2747 obsecrantes
698 2690 733 2748 et
761 2685 795 2748 in
823 2687 1050 2752 remissionem
1078 2686 1140 2751 tibi
1168 2685 1394 2772 peccaminum
1424 2683 1651 2768 iniungentes,
1686 2690 1846 2768 quatenus

195 2777 384 2843 thesaurum
406 2779 644 2849 desideriorum
674 2787 861 2868 celestium,
892 2789 1034 2854 sacrario
1064 2790 1111 2854 tui
1141 2786 1248 2853 cordis
1278 2807 1376 2852 manu
1408 2786 1465 2850 lilii
1488 2785 1652 2850 Altissimi
1680 2805 1845 2850 commen·

195 2879 316 2960 damur,
338 2884 491 2969 aperiens
515 2893 549 2951 et
572 2888 744 2954 effundens
766 2891 808 2954 ad
831 2892 1048 2958 conterendos
1072 2892 1218 2977 iniquos,
1242 2890 1429 2957 liberandos
1453 2883 1629 2976 oppressos
1653 2896 1686 2954 et
1708 2888 1846 2953 miseros

195 2984 422 3068 consolandos,
452 3009 525 3052 cum
547 2989 740 3057 abscondita
764 2995 926 3080 sapientia
949 3002 983 3060 et
1006 2995 1180 3060 thesaurus
1203 2994 1340 3076 inrisus,
1364 2995 1454 3059 nulla
1477 2993 1521 3058 sit
1542 2992 1667 3076 utilitas
1690 2993 1724 3057 in
1745 2991 1846 3057 utris·
1866 3009 1925 3052 scer.
1947 3013 2016 3060 aar.

196 3108 277 3172 que,
301 3087 393 3154 virile
416 3093 620 3177 propositum
642 3103 835 3182 prepotente
857 3100 1009 3184 potentia
1031 3099 1109 3164 totis
1132 3098 1256 3162 viribus
1279 3097 1504 3184 prosequaris,
1534 3097 1643 3162 animo
1666 3117 1782 3160 manus
1805 3097 1848 3160 sit

195 3193 359 3277 proxima,
382 3193 535 3259 affectum
559 3197 697 3262 effectus
720 3201 855 3286 aperiat,
878 3210 916 3267 ut
938 3203 1126 3274 consilium,
1150 3201 1310 3266 auxilium
1334 3207 1367 3264 et
1389 3201 1535 3266 favorem
1559 3199 1700 3266 ecclesie
1724 3198 1846 3264 sollici-

195 3295 273 3361 tudo
297 3297 476 3384 imperialis
492 3298 649 3381 obtineat,
673 3323 737 3388 que
759 3311 870 3391 presto
894 3307 953 3371 tibi
978 3313 1054 3372 sunt
1076 3304 1228 3371 educenti
1251 3303 1292 3370 de
1315 3303 1475 3368 foramine
1495 3303 1731 3369 obstetricante
1750 3322 1847 3366 manu
1865 3312 1911 3356 as.
1925 3318 1992 3366 nan.

195 3400 326 3486 imperii
349 3402 500 3467 colubros
523 3410 699 3471 tortuosos.

303 3519 391 3586 Data
413 3521 574 3608 Anagnia,
598 3524 648 3588 VI
669 3524 838 3593 Kalendas
861 3527 1067 3610 Novembris,
1091 3550 1177 3594 anno
1200 3534 1306 3594 sexto.

972 4015 1061 4089 489.

304 4120 493 4231 Greyorus
522 4151 578 4216 IX
605 4173 694 4233 paura
725 4153 910 4240 [Conrado]
945 4155 1128 4232 Miadcusi,
1164 4153 1342 4239 [Iohanni]
1373 4151 1541 4216 Luniensi
1572 4156 1601 4215 et
1631 4151 1848 4236 [Gelesculce]

195 4249 442 4334 Reccslrarpeasi
470 4253 621 4334 episcopis
656 4255 801 4332 amndct,
838 4261 871 4320 ut
903 4262 1012 4323 contra
1040 4258 1215 4341 Stcdirrqos,
1247 4257 1379 4321 cultores
1406 4255 1605 4333 uenerem,
1635 4253 1782 4334 fidelibus
1812 4255 1847 4318 in

194 4351 468 4434 Puderbumensi,
510 4355 776 4436 Hildeslremensi,
821 4359 984 4439 Varrone,
1024 4359 1287 4437 Monasterr'ensi,
1327 4357 1579 4442 osnaburgensi,
1615 4355 1783 4421 Mandant
1818 4363 1847 4422 et

194 4453 362 4521 Brcmcnsi
381 4457 553 4524 diocesidas
574 4461 750 4525 constitutis
771 4483 892 4527 crucem
907 4463 1102 4544 praedicent.
1501 4463 1594 4540 1232,
1619 4459 1683 4526 Oct.
1706 4463 1759 4525 29.

299 4575 382 4644 Grae.
399 4578 449 4631 IX
466 4577 534 4647 Reg.
557 4579 613 4633 Vol.
628 4580 691 4646 111,
710 4584 760 4642 49:
779 4581 839 4636 Lib.
862 4581 912 4644 VI.
930 4588 989 4638 151.

115 4661 141 4700 ³⁵
296 4662 433 4727 Petraea,
451 4663 521 4734 Reg.
539 4667 624 4720 9030.

280 4911 289 4930 .
319 4912 329 4930 .
355 4856 590 4949 Mindensi,
620 4917 629 4934 .
659 4917 668 4935 .
696 4861 935 4938 Lubicensi
963 4870 1042 4938 et.
1078 4861 1494 4954 ,Racemburgensi
1523 4862 1758 4954 episeopis.

301 5005 400 5071 Lucis
425 5013 539 5073 eterne
562 5009 684 5074 lumino
700 5009 878 5076 destitutus
893 5012 1037 5094 Lucifer,
1063 5011 1187 5076 caduca
1203 5011 1357 5098 superbia
1372 5015 1566 5097 procurante
1590 5012 1661 5076 celo
1685 5012 1846 5076 contineri

195 5109 366 5195 nequiens,
390 5131 430 5176 eo
454 5110 540 5197 quod
561 5119 720 5199 perpetue
742 5115 891 5181 cecitatis
912 5116 1066 5182 tenebras
1088 5116 1290 5196 incurrisset,
1314 5136 1387 5180 cum
1412 5113 1454 5178 sit
1472 5111 1619 5199 perditus
1642 5119 1676 5178 et
1697 5113 1847 5178 minister

196 5212 390 5299 perditionis
414 5215 566 5296 allectus,
597 5236 639 5281 ne
670 5215 840 5305 ademptas
863 5218 928 5283 sibi
951 5219 1087 5284 delicias
1112 5219 1329 5305 sempiternas
1351 5216 1456 5304 possit
1479 5215 1673 5280 conditionis
1704 5217 1845 5282 humane

116 5335 142 5374 co
194 5314 337 5401 dignitas
360 5315 508 5403 adipisci,
532 5318 608 5403 quia
631 5320 738 5385 solent
760 5321 871 5387 miseri
893 5323 1112 5409 prosperitate
1135 5321 1280 5387 felicium
1304 5319 1452 5397 cruciari,
1483 5318 1628 5383 illumin
1651 5318 1846 5407 profundum

195 5418 330 5504 perfidie
353 5418 394 5484 ab
417 5419 590 5487 altitudine
613 5421 690 5487 fidei
712 5422 841 5490 deicere
864 5425 995 5504 nititur,
1023 5431 1059 5490 ut
1082 5426 1115 5489 in
1137 5425 1245 5489 lacum
1268 5444 1326 5489 sue
1350 5422 1484 5487 miserie
1507 5420 1704 5504 deducatur,
1728 5423 1844 5489 existi-

297 5709 324 5775 1)
344 5707 450 5762 aucae
467 5708 505 5763 nd
522 5709 706 5792 deseruimus
726 5713 900 5780 Patrimoaii,
915 5731 1046 5786 proque
1064 5717 1120 5770 iem
1138 5717 1194 5771 Iul.
1213 5722 1248 5771 24
1267 5719 1307 5784 [a.
1327 5719 1397 5785 473]
1420 5714 1479 5769 eires
1501 5714 1637 5770 cecilium
1655 5714 1848 5784 requisiverat.

314 5806 377 5856 Rae.
394 5807 474 5858 Porrr.
491 5807 512 5859 1.
1380 5847 1383 5854 Δ
1601 5809 1637 5863 50
