4448 6420
832 386 1031 442 EPISTOLAE
1050 388 1239 442 SELECTAE.
1278 389 1351 442 tart.
1855 391 1914 452 211

264 556 474 623 Guillielmus
503 558 543 623 19
574 559 721 624 Solarolo
738 561 758 634 ¹,
788 559 937 624 dominus
961 558 1170 626 Guillielmus
1200 562 1406 638 Lazaronus,
1438 561 1589 625 dominus
1621 560 1813 624 Deutcsalvi
1837 559 1917 624 Ore-

266 662 421 742 mcnsis²,
464 661 614 727 dominus
649 662 842 727 Guidrixius
886 663 986 728 iudex
1020 664 1061 730 de
1099 665 1275 750 Scaperlis,
1309 663 1459 729 dominus
1492 664 1658 729 Iohannes
1695 662 1883 728 Oromousis
1896 665 1918 732 ³.

266 762 417 828 dominus
440 764 645 851 Rustigcllus
669 765 801 843 iudcx⁴,
824 765 976 830 dominus
1001 766 1212 853 Spinabellus
1235 766 1346 844 iudex,
1378 767 1528 831 dominus
1551 767 1696 830 Ubertns
1719 767 1760 831 de
1783 766 1917 830 Maltra-

265 868 363 931 versii
375 869 398 949 ⁵,
436 868 586 933 dominus
623 868 818 933 Fredericus
857 869 897 934 de
933 867 1166 955 Pascipovrel,
1203 870 1353 935 dominus
1391 869 1592 934 Scanabicus
1629 869 1669 934 de
1703 869 1918 950 Arimond0⁷,

265 969 415 1034 dominus
445 971 639 1036 Mariscotus
668 971 824 1036 Iohannis
856 972 897 1037 de
920 972 1130 1052 Mariscotoss,
1166 972 1317 1037 dominus
1347 974 1549 1058 Henrigetus
1572 975 1724 1060 Hugonis
1746 974 1918 1058 Regaitc⁹,

264 1095 377 1139 omncs
400 1082 545 1140 rectores
570 1076 737 1140 societatis
761 1076 958 1141 Lombardie
982 1083 1015 1142 91
1038 1077 1183 1142 Marchie
1208 1077 1615 1154 etRomaniolc,no1nine
1639 1077 1727 1142 illius
1751 1075 1920 1157 societatis

264 1183 297 1241 91
319 1199 378 1263 pro
395 1178 468 1264 ipsa
484 1180 643 1245 societate
662 1180 901 1245 constituerunt
917 1187 1146 1267 procuratores
1162 1180 1328 1246 dominnm
1344 1183 1517 1247 Boeotium
1533 1181 1729 1260 Bremmam,
1752 1179 1918 1245 dominum

264 1278 513 1367 Mudalbergum
536 1282 692 1362 iudicem,
714 1284 880 1349 domiuum
904 1283 1089 1349 (luidonem
1112 1284 1307 1349 Mainerium
1324 1287 1360 1364 ¹⁰,
1384 1285 1550 1351 dominum
1575 1283 1798 1350 Guillielmnm
1823 1282 1919 1347 dela

264 1385 381 1464 Porta,
413 1385 578 1450 dominum
607 1387 769 1453 Ubartum
797 1389 1087 1462 Vieecomitem¹¹,
1119 1389 1286 1454 dominum
1318 1389 1503 1454 (luidonem
1532 1387 1724 1453 Boncambii
1751 1386 1918 1451 doctorem

265 1488 392 1572 legum,
427 1488 593 1554 dominnm
616 1491 788 1556 Albcrtum
820 1491 861 1556 de
884 1493 1029 1568 Mus012,
1060 1492 1227 1557 dominum
1251 1492 1437 1558 Gnidonem
1466 1492 1505 1558 de
1538 1493 1617 1558 Cola
1648 1493 1753 1556 sancti
1776 1490 1918 1568 Martini,

265 1590 430 1655 dominum
464 1592 731 1660 Bartholomeum
764 1596 804 1660 de
835 1595 1010 1674 Vidoro¹³,
1043 1597 1211 1661 dominum
1251 1597 1434 1662 Gnidonem
1469 1596 1510 1660 dc
1542 1595 1715 1666 Marnanr‘,
1754 1593 1919 1658 dominum

265 1692 489 1760 Senzsmomeb
512 1696 552 1762 de
576 1698 797 1776 Achillicis²⁴,
829 1699 996 1764 dominum
1027 1699 1209 1764 Obizenem
1239 1699 1279 1764 de
1308 1701 1523 1786 Hngonibus,
1554 1698 1720 1763 dominum
1742 1695 1919 1761 Ricardum

264 1796 305 1861 de
345 1797 553 1885 Rodengo¹⁵,
597 1802 763 1867 dominum
799 1802 1022 1867 Guillielmum
1068 1802 1108 1867 de
1150 1803 1375 1890 Campidello,
1412 1802 1578 1867 dominum
1614 1801 1836 1866 Castellanum
1878 1798 1919 1863 de

264 1899 451 1982 0affaris¹⁰,
486 1904 652 1971 dominum
682 1908 815 1972 Petrum
845 1907 1057 1979 Bicherium,
1092 1906 1260 1972 dominum
1283 1907 1525 1993 Huguioionem
1555 1904 1596 1970 de
1626 1902 1843 1981 Bondonis¹⁷,
1878 1900 1920 1964 ad

266 2025 380 2090 pacem
404 2013 437 2071 91
460 2008 665 2074 concordiam
689 2009 871 2074 faciendam
895 2016 929 2074 et
951 2011 1079 2086 onmia,
1103 2031 1165 2095 que
1188 2011 1310 2075 fuerint
1332 2012 1519 2075 neccssaria
1542 2010 1610 2072 sive
1634 2008 1727 2072 utilia
1749 2004 1789 2070 ad
1815 2006 1920 2091 ipsam

264 2129 380 2193 pacem
403 2117 437 2174 et
453 2114 659 2178 concordiam
684 2115 735 2179 vel
758 2137 817 2201 pro
841 2115 914 2199 ipsa
937 2135 1018 2200 pace
1042 2121 1075 2178 91
1092 2112 1276 2190 concordia,
1300 2113 1340 2178 19
1357 2113 1522 2179 discordia
1546 2114 1615 2176 sive
1633 2132 1732 2196 super
1747 2107 1919 2182 discordia,

265 2231 363 2294 quam
385 2212 508 2279 habent
531 2238 604 2281 eum
627 2217 759 2282 domino
783 2217 976 2297 Frederico,
999 2217 1222 2282 Romanorum
1246 2219 1443 2305 imperatore
1468 2237 1598 2303 semper
1620 2221 1760 2299 augusto
1785 2221 1818 2277 ct
1841 2232 1919 2297 rege

265 2311 393 2395 Sicilie,
424 2318 493 2383 sive
522 2320 594 2406 ipse
618 2320 767 2385 domiuus
791 2320 988 2386 Fredericus
1012 2322 1234 2386 Romanorum
1258 2322 1436 2408 imperator
1458 2341 1531 2384 eum
1555 2319 1603 2384 cis
1627 2317 1744 2388 habat3
1772 2322 1805 2380 91
1828 2315 1919 2400 quic-

266 2417 343 2501 quid
365 2418 445 2485 dioti
469 2432 698 2509 procuratores
722 2424 774 2488 vel
797 2425 901 2488 maior
923 2447 998 2510 pars
1023 2447 1134 2490 corum
1152 2425 1290 2489 iecerint
1313 2446 1412 2511 super
1434 2422 1592 2510 predictis
1615 2429 1648 2486 et
1671 2442 1729 2506 pro
1752 2417 1919 2505 predictis,

268 2530 375 2589 ratum
399 2531 433 2590 et
455 2526 581 2590 firmum
605 2527 727 2592 habere
750 2527 982 2613 promiserunt.
1028 2529 1091 2601 Qui
1115 2534 1344 2614 procuratores
1368 2529 1414 2591 sic
1438 2525 1625 2589 mundatum
1649 2528 1874 2609 susceperunt.

374 2628 500 2694 Horum
540 2636 650 2695 autem
685 2631 816 2696 fuerunt
855 2637 974 2696 testes:
1025 2630 1175 2696 dominus
1214 2629 1380 2695 Gerardus
1416 2629 1537 2713 Rang.c
1573 2626 1721 2691 Bononio
1762 2631 1920 2711 potestas,

266 2732 415 2796 dominus
450 2732 635 2818 Bagarotus
672 2741 706 2799 91
739 2733 889 2798 domiuus
925 2732 1154 2820 Senprebene,
1193 2733 1343 2799 doctores
1381 2734 1506 2818 legum,
1541 2730 1690 2795 dominus
1724 2727 1920 2793 'Pomosinus

267 2834 465 2899 Cananimici
495 2841 528 2900 et
558 2835 709 2900 dominus
736 2835 1001 2923 Aldrevandinus
1032 2838 1072 2902 do
1104 2836 1338 2922 Preudiparte,
1369 2834 1520 2900 dominus
1549 2832 1717 2898 Rolandns
1744 2831 1786 2896 de
1816 2828 1920 2894 (1919-

266 2936 378 3017 fredis,
402 2938 514 3003 Bonus
530 2939 691 3004 Martinus
715 2940 861 3004 notarius
879 2947 913 3005 91
927 2940 1123 3026 Bolognitus
1146 2941 1301 3020 notarius,
1326 2960 1439 3004 omnes
1455 2937 1694 3015 Bononienses,
1718 2941 1752 3000 91
1767 2933 1921 2998 Petrinus

190 3072 215 3110 a
268 3042 308 3108 de
332 3041 541 3129 Gorgonzola
563 3045 709 3109 notarius
732 3045 774 3110 dc
798 3045 936 3109 Mantua
958 3051 992 3110 et
1014 3046 1125 3132 plures
1148 3045 1214 3110 alii.

376 3147 449 3234 Ego
473 3147 670 3213 Laurentius
702 3149 787 3214 sacri
816 3149 943 3235 pallatii
966 3150 1112 3214 notarius
1143 3156 1177 3215 91
1205 3169 1289 3214 nunc
1319 3147 1464 3212 notarius
1492 3145 1652 3212 dictorum
1675 3146 1921 3229 procuratorum

268 3251 401 3316 interlui
424 3257 457 3316 et
480 3250 520 3317 de
544 3251 696 3318 mandato
721 3251 982 3339 supradictorum
1005 3260 1167 3319 rectorum
1192 3252 1316 3339 scripsi.

887 3565 1297 3575 ——.—.----——-

1043 3877 1129 3950 310.

377 3993 544 4087 Rectores
558 4021 712 4084 societatis
727 4019 933 4083 Miriburdroc
948 4018 1142 4082 constituunt
1157 4019 1386 4096 procuratores,
1409 4017 1443 4076 ((1
1465 4031 1558 4092 suaper
1574 4031 1653 4090 paee
1674 4027 1744 4072 curra
1758 4007 1793 4071 F
1791 4005 1922 4070 riderico

270 4123 483 4188 Rornanorum
505 4123 690 4202 imperatore
713 4121 851 4184 ineunda
873 4121 979 4186 999919
997 4120 1126 4204 fociant
1146 4119 1190 4182 ad
1210 4117 1393 4181 mandentum
1414 4115 1534 4180 donnini
1549 4133 1664 4194 prepare.

192 4263 218 4300 99
1566 4235 1660 4310 1226,
1682 4231 1761 4296 Not).
1783 4234 1835 4296 21.

372 4328 445 4381 Hora.
466 4331 521 4380 111
535 4327 685 4395 1199191).
705 4327 761 4394 xl,
780 4330 845 4380 438.

371 4414 521 4483 [Sorticsfi
540 4414 583 4469 De
601 4415 685 4470 claris
703 4415 872 4484 archipyrata.
892 4412 999 4467 Bonam
1014 4413 1093 4482 pros.
1112 4411 1216 4472 toral,
1230 4426 1305 4480 pars
1323 4408 1368 4477 11,
1384 4425 1414 4478 p.
1434 4411 1476 4462 71.

378 4638 474 4703 Anno
502 4639 635 4703 Domini
663 4637 836 4703 millesimo
865 4636 1090 4701 ducentesimo
1118 4634 1276 4720 vigesimo
1310 4637 1421 4712 sexto,
1457 4629 1633 4694 indictione
1668 4625 1922 4714 quartadecima,

270 4743 324 4808 dic
352 4743 480 4808 sabbati
503 4742 628 4808 decimo
655 4745 708 4808 etc.
735 4746 771 4805 ((1
795 4742 831 4805 iu
849 4738 1047 4822 praecedeuti
1075 4739 1227 4819 amquam:
1256 4737 1406 4800 dominus
1429 4734 1584 4798 Bocatius
1608 4731 1762 4796 Brcmma
1790 4732 1922 4795 nuntius

193 4875 219 4910 ss
270 4846 467 4911 marchionis
489 4845 530 4911 de
553 4847 665 4911 Monte
688 4846 807 4911 ferrato
830 4847 883 4908 etc.
908 4879 947 4890 -
971 4842 1102 4907 nomine
1125 4842 1214 4906 illius
1238 4839 1406 4906 societatis
1429 4843 1463 4903 ct
1485 4857 1543 4923 pro
1567 4837 1639 4922 ipsa
1662 4834 1821 4899 socictate
1845 4855 1922 4898 con-

377 5143 398 5206 n)
416 5144 520 5195 Marma
536 5141 568 5192 R.
649 5137 901 5206 1899999991.
982 5137 1004 5202 ε)
1022 5137 1097 5204 Bang
1114 5135 1147 5188 B.

373 5312 399 5380 1)
417 5312 541 5366 Soralclo
560 5310 594 5364 de
612 5309 716 5364 Laudo.
798 5307 826 5376 2)
844 5308 878 5362 19
898 5308 1039 5378 Bergumo.
1128 5305 1155 5372 3)
1175 5303 1209 5357 19
1228 5303 1353 5357 Mantua.
1441 5297 1679 5366 4)(19111999119.
1766 5298 1923 5362 luitbertus

270 5402 440 5455 llaltravcrsii
463 5398 498 5452 19
522 5398 624 5452 Padus.
729 5396 756 5462 6)
774 5399 923 5466 anipoora.
1028 5391 1266 5459 ’1)198999919.
1375 5389 1401 5454 8)
1420 5387 1589 5440 Maresootus
1614 5382 1745 5438 Iohannis
1767 5380 1922 5435 Murascoti.

271 5489 297 5554 9)
315 5485 350 5539 19
368 5483 511 5539 Faventia.
611 5484 653 5550 10)
672 5483 707 5538 de
725 5481 892 5538 Mediolano.
992 5480 1036 5548 11)
1055 5478 1089 5533 (19
1107 5477 1261 5532 Placentia.
1361 5475 1404 5540 11)
1423 5474 1522 5527 Munso
1540 5470 1574 5526 de
1593 5469 1726 5524 Bononia
1828 5467 1870 5532 13)
1888 5466 1922 5520 19

195 5571 224 5618 ⁴6
272 5571 412 5627 Tarvixic.
488 5569 748 5636 (9191919919
824 5569 867 5635 15)
885 5567 920 5622 19
939 5565 1041 5620 Brixia.
1112 5566 1155 5632 16)
1174 5568 1205 5618 da
1223 5563 1348 5616 Mantua.
1424 5559 1467 5626 17)
1485 5557 1520 5612 19
1538 5556 1678 5611 Vercellis.
1754 5556 1797 5621 18)
1814 5553 1851 5607 Ia
1867 5569 1922 5622 rep.

273 5659 390 5730 epistola
406 5658 515 5725 intacto
531 5657 647 5726 &picum
664 5657 771 5712 corion
788 5655 927 5710 nominum
944 5653 1084 5708 lectionem
1102 5650 1180 5705 vides
1198 5663 1287 5722 supro
1301 5664 1332 5719 p.
1349 5649 1412 5712 340,
1429 5647 1485 5700 ((91.
1503 5647 1577 5699 2-8
1595 5648 1621 5698 et
1634 5659 1665 5713 p.
1684 5644 1744 5710 341,
1761 5645 1816 5696 aot.
1831 5643 1924 5698 1-17.

375 5775 437 5830 Rro.
456 5773 535 5824 Ponr.
555 5773 574 5826 1.
1687 5753 1720 5809 31
