4524 6412
750 428 949 482 99999999
967 429 1156 486 senseras.
1193 433 1268 486 (999.
1777 443 1838 506 297

291 590 372 660 (1999.
392 594 442 647 IX
460 595 529 664 1199.
553 597 615 649 ln'lr.
636 597 699 659 ΙΙΙ,
725 603 770 652 35.
806 600 890 668 Apud
913 601 1006 671 11999.
1032 603 1103 655 Anu.
1129 605 1190 656 9991.
1212 623 1238 657 o.
1262 610 1340 670 1229,
1364 611 1381 672 §
1402 613 1438 661 15
1459 609 1583 675 lenimus:
1605 611 1840 680 ι19991119919919

186 678 287 746 cupito,
306 697 378 748 qnae
396 696 411 733 9
429 683 588 736 Saraouene
605 683 637 736 in
654 685 791 752 culparem
806 684 942 740 Gallicam
960 688 1082 757 linquam
1100 705 1182 743 versa
1195 691 1363 758 patriarcha
1380 694 1420 746 (((1
1438 711 1569 748 amanum
1584 696 1740 765 porttificnu
1758 696 1839 758 911911,

187 764 293 819 additio
311 767 349 819 od
364 766 476 835 9199919
493 769 780 825 oairundoeraioaibns
798 772 920 840 Latinis,
938 805 971 814 -
989 790 1039 830 uos
1057 775 1161 829 Latino
1177 793 1299 831 sermone
1316 777 1478 834 adducendo
1496 782 1675 835 censuimno'.
1711 785 1839 851 Apparet

187 867 222 904 cn
238 851 288 904 1199
307 857 418 920 1999999
430 855 552 921 formam
571 856 713 920 Latinam,
734 875 818 932 qnam
837 860 898 928 ipse
920 865 937 926 §
955 865 1059 915 15-21
1077 865 1182 930 etpost
1200 879 1259 916 eum
1278 863 1418 933 Pettalus,
1442 867 1501 922 LL.
1519 871 1537 920 t.
1557 867 1603 928 ΙΙ,
1625 882 1654 934 p.
1673 870 1731 920 260
1745 865 1838 934 publi·

121 978 126 990 .
187 938 393 1001 9999919111
415 941 551 994 scaenici
573 944 787 998 translationem.
825 946 1432 1020 (199999199991999999119199991919
1452 953 1559 1007 Gallico
1577 953 1706 1006 idiomate
1724 952 1838 1016 edimus,

186 1023 258 1077 91991
276 1041 309 1078 en
328 1024 628 1092 moitura-Brennus,
651 1031 668 1082 l.
686 1045 708 1082 c.
727 1034 745 1084 t.
764 1032 821 1085 ΙΙΙ
824 1073 831 1092 .
849 1050 879 1101 p.
906 1036 944 1086 86
967 1035 1014 1087 ‘eor
1034 1034 1156 1102 11999919
1176 1035 1289 1102 099999.
1307 1052 1372 1090 nnn.
1394 1038 1459 1102 ΙΙΙ,
1480 1027 1525 1090 n⁰.v
1540 1041 1589 1100 35,
1613 1037 1838 1106 9919991199

184 1115 289 1164 9991991
311 1115 441 1165 accurate
464 1115 765 1186 999999119’991(11911,
784 1121 909 1187 porpoto
932 1124 1022 1172 tomen
1040 1120 1179 1174 nonnullis
1200 1120 1268 1173 19919
1288 1136 1338 1191 ope
1362 1122 1391 1175 V.
1412 1121 1440 1175 0.
1459 1123 1512 1177 Aa.
1537 1122 1639 1191 Tollen,
1658 1123 1839 1193 patriarchae

184 1196 436 1252 ortirrtadoerriones
453 1200 574 1254 Latium
592 1217 627 1255 ex
645 1202 737 1273 11999.
756 1204 943 1273 attenuantes.
992 1243 996 1250 -

431 1413 766 1508 Transcriptum
794 1419 1086 1510 capitulorum
1114 1425 1266 1512 treuge
1293 1421 1345 1492 ad
1372 1422 1593 1494 dominum

808 1559 963 1630 papam
993 1539 1216 1612 directum.

290 1683 316 1748 I.
350 1684 391 1748 Li
414 1684 546 1748 soldans
569 1684 668 1750 baille
696 1708 717 1750 a
739 1687 950 1774 l’impereour
978 1710 1020 1753 ou
1047 1711 1143 1754 9999
1171 1688 1281 1753 baillis
1305 1689 1485 1753 Ierusalem
1507 1691 1538 1755 19
1562 1691 1729 1772 exslehie,
1758 1695 1835 1778 qu'il

183 1786 319 1852 991999
344 1787 406 1854 cho
430 1810 494 1875 que
517 1789 564 1853 ilh
588 1811 667 1854 vora
689 1790 729 1854 de
753 1792 864 1876 garnir
886 1813 929 1856 ou
952 1799 1044 1857 autre
1068 1792 1178 1858 chose.

496 1892 685 1957 Notandum
708 1893 794 1978 quod
817 1894 1007 1981 imperatori
1036 1895 1105 1960 sive
1134 1894 1253 1958 balivis
1282 1894 1349 1958 suis
1378 1895 1414 1958 fit
1441 1897 1627 1978 concessio,
1656 1918 1722 1961 non
1748 1897 1837 1962 lacta

389 1995 430 2062 (19
453 1995 595 2061 99919919
617 1997 669 2062 991
687 1997 934 2064 Christianitate
959 2000 1011 2064 vel
1035 1998 1219 2085 peregrinis
1242 1998 1352 2082 aliqua
1374 1999 1550 2079 mentione,
1574 2005 1608 2064 et
1630 2001 1677 2064 ita
1699 2007 1835 2088 apparet

389 2099 475 2184 quod
498 2100 678 2166 secuudum
700 2100 837 2165 formam
865 2109 983 2187 tregue
1011 2103 1121 2167 nullus
1152 2107 1262 2188 potest
1285 2123 1357 2166 eam
1380 2102 1507 2166 munire
1531 2103 1584 2167 vel
1606 2104 1748 2169 retinere
1772 2106 1835 2170 9191

388 2203 567 2288 imperator
599 2205 651 2267 vel
685 2202 786 2267 balivi
821 2205 882 2269 sui.
949 2205 1033 2270 Item
1065 2204 1243 2269 notandum
1277 2203 1364 2289 quod
1398 2203 1554 2268 soldanus
1587 2205 1627 2270 de
1663 2206 1733 2272 iure
1768 2229 1834 2272 non

387 2305 541 2370 hebuerit
562 2312 760 2393 potestatem
785 2308 1002 2389 concedendi,
1031 2330 1106 2373 cum
1129 2330 1229 2395 super
1250 2308 1313 2373 hoo
1336 2307 1495 2372 violentia
1516 2307 1675 2373 inferatur
1696 2309 1833 2376 soldano

387 2408 556 2490 Damasci,
587 2410 640 2496 qui
669 2432 742 2476 eam
772 2412 965 2498 possidebat
993 2433 1053 2477 nec
1077 2419 1226 2496 treugam
1248 2411 1356 2476 iurare
1379 2410 1481 2475 voluit
1503 2432 1565 2476 uec
1587 2419 1690 2476 ratam
1714 2410 1833 2476 dictam

388 2513 637 2578 concessionem
660 2515 792 2580 habere.

289 2613 334 2678 lI.
368 2615 579 2702 L'emperere
602 2637 643 2681 99
666 2617 736 2682 (1911
758 2617 928 2683 199919991
950 2619 982 2682 19
998 2617 1228 2697 (1999919991,
1252 2619 1313 2683 eho
1336 2624 1387 2682 est
1409 2619 1440 2682 le
1462 2619 1585 2705 temple
1602 2617 1767 2699 Salomon,
1790 2641 1832 2684 ne

180 2717 210 2780 le
234 2718 356 2803 temple
379 2717 513 2782 Domini
536 2740 578 2783 ne
601 2720 677 2784 nule
700 2721 770 2784 rien
794 2720 834 2786 de
858 2727 907 2785 tot
930 2722 960 2787 le
983 2722 1127 2808 porpris,
1157 2742 1199 2785 ue
1227 2741 1268 2786 99
1296 2720 1366 2785 (1911
1389 2720 1508 2785 9991919
1533 2742 1596 2805 999
1624 2742 1686 2786 999
1708 2721 1831 2787 Franco

181 2818 220 2883 de
245 2820 384 2904 quelque
407 2823 600 2906 generatiou
623 2825 702 2908 qu'il
725 2825 799 2904 soit,
823 2847 884 2909 que
908 2825 954 2889 ilh
979 2846 1014 2890 se
1039 2833 1126 2890 mete
1151 2845 1204 2888 sor
1227 2825 1276 2889 les
1299 2825 1362 2888 lius
1382 2823 1509 2906 motisb,
1533 2825 1614 2890 mais
1635 2825 1682 2888 ilh
1702 2847 1831 2890 reman-

179 2921 276 2986 drout
298 2943 374 2986 sens
397 2925 485 2988 riens
502 2925 636 3009 caugier
658 2947 700 2991 en
722 2927 753 2990 19
769 2927 855 2991 main
880 2933 914 2992 et
935 2928 968 2991 la
989 2927 1088 3012 garde
1112 2926 1170 2992 des
1187 2926 1364 3005 Sarrasins,
1387 2926 1443 3011 qui
1465 2927 1533 2991 199ο
1555 2934 1681 2992 1999991
1702 2949 1761 3014 por
1783 2930 1833 2994 lor

180 3045 315 3090 orescns
338 3025 419 3091 19199
449 3032 483 3092 91
509 3049 570 3112 por
595 3028 668 3093 1999
695 3029 759 3094 1919
784 3030 885 3110 99199,
915 3051 992 3094 9999
1022 3030 1083 3095 cho
1111 3051 1174 3114 que
1203 3029 1347 3094 defeudu
1374 3050 1415 3094 99
1445 3030 1608 3095 contradit
1635 3051 1676 3095 ne
1699 3031 1749 3095 lor
1771 3031 1833 3096 1991

180 3128 269 3193 99119
293 3129 381 3194 91999
404 3128 445 3194 (19
470 3130 547 3212 oho,
577 3137 610 3195 91
639 3132 687 3196 199
711 3133 778 3197 9199
808 3130 867 3197 des
894 3139 1005 3219 portes
1035 3131 1094 3197 (199
1123 3132 1251 3217 porpris
1281 3130 1322 3195 de
1352 3131 1431 3196 obes
1460 3132 1523 3198 lius
1552 3135 1607 3218 qui
1636 3133 1718 3198 moti
1746 3142 1830 3214 suut,

179 3238 292 3297 999991
315 3255 351 3296 99
374 3233 479 3297 mains
502 3232 543 3298 de
572 3234 670 3298 chicx
697 3235 732 3299 ki
764 3235 811 3300 iki
839 3243 950 3300 999991
972 3257 1032 3323 por
1053 3237 1103 3300 199
1126 3235 1189 3299 1199
1213 3234 1331 3314 999919,
1363 3242 1396 3299 91
1419 3233 1459 3299 de
1489 3236 1561 3300 1999
1584 3236 1688 3300 maius
1711 3238 1830 3302 tollues

178 3357 220 3400 ue
245 3341 365 3401 999991.

492 3439 567 3504 Η99
596 3447 648 3504 991
675 3440 791 3506 abusio
819 3442 994 3507 manifesta
1017 3463 1080 3528 que
1104 3441 1311 3528 expositione
1334 3462 1400 3505 nou
1422 3440 1563 3526 indiget,
1594 3441 1655 3507 hec
1679 3449 1830 3509 991999-

383 3543 494 3608 ventio
524 3540 647 3606 Christi
680 3543 721 3607 ad
748 3544 871 3616 Belial;
905 3566 965 3630 per
990 3545 1053 3610 hoc
1081 3550 1233 3632 apparet,
1268 3544 1296 3608 si
1329 3543 1547 3628 frequentatio
1577 3546 1695 3630 psalmi
1724 3545 2002 3613 111199999999.

385 3645 509 3720 ι11999,
543 3653 704 3710 venerunt
738 3648 881 3732 geutes',
916 3669 1046 3712 cessure
1081 3646 1216 3728 debeat,
1250 3668 1324 3710 cum
1357 3645 1462 3711 adhuc
1493 3647 1651 3733 templum
1681 3654 1976 3724 sanctumrsa.rs,1.

383 3749 532 3835 polluant
554 3748 715 3814 infideles.
760 3749 844 3815 Item
876 3749 1055 3814 notandum
1082 3749 1169 3834 quod
1193 3771 1265 3815 cum
1294 3751 1327 3814 in
1350 3749 1432 3814 locis
1455 3749 1682 3814 adiacentibus
1706 3751 1829 3814 civitati

385 3853 475 3916 99119
504 3852 569 3916 9191
596 3853 717 3917 9999119
743 3853 895 3917 restituta
917 3860 952 3917 et
974 3860 1166 3918 remaneant
1194 3854 1227 3917 in
1250 3853 1400 3917 manibus
1423 3873 1639 3939 paganorum,
1671 3861 1704 3918 91
1730 3854 1828 3938 longo

383 3957 486 4021 maior
516 3958 579 4022 erit
609 3956 784 4022 multitudo
816 3956 1069 4022 sarracenorum
1099 3959 1300 4024 venientium
1330 3978 1430 4022 causa
1458 3954 1571 4021 orandi
1599 3955 1640 4021 ad
1670 3957 1827 4042 templum

382 4059 515 4124 Domini
539 4081 636 4146 quam
658 4060 832 4125 multitudo
857 4060 1116 4125 Christianorum
1140 4061 1342 4127 venientium
1368 4059 1410 4124 ad
1433 4060 1635 4147 sepulcrum,
1665 4058 1826 4144 quomodo

383 4169 538 4250 poterunt
565 4163 688 4228 habere
711 4163 890 4228 dominium
914 4164 1092 4229 Christiani
1114 4184 1217 4247 usque
1244 4162 1285 4227 ad
1308 4162 1422 4229 decem
1445 4185 1548 4228 annos
1571 4163 1642 4228 sine
1664 4161 1828 4227 discordia

384 4273 418 4330 91
450 4268 596 4353 periculo
629 4289 859 4353 personarum,
893 4289 982 4350 oum,
1018 4269 1103 4334 siout
1130 4267 1313 4354 predictum
1347 4273 1413 4349 est,
1447 4267 1510 4334 sibi
1539 4269 1627 4334 vires
1663 4266 1828 4333 retineant

384 4368 576 4436 Sarracenil

284 4472 347 4536 III.
382 4472 457 4538 Nou
480 4495 554 4539 sera
577 4475 719 4540 defeudu
741 4497 762 4539 a
783 4477 839 4539 991
857 4474 1008 4540 Sarraniu
1031 4476 1110 4560 qu’il
1134 4496 1175 4540 99
1198 4495 1299 4559 ’(9999
1323 4473 1550 4539 franchement
1572 4495 1614 4540 en
1636 4475 1827 4562 palerinagc

176 4597 218 4640 eu
240 4577 423 4644 Bethleem.

287 4680 344 4743 IV.
382 4679 426 4744 Et
453 4681 537 4766 9191
564 4701 584 4765 9
614 4702 634 4745 9
660 4702 760 4745 99999
788 4680 893 4745 Fraus
923 4681 979 4765 qui
1008 4685 1064 4765 ayt
1092 4679 1194 4744 19999
1225 4699 1360 4743 9999999
1390 4700 1432 4744 99
1460 4681 1655 4746 1919991999
1686 4704 1704 4746 9
1732 4683 1828 4747 9919

177 4782 302 4866 dignita
326 4782 380 4848 del
402 4785 524 4869 temple
547 4783 696 4863 Domini,
720 4785 798 4849 9111
822 4786 912 4849 vuelt
935 4784 966 4849 le
989 4784 1045 4847 lou
1067 4783 1220 4848 91911999
1243 4781 1334 4866 layrc
1357 4781 1414 4866 yki
1437 4803 1490 4847 ses
1514 4804 1664 4861 oresous,
1688 4785 1710 4848 il
1733 4785 1782 4849 199
1806 4807 1826 4870 y

176 4885 289 4970 puisse
312 4884 411 4966 19199,
435 4908 453 4950 9
477 4886 528 4950 s'il
550 4907 591 4951 ne
616 4887 720 4972 999911
743 4908 785 4951 99
808 4908 845 4951 99
867 4887 1006 4952 hautece
1032 4907 1049 4951 9
1074 4907 1116 4950 99
1139 4907 1176 4949 99
1198 4883 1338 4970 dignito,
1366 4905 1432 4948 nou
1453 4884 1533 4970 doyt
1556 4893 1644 4951 estre
1667 4887 1784 4952 sollers
1806 4909 1827 4952 a

177 4993 288 5052 991999
311 5010 351 5054 99
374 4995 423 5054 191
445 4991 476 5055 19
498 4989 627 5076 porpris
649 4989 690 5055 (19
713 4990 777 5054 199.

283 5282 307 5350 ¹)
325 5283 448 5336 douchier
465 5283 535 5334 H.B.
617 5283 816 5349 ὴ)999111Η.Β.
897 5282 919 5349 ο)
937 5283 962 5334 19
980 5281 1049 5333 HJJ.

112 5483 116 5494 ,
280 5436 308 5503 1)
331 5433 410 5489 ‘Vna
434 5433 570 5502 Arabico,
600 5432 704 5488 rectius
736 5439 827 5489 autem
853 5434 953 5504 Djnmi
979 5434 1115 5496 ‹al-Aeso,
1142 5432 1173 5486 id
1196 5436 1238 5486 est
1273 5430 1415 5500 Mesquito
1441 5431 1605 5504 1999919999,
1637 5449 1672 5488 ex
1697 5433 1826 5502 opposito

175 5519 336 5582 9191999991,
354 5520 456 5574 sedicet
473 5518 551 5588 opud
562 5517 689 5573 maram
706 5524 733 5574 at
744 5519 893 5576 Medianas.
929 5519 1009 5573 Haec
1025 5517 1160 5588 mesquitn
1177 5517 1208 5569 in
1225 5533 1258 5570 ea
1272 5521 1356 5586 porta
1373 5533 1431 5585 999
1448 5516 1512 5570 olim
1530 5519 1660 5586 9999εὸ91
1671 5519 1827 5573 salomones

173 5605 299 5676 templum
317 5621 335 5658 a
351 5604 443 5672 belisa
462 5605 562 5658 Omnro
578 5609 719 5667 99199919,
736 5604 858 5659 monimo
878 5603 956 5673 opud
973 5603 1119 5657 lloslemos
1135 5601 1309 5656 sasantinae
1325 5601 1431 5656 9911199.
1466 5600 1588 5656 Diversa
1605 5604 1713 5658 omnino
1731 5609 1773 5660 e'st
1790 5606 1825 5659 ob

173 5690 287 5745 99919919
305 5689 451 5758 Sepulchri
465 5689 524 5743 sira
541 5687 774 5754 Resurrectionis,
793 5690 897 5744 911919
914 5689 973 5742 ulio
990 5687 1112 5742 9191199119
1130 5686 1262 5751 91991119
1280 5687 1449 5756 9911191199
1467 5687 1624 5758 uolgata!
1659 5689 1734 5744 llll.

276 5804 338 5854 Bao.
355 5803 435 5854 Pom.
455 5804 474 5854 1.
1587 5796 1622 5852 38
