<?xml version="1.0" encoding="UTF-8"?>
<!DOCTYPE html PUBLIC "-//W3C//DTD XHTML 1.0 Transitional//EN"
    "http://www.w3.org/TR/xhtml1/DTD/xhtml1-transitional.dtd">
<html xmlns="http://www.w3.org/1999/xhtml" xml:lang="en" lang="en">
 <head>
  <title>
</title>
<meta http-equiv="Content-Type" content="text/html;charset=utf-8" />
  <meta name='ocr-system' content='tesseract 3.04.00' />
  <meta name='ocr-capabilities' content='ocr_page ocr_carea ocr_par ocr_line ocrx_word'/>
</head>
<body>
  <div class='ocr_page' id='page_1' title='image "./monumentagerman00peipgoog/monumentagerman00peipgoog_0027.png"; bbox 0 0 4538 6426; ppageno 0'>
   <div class='ocr_carea' id='block_1_1' title="bbox 442 394 1505 466">
    <p class='ocr_par' dir='ltr' id='par_1_1' title="bbox 442 394 1505 466">
     <span class='ocr_line' id='line_1_1' title="bbox 442 394 1505 466; baseline 0 -12"><span class='ocrx_word' id='word_1_1' title='bbox 442 404 462 466; x_wconf 86' lang='grc'>4</span> <span class='ocrx_word' id='word_1_2' title='bbox 1028 395 1075 453; x_wconf 82' lang='lat' dir='ltr'>EX</span> <span class='ocrx_word' id='word_1_3' title='bbox 1094 395 1250 453; x_wconf 83' lang='lat' dir='ltr'>HONORII</span> <span class='ocrx_word' id='word_1_4' title='bbox 1267 395 1308 452; x_wconf 89' lang='lat' dir='ltr'>Ill</span> <span class='ocrx_word' id='word_1_5' title='bbox 1326 394 1505 454; x_wconf 82' lang='lat' dir='ltr'>REGISTRO</span> 
     </span>
    </p>
   </div>
   <div class='ocr_carea' id='block_1_2' title="bbox 375 557 2184 4786">
    <p class='ocr_par' dir='ltr' id='par_1_2' title="bbox 440 557 2155 1482">
     <span class='ocr_line' id='line_1_2' title="bbox 443 557 2093 662; baseline -0.004 -22"><span class='ocrx_word' id='word_1_6' title='bbox 443 581 476 640; x_wconf 91' lang='lat' dir='ltr'>et</span> <span class='ocrx_word' id='word_1_7' title='bbox 491 557 726 662; x_wconf 75' lang='lat' dir='ltr'>R[ayneriuml¹</span> <span class='ocrx_word' id='word_1_8' title='bbox 737 574 856 640; x_wconf 78' lang='lat' dir='ltr'>Sancte</span> <span class='ocrx_word' id='word_1_9' title='bbox 873 572 976 637; x_wconf 88' lang='lat' dir='ltr'>Marie</span> <span class='ocrx_word' id='word_1_10' title='bbox 999 571 1032 636; x_wconf 93' lang='lat' dir='ltr'>in</span> <span class='ocrx_word' id='word_1_11' title='bbox 1050 572 1226 637; x_wconf 79' lang='lat' dir='ltr'>Oosmedin</span> <span class='ocrx_word' id='word_1_12' title='bbox 1247 572 1419 637; x_wconf 90' lang='lat' dir='ltr'>diaconum</span> <span class='ocrx_word' id='word_1_13' title='bbox 1435 569 1628 653; x_wconf 80' lang='lat' dir='ltr'>cardinales,</span> <span class='ocrx_word' id='word_1_14' title='bbox 1654 570 1828 635; x_wconf 89' lang='lat' dir='ltr'>commisso</span> <span class='ocrx_word' id='word_1_15' title='bbox 1840 561 1841 564; x_wconf 27' lang='lat'>¹</span> <span class='ocrx_word' id='word_1_16' title='bbox 1852 570 1900 635; x_wconf 88' lang='lat' dir='ltr'>eis</span> <span class='ocrx_word' id='word_1_17' title='bbox 1918 567 2093 654; x_wconf 80' lang='lat' dir='ltr'>legationis</span> 
     </span>
     <span class='ocr_line' id='line_1_3' title="bbox 442 672 2092 764; baseline -0.004 -22"><span class='ocrx_word' id='word_1_18' title='bbox 442 678 565 758; x_wconf 79' lang='lat' dir='ltr'>officio,</span> <span class='ocrx_word' id='word_1_19' title='bbox 595 678 636 742; x_wconf 91' lang='lat' dir='ltr'>ad</span> <span class='ocrx_word' id='word_1_20' title='bbox 660 699 716 744; x_wconf 89' lang='lat' dir='ltr'>eos</span> <span class='ocrx_word' id='word_1_21' title='bbox 740 685 873 764; x_wconf 88' lang='lat' dir='ltr'>propter</span> <span class='ocrx_word' id='word_1_22' title='bbox 894 677 957 740; x_wconf 94' lang='lat' dir='ltr'>hoc</span> <span class='ocrx_word' id='word_1_23' title='bbox 981 676 1169 761; x_wconf 84' lang='lat' dir='ltr'>specialiter</span> <span class='ocrx_word' id='word_1_24' title='bbox 1191 675 1377 740; x_wconf 86' lang='lat' dir='ltr'>destinarit:</span> <span class='ocrx_word' id='word_1_25' title='bbox 1408 676 1486 761; x_wconf 92' lang='lat' dir='ltr'>ipsi,</span> <span class='ocrx_word' id='word_1_26' title='bbox 1515 676 1616 740; x_wconf 91' lang='lat' dir='ltr'>verbo</span> <span class='ocrx_word' id='word_1_27' title='bbox 1638 675 1728 760; x_wconf 89' lang='lat' dir='ltr'>pacis</span> <span class='ocrx_word' id='word_1_28' title='bbox 1753 673 1800 739; x_wconf 90' lang='lat' dir='ltr'>eis</span> <span class='ocrx_word' id='word_1_29' title='bbox 1830 695 1850 737; x_wconf 89' lang='lat' dir='ltr'>a</span> <span class='ocrx_word' id='word_1_30' title='bbox 1872 672 2092 737; x_wconf 91' lang='lat' dir='ltr'>cardinalibus</span> 
     </span>
     <span class='ocr_line' id='line_1_4' title="bbox 441 777 2090 866; baseline -0.004 -22"><span class='ocrx_word' id='word_1_31' title='bbox 441 780 597 866; x_wconf 86' lang='lat' dir='ltr'>predictis</span> <span class='ocrx_word' id='word_1_32' title='bbox 627 781 804 846; x_wconf 83' lang='lat' dir='ltr'>efficaciter</span> <span class='ocrx_word' id='word_1_33' title='bbox 832 787 865 845; x_wconf 91' lang='lat' dir='ltr'>et</span> <span class='ocrx_word' id='word_1_34' title='bbox 894 779 1072 866; x_wconf 86' lang='lat' dir='ltr'>prudenter</span> <span class='ocrx_word' id='word_1_35' title='bbox 1100 780 1269 865; x_wconf 91' lang='lat' dir='ltr'>proposito</span> <span class='ocrx_word' id='word_1_36' title='bbox 1295 801 1360 843; x_wconf 89' lang='lat' dir='ltr'>non</span> <span class='ocrx_word' id='word_1_37' title='bbox 1390 785 1539 864; x_wconf 89' lang='lat' dir='ltr'>recepto,</span> <span class='ocrx_word' id='word_1_38' title='bbox 1570 778 1765 863; x_wconf 90' lang='lat' dir='ltr'>contemptis</span> <span class='ocrx_word' id='word_1_39' title='bbox 1793 777 1925 842; x_wconf 90' lang='lat' dir='ltr'>monitis</span> <span class='ocrx_word' id='word_1_40' title='bbox 1954 782 1987 840; x_wconf 92' lang='lat' dir='ltr'>et</span> <span class='ocrx_word' id='word_1_41' title='bbox 2014 797 2090 861; x_wconf 89' lang='lat' dir='ltr'>pro-</span> 
     </span>
     <span class='ocr_line' id='line_1_5' title="bbox 440 879 2092 968; baseline -0.003 -21"><span class='ocrx_word' id='word_1_42' title='bbox 440 884 654 949; x_wconf 90' lang='lat' dir='ltr'>hibitionibus</span> <span class='ocrx_word' id='word_1_43' title='bbox 678 883 905 962; x_wconf 83' lang='lat' dir='ltr'>cardinalium,</span> <span class='ocrx_word' id='word_1_44' title='bbox 935 883 1132 968; x_wconf 90' lang='lat' dir='ltr'>Papicnsem</span> <span class='ocrx_word' id='word_1_45' title='bbox 1162 889 1281 946; x_wconf 86' lang='lat' dir='ltr'>terram</span> <span class='ocrx_word' id='word_1_46' title='bbox 1312 882 1476 946; x_wconf 89' lang='lat' dir='ltr'>hostiliter</span> <span class='ocrx_word' id='word_1_47' title='bbox 1506 882 1709 960; x_wconf 87' lang='lat' dir='ltr'>invaserunt,</span> <span class='ocrx_word' id='word_1_48' title='bbox 1741 882 1845 966; x_wconf 88' lang='lat' dir='ltr'>ipsam</span> <span class='ocrx_word' id='word_1_49' title='bbox 1868 879 2092 964; x_wconf 88' lang='lat' dir='ltr'>multipliciter</span> 
     </span>
     <span class='ocr_line' id='line_1_6' title="bbox 441 984 2089 1072; baseline -0.004 -22"><span class='ocrx_word' id='word_1_50' title='bbox 441 986 650 1052; x_wconf 86' lang='lat' dir='ltr'>devastantes</span> <span class='ocrx_word' id='word_1_51' title='bbox 666 988 700 1050; x_wconf 91' lang='lat' dir='ltr'>in</span> <span class='ocrx_word' id='word_1_52' title='bbox 714 986 779 1051; x_wconf 91' lang='lat' dir='ltr'>Dei</span> <span class='ocrx_word' id='word_1_53' title='bbox 795 993 1028 1072; x_wconf 89' lang='lat' dir='ltr'>contemptum,</span> <span class='ocrx_word' id='word_1_54' title='bbox 1044 986 1222 1070; x_wconf 89' lang='lat' dir='ltr'>apostolice</span> <span class='ocrx_word' id='word_1_55' title='bbox 1239 984 1327 1049; x_wconf 91' lang='lat' dir='ltr'>sedis</span> <span class='ocrx_word' id='word_1_56' title='bbox 1344 985 1495 1048; x_wconf 91' lang='lat' dir='ltr'>iniuriam</span> <span class='ocrx_word' id='word_1_57' title='bbox 1511 992 1545 1048; x_wconf 91' lang='lat' dir='ltr'>et</span> <span class='ocrx_word' id='word_1_58' title='bbox 1560 1005 1690 1049; x_wconf 90' lang='lat' dir='ltr'>suarum</span> <span class='ocrx_word' id='word_1_59' title='bbox 1706 985 1885 1071; x_wconf 90' lang='lat' dir='ltr'>periculum</span> <span class='ocrx_word' id='word_1_60' title='bbox 1900 984 2089 1048; x_wconf 90' lang='lat' dir='ltr'>animarum.</span> 
     </span>
     <span class='ocr_line' id='line_1_7' title="bbox 440 1088 2090 1175; baseline -0.002 -23"><span class='ocrx_word' id='word_1_61' title='bbox 440 1089 579 1175; x_wconf 89' lang='lat' dir='ltr'>Propter</span> <span class='ocrx_word' id='word_1_62' title='bbox 593 1089 678 1175; x_wconf 93' lang='lat' dir='ltr'>quod</span> <span class='ocrx_word' id='word_1_63' title='bbox 695 1089 876 1154; x_wconf 88' lang='lat' dir='ltr'>cardinales</span> <span class='ocrx_word' id='word_1_64' title='bbox 893 1089 1030 1175; x_wconf 89' lang='lat' dir='ltr'>predicti</span> <span class='ocrx_word' id='word_1_65' title='bbox 1046 1089 1176 1152; x_wconf 86' lang='lat' dir='ltr'>accensi</span> <span class='ocrx_word' id='word_1_66' title='bbox 1192 1090 1262 1152; x_wconf 86' lang='lat' dir='ltr'>zelo</span> <span class='ocrx_word' id='word_1_67' title='bbox 1280 1089 1402 1152; x_wconf 89' lang='lat' dir='ltr'>iustitie</span> <span class='ocrx_word' id='word_1_68' title='bbox 1419 1088 1451 1151; x_wconf 93' lang='lat' dir='ltr'>in</span> <span class='ocrx_word' id='word_1_69' title='bbox 1467 1093 1662 1173; x_wconf 85' lang='lat' dir='ltr'>potestates,</span> <span class='ocrx_word' id='word_1_70' title='bbox 1678 1088 1830 1152; x_wconf 87' lang='lat' dir='ltr'>consules</span> <span class='ocrx_word' id='word_1_71' title='bbox 1847 1093 1879 1152; x_wconf 91' lang='lat' dir='ltr'>et</span> <span class='ocrx_word' id='word_1_72' title='bbox 1894 1088 2090 1173; x_wconf 88' lang='lat' dir='ltr'>principales</span> 
     </span>
     <span class='ocr_line' id='line_1_8' title="bbox 441 1189 2091 1276; baseline -0.002 -21"><span class='ocrx_word' id='word_1_73' title='bbox 441 1193 643 1258; x_wconf 86' lang='lat' dir='ltr'>consiliarios</span> <span class='ocrx_word' id='word_1_74' title='bbox 672 1193 851 1258; x_wconf 90' lang='lat' dir='ltr'>Mediolani</span> <span class='ocrx_word' id='word_1_75' title='bbox 886 1199 919 1257; x_wconf 88' lang='lat' dir='ltr'>et</span> <span class='ocrx_word' id='word_1_76' title='bbox 948 1193 1117 1256; x_wconf 83' lang='lat' dir='ltr'>Placentia</span> <span class='ocrx_word' id='word_1_77' title='bbox 1148 1191 1316 1255; x_wconf 89' lang='lat' dir='ltr'>civitatum</span> <span class='ocrx_word' id='word_1_78' title='bbox 1348 1191 1541 1254; x_wconf 88' lang='lat' dir='ltr'>auctoritate</span> <span class='ocrx_word' id='word_1_79' title='bbox 1569 1191 1686 1276; x_wconf 86' lang='lat' dir='ltr'>prefati</span> <span class='ocrx_word' id='word_1_80' title='bbox 1716 1189 1958 1276; x_wconf 87' lang='lat' dir='ltr'>predecessoris</span> <span class='ocrx_word' id='word_1_81' title='bbox 1988 1189 2091 1253; x_wconf 90' lang='lat' dir='ltr'>nostri</span> 
     </span>
     <span class='ocr_line' id='line_1_9' title="bbox 441 1293 2090 1380; baseline -0.001 -22"><span class='ocrx_word' id='word_1_82' title='bbox 441 1296 785 1361; x_wconf 86' lang='lat' dir='ltr'>excommunicationis</span> <span class='ocrx_word' id='word_1_83' title='bbox 819 1296 1014 1360; x_wconf 89' lang='lat' dir='ltr'>sententiam</span> <span class='ocrx_word' id='word_1_84' title='bbox 1042 1295 1289 1380; x_wconf 90' lang='lat' dir='ltr'>promulgarunt</span> <span class='ocrx_word' id='word_1_85' title='bbox 1318 1301 1351 1358; x_wconf 91' lang='lat' dir='ltr'>ct</span> <span class='ocrx_word' id='word_1_86' title='bbox 1381 1294 1531 1358; x_wconf 90' lang='lat' dir='ltr'>civitates</span> <span class='ocrx_word' id='word_1_87' title='bbox 1562 1293 1695 1358; x_wconf 88' lang='lat' dir='ltr'>easdem</span> <span class='ocrx_word' id='word_1_88' title='bbox 1719 1298 1960 1378; x_wconf 88' lang='lat' dir='ltr'>supposuerunt</span> <span class='ocrx_word' id='word_1_89' title='bbox 1982 1293 2090 1357; x_wconf 90' lang='lat' dir='ltr'>eccle-</span> 
     </span>
     <span class='ocr_line' id='line_1_10' title="bbox 440 1396 2155 1482; baseline -0.001 -21"><span class='ocrx_word' id='word_1_90' title='bbox 440 1398 572 1462; x_wconf 89' lang='lat' dir='ltr'>siastico</span> <span class='ocrx_word' id='word_1_91' title='bbox 601 1398 786 1463; x_wconf 89' lang='lat' dir='ltr'>interdicto.</span> <span class='ocrx_word' id='word_1_92' title='bbox 830 1398 954 1462; x_wconf 88' lang='lat' dir='ltr'>Verum</span> <span class='ocrx_word' id='word_1_93' title='bbox 986 1398 1062 1482; x_wconf 91' lang='lat' dir='ltr'>quia</span> <span class='ocrx_word' id='word_1_94' title='bbox 1090 1397 1190 1462; x_wconf 92' lang='lat' dir='ltr'>iidem</span> <span class='ocrx_word' id='word_1_95' title='bbox 1218 1399 1251 1460; x_wconf 93' lang='lat' dir='ltr'>in</span> <span class='ocrx_word' id='word_1_96' title='bbox 1282 1397 1379 1460; x_wconf 90' lang='lat' dir='ltr'>maris</span> <span class='ocrx_word' id='word_1_97' title='bbox 1413 1396 1618 1460; x_wconf 87' lang='lat' dir='ltr'>altitudinem</span> <span class='ocrx_word' id='word_1_98' title='bbox 1650 1397 1838 1474; x_wconf 86' lang='lat' dir='ltr'>venientes,</span> <span class='ocrx_word' id='word_1_99' title='bbox 1876 1396 1978 1481; x_wconf 92' lang='lat' dir='ltr'>ipsius</span> <span class='ocrx_word' id='word_1_100' title='bbox 2016 1401 2091 1459; x_wconf 91' lang='lat' dir='ltr'>sunt</span> <span class='ocrx_word' id='word_1_101' title='bbox 2153 1397 2155 1402; x_wconf 74' lang='grc'>’</span> 
     </span>
    </p>

    <p class='ocr_par' dir='ltr' id='par_1_3' title="bbox 375 1487 2184 3521">
     <span class='ocr_line' id='line_1_11' title="bbox 375 1487 2086 1588; baseline -0.001 -24"><span class='ocrx_word' id='word_1_102' title='bbox 375 1487 380 1500; x_wconf 71' lang='grc'><strong>’</strong></span> <span class='ocrx_word' id='word_1_103' title='bbox 439 1507 635 1588; x_wconf 90' lang='lat' dir='ltr'>tempestate</span> <span class='ocrx_word' id='word_1_104' title='bbox 659 1502 817 1578; x_wconf 89' lang='lat' dir='ltr'>demersi,</span> <span class='ocrx_word' id='word_1_105' title='bbox 850 1508 886 1565; x_wconf 92' lang='lat' dir='ltr'>ut</span> <span class='ocrx_word' id='word_1_106' title='bbox 910 1503 1019 1566; x_wconf 90' lang='lat' dir='ltr'>oculos</span> <span class='ocrx_word' id='word_1_107' title='bbox 1044 1523 1120 1566; x_wconf 92' lang='lat' dir='ltr'>suos</span> <span class='ocrx_word' id='word_1_108' title='bbox 1145 1508 1289 1565; x_wconf 88' lang='lat' dir='ltr'>statuant</span> <span class='ocrx_word' id='word_1_109' title='bbox 1312 1501 1475 1565; x_wconf 91' lang='lat' dir='ltr'>declinare</span> <span class='ocrx_word' id='word_1_110' title='bbox 1499 1501 1531 1564; x_wconf 92' lang='lat' dir='ltr'>in</span> <span class='ocrx_word' id='word_1_111' title='bbox 1555 1507 1691 1573; x_wconf 80' lang='lat' dir='ltr'>terram,</span> <span class='ocrx_word' id='word_1_112' title='bbox 1720 1507 1753 1563; x_wconf 90' lang='lat' dir='ltr'>et</span> <span class='ocrx_word' id='word_1_113' title='bbox 1784 1520 1849 1563; x_wconf 91' lang='lat' dir='ltr'>non</span> <span class='ocrx_word' id='word_1_114' title='bbox 1872 1499 2086 1585; x_wconf 89' lang='lat' dir='ltr'>respicientes</span> 
     </span>
     <span class='ocr_line' id='line_1_12' title="bbox 439 1602 2091 1690; baseline 0 -24"><span class='ocrx_word' id='word_1_115' title='bbox 439 1603 480 1667; x_wconf 90' lang='lat' dir='ltr'>ad</span> <span class='ocrx_word' id='word_1_116' title='bbox 503 1606 609 1669; x_wconf 91' lang='lat' dir='ltr'>celum</span> <span class='ocrx_word' id='word_1_117' title='bbox 631 1604 736 1668; x_wconf 92' lang='lat' dir='ltr'>adhuc</span> <span class='ocrx_word' id='word_1_118' title='bbox 765 1605 796 1667; x_wconf 91' lang='lat' dir='ltr'>in</span> <span class='ocrx_word' id='word_1_119' title='bbox 821 1625 879 1668; x_wconf 90' lang='lat' dir='ltr'>sua</span> <span class='ocrx_word' id='word_1_120' title='bbox 908 1606 1117 1668; x_wconf 87' lang='lat' dir='ltr'>contumacia</span> <span class='ocrx_word' id='word_1_121' title='bbox 1140 1611 1368 1690; x_wconf 88' lang='lat' dir='ltr'>perseverant,</span> <span class='ocrx_word' id='word_1_122' title='bbox 1398 1626 1456 1668; x_wconf 88' lang='lat' dir='ltr'>nos</span> <span class='ocrx_word' id='word_1_123' title='bbox 1480 1603 1623 1689; x_wconf 89' lang='lat' dir='ltr'>prefatas</span> <span class='ocrx_word' id='word_1_124' title='bbox 1649 1603 1829 1667; x_wconf 90' lang='lat' dir='ltr'>sententias</span> <span class='ocrx_word' id='word_1_125' title='bbox 1852 1602 2091 1682; x_wconf 79' lang='lat' dir='ltr'>confirmantes,</span> 
     </span>
     <span class='ocr_line' id='line_1_13' title="bbox 439 1706 2091 1793; baseline 0.001 -24"><span class='ocrx_word' id='word_1_126' title='bbox 439 1728 555 1771; x_wconf 91' lang='lat' dir='ltr'>manus</span> <span class='ocrx_word' id='word_1_127' title='bbox 578 1714 706 1772; x_wconf 88' lang='lat' dir='ltr'>nostras</span> <span class='ocrx_word' id='word_1_128' title='bbox 730 1708 763 1769; x_wconf 91' lang='lat' dir='ltr'>in</span> <span class='ocrx_word' id='word_1_129' title='bbox 787 1729 845 1771; x_wconf 92' lang='lat' dir='ltr'>cos</span> <span class='ocrx_word' id='word_1_130' title='bbox 868 1707 1020 1771; x_wconf 85' lang='lat' dir='ltr'>duximus</span> <span class='ocrx_word' id='word_1_131' title='bbox 1043 1708 1277 1792; x_wconf 80' lang='lat' dir='ltr'>aggravandas,</span> <span class='ocrx_word' id='word_1_132' title='bbox 1301 1708 1521 1793; x_wconf 86' lang='lat' dir='ltr'>precipientes</span> <span class='ocrx_word' id='word_1_133' title='bbox 1545 1713 1726 1792; x_wconf 86' lang='lat' dir='ltr'>potestates</span> <span class='ocrx_word' id='word_1_134' title='bbox 1749 1711 1782 1770; x_wconf 91' lang='lat' dir='ltr'>et</span> <span class='ocrx_word' id='word_1_135' title='bbox 1805 1706 2007 1770; x_wconf 90' lang='lat' dir='ltr'>consiliarios</span> <span class='ocrx_word' id='word_1_136' title='bbox 2030 1727 2091 1770; x_wconf 90' lang='lat' dir='ltr'>nec</span> 
     </span>
     <span class='ocr_line' id='line_1_14' title="bbox 438 1808 2090 1895; baseline -0.001 -22"><span class='ocrx_word' id='word_1_137' title='bbox 438 1831 503 1875; x_wconf 93' lang='lat' dir='ltr'>non</span> <span class='ocrx_word' id='word_1_138' title='bbox 526 1817 559 1875; x_wconf 91' lang='lat' dir='ltr'>et</span> <span class='ocrx_word' id='word_1_139' title='bbox 582 1811 776 1874; x_wconf 89' lang='lat' dir='ltr'>societatum</span> <span class='ocrx_word' id='word_1_140' title='bbox 800 1810 974 1893; x_wconf 90' lang='lat' dir='ltr'>magistros</span> <span class='ocrx_word' id='word_1_141' title='bbox 998 1811 1166 1873; x_wconf 90' lang='lat' dir='ltr'>civitatum</span> <span class='ocrx_word' id='word_1_142' title='bbox 1189 1811 1330 1890; x_wconf 89' lang='lat' dir='ltr'>ipsarum</span> <span class='ocrx_word' id='word_1_143' title='bbox 1354 1831 1413 1895; x_wconf 90' lang='lat' dir='ltr'>por</span> <span class='ocrx_word' id='word_1_144' title='bbox 1436 1815 1537 1874; x_wconf 90' lang='lat' dir='ltr'>totam</span> <span class='ocrx_word' id='word_1_145' title='bbox 1560 1809 1788 1873; x_wconf 90' lang='lat' dir='ltr'>Lombardiam</span> <span class='ocrx_word' id='word_1_146' title='bbox 1814 1808 1950 1893; x_wconf 92' lang='lat' dir='ltr'>singulis</span> <span class='ocrx_word' id='word_1_147' title='bbox 1974 1808 2090 1873; x_wconf 91' lang='lat' dir='ltr'>diebus</span> 
     </span>
     <span class='ocr_line' id='line_1_15' title="bbox 439 1911 2184 1998; baseline -0.001 -22"><span class='ocrx_word' id='word_1_148' title='bbox 439 1913 609 1978; x_wconf 87' lang='lat' dir='ltr'>dominicis</span> <span class='ocrx_word' id='word_1_149' title='bbox 633 1919 667 1978; x_wconf 90' lang='lat' dir='ltr'>et</span> <span class='ocrx_word' id='word_1_150' title='bbox 688 1913 830 1992; x_wconf 78' lang='lat' dir='ltr'>festivis,</span> <span class='ocrx_word' id='word_1_151' title='bbox 863 1914 1001 1998; x_wconf 89' lang='lat' dir='ltr'>pulsatis</span> <span class='ocrx_word' id='word_1_152' title='bbox 1026 1914 1192 1998; x_wconf 89' lang='lat' dir='ltr'>campanis</span> <span class='ocrx_word' id='word_1_153' title='bbox 1217 1922 1251 1977; x_wconf 90' lang='lat' dir='ltr'>et</span> <span class='ocrx_word' id='word_1_154' title='bbox 1274 1913 1418 1978; x_wconf 89' lang='lat' dir='ltr'>candelis</span> <span class='ocrx_word' id='word_1_155' title='bbox 1442 1914 1603 1990; x_wconf 87' lang='lat' dir='ltr'>accensis,</span> <span class='ocrx_word' id='word_1_156' title='bbox 1635 1913 1936 1977; x_wconf 89' lang='lat' dir='ltr'>excommunicatos</span> <span class='ocrx_word' id='word_1_157' title='bbox 1959 1911 2089 1998; x_wconf 92' lang='lat' dir='ltr'>publice</span> <span class='ocrx_word' id='word_1_158' title='bbox 2183 1985 2184 1988; x_wconf 8' lang='grc' dir='ltr'><strong>Ἴ</strong></span> 
     </span>
     <span class='ocr_line' id='line_1_16' title="bbox 437 2015 2089 2095; baseline -0.001 -16"><span class='ocrx_word' id='word_1_159' title='bbox 437 2017 593 2095; x_wconf 90' lang='lat' dir='ltr'>nunciari,</span> <span class='ocrx_word' id='word_1_160' title='bbox 617 2022 650 2082; x_wconf 90' lang='lat' dir='ltr'>et</span> <span class='ocrx_word' id='word_1_161' title='bbox 671 2037 713 2081; x_wconf 92' lang='lat' dir='ltr'>ne</span> <span class='ocrx_word' id='word_1_162' title='bbox 737 2017 792 2080; x_wconf 89' lang='lat' dir='ltr'>alii</span> <span class='ocrx_word' id='word_1_163' title='bbox 816 2016 904 2081; x_wconf 90' lang='lat' dir='ltr'>cives</span> <span class='ocrx_word' id='word_1_164' title='bbox 928 2015 1192 2080; x_wconf 88' lang='lat' dir='ltr'>Mediolanenses</span> <span class='ocrx_word' id='word_1_165' title='bbox 1216 2021 1249 2081; x_wconf 90' lang='lat' dir='ltr'>et</span> <span class='ocrx_word' id='word_1_166' title='bbox 1271 2015 1456 2080; x_wconf 90' lang='lat' dir='ltr'>Placentini</span> <span class='ocrx_word' id='word_1_167' title='bbox 1480 2016 1727 2081; x_wconf 88' lang='lat' dir='ltr'>excusationem</span> <span class='ocrx_word' id='word_1_168' title='bbox 1749 2018 1881 2080; x_wconf 85' lang='lat' dir='ltr'>valeant</span> <span class='ocrx_word' id='word_1_169' title='bbox 1904 2036 2031 2080; x_wconf 88' lang='lat' dir='ltr'>sumere</span> <span class='ocrx_word' id='word_1_170' title='bbox 2054 2015 2089 2078; x_wconf 94' lang='lat' dir='ltr'>in</span> 
     </span>
     <span class='ocr_line' id='line_1_17' title="bbox 437 2117 2093 2205; baseline -0.001 -21"><span class='ocrx_word' id='word_1_171' title='bbox 437 2121 592 2204; x_wconf 89' lang='lat' dir='ltr'>peccatis,</span> <span class='ocrx_word' id='word_1_172' title='bbox 607 2140 720 2184; x_wconf 91' lang='lat' dir='ltr'>omnes</span> <span class='ocrx_word' id='word_1_173' title='bbox 736 2120 825 2183; x_wconf 87' lang='lat' dir='ltr'>cives</span> <span class='ocrx_word' id='word_1_174' title='bbox 838 2119 1015 2204; x_wconf 86' lang='lat' dir='ltr'>predictos,</span> <span class='ocrx_word' id='word_1_175' title='bbox 1032 2119 1085 2203; x_wconf 93' lang='lat' dir='ltr'>qui</span> <span class='ocrx_word' id='word_1_176' title='bbox 1098 2119 1138 2182; x_wconf 91' lang='lat' dir='ltr'>ad</span> <span class='ocrx_word' id='word_1_177' title='bbox 1152 2119 1406 2205; x_wconf 90' lang='lat' dir='ltr'>impugnandum</span> <span class='ocrx_word' id='word_1_178' title='bbox 1419 2119 1601 2205; x_wconf 90' lang='lat' dir='ltr'>Papicnses</span> <span class='ocrx_word' id='word_1_179' title='bbox 1614 2140 1703 2184; x_wconf 89' lang='lat' dir='ltr'>orma</span> <span class='ocrx_word' id='word_1_180' title='bbox 1716 2117 1757 2184; x_wconf 91' lang='lat' dir='ltr'>dc</span> <span class='ocrx_word' id='word_1_181' title='bbox 1771 2125 1881 2183; x_wconf 90' lang='lat' dir='ltr'>cetero</span> <span class='ocrx_word' id='word_1_182' title='bbox 1896 2119 2093 2203; x_wconf 91' lang='lat' dir='ltr'>sumpserint</span> 
     </span>
     <span class='ocr_line' id='line_1_18' title="bbox 436 2221 2089 2303; baseline 0 -17"><span class='ocrx_word' id='word_1_183' title='bbox 436 2223 490 2287; x_wconf 93' lang='lat' dir='ltr'>vel</span> <span class='ocrx_word' id='word_1_184' title='bbox 513 2222 554 2286; x_wconf 91' lang='lat' dir='ltr'>ad</span> <span class='ocrx_word' id='word_1_185' title='bbox 577 2221 812 2288; x_wconf 86' lang='lat' dir='ltr'>devastandum</span> <span class='ocrx_word' id='word_1_186' title='bbox 835 2229 955 2286; x_wconf 88' lang='lat' dir='ltr'>terram</span> <span class='ocrx_word' id='word_1_187' title='bbox 978 2222 1128 2286; x_wconf 89' lang='lat' dir='ltr'>venerint</span> <span class='ocrx_word' id='word_1_188' title='bbox 1150 2222 1338 2301; x_wconf 87' lang='lat' dir='ltr'>eorundem,</span> <span class='ocrx_word' id='word_1_189' title='bbox 1363 2222 1710 2287; x_wconf 84' lang='lat' dir='ltr'>excommunicationis</span> <span class='ocrx_word' id='word_1_190' title='bbox 1733 2221 1863 2286; x_wconf 92' lang='lat' dir='ltr'>vinculo</span> <span class='ocrx_word' id='word_1_191' title='bbox 1886 2221 2089 2303; x_wconf 91' lang='lat' dir='ltr'>innodamus,</span> 
     </span>
     <span class='ocr_line' id='line_1_19' title="bbox 437 2323 2089 2411; baseline 0 -22"><span class='ocrx_word' id='word_1_192' title='bbox 437 2326 600 2391; x_wconf 89' lang='lat' dir='ltr'>sententia</span> <span class='ocrx_word' id='word_1_193' title='bbox 621 2326 783 2392; x_wconf 89' lang='lat' dir='ltr'>consimili</span> <span class='ocrx_word' id='word_1_194' title='bbox 806 2326 1025 2411; x_wconf 87' lang='lat' dir='ltr'>percellentes</span> <span class='ocrx_word' id='word_1_195' title='bbox 1047 2331 1228 2410; x_wconf 87' lang='lat' dir='ltr'>potestates</span> <span class='ocrx_word' id='word_1_196' title='bbox 1253 2331 1287 2390; x_wconf 91' lang='lat' dir='ltr'>et</span> <span class='ocrx_word' id='word_1_197' title='bbox 1309 2326 1513 2390; x_wconf 90' lang='lat' dir='ltr'>consiliarios</span> <span class='ocrx_word' id='word_1_198' title='bbox 1531 2326 1697 2389; x_wconf 90' lang='lat' dir='ltr'>civitatum</span> <span class='ocrx_word' id='word_1_199' title='bbox 1719 2326 1858 2404; x_wconf 87' lang='lat' dir='ltr'>illarum,</span> <span class='ocrx_word' id='word_1_200' title='bbox 1882 2345 1945 2410; x_wconf 92' lang='lat' dir='ltr'>que</span> <span class='ocrx_word' id='word_1_201' title='bbox 1961 2323 2089 2389; x_wconf 87' lang='lat' dir='ltr'>Medio-</span> 
     </span>
     <span class='ocr_line' id='line_1_20' title="bbox 436 2427 2089 2514; baseline -0.001 -23"><span class='ocrx_word' id='word_1_202' title='bbox 436 2429 618 2494; x_wconf 89' lang='lat' dir='ltr'>lanensium</span> <span class='ocrx_word' id='word_1_203' title='bbox 644 2428 810 2493; x_wconf 90' lang='lat' dir='ltr'>societatis</span> <span class='ocrx_word' id='word_1_204' title='bbox 826 2428 939 2492; x_wconf 83' lang='lat' dir='ltr'>ledere</span> <span class='ocrx_word' id='word_1_205' title='bbox 964 2435 1038 2492; x_wconf 92' lang='lat' dir='ltr'>sunt</span> <span class='ocrx_word' id='word_1_206' title='bbox 1061 2429 1205 2502; x_wconf 86' lang='lat' dir='ltr'>astricte,</span> <span class='ocrx_word' id='word_1_207' title='bbox 1228 2430 1256 2493; x_wconf 94' lang='lat' dir='ltr'>si</span> <span class='ocrx_word' id='word_1_208' title='bbox 1280 2436 1393 2494; x_wconf 90' lang='lat' dir='ltr'>eontra</span> <span class='ocrx_word' id='word_1_209' title='bbox 1408 2429 1590 2514; x_wconf 90' lang='lat' dir='ltr'>Papicnses</span> <span class='ocrx_word' id='word_1_210' title='bbox 1615 2430 1679 2492; x_wconf 91' lang='lat' dir='ltr'>illis</span> <span class='ocrx_word' id='word_1_211' title='bbox 1694 2427 1898 2513; x_wconf 88' lang='lat' dir='ltr'>prostiterint</span> <span class='ocrx_word' id='word_1_212' title='bbox 1920 2428 2089 2510; x_wconf 89' lang='lat' dir='ltr'>auxilium,</span> 
     </span>
     <span class='ocr_line' id='line_1_21' title="bbox 437 2530 2088 2617; baseline -0.001 -21"><span class='ocrx_word' id='word_1_213' title='bbox 437 2533 608 2597; x_wconf 90' lang='lat' dir='ltr'>consilium</span> <span class='ocrx_word' id='word_1_214' title='bbox 622 2534 675 2597; x_wconf 91' lang='lat' dir='ltr'>vel</span> <span class='ocrx_word' id='word_1_215' title='bbox 689 2532 846 2611; x_wconf 81' lang='lat' dir='ltr'>favorem,</span> <span class='ocrx_word' id='word_1_216' title='bbox 862 2553 900 2596; x_wconf 88' lang='lat' dir='ltr'>ac</span> <span class='ocrx_word' id='word_1_217' title='bbox 914 2532 985 2616; x_wconf 90' lang='lat' dir='ltr'>pari</span> <span class='ocrx_word' id='word_1_218' title='bbox 1001 2532 1130 2596; x_wconf 92' lang='lat' dir='ltr'>viuculo</span> <span class='ocrx_word' id='word_1_219' title='bbox 1146 2533 1319 2617; x_wconf 88' lang='lat' dir='ltr'>alligamus</span> <span class='ocrx_word' id='word_1_220' title='bbox 1335 2552 1391 2596; x_wconf 90' lang='lat' dir='ltr'>eos</span> <span class='ocrx_word' id='word_1_221' title='bbox 1409 2532 1464 2616; x_wconf 90' lang='lat' dir='ltr'>qui</span> <span class='ocrx_word' id='word_1_222' title='bbox 1479 2532 1519 2596; x_wconf 91' lang='lat' dir='ltr'>de</span> <span class='ocrx_word' id='word_1_223' title='bbox 1536 2532 1721 2595; x_wconf 89' lang='lat' dir='ltr'>civitatibus</span> <span class='ocrx_word' id='word_1_224' title='bbox 1737 2552 1817 2616; x_wconf 87' lang='lat' dir='ltr'>sepe</span> <span class='ocrx_word' id='word_1_225' title='bbox 1832 2530 1929 2604; x_wconf 90' lang='lat' dir='ltr'>dictis</span> <span class='ocrx_word' id='word_1_226' title='bbox 1945 2532 2088 2617; x_wconf 87' lang='lat' dir='ltr'>aliquem</span> 
     </span>
     <span class='ocr_line' id='line_1_22' title="bbox 437 2635 2089 2721; baseline 0.001 -23"><span class='ocrx_word' id='word_1_227' title='bbox 437 2636 697 2721; x_wconf 90' lang='lat' dir='ltr'>presumpserint</span> <span class='ocrx_word' id='word_1_228' title='bbox 725 2636 758 2700; x_wconf 94' lang='lat' dir='ltr'>in</span> <span class='ocrx_word' id='word_1_229' title='bbox 786 2641 985 2720; x_wconf 90' lang='lat' dir='ltr'>potestatem</span> <span class='ocrx_word' id='word_1_230' title='bbox 1012 2656 1180 2700; x_wconf 90' lang='lat' dir='ltr'>assumere</span> <span class='ocrx_word' id='word_1_231' title='bbox 1202 2637 1255 2700; x_wconf 88' lang='lat' dir='ltr'>vel</span> <span class='ocrx_word' id='word_1_232' title='bbox 1284 2642 1454 2701; x_wconf 88' lang='lat' dir='ltr'>rectorem.</span> <span class='ocrx_word' id='word_1_233' title='bbox 1498 2635 1593 2699; x_wconf 89' lang='lat' dir='ltr'>Bona</span> <span class='ocrx_word' id='word_1_234' title='bbox 1620 2656 1747 2720; x_wconf 92' lang='lat' dir='ltr'>quoque</span> <span class='ocrx_word' id='word_1_235' title='bbox 1779 2635 1897 2698; x_wconf 91' lang='lat' dir='ltr'>civium</span> <span class='ocrx_word' id='word_1_236' title='bbox 1921 2636 2089 2700; x_wconf 90' lang='lat' dir='ltr'>civitatum</span> 
     </span>
     <span class='ocr_line' id='line_1_23' title="bbox 435 2737 2088 2824; baseline 0.001 -23"><span class='ocrx_word' id='word_1_237' title='bbox 435 2739 593 2823; x_wconf 91' lang='lat' dir='ltr'>ipsarum,</span> <span class='ocrx_word' id='word_1_238' title='bbox 623 2739 820 2824; x_wconf 89' lang='lat' dir='ltr'>ubicumque</span> <span class='ocrx_word' id='word_1_239' title='bbox 852 2739 974 2802; x_wconf 88' lang='lat' dir='ltr'>fuerint</span> <span class='ocrx_word' id='word_1_240' title='bbox 1004 2739 1150 2818; x_wconf 90' lang='lat' dir='ltr'>inventa,</span> <span class='ocrx_word' id='word_1_241' title='bbox 1190 2739 1388 2824; x_wconf 89' lang='lat' dir='ltr'>precipimus</span> <span class='ocrx_word' id='word_1_242' title='bbox 1419 2738 1572 2818; x_wconf 85' lang='lat' dir='ltr'>detineri,</span> <span class='ocrx_word' id='word_1_243' title='bbox 1602 2737 1835 2802; x_wconf 88' lang='lat' dir='ltr'>interdicentes</span> <span class='ocrx_word' id='word_1_244' title='bbox 1865 2739 2026 2803; x_wconf 90' lang='lat' dir='ltr'>universis</span> <span class='ocrx_word' id='word_1_245' title='bbox 2054 2745 2088 2803; x_wconf 91' lang='lat' dir='ltr'>et</span> 
     </span>
     <span class='ocr_line' id='line_1_24' title="bbox 435 2841 2089 2927; baseline 0.002 -23"><span class='ocrx_word' id='word_1_246' title='bbox 435 2842 588 2926; x_wconf 87' lang='lat' dir='ltr'>singulis,</span> <span class='ocrx_word' id='word_1_247' title='bbox 619 2862 660 2906; x_wconf 92' lang='lat' dir='ltr'>ne</span> <span class='ocrx_word' id='word_1_248' title='bbox 689 2862 763 2906; x_wconf 93' lang='lat' dir='ltr'>cum</span> <span class='ocrx_word' id='word_1_249' title='bbox 792 2843 840 2906; x_wconf 92' lang='lat' dir='ltr'>eis</span> <span class='ocrx_word' id='word_1_250' title='bbox 871 2842 1067 2927; x_wconf 90' lang='lat' dir='ltr'>colloquium</span> <span class='ocrx_word' id='word_1_251' title='bbox 1098 2864 1156 2906; x_wconf 90' lang='lat' dir='ltr'>seu</span> <span class='ocrx_word' id='word_1_252' title='bbox 1180 2843 1411 2907; x_wconf 88' lang='lat' dir='ltr'>commercium</span> <span class='ocrx_word' id='word_1_253' title='bbox 1434 2842 1578 2907; x_wconf 89' lang='lat' dir='ltr'>habeant</span> <span class='ocrx_word' id='word_1_254' title='bbox 1607 2843 1660 2906; x_wconf 90' lang='lat' dir='ltr'>vel</span> <span class='ocrx_word' id='word_1_255' title='bbox 1690 2847 1902 2906; x_wconf 85' lang='lat' dir='ltr'>contractum.</span> <span class='ocrx_word' id='word_1_256' title='bbox 1946 2841 1999 2905; x_wconf 88' lang='lat' dir='ltr'>Ad</span> <span class='ocrx_word' id='word_1_257' title='bbox 2026 2842 2089 2907; x_wconf 89' lang='lat' dir='ltr'>hec</span> 
     </span>
     <span class='ocr_line' id='line_1_25' title="bbox 433 2944 2088 3029; baseline 0.002 -22"><span class='ocrx_word' id='word_1_258' title='bbox 433 2945 589 3024; x_wconf 88' lang='lat' dir='ltr'>universi,</span> <span class='ocrx_word' id='word_1_259' title='bbox 613 2944 668 3028; x_wconf 93' lang='lat' dir='ltr'>qui</span> <span class='ocrx_word' id='word_1_260' title='bbox 691 2944 739 3008; x_wconf 88' lang='lat' dir='ltr'>eis</span> <span class='ocrx_word' id='word_1_261' title='bbox 762 2945 929 3010; x_wconf 89' lang='lat' dir='ltr'>societatis</span> <span class='ocrx_word' id='word_1_262' title='bbox 948 2945 1060 3010; x_wconf 88' lang='lat' dir='ltr'>federe</span> <span class='ocrx_word' id='word_1_263' title='bbox 1082 2944 1143 3009; x_wconf 88' lang='lat' dir='ltr'>sub</span> <span class='ocrx_word' id='word_1_264' title='bbox 1166 2947 1340 3010; x_wconf 90' lang='lat' dir='ltr'>iuramenti</span> <span class='ocrx_word' id='word_1_265' title='bbox 1362 2947 1493 3010; x_wconf 92' lang='lat' dir='ltr'>vinculo</span> <span class='ocrx_word' id='word_1_266' title='bbox 1517 2953 1592 3010; x_wconf 89' lang='lat' dir='ltr'>sunt</span> <span class='ocrx_word' id='word_1_267' title='bbox 1613 2944 1750 3025; x_wconf 86' lang='lat' dir='ltr'>astricti,</span> <span class='ocrx_word' id='word_1_268' title='bbox 1773 2951 1928 3029; x_wconf 90' lang='lat' dir='ltr'>quantum</span> <span class='ocrx_word' id='word_1_269' title='bbox 1951 2945 1992 3008; x_wconf 90' lang='lat' dir='ltr'>ad</span> <span class='ocrx_word' id='word_1_270' title='bbox 2015 2944 2088 3027; x_wconf 91' lang='lat' dir='ltr'>hoc,</span> 
     </span>
     <span class='ocr_line' id='line_1_26' title="bbox 433 3046 2087 3133; baseline 0.002 -24"><span class='ocrx_word' id='word_1_271' title='bbox 433 3046 499 3110; x_wconf 90' lang='lat' dir='ltr'>illis</span> <span class='ocrx_word' id='word_1_272' title='bbox 523 3068 558 3112; x_wconf 90' lang='lat' dir='ltr'>se</span> <span class='ocrx_word' id='word_1_273' title='bbox 581 3047 731 3111; x_wconf 91' lang='lat' dir='ltr'>noverint</span> <span class='ocrx_word' id='word_1_274' title='bbox 753 3069 818 3112; x_wconf 93' lang='lat' dir='ltr'>non</span> <span class='ocrx_word' id='word_1_275' title='bbox 841 3049 946 3113; x_wconf 90' lang='lat' dir='ltr'>teneri</span> <span class='ocrx_word' id='word_1_276' title='bbox 961 3049 1146 3113; x_wconf 90' lang='lat' dir='ltr'>huiusmodi</span> <span class='ocrx_word' id='word_1_277' title='bbox 1167 3050 1360 3130; x_wconf 90' lang='lat' dir='ltr'>iuramento,</span> <span class='ocrx_word' id='word_1_278' title='bbox 1384 3071 1457 3114; x_wconf 91' lang='lat' dir='ltr'>oum</span> <span class='ocrx_word' id='word_1_279' title='bbox 1473 3048 1697 3112; x_wconf 88' lang='lat' dir='ltr'>iusiurandum</span> <span class='ocrx_word' id='word_1_280' title='bbox 1721 3048 1902 3133; x_wconf 89' lang='lat' dir='ltr'>iniquitatis</span> <span class='ocrx_word' id='word_1_281' title='bbox 1921 3049 2087 3113; x_wconf 92' lang='lat' dir='ltr'>vinculum</span> 
     </span>
     <span class='ocr_line' id='line_1_27' title="bbox 435 3149 2085 3238; baseline 0.002 -26"><span class='ocrx_word' id='word_1_282' title='bbox 435 3169 598 3214; x_wconf 87' lang='lat' dir='ltr'>essenon</span> <span class='ocrx_word' id='word_1_283' title='bbox 627 3149 747 3215; x_wconf 89' lang='lat' dir='ltr'>debeat</span> <span class='ocrx_word' id='word_1_284' title='bbox 778 3151 836 3216; x_wconf 90' lang='lat' dir='ltr'>sed</span> <span class='ocrx_word' id='word_1_285' title='bbox 863 3153 1018 3238; x_wconf 87' lang='lat' dir='ltr'>equitatis</span> <span class='ocrx_word' id='word_1_286' title='bbox 1047 3153 1155 3238; x_wconf 89' lang='lat' dir='ltr'>potius</span> <span class='ocrx_word' id='word_1_287' title='bbox 1186 3159 1219 3217; x_wconf 90' lang='lat' dir='ltr'>et</span> <span class='ocrx_word' id='word_1_288' title='bbox 1246 3152 1371 3217; x_wconf 92' lang='lat' dir='ltr'>iustitie</span> <span class='ocrx_word' id='word_1_289' title='bbox 1394 3152 1643 3216; x_wconf 85' lang='lat' dir='ltr'>firmamentum.</span> <span class='ocrx_word' id='word_1_290' title='bbox 1689 3149 1850 3222; x_wconf 79' lang='lat' dir='ltr'>Quocirca</span> <span class='ocrx_word' id='word_1_291' title='bbox 1879 3152 2085 3216; x_wconf 87' lang='lat' dir='ltr'>universitati</span> 
     </span>
     <span class='ocr_line' id='line_1_28' title="bbox 435 3254 2092 3342; baseline 0.003 -28"><span class='ocrx_word' id='word_1_292' title='bbox 435 3259 544 3316; x_wconf 88' lang='lat' dir='ltr'>vestre</span> <span class='ocrx_word' id='word_1_293' title='bbox 567 3274 626 3339; x_wconf 91' lang='lat' dir='ltr'>pcr</span> <span class='ocrx_word' id='word_1_294' title='bbox 649 3255 830 3338; x_wconf 90' lang='lat' dir='ltr'>apostolica</span> <span class='ocrx_word' id='word_1_295' title='bbox 853 3257 974 3341; x_wconf 89' lang='lat' dir='ltr'>scripta</span> <span class='ocrx_word' id='word_1_296' title='bbox 996 3256 1207 3342; x_wconf 87' lang='lat' dir='ltr'>precipiendo</span> <span class='ocrx_word' id='word_1_297' title='bbox 1230 3255 1437 3336; x_wconf 89' lang='lat' dir='ltr'>mandamus,</span> <span class='ocrx_word' id='word_1_298' title='bbox 1467 3254 1620 3339; x_wconf 87' lang='lat' dir='ltr'>quatinus</span> <span class='ocrx_word' id='word_1_299' title='bbox 1643 3254 1802 3340; x_wconf 90' lang='lat' dir='ltr'>premissa</span> <span class='ocrx_word' id='word_1_300' title='bbox 1824 3254 1883 3319; x_wconf 93' lang='lat' dir='ltr'>sub</span> <span class='ocrx_word' id='word_1_301' title='bbox 1910 3255 2092 3341; x_wconf 91' lang='lat' dir='ltr'>apostoliea</span> 
     </span>
     <span class='ocr_line' id='line_1_29' title="bbox 435 3355 2090 3444; baseline 0.002 -26"><span class='ocrx_word' id='word_1_302' title='bbox 435 3355 624 3420; x_wconf 89' lang='lat' dir='ltr'>obedientia</span> <span class='ocrx_word' id='word_1_303' title='bbox 650 3362 683 3420; x_wconf 90' lang='lat' dir='ltr'>et</span> <span class='ocrx_word' id='word_1_304' title='bbox 706 3378 764 3422; x_wconf 89' lang='lat' dir='ltr'>vos</span> <span class='ocrx_word' id='word_1_305' title='bbox 793 3358 856 3444; x_wconf 94' lang='lat' dir='ltr'>ipsi</span> <span class='ocrx_word' id='word_1_306' title='bbox 886 3359 1021 3423; x_wconf 87' lang='lat' dir='ltr'>firmiter</span> <span class='ocrx_word' id='word_1_307' title='bbox 1043 3359 1227 3423; x_wconf 88' lang='lat' dir='ltr'>observetis</span> <span class='ocrx_word' id='word_1_308' title='bbox 1252 3365 1284 3423; x_wconf 90' lang='lat' dir='ltr'>et</span> <span class='ocrx_word' id='word_1_309' title='bbox 1307 3365 1462 3443; x_wconf 90' lang='lat' dir='ltr'>quantum</span> <span class='ocrx_word' id='word_1_310' title='bbox 1490 3358 1524 3420; x_wconf 96' lang='lat' dir='ltr'>in</span> <span class='ocrx_word' id='word_1_311' title='bbox 1546 3357 1638 3421; x_wconf 90' lang='lat' dir='ltr'>vobis</span> <span class='ocrx_word' id='word_1_312' title='bbox 1666 3355 1780 3434; x_wconf 87' lang='lat' dir='ltr'>fucrit,</span> <span class='ocrx_word' id='word_1_313' title='bbox 1803 3355 1931 3421; x_wconf 85' lang='lat' dir='ltr'>faciatis</span> <span class='ocrx_word' id='word_1_314' title='bbox 1954 3358 2090 3422; x_wconf 90' lang='lat' dir='ltr'>firmiter</span> 
     </span>
     <span class='ocr_line' id='line_1_30' title="bbox 434 3456 612 3521; baseline 0.006 -2"><span class='ocrx_word' id='word_1_315' title='bbox 434 3456 612 3521; x_wconf 88' lang='lat' dir='ltr'>observari.</span> 
     </span>
    </p>

    <p class='ocr_par' dir='ltr' id='par_1_4' title="bbox 540 3558 772 3628">
     <span class='ocr_line' id='line_1_31' title="bbox 540 3558 772 3628; baseline 0.017 -5"><span class='ocrx_word' id='word_1_316' title='bbox 540 3558 616 3623; x_wconf 90' lang='lat' dir='ltr'>Dat.</span> <span class='ocrx_word' id='word_1_317' title='bbox 639 3560 772 3628; x_wconf 90' lang='lat' dir='ltr'>Narnie.</span> 
     </span>
    </p>

    <p class='ocr_par' dir='ltr' id='par_1_5' title="bbox 540 3662 2019 3750">
     <span class='ocr_line' id='line_1_32' title="bbox 540 3662 2019 3750; baseline 0.004 -24"><span class='ocrx_word' id='word_1_318' title='bbox 540 3662 579 3727; x_wconf 95' lang='lat' dir='ltr'>In</span> <span class='ocrx_word' id='word_1_319' title='bbox 603 3664 742 3730; x_wconf 90' lang='lat' dir='ltr'>eundem</span> <span class='ocrx_word' id='word_1_320' title='bbox 765 3664 896 3730; x_wconf 91' lang='lat' dir='ltr'>modum</span> <span class='ocrx_word' id='word_1_321' title='bbox 919 3667 1137 3750; x_wconf 88' lang='lat' dir='ltr'>potestatibus</span> <span class='ocrx_word' id='word_1_322' title='bbox 1158 3671 1191 3730; x_wconf 91' lang='lat' dir='ltr'>et</span> <span class='ocrx_word' id='word_1_323' title='bbox 1208 3665 1396 3729; x_wconf 91' lang='lat' dir='ltr'>consulibus</span> <span class='ocrx_word' id='word_1_324' title='bbox 1418 3664 1586 3729; x_wconf 90' lang='lat' dir='ltr'>civitatum</span> <span class='ocrx_word' id='word_1_325' title='bbox 1604 3663 1801 3729; x_wconf 91' lang='lat' dir='ltr'>Lombardie</span> <span class='ocrx_word' id='word_1_326' title='bbox 1821 3666 2019 3750; x_wconf 84' lang='lat' dir='ltr'>singillatim.</span> 
     </span>
    </p>

    <p class='ocr_par' dir='ltr' id='par_1_6' title="bbox 540 3765 1620 3855">
     <span class='ocr_line' id='line_1_33' title="bbox 540 3765 1620 3855; baseline 0.001 -27"><span class='ocrx_word' id='word_1_327' title='bbox 540 3765 580 3829; x_wconf 93' lang='lat' dir='ltr'>In</span> <span class='ocrx_word' id='word_1_328' title='bbox 603 3767 742 3833; x_wconf 91' lang='lat' dir='ltr'>eundem</span> <span class='ocrx_word' id='word_1_329' title='bbox 764 3767 832 3832; x_wconf 90' lang='lat' dir='ltr'>fere</span> <span class='ocrx_word' id='word_1_330' title='bbox 856 3769 988 3832; x_wconf 93' lang='lat' dir='ltr'>modum</span> <span class='ocrx_word' id='word_1_331' title='bbox 1012 3770 1174 3855; x_wconf 88' lang='lat' dir='ltr'>episcopis</span> <span class='ocrx_word' id='word_1_332' title='bbox 1197 3768 1395 3833; x_wconf 89' lang='lat' dir='ltr'>Lombardie</span> <span class='ocrx_word' id='word_1_333' title='bbox 1420 3768 1620 3853; x_wconf 90' lang='lat' dir='ltr'>singillatim.</span> 
     </span>
    </p>

    <p class='ocr_par' dir='ltr' id='par_1_7' title="bbox 432 3869 2087 4450">
     <span class='ocr_line' id='line_1_34' title="bbox 541 3869 2086 3957; baseline 0.002 -25"><span class='ocrx_word' id='word_1_334' title='bbox 541 3869 580 3933; x_wconf 92' lang='lat' dir='ltr'>In</span> <span class='ocrx_word' id='word_1_335' title='bbox 611 3871 751 3936; x_wconf 87' lang='lat' dir='ltr'>eundem</span> <span class='ocrx_word' id='word_1_336' title='bbox 780 3872 911 3936; x_wconf 93' lang='lat' dir='ltr'>modum</span> <span class='ocrx_word' id='word_1_337' title='bbox 940 3874 1042 3938; x_wconf 91' lang='lat' dir='ltr'>nobili</span> <span class='ocrx_word' id='word_1_338' title='bbox 1066 3875 1134 3938; x_wconf 91' lang='lat' dir='ltr'>viro</span> <span class='ocrx_word' id='word_1_339' title='bbox 1165 3873 1345 3937; x_wconf 87' lang='lat' dir='ltr'>marchioni</span> <span class='ocrx_word' id='word_1_340' title='bbox 1374 3873 1556 3957; x_wconf 88' lang='lat' dir='ltr'>Malcspinc</span> <span class='ocrx_word' id='word_1_341' title='bbox 1582 3892 1702 3956; x_wconf 90' lang='lat' dir='ltr'>usque:</span> <span class='ocrx_word' id='word_1_342' title='bbox 1733 3877 1944 3937; x_wconf 88' lang='lat' dir='ltr'>contractum.</span> <span class='ocrx_word' id='word_1_343' title='bbox 1996 3870 2086 3942; x_wconf 82' lang='lat' dir='ltr'>Quo-</span> 
     </span>
     <span class='ocr_line' id='line_1_35' title="bbox 432 3972 2087 4061; baseline 0.002 -26"><span class='ocrx_word' id='word_1_344' title='bbox 432 3972 520 4036; x_wconf 88' lang='lat' dir='ltr'>circa</span> <span class='ocrx_word' id='word_1_345' title='bbox 553 3974 758 4039; x_wconf 91' lang='lat' dir='ltr'>nobilitatem</span> <span class='ocrx_word' id='word_1_346' title='bbox 791 3982 880 4039; x_wconf 90' lang='lat' dir='ltr'>tuam</span> <span class='ocrx_word' id='word_1_347' title='bbox 913 3996 1065 4060; x_wconf 91' lang='lat' dir='ltr'>rogamus</span> <span class='ocrx_word' id='word_1_348' title='bbox 1100 3978 1256 4041; x_wconf 90' lang='lat' dir='ltr'>attentius</span> <span class='ocrx_word' id='word_1_349' title='bbox 1292 3983 1325 4040; x_wconf 93' lang='lat' dir='ltr'>et</span> <span class='ocrx_word' id='word_1_350' title='bbox 1355 3997 1543 4052; x_wconf 85' lang='lat' dir='ltr'>monemus,</span> <span class='ocrx_word' id='word_1_351' title='bbox 1578 3997 1638 4061; x_wconf 91' lang='lat' dir='ltr'>per</span> <span class='ocrx_word' id='word_1_352' title='bbox 1666 3976 1847 4061; x_wconf 90' lang='lat' dir='ltr'>apostolica</span> <span class='ocrx_word' id='word_1_353' title='bbox 1876 3976 1936 4039; x_wconf 91' lang='lat' dir='ltr'>tibi</span> <span class='ocrx_word' id='word_1_354' title='bbox 1966 3975 2087 4060; x_wconf 91' lang='lat' dir='ltr'>scripta</span> 
     </span>
     <span class='ocr_line' id='line_1_36' title="bbox 432 4076 2083 4168; baseline 0.002 -30"><span class='ocrx_word' id='word_1_355' title='bbox 432 4076 641 4158; x_wconf 88' lang='lat' dir='ltr'>mandantes,</span> <span class='ocrx_word' id='word_1_356' title='bbox 665 4080 817 4164; x_wconf 90' lang='lat' dir='ltr'>quatinus</span> <span class='ocrx_word' id='word_1_357' title='bbox 842 4081 1008 4144; x_wconf 89' lang='lat' dir='ltr'>societatis</span> <span class='ocrx_word' id='word_1_358' title='bbox 1032 4080 1143 4146; x_wconf 85' lang='lat' dir='ltr'>federe</span> <span class='ocrx_word' id='word_1_359' title='bbox 1167 4081 1327 4145; x_wconf 91' lang='lat' dir='ltr'>dissoluto</span> <span class='ocrx_word' id='word_1_360' title='bbox 1354 4081 1546 4168; x_wconf 89' lang='lat' dir='ltr'>iampridem</span> <span class='ocrx_word' id='word_1_361' title='bbox 1570 4079 1673 4144; x_wconf 91' lang='lat' dir='ltr'>iuhito</span> <span class='ocrx_word' id='word_1_362' title='bbox 1705 4100 1777 4143; x_wconf 91' lang='lat' dir='ltr'>cum</span> <span class='ocrx_word' id='word_1_363' title='bbox 1801 4078 1941 4158; x_wconf 90' lang='lat' dir='ltr'>eisdem,</span> <span class='ocrx_word' id='word_1_364' title='bbox 1965 4079 2083 4163; x_wconf 91' lang='lat' dir='ltr'>quibus</span> 
     </span>
     <span class='ocr_line' id='line_1_37' title="bbox 433 4179 2084 4270; baseline 0.001 -29"><span class='ocrx_word' id='word_1_365' title='bbox 433 4179 503 4242; x_wconf 90' lang='lat' dir='ltr'>sine</span> <span class='ocrx_word' id='word_1_366' title='bbox 526 4180 669 4265; x_wconf 91' lang='lat' dir='ltr'>periculo</span> <span class='ocrx_word' id='word_1_367' title='bbox 693 4182 800 4246; x_wconf 89' lang='lat' dir='ltr'>anime</span> <span class='ocrx_word' id='word_1_368' title='bbox 820 4183 1058 4248; x_wconf 90' lang='lat' dir='ltr'>communicare</span> <span class='ocrx_word' id='word_1_369' title='bbox 1081 4204 1147 4246; x_wconf 92' lang='lat' dir='ltr'>non</span> <span class='ocrx_word' id='word_1_370' title='bbox 1162 4189 1265 4269; x_wconf 92' lang='lat' dir='ltr'>potes,</span> <span class='ocrx_word' id='word_1_371' title='bbox 1289 4184 1414 4248; x_wconf 91' lang='lat' dir='ltr'>nullum</span> <span class='ocrx_word' id='word_1_372' title='bbox 1437 4185 1518 4270; x_wconf 91' lang='lat' dir='ltr'>ipsis</span> <span class='ocrx_word' id='word_1_373' title='bbox 1533 4184 1692 4248; x_wconf 85' lang='lat' dir='ltr'>auxilium</span> <span class='ocrx_word' id='word_1_374' title='bbox 1706 4182 1830 4246; x_wconf 89' lang='lat' dir='ltr'>tribuas</span> <span class='ocrx_word' id='word_1_375' title='bbox 1852 4183 1905 4246; x_wconf 91' lang='lat' dir='ltr'>vel</span> <span class='ocrx_word' id='word_1_376' title='bbox 1928 4182 2084 4246; x_wconf 88' lang='lat' dir='ltr'>favorem.</span> 
     </span>
     <span class='ocr_line' id='line_1_38' title="bbox 432 4282 2083 4372; baseline 0.001 -27"><span class='ocrx_word' id='word_1_377' title='bbox 432 4282 603 4366; x_wconf 88' lang='lat' dir='ltr'>Alioquin,</span> <span class='ocrx_word' id='word_1_378' title='bbox 638 4307 711 4350; x_wconf 90' lang='lat' dir='ltr'>cum</span> <span class='ocrx_word' id='word_1_379' title='bbox 741 4286 867 4350; x_wconf 88' lang='lat' dir='ltr'>facinus</span> <span class='ocrx_word' id='word_1_380' title='bbox 899 4308 981 4371; x_wconf 92' lang='lat' dir='ltr'>quos</span> <span class='ocrx_word' id='word_1_381' title='bbox 1016 4287 1163 4372; x_wconf 90' lang='lat' dir='ltr'>inquinat</span> <span class='ocrx_word' id='word_1_382' title='bbox 1197 4292 1311 4371; x_wconf 89' lang='lat' dir='ltr'>equct,</span> <span class='ocrx_word' id='word_1_383' title='bbox 1348 4288 1474 4352; x_wconf 90' lang='lat' dir='ltr'>vinculo</span> <span class='ocrx_word' id='word_1_384' title='bbox 1510 4293 1542 4352; x_wconf 89' lang='lat' dir='ltr'>te</span> <span class='ocrx_word' id='word_1_385' title='bbox 1574 4286 1705 4350; x_wconf 88' lang='lat' dir='ltr'>noveris</span> <span class='ocrx_word' id='word_1_386' title='bbox 1736 4285 2083 4350; x_wconf 83' lang='lat' dir='ltr'>excommunicationis</span> 
     </span>
     <span class='ocr_line' id='line_1_39' title="bbox 433 4387 611 4450; baseline 0.011 -2"><span class='ocrx_word' id='word_1_387' title='bbox 433 4387 611 4450; x_wconf 88' lang='lat' dir='ltr'>astrictum.</span> 
     </span>
    </p>

    <p class='ocr_par' dir='ltr' id='par_1_8' title="bbox 430 4488 2160 4786">
     <span class='ocr_line' id='line_1_40' title="bbox 539 4488 2084 4579; baseline 0.003 -28"><span class='ocrx_word' id='word_1_388' title='bbox 539 4488 579 4552; x_wconf 93' lang='lat' dir='ltr'>In</span> <span class='ocrx_word' id='word_1_389' title='bbox 608 4491 748 4555; x_wconf 90' lang='lat' dir='ltr'>eundem</span> <span class='ocrx_word' id='word_1_390' title='bbox 777 4491 908 4556; x_wconf 92' lang='lat' dir='ltr'>modum</span> <span class='ocrx_word' id='word_1_391' title='bbox 934 4493 1036 4556; x_wconf 91' lang='lat' dir='ltr'>nobili</span> <span class='ocrx_word' id='word_1_392' title='bbox 1059 4493 1128 4556; x_wconf 93' lang='lat' dir='ltr'>viro</span> <span class='ocrx_word' id='word_1_393' title='bbox 1156 4494 1267 4557; x_wconf 90' lang='lat' dir='ltr'>comiti</span> <span class='ocrx_word' id='word_1_394' title='bbox 1291 4493 1455 4559; x_wconf 79' lang='lat' dir='ltr'>Sabaudie</span> <span class='ocrx_word' id='word_1_395' title='bbox 1487 4515 1607 4579; x_wconf 89' lang='lat' dir='ltr'>usque:</span> <span class='ocrx_word' id='word_1_396' title='bbox 1639 4493 1799 4570; x_wconf 85' lang='lat' dir='ltr'>favorem,</span> <span class='ocrx_word' id='word_1_397' title='bbox 1830 4492 1968 4556; x_wconf 90' lang='lat' dir='ltr'>sciturus</span> <span class='ocrx_word' id='word_1_398' title='bbox 1998 4490 2084 4576; x_wconf 92' lang='lat' dir='ltr'>quod</span> 
     </span>
     <span class='ocr_line' id='line_1_41' title="bbox 430 4591 2160 4683; baseline 0.005 -30"><span class='ocrx_word' id='word_1_399' title='bbox 430 4591 556 4657; x_wconf 91' lang='lat' dir='ltr'>ratione</span> <span class='ocrx_word' id='word_1_400' title='bbox 578 4595 708 4679; x_wconf 91' lang='lat' dir='ltr'>prestiti</span> <span class='ocrx_word' id='word_1_401' title='bbox 724 4595 898 4660; x_wconf 88' lang='lat' dir='ltr'>iuramenti</span> <span class='ocrx_word' id='word_1_402' title='bbox 915 4596 1004 4660; x_wconf 92' lang='lat' dir='ltr'>nullo</span> <span class='ocrx_word' id='word_1_403' title='bbox 1025 4595 1121 4660; x_wconf 95' lang='lat' dir='ltr'>modo</span> <span class='ocrx_word' id='word_1_404' title='bbox 1143 4598 1264 4662; x_wconf 89' lang='lat' dir='ltr'>teneris</span> <span class='ocrx_word' id='word_1_405' title='bbox 1288 4597 1424 4678; x_wconf 89' lang='lat' dir='ltr'>eisdem,</span> <span class='ocrx_word' id='word_1_406' title='bbox 1448 4618 1544 4681; x_wconf 90' lang='lat' dir='ltr'>quam</span> <span class='ocrx_word' id='word_1_407' title='bbox 1567 4597 1623 4661; x_wconf 90' lang='lat' dir='ltr'>diu</span> <span class='ocrx_word' id='word_1_408' title='bbox 1640 4596 1794 4683; x_wconf 88' lang='lat' dir='ltr'>predictis</span> <span class='ocrx_word' id='word_1_409' title='bbox 1812 4595 1983 4659; x_wconf 90' lang='lat' dir='ltr'>sententiis</span> <span class='ocrx_word' id='word_1_410' title='bbox 2007 4601 2083 4658; x_wconf 94' lang='lat' dir='ltr'>sunt</span> <span class='ocrx_word' id='word_1_411' title='bbox 2134 4624 2160 4661; x_wconf 75' lang='lat' dir='ltr'>ro</span> 
     </span>
     <span class='ocr_line' id='line_1_42' title="bbox 430 4694 1898 4786; baseline 0.003 -30"><span class='ocrx_word' id='word_1_412' title='bbox 430 4694 532 4780; x_wconf 89' lang='lat' dir='ltr'>ligati,</span> <span class='ocrx_word' id='word_1_413' title='bbox 555 4697 672 4780; x_wconf 90' lang='lat' dir='ltr'>quibus</span> <span class='ocrx_word' id='word_1_414' title='bbox 696 4697 729 4760; x_wconf 91' lang='lat' dir='ltr'>in</span> <span class='ocrx_word' id='word_1_415' title='bbox 751 4697 814 4761; x_wconf 89' lang='lat' dir='ltr'>hiis</span> <span class='ocrx_word' id='word_1_416' title='bbox 838 4698 1078 4762; x_wconf 90' lang='lat' dir='ltr'>communicare</span> <span class='ocrx_word' id='word_1_417' title='bbox 1101 4719 1166 4762; x_wconf 88' lang='lat' dir='ltr'>non</span> <span class='ocrx_word' id='word_1_418' title='bbox 1189 4705 1284 4785; x_wconf 91' lang='lat' dir='ltr'>potes</span> <span class='ocrx_word' id='word_1_419' title='bbox 1308 4700 1378 4764; x_wconf 89' lang='lat' dir='ltr'>sine</span> <span class='ocrx_word' id='word_1_420' title='bbox 1402 4700 1515 4764; x_wconf 90' lang='lat' dir='ltr'>salutis</span> <span class='ocrx_word' id='word_1_421' title='bbox 1538 4701 1669 4786; x_wconf 91' lang='lat' dir='ltr'>proprie</span> <span class='ocrx_word' id='word_1_422' title='bbox 1693 4699 1898 4763; x_wconf 90' lang='lat' dir='ltr'>detrimento.</span> 
     </span>
    </p>
   </div>
   <div class='ocr_carea' id='block_1_3' title="bbox 1233 5151 1270 5227">
    <p class='ocr_par' dir='ltr' id='par_1_9' title="bbox 1233 5151 1270 5227">
     <span class='ocr_line' id='line_1_43' title="bbox 1233 5151 1270 5227; baseline 0.054 -2"><span class='ocrx_word' id='word_1_423' title='bbox 1233 5151 1270 5227; x_wconf 78' lang='lat'>4.</span> 
     </span>
    </p>
   </div>
   <div class='ocr_carea' id='block_1_4' title="bbox 426 5253 2082 5570">
    <p class='ocr_par' dir='ltr' id='par_1_10' title="bbox 426 5253 2082 5570">
     <span class='ocr_line' id='line_1_44' title="bbox 539 5253 2082 5369; baseline 0.001 -21"><span class='ocrx_word' id='word_1_424' title='bbox 539 5253 727 5348; x_wconf 75' lang='lat' dir='ltr'>Honorias</span> <span class='ocrx_word' id='word_1_425' title='bbox 742 5279 809 5346; x_wconf 89' lang='grc' dir='ltr'>ΠΙ</span> <span class='ocrx_word' id='word_1_426' title='bbox 821 5302 910 5362; x_wconf 72' lang='lat' dir='ltr'>prqra</span> <span class='ocrx_word' id='word_1_427' title='bbox 924 5280 1110 5369; x_wconf 79' lang='lat' dir='ltr'>[Andreae]</span> <span class='ocrx_word' id='word_1_428' title='bbox 1131 5284 1270 5365; x_wconf 81' lang='lat' dir='ltr'>episcopo</span> <span class='ocrx_word' id='word_1_429' title='bbox 1285 5283 1443 5368; x_wconf 70' lang='lat' dir='ltr'>Properat</span> <span class='ocrx_word' id='word_1_430' title='bbox 1464 5286 1628 5366; x_wconf 76' lang='lat' dir='ltr'>quaerenti</span> <span class='ocrx_word' id='word_1_431' title='bbox 1642 5283 1678 5350; x_wconf 83' lang='lat' dir='ltr'>dc</span> <span class='ocrx_word' id='word_1_432' title='bbox 1692 5285 1907 5350; x_wconf 81' lang='lat' dir='ltr'>saecularibus</span> <span class='ocrx_word' id='word_1_433' title='bbox 1924 5287 2082 5350; x_wconf 81' lang='lat' dir='ltr'>corroairis</span> 
     </span>
     <span class='ocr_line' id='line_1_45' title="bbox 427 5386 2077 5470; baseline 0.002 -21"><span class='ocrx_word' id='word_1_434' title='bbox 427 5387 533 5450; x_wconf 71' lang='lat' dir='ltr'>mistas</span> <span class='ocrx_word' id='word_1_435' title='bbox 555 5387 687 5468; x_wconf 70' lang='lat' dir='ltr'>legitime</span> <span class='ocrx_word' id='word_1_436' title='bbox 708 5387 794 5449; x_wconf 80' lang='lat' dir='ltr'>catis</span> <span class='ocrx_word' id='word_1_437' title='bbox 816 5389 844 5448; x_wconf 86' lang='lat' dir='ltr'>ct</span> <span class='ocrx_word' id='word_1_438' title='bbox 865 5386 902 5448; x_wconf 86' lang='lat' dir='ltr'>de</span> <span class='ocrx_word' id='word_1_439' title='bbox 915 5388 1042 5450; x_wconf 68' lang='lat' dir='ltr'>licentia</span> <span class='ocrx_word' id='word_1_440' title='bbox 1064 5407 1174 5450; x_wconf 76' lang='lat' dir='ltr'>corace</span> <span class='ocrx_word' id='word_1_441' title='bbox 1187 5388 1369 5467; x_wconf 74' lang='lat' dir='ltr'>comedendi,</span> <span class='ocrx_word' id='word_1_442' title='bbox 1392 5389 1519 5470; x_wconf 79' lang='lat' dir='ltr'>quarata</span> <span class='ocrx_word' id='word_1_443' title='bbox 1539 5390 1575 5453; x_wconf 79' lang='lat' dir='ltr'>in</span> <span class='ocrx_word' id='word_1_444' title='bbox 1597 5393 1686 5453; x_wconf 77' lang='lat' dir='ltr'>serta</span> <span class='ocrx_word' id='word_1_445' title='bbox 1707 5389 1791 5470; x_wconf 71' lang='lat' dir='ltr'>scria</span> <span class='ocrx_word' id='word_1_446' title='bbox 1812 5391 1879 5454; x_wconf 82' lang='lat' dir='ltr'>dics</span> <span class='ocrx_word' id='word_1_447' title='bbox 1892 5389 2077 5454; x_wconf 74' lang='lat' dir='ltr'>Dora-cinicus</span> 
     </span>
     <span class='ocr_line' id='line_1_46' title="bbox 426 5487 1993 5570; baseline 0.004 -18"><span class='ocrx_word' id='word_1_448' title='bbox 426 5491 604 5552; x_wconf 80' lang='lat' dir='ltr'>nativitatis</span> <span class='ocrx_word' id='word_1_449' title='bbox 625 5491 775 5568; x_wconf 77' lang='lat' dir='ltr'>occurrat,</span> <span class='ocrx_word' id='word_1_450' title='bbox 796 5487 967 5568; x_wconf 72' lang='lat' dir='ltr'>respondet.</span> <span class='ocrx_word' id='word_1_451' title='bbox 1392 5491 1394 5494; x_wconf 78' lang='grc'><strong>’</strong></span> <span class='ocrx_word' id='word_1_452' title='bbox 1734 5497 1828 5570; x_wconf 83' lang='lat'>1216,</span> <span class='ocrx_word' id='word_1_453' title='bbox 1853 5494 1916 5559; x_wconf 81' lang='lat' dir='ltr'>Ort.</span> <span class='ocrx_word' id='word_1_454' title='bbox 1940 5495 1993 5558; x_wconf 86' lang='lat'>29.</span> 
     </span>
    </p>
   </div>
   <div class='ocr_carea' id='block_1_5' title="bbox 530 5607 1678 5764">
    <p class='ocr_par' dir='ltr' id='par_1_11' title="bbox 530 5607 1678 5764">
     <span class='ocr_line' id='line_1_47' title="bbox 531 5607 1678 5682; baseline 0.003 -20"><span class='ocrx_word' id='word_1_455' title='bbox 531 5609 606 5662; x_wconf 76' lang='lat' dir='ltr'>Hora,</span> <span class='ocrx_word' id='word_1_456' title='bbox 624 5609 683 5661; x_wconf 91' lang='grc' dir='ltr'>ΙΙΙ</span> <span class='ocrx_word' id='word_1_457' title='bbox 697 5607 763 5679; x_wconf 75' lang='lat' dir='ltr'>Rep.</span> <span class='ocrx_word' id='word_1_458' title='bbox 782 5608 842 5662; x_wconf 72' lang='lat' dir='ltr'>Irib.</span> <span class='ocrx_word' id='word_1_459' title='bbox 860 5609 886 5672; x_wconf 91' lang='lat'>1,</span> <span class='ocrx_word' id='word_1_460' title='bbox 905 5612 948 5662; x_wconf 73' lang='lat'>44.</span> <span class='ocrx_word' id='word_1_461' title='bbox 983 5609 1104 5664; x_wconf 83' lang='lat' dir='ltr'>Edimus</span> <span class='ocrx_word' id='word_1_462' title='bbox 1123 5628 1157 5663; x_wconf 78' lang='lat' dir='ltr'>ex</span> <span class='ocrx_word' id='word_1_463' title='bbox 1176 5611 1271 5682; x_wconf 77' lang='lat' dir='ltr'>Raya.</span> <span class='ocrx_word' id='word_1_464' title='bbox 1289 5612 1362 5666; x_wconf 81' lang='lat' dir='ltr'>Arra.</span> <span class='ocrx_word' id='word_1_465' title='bbox 1382 5613 1443 5665; x_wconf 82' lang='lat' dir='ltr'>eccl.</span> <span class='ocrx_word' id='word_1_466' title='bbox 1462 5629 1488 5666; x_wconf 87' lang='lat' dir='ltr'>a.</span> <span class='ocrx_word' id='word_1_467' title='bbox 1508 5615 1583 5674; x_wconf 75' lang='lat'>1216,</span> <span class='ocrx_word' id='word_1_468' title='bbox 1601 5615 1618 5675; x_wconf 90' lang='lat'><em>§</em></span> <span class='ocrx_word' id='word_1_469' title='bbox 1635 5615 1678 5665; x_wconf 81' lang='lat'>45.</span> 
     </span>
     <span class='ocr_line' id='line_1_48' title="bbox 530 5695 853 5764; baseline 0.003 -16"><span class='ocrx_word' id='word_1_470' title='bbox 530 5695 664 5758; x_wconf 81' lang='lat' dir='ltr'>Pottbast‚</span> <span class='ocrx_word' id='word_1_471' title='bbox 683 5695 752 5764; x_wconf 71' lang='lat' dir='ltr'>Ray.</span> <span class='ocrx_word' id='word_1_472' title='bbox 772 5698 853 5749; x_wconf 78' lang='lat'><em>5349.</em></span> 
     </span>
    </p>
   </div>
   <div class='ocr_carea' id='block_1_6' title="bbox 0 0 2274 6426">
    <p class='ocr_par' dir='ltr' id='par_1_12' title="bbox 0 0 2274 6426">
     <span class='ocr_line' id='line_1_49' title="bbox 0 0 2274 6426; baseline 0 0"><span class='ocrx_word' id='word_1_473' title='bbox 0 0 2274 6426; x_wconf 95' lang='lat' dir='ltr'> </span> 
     </span>
    </p>
   </div>
  </div>
 </body>
</html>
