<?xml version="1.0" encoding="UTF-8"?>
<!DOCTYPE html PUBLIC "-//W3C//DTD XHTML 1.0 Transitional//EN"
    "http://www.w3.org/TR/xhtml1/DTD/xhtml1-transitional.dtd">
<html xmlns="http://www.w3.org/1999/xhtml" xml:lang="en" lang="en">
 <head>
  <title>
</title>
<meta http-equiv="Content-Type" content="text/html;charset=utf-8" />
  <meta name='ocr-system' content='tesseract 3.04.00' />
  <meta name='ocr-capabilities' content='ocr_page ocr_carea ocr_par ocr_line ocrx_word'/>
</head>
<body>
  <div class='ocr_page' id='page_1' title='image "./monumentagerman00peipgoog/monumentagerman00peipgoog_0453.png"; bbox 0 0 4576 6390; ppageno 0'>
   <div class='ocr_carea' id='block_1_1' title="bbox 426 361 1501 446">
    <p class='ocr_par' dir='ltr' id='par_1_1' title="bbox 426 361 1501 446">
     <span class='ocr_line' id='line_1_1' title="bbox 426 361 1501 446; baseline -0.026 1"><span class='ocrx_word' id='word_1_1' title='bbox 426 381 489 446; x_wconf 84' lang='lat'><strong>430</strong></span> <span class='ocrx_word' id='word_1_2' title='bbox 1003 367 1052 427; x_wconf 76' lang='lat' dir='ltr'><strong>EX</strong></span> <span class='ocrx_word' id='word_1_3' title='bbox 1070 365 1246 427; x_wconf 75' lang='lat' dir='ltr'><strong>dunecan</strong></span> <span class='ocrx_word' id='word_1_4' title='bbox 1263 362 1303 422; x_wconf 81' lang='lat' dir='ltr'><strong>IX</strong></span> <span class='ocrx_word' id='word_1_5' title='bbox 1321 361 1501 422; x_wconf 72' lang='lat' dir='ltr'><strong>anaiades</strong></span> 
     </span>
    </p>
   </div>
   <div class='ocr_carea' id='block_1_2' title="bbox 262 539 2080 1463">
    <p class='ocr_par' dir='ltr' id='par_1_2' title="bbox 262 539 2080 1463">
     <span class='ocr_line' id='line_1_2' title="bbox 427 539 2078 639; baseline -0.007 -21"><span class='ocrx_word' id='word_1_6' title='bbox 427 551 672 639; x_wconf 76' lang='lat' dir='ltr'>neglexerimus</span> <span class='ocrx_word' id='word_1_7' title='bbox 696 553 730 614; x_wconf 88' lang='lat' dir='ltr'><strong>et</strong></span> <span class='ocrx_word' id='word_1_8' title='bbox 751 544 1011 612; x_wconf 88' lang='lat' dir='ltr'><strong>mansuetudinis</strong></span> <span class='ocrx_word' id='word_1_9' title='bbox 1035 544 1108 609; x_wconf 88' lang='lat' dir='ltr'><strong>oleo</strong></span> <span class='ocrx_word' id='word_1_10' title='bbox 1133 540 1318 624; x_wconf 87' lang='lat' dir='ltr'><strong>coufovere,</strong></span> <span class='ocrx_word' id='word_1_11' title='bbox 1342 562 1380 606; x_wconf 91' lang='lat' dir='ltr'><strong>ac</strong></span> <span class='ocrx_word' id='word_1_12' title='bbox 1404 547 1575 627; x_wconf 76' lang='lat' dir='ltr'><strong>sperantes</strong></span> <span class='ocrx_word' id='word_1_13' title='bbox 1598 561 1727 627; x_wconf 92' lang='lat' dir='ltr'><strong>quoque</strong></span> <span class='ocrx_word' id='word_1_14' title='bbox 1750 540 1877 625; x_wconf 86' lang='lat' dir='ltr'><strong>utillo,</strong></span> <span class='ocrx_word' id='word_1_15' title='bbox 1900 541 1956 628; x_wconf 90' lang='lat' dir='ltr'><strong>qui</strong></span> <span class='ocrx_word' id='word_1_16' title='bbox 1979 539 2078 608; x_wconf 92' lang='lat' dir='ltr'><strong>etiam</strong></span> 
     </span>
     <span class='ocr_line' id='line_1_3' title="bbox 426 644 2078 734; baseline -0.004 -12"><span class='ocrx_word' id='word_1_17' title='bbox 426 658 529 722; x_wconf 87' lang='lat' dir='ltr'><strong>iratus</strong></span> <span class='ocrx_word' id='word_1_18' title='bbox 551 676 618 720; x_wconf 92' lang='lat' dir='ltr'><strong>non</strong></span> <span class='ocrx_word' id='word_1_19' title='bbox 638 652 761 720; x_wconf 81' lang='lat' dir='ltr'><strong>desinit</strong></span> <span class='ocrx_word' id='word_1_20' title='bbox 783 649 942 730; x_wconf 88' lang='lat' dir='ltr'><strong>misereri,</strong></span> <span class='ocrx_word' id='word_1_21' title='bbox 964 670 1030 714; x_wconf 93' lang='lat' dir='ltr'><strong>non</strong></span> <span class='ocrx_word' id='word_1_22' title='bbox 1054 667 1185 733; x_wconf 78' lang='lat' dir='ltr'><strong>semper</strong></span> <span class='ocrx_word' id='word_1_23' title='bbox 1208 644 1389 710; x_wconf 79' lang='lat' dir='ltr'><strong>continebit</strong></span> <span class='ocrx_word' id='word_1_24' title='bbox 1412 667 1471 712; x_wconf 92' lang='lat' dir='ltr'><strong>sue</strong></span> <span class='ocrx_word' id='word_1_25' title='bbox 1494 645 1627 732; x_wconf 89' lang='lat' dir='ltr'><strong>pietatis</strong></span> <span class='ocrx_word' id='word_1_26' title='bbox 1647 646 1777 710; x_wconf 86' lang='lat' dir='ltr'><strong>viscere</strong></span> <span class='ocrx_word' id='word_1_27' title='bbox 1799 669 1899 734; x_wconf 89' lang='lat' dir='ltr'><strong>super</strong></span> <span class='ocrx_word' id='word_1_28' title='bbox 1922 671 1996 730; x_wconf 90' lang='lat' dir='ltr'><strong>eos,</strong></span> <span class='ocrx_word' id='word_1_29' title='bbox 2020 651 2078 717; x_wconf 93' lang='lat' dir='ltr'><strong>sed</strong></span> 
     </span>
     <span class='ocr_line' id='line_1_4' title="bbox 426 749 2078 845; baseline -0.003 -21"><span class='ocrx_word' id='word_1_30' title='bbox 426 758 468 824; x_wconf 92' lang='lat' dir='ltr'><strong>de</strong></span> <span class='ocrx_word' id='word_1_31' title='bbox 491 759 636 845; x_wconf 92' lang='lat' dir='ltr'><strong>ipsorum</strong></span> <span class='ocrx_word' id='word_1_32' title='bbox 658 776 758 820; x_wconf 91' lang='lat' dir='ltr'><strong>manu</strong></span> <span class='ocrx_word' id='word_1_33' title='bbox 779 753 957 836; x_wconf 84' lang='lat' dir='ltr'><strong>transferet</strong></span> <span class='ocrx_word' id='word_1_34' title='bbox 986 752 1123 816; x_wconf 87' lang='lat' dir='ltr'><strong>calicem</strong></span> <span class='ocrx_word' id='word_1_35' title='bbox 1155 751 1204 814; x_wconf 91' lang='lat' dir='ltr'><strong>ire</strong></span> <span class='ocrx_word' id='word_1_36' title='bbox 1237 771 1311 831; x_wconf 88' lang='lat' dir='ltr'><strong>suc,</strong></span> <span class='ocrx_word' id='word_1_37' title='bbox 1346 749 1433 813; x_wconf 90' lang='lat' dir='ltr'><strong>circa</strong></span> <span class='ocrx_word' id='word_1_38' title='bbox 1468 749 1705 814; x_wconf 79' lang='lat' dir='ltr'><strong>correctionem</strong></span> <span class='ocrx_word' id='word_1_39' title='bbox 1735 772 1847 816; x_wconf 91' lang='lat' dir='ltr'><strong>eorum</strong></span> <span class='ocrx_word' id='word_1_40' title='bbox 1876 754 2078 839; x_wconf 84' lang='lat' dir='ltr'><strong>providimus</strong></span> 
     </span>
     <span class='ocr_line' id='line_1_5' title="bbox 266 846 2078 943; baseline -0.001 -19"><span class='ocrx_word' id='word_1_41' title='bbox 266 877 407 932; x_wconf 67' lang='lat' dir='ltr'><strong>asanaa</strong></span> <span class='ocrx_word' id='word_1_42' title='bbox 425 861 652 929; x_wconf 86' lang='lat' dir='ltr'><strong>laborandum.</strong></span> <span class='ocrx_word' id='word_1_43' title='bbox 705 859 790 932; x_wconf 82' lang='lat' dir='ltr'><strong>Quia</strong></span> <span class='ocrx_word' id='word_1_44' title='bbox 816 879 893 923; x_wconf 88' lang='lat' dir='ltr'><strong>vero</strong></span> <span class='ocrx_word' id='word_1_45' title='bbox 924 857 958 921; x_wconf 92' lang='lat' dir='ltr'><strong>in</strong></span> <span class='ocrx_word' id='word_1_46' title='bbox 987 878 1043 921; x_wconf 93' lang='lat' dir='ltr'><strong>cre</strong></span> <span class='ocrx_word' id='word_1_47' title='bbox 1073 860 1129 920; x_wconf 92' lang='lat' dir='ltr'><strong>tuo</strong></span> <span class='ocrx_word' id='word_1_48' title='bbox 1157 874 1222 918; x_wconf 94' lang='lat' dir='ltr'><strong>nou</strong></span> <span class='ocrx_word' id='word_1_49' title='bbox 1250 846 1302 918; x_wconf 77' lang='lat' dir='ltr'><strong>e&#39;st</strong></span> <span class='ocrx_word' id='word_1_50' title='bbox 1331 852 1468 917; x_wconf 91' lang='lat' dir='ltr'><strong>verbum</strong></span> <span class='ocrx_word' id='word_1_51' title='bbox 1494 851 1627 916; x_wconf 90' lang='lat' dir='ltr'><strong>Domini</strong></span> <span class='ocrx_word' id='word_1_52' title='bbox 1656 855 1841 940; x_wconf 88' lang='lat' dir='ltr'><strong>alligatum,</strong></span> <span class='ocrx_word' id='word_1_53' title='bbox 1871 863 1905 920; x_wconf 88' lang='lat' dir='ltr'><strong>et</strong></span> <span class='ocrx_word' id='word_1_54' title='bbox 1931 858 2078 943; x_wconf 91' lang='lat' dir='ltr'><strong>lingnam</strong></span> 
     </span>
     <span class='ocr_line' id='line_1_6' title="bbox 427 955 2077 1045; baseline -0.002 -15"><span class='ocrx_word' id='word_1_55' title='bbox 427 965 518 1031; x_wconf 89' lang='lat' dir='ltr'><strong>dedit</strong></span> <span class='ocrx_word' id='word_1_56' title='bbox 540 964 601 1029; x_wconf 92' lang='lat' dir='ltr'><strong>tibi</strong></span> <span class='ocrx_word' id='word_1_57' title='bbox 622 963 783 1028; x_wconf 90' lang='lat' dir='ltr'><strong>Dominus</strong></span> <span class='ocrx_word' id='word_1_58' title='bbox 808 960 986 1042; x_wconf 90' lang='lat' dir='ltr'><strong>eruditam,</strong></span> <span class='ocrx_word' id='word_1_59' title='bbox 1016 959 1089 1045; x_wconf 92' lang='lat' dir='ltr'><strong>qui,</strong></span> <span class='ocrx_word' id='word_1_60' title='bbox 1119 979 1159 1023; x_wconf 88' lang='lat' dir='ltr'><strong>eo</strong></span> <span class='ocrx_word' id='word_1_61' title='bbox 1182 955 1374 1021; x_wconf 82' lang='lat' dir='ltr'><strong>infundente</strong></span> <span class='ocrx_word' id='word_1_62' title='bbox 1398 955 1503 1040; x_wconf 89' lang='lat' dir='ltr'><strong>gratie</strong></span> <span class='ocrx_word' id='word_1_63' title='bbox 1527 976 1585 1020; x_wconf 90' lang='lat' dir='ltr'><strong>sue</strong></span> <span class='ocrx_word' id='word_1_64' title='bbox 1609 956 1747 1022; x_wconf 90' lang='lat' dir='ltr'><strong>imbrem</strong></span> <span class='ocrx_word' id='word_1_65' title='bbox 1771 959 1825 1043; x_wconf 91' lang='lat' dir='ltr'><strong>qui</strong></span> <span class='ocrx_word' id='word_1_66' title='bbox 1848 959 1904 1023; x_wconf 90' lang='lat' dir='ltr'><strong>dat</strong></span> <span class='ocrx_word' id='word_1_67' title='bbox 1926 962 2077 1026; x_wconf 91' lang='lat' dir='ltr'><strong>omnibus</strong></span> 
     </span>
     <span class='ocr_line' id='line_1_7' title="bbox 262 1057 2079 1154; baseline 0.001 -27"><span class='ocrx_word' id='word_1_68' title='bbox 262 1090 280 1127; x_wconf 89' lang='lat'><strong>1.</strong></span> <span class='ocrx_word' id='word_1_69' title='bbox 295 1080 408 1135; x_wconf 67' lang='lat' dir='ltr'><strong>maaca</strong></span> <span class='ocrx_word' id='word_1_70' title='bbox 428 1068 610 1148; x_wconf 87' lang='lat' dir='ltr'><strong>affluenter,</strong></span> <span class='ocrx_word' id='word_1_71' title='bbox 634 1072 752 1154; x_wconf 90' lang='lat' dir='ltr'><strong>potens</strong></span> <span class='ocrx_word' id='word_1_72' title='bbox 777 1085 812 1130; x_wconf 90' lang='lat' dir='ltr'><strong>es</strong></span> <span class='ocrx_word' id='word_1_73' title='bbox 836 1065 870 1129; x_wconf 94' lang='lat' dir='ltr'><strong>iu</strong></span> <span class='ocrx_word' id='word_1_74' title='bbox 893 1085 993 1150; x_wconf 89' lang='lat' dir='ltr'><strong>opere</strong></span> <span class='ocrx_word' id='word_1_75' title='bbox 1016 1084 1054 1126; x_wconf 89' lang='lat' dir='ltr'><strong>ac</strong></span> <span class='ocrx_word' id='word_1_76' title='bbox 1079 1081 1240 1139; x_wconf 83' lang='lat' dir='ltr'><strong>sermone,</strong></span> <span class='ocrx_word' id='word_1_77' title='bbox 1264 1080 1361 1145; x_wconf 91' lang='lat' dir='ltr'><strong>quem</strong></span> <span class='ocrx_word' id='word_1_78' title='bbox 1384 1058 1495 1122; x_wconf 92' lang='lat' dir='ltr'><strong>unctio</strong></span> <span class='ocrx_word' id='word_1_79' title='bbox 1519 1057 1632 1123; x_wconf 91' lang='lat' dir='ltr'><strong>docuit</strong></span> <span class='ocrx_word' id='word_1_80' title='bbox 1654 1066 1687 1124; x_wconf 91' lang='lat' dir='ltr'><strong>et</strong></span> <span class='ocrx_word' id='word_1_81' title='bbox 1703 1059 1845 1147; x_wconf 84' lang='lat' dir='ltr'><strong>Spiritus</strong></span> <span class='ocrx_word' id='word_1_82' title='bbox 1868 1065 1922 1148; x_wconf 93' lang='lat' dir='ltr'><strong>qui</strong></span> <span class='ocrx_word' id='word_1_83' title='bbox 1945 1065 2079 1129; x_wconf 89' lang='lat' dir='ltr'><strong>aPatre</strong></span> 
     </span>
     <span class='ocr_line' id='line_1_8' title="bbox 427 1159 2079 1257; baseline -0.001 -21"><span class='ocrx_word' id='word_1_84' title='bbox 427 1171 577 1257; x_wconf 83' lang='lat' dir='ltr'><strong>Filioque</strong></span> <span class='ocrx_word' id='word_1_85' title='bbox 606 1168 755 1256; x_wconf 89' lang='lat' dir='ltr'><strong>procedit</strong></span> <span class='ocrx_word' id='word_1_86' title='bbox 783 1159 954 1248; x_wconf 86' lang='lat' dir='ltr'><strong>instruxit,</strong></span> <span class='ocrx_word' id='word_1_87' title='bbox 984 1187 1042 1252; x_wconf 91' lang='lat' dir='ltr'><strong>pro</strong></span> <span class='ocrx_word' id='word_1_88' title='bbox 1072 1186 1136 1250; x_wconf 93' lang='lat' dir='ltr'><strong>qno</strong></span> <span class='ocrx_word' id='word_1_89' title='bbox 1169 1163 1347 1248; x_wconf 88' lang='lat' dir='ltr'><strong>gratiarum</strong></span> <span class='ocrx_word' id='word_1_90' title='bbox 1376 1161 1520 1225; x_wconf 91' lang='lat' dir='ltr'><strong>omnium</strong></span> <span class='ocrx_word' id='word_1_91' title='bbox 1547 1162 1709 1245; x_wconf 90' lang='lat' dir='ltr'><strong>largitori,</strong></span> <span class='ocrx_word' id='word_1_92' title='bbox 1740 1171 1877 1249; x_wconf 87' lang='lat' dir='ltr'><strong>quantas</strong></span> <span class='ocrx_word' id='word_1_93' title='bbox 1905 1189 2079 1254; x_wconf 89' lang='lat' dir='ltr'><strong>possumus</strong></span> 
     </span>
     <span class='ocr_line' id='line_1_9' title="bbox 428 1265 2079 1360; baseline -0.002 -20"><span class='ocrx_word' id='word_1_94' title='bbox 428 1275 492 1340; x_wconf 90' lang='lat' dir='ltr'><strong>etsi</strong></span> <span class='ocrx_word' id='word_1_95' title='bbox 518 1296 584 1339; x_wconf 92' lang='lat' dir='ltr'><strong>non</strong></span> <span class='ocrx_word' id='word_1_96' title='bbox 612 1279 751 1360; x_wconf 91' lang='lat' dir='ltr'><strong>quantas</strong></span> <span class='ocrx_word' id='word_1_97' title='bbox 773 1270 950 1350; x_wconf 80' lang='lat' dir='ltr'><strong>debemus,</strong></span> <span class='ocrx_word' id='word_1_98' title='bbox 981 1268 1158 1355; x_wconf 89' lang='lat' dir='ltr'><strong>gratiarum</strong></span> <span class='ocrx_word' id='word_1_99' title='bbox 1191 1265 1374 1332; x_wconf 84' lang='lat' dir='ltr'><strong>exolvimus</strong></span> <span class='ocrx_word' id='word_1_100' title='bbox 1404 1265 1567 1346; x_wconf 89' lang='lat' dir='ltr'><strong>actiones,</strong></span> <span class='ocrx_word' id='word_1_101' title='bbox 1598 1266 1833 1334; x_wconf 81' lang='lat' dir='ltr'><strong>instantissime</strong></span> <span class='ocrx_word' id='word_1_102' title='bbox 1864 1272 2079 1357; x_wconf 89' lang='lat' dir='ltr'><strong>supplicando</strong></span> 
     </span>
     <span class='ocr_line' id='line_1_10' title="bbox 428 1367 2080 1463; baseline 0 -21"><span class='ocrx_word' id='word_1_103' title='bbox 428 1383 465 1442; x_wconf 93' lang='lat' dir='ltr'><strong>ut</strong></span> <span class='ocrx_word' id='word_1_104' title='bbox 486 1378 543 1442; x_wconf 92' lang='lat' dir='ltr'><strong>ille</strong></span> <span class='ocrx_word' id='word_1_105' title='bbox 566 1377 622 1463; x_wconf 94' lang='lat' dir='ltr'><strong>qui</strong></span> <span class='ocrx_word' id='word_1_106' title='bbox 644 1377 732 1462; x_wconf 90' lang='lat' dir='ltr'><strong>cepit</strong></span> <span class='ocrx_word' id='word_1_107' title='bbox 753 1374 787 1439; x_wconf 94' lang='lat' dir='ltr'><strong>iu</strong></span> <span class='ocrx_word' id='word_1_108' title='bbox 811 1380 843 1439; x_wconf 88' lang='lat' dir='ltr'><strong>te</strong></span> <span class='ocrx_word' id='word_1_109' title='bbox 866 1373 1014 1460; x_wconf 86' lang='lat' dir='ltr'><strong>perficiat</strong></span> <span class='ocrx_word' id='word_1_110' title='bbox 1037 1393 1119 1459; x_wconf 91' lang='lat' dir='ltr'><strong>opus</strong></span> <span class='ocrx_word' id='word_1_111' title='bbox 1141 1371 1275 1450; x_wconf 92' lang='lat' dir='ltr'><strong>bonum,</strong></span> <span class='ocrx_word' id='word_1_112' title='bbox 1298 1367 1532 1432; x_wconf 89' lang='lat' dir='ltr'><strong>discretionem</strong></span> <span class='ocrx_word' id='word_1_113' title='bbox 1554 1373 1644 1432; x_wconf 91' lang='lat' dir='ltr'><strong>tuam</strong></span> <span class='ocrx_word' id='word_1_114' title='bbox 1667 1390 1830 1454; x_wconf 86' lang='lat' dir='ltr'><strong>rogamus,</strong></span> <span class='ocrx_word' id='word_1_115' title='bbox 1853 1394 2023 1440; x_wconf 87' lang='lat' dir='ltr'><strong>monemus</strong></span> <span class='ocrx_word' id='word_1_116' title='bbox 2046 1382 2080 1442; x_wconf 89' lang='lat' dir='ltr'><strong>et</strong></span> 
     </span>
    </p>
   </div>
   <div class='ocr_carea' id='block_1_3' title="bbox 264 1573 2160 4148">
    <p class='ocr_par' dir='ltr' id='par_1_3' title="bbox 264 1573 2160 4148">
     <span class='ocr_line' id='line_1_11' title="bbox 429 1573 2079 1666; baseline -0.001 -18"><span class='ocrx_word' id='word_1_117' title='bbox 429 1583 572 1648; x_wconf 83' lang='lat' dir='ltr'><strong>resinam</strong></span> <span class='ocrx_word' id='word_1_118' title='bbox 594 1583 636 1648; x_wconf 90' lang='lat' dir='ltr'><strong>ad</strong></span> <span class='ocrx_word' id='word_1_119' title='bbox 658 1582 874 1666; x_wconf 87' lang='lat' dir='ltr'><strong>mitigandum</strong></span> <span class='ocrx_word' id='word_1_120' title='bbox 904 1580 1048 1646; x_wconf 91' lang='lat' dir='ltr'><strong>dolorem</strong></span> <span class='ocrx_word' id='word_1_121' title='bbox 1073 1585 1107 1644; x_wconf 90' lang='lat' dir='ltr'><strong>et</strong></span> <span class='ocrx_word' id='word_1_122' title='bbox 1129 1578 1265 1642; x_wconf 86' lang='lat' dir='ltr'><strong>vulnera</strong></span> <span class='ocrx_word' id='word_1_123' title='bbox 1294 1575 1439 1661; x_wconf 90' lang='lat' dir='ltr'><strong>ipsorum</strong></span> <span class='ocrx_word' id='word_1_124' title='bbox 1468 1573 1624 1639; x_wconf 87' lang='lat' dir='ltr'><strong>sananda.</strong></span> <span class='ocrx_word' id='word_1_125' title='bbox 1673 1574 1860 1662; x_wconf 84' lang='lat' dir='ltr'><strong>Accingere</strong></span> <span class='ocrx_word' id='word_1_126' title='bbox 1889 1579 1998 1665; x_wconf 90' lang='lat' dir='ltr'><strong>gladio</strong></span> <span class='ocrx_word' id='word_1_127' title='bbox 2022 1589 2079 1647; x_wconf 93' lang='lat' dir='ltr'><strong>tuo</strong></span> 
     </span>
     <span class='ocr_line' id='line_1_12' title="bbox 430 1676 2079 1773; baseline 0 -22"><span class='ocrx_word' id='word_1_128' title='bbox 430 1708 530 1773; x_wconf 90' lang='lat' dir='ltr'><strong>super</strong></span> <span class='ocrx_word' id='word_1_129' title='bbox 551 1687 657 1752; x_wconf 88' lang='lat' dir='ltr'><strong>femur</strong></span> <span class='ocrx_word' id='word_1_130' title='bbox 678 1685 918 1773; x_wconf 89' lang='lat' dir='ltr'><strong>potentissime,</strong></span> <span class='ocrx_word' id='word_1_131' title='bbox 942 1683 1052 1769; x_wconf 89' lang='lat' dir='ltr'><strong>gladio</strong></span> <span class='ocrx_word' id='word_1_132' title='bbox 1069 1683 1196 1747; x_wconf 87' lang='lat' dir='ltr'><strong>scilicet</strong></span> <span class='ocrx_word' id='word_1_133' title='bbox 1218 1679 1352 1765; x_wconf 88' lang='lat' dir='ltr'><strong>spiritus</strong></span> <span class='ocrx_word' id='word_1_134' title='bbox 1375 1676 1461 1762; x_wconf 90' lang='lat' dir='ltr'><strong>quod</strong></span> <span class='ocrx_word' id='word_1_135' title='bbox 1478 1683 1529 1741; x_wconf 86' lang='lat' dir='ltr'><strong>est</strong></span> <span class='ocrx_word' id='word_1_136' title='bbox 1544 1677 1680 1742; x_wconf 89' lang='lat' dir='ltr'><strong>verbum</strong></span> <span class='ocrx_word' id='word_1_137' title='bbox 1695 1677 1770 1760; x_wconf 84' lang='lat' dir='ltr'><strong>Dei,</strong></span> <span class='ocrx_word' id='word_1_138' title='bbox 1792 1679 1834 1744; x_wconf 89' lang='lat' dir='ltr'><strong>ad</strong></span> <span class='ocrx_word' id='word_1_139' title='bbox 1858 1683 2079 1750; x_wconf 90' lang='lat' dir='ltr'><strong>exhibendum</strong></span> 
     </span>
     <span class='ocr_line' id='line_1_13' title="bbox 431 1778 2078 1876; baseline -0.001 -22"><span class='ocrx_word' id='word_1_140' title='bbox 431 1811 544 1854; x_wconf 91' lang='lat' dir='ltr'><strong>eorum</strong></span> <span class='ocrx_word' id='word_1_141' title='bbox 558 1791 655 1876; x_wconf 89' lang='lat' dir='ltr'><strong>plage</strong></span> <span class='ocrx_word' id='word_1_142' title='bbox 679 1787 850 1868; x_wconf 89' lang='lat' dir='ltr'><strong>medelam,</strong></span> <span class='ocrx_word' id='word_1_143' title='bbox 875 1785 965 1852; x_wconf 92' lang='lat' dir='ltr'><strong>etad</strong></span> <span class='ocrx_word' id='word_1_144' title='bbox 982 1784 1219 1850; x_wconf 88' lang='lat' dir='ltr'><strong>correctionem</strong></span> <span class='ocrx_word' id='word_1_145' title='bbox 1242 1802 1356 1846; x_wconf 89' lang='lat' dir='ltr'><strong>eorum</strong></span> <span class='ocrx_word' id='word_1_146' title='bbox 1378 1778 1528 1864; x_wconf 85' lang='lat' dir='ltr'><strong>diligenti</strong></span> <span class='ocrx_word' id='word_1_147' title='bbox 1544 1779 1761 1859; x_wconf 81' lang='lat' dir='ltr'><strong>sollicitudine</strong></span> <span class='ocrx_word' id='word_1_148' title='bbox 1785 1790 1819 1848; x_wconf 90' lang='lat' dir='ltr'><strong>et</strong></span> <span class='ocrx_word' id='word_1_149' title='bbox 1841 1785 1982 1852; x_wconf 89' lang='lat' dir='ltr'><strong>sollicita</strong></span> <span class='ocrx_word' id='word_1_150' title='bbox 2004 1786 2078 1852; x_wconf 91' lang='lat' dir='ltr'><strong>dili-</strong></span> 
     </span>
     <span class='ocr_line' id='line_1_14' title="bbox 264 1882 2080 1976; baseline 0 -20"><span class='ocrx_word' id='word_1_151' title='bbox 264 1921 330 1965; x_wconf 56' lang='grc' dir='ltr'><strong>ΡΜ,</strong></span> <span class='ocrx_word' id='word_1_152' title='bbox 344 1926 412 1974; x_wconf 59' lang='lat'><strong>20³7,</strong></span> <span class='ocrx_word' id='word_1_153' title='bbox 431 1892 543 1976; x_wconf 83' lang='lat' dir='ltr'><strong>gentio</strong></span> <span class='ocrx_word' id='word_1_154' title='bbox 566 1890 698 1955; x_wconf 83' lang='lat' dir='ltr'><strong>studeas</strong></span> <span class='ocrx_word' id='word_1_155' title='bbox 721 1890 880 1954; x_wconf 90' lang='lat' dir='ltr'><strong>laborare.</strong></span> <span class='ocrx_word' id='word_1_156' title='bbox 925 1887 1020 1962; x_wconf 84' lang='lat' dir='ltr'><strong>Quod</strong></span> <span class='ocrx_word' id='word_1_157' title='bbox 1043 1888 1072 1951; x_wconf 88' lang='lat' dir='ltr'><strong>si</strong></span> <span class='ocrx_word' id='word_1_158' title='bbox 1094 1889 1231 1951; x_wconf 89' lang='lat' dir='ltr'><strong>lucerna</strong></span> <span class='ocrx_word' id='word_1_159' title='bbox 1252 1883 1396 1966; x_wconf 88' lang='lat' dir='ltr'><strong>Domini,</strong></span> <span class='ocrx_word' id='word_1_160' title='bbox 1421 1883 1619 1968; x_wconf 90' lang='lat' dir='ltr'><strong>spiraculum</strong></span> <span class='ocrx_word' id='word_1_161' title='bbox 1642 1882 1793 1965; x_wconf 89' lang='lat' dir='ltr'><strong>hominis,</strong></span> <span class='ocrx_word' id='word_1_162' title='bbox 1817 1907 1879 1971; x_wconf 92' lang='lat' dir='ltr'><strong>que</strong></span> <span class='ocrx_word' id='word_1_163' title='bbox 1902 1889 2080 1976; x_wconf 88' lang='lat' dir='ltr'><strong>investigat</strong></span> 
     </span>
     <span class='ocr_line' id='line_1_15' title="bbox 431 1985 2156 2077; baseline -0.002 -20"><span class='ocrx_word' id='word_1_164' title='bbox 431 1999 558 2059; x_wconf 86' lang='lat' dir='ltr'><strong>secreta</strong></span> <span class='ocrx_word' id='word_1_165' title='bbox 579 1994 718 2074; x_wconf 90' lang='lat' dir='ltr'><strong>ventris,</strong></span> <span class='ocrx_word' id='word_1_166' title='bbox 753 1992 794 2057; x_wconf 91' lang='lat' dir='ltr'><strong>ad</strong></span> <span class='ocrx_word' id='word_1_167' title='bbox 821 1992 1012 2077; x_wconf 85' lang='lat' dir='ltr'><strong>diligentem</strong></span> <span class='ocrx_word' id='word_1_168' title='bbox 1039 1990 1253 2055; x_wconf 91' lang='lat' dir='ltr'><strong>monitionem</strong></span> <span class='ocrx_word' id='word_1_169' title='bbox 1281 1994 1371 2052; x_wconf 91' lang='lat' dir='ltr'><strong>tuam</strong></span> <span class='ocrx_word' id='word_1_170' title='bbox 1402 1985 1501 2050; x_wconf 88' lang='lat' dir='ltr'><strong>corda</strong></span> <span class='ocrx_word' id='word_1_171' title='bbox 1527 1986 1748 2072; x_wconf 91' lang='lat' dir='ltr'><strong>predictorum</strong></span> <span class='ocrx_word' id='word_1_172' title='bbox 1777 1991 1990 2075; x_wconf 90' lang='lat' dir='ltr'><strong>pestilentum</strong></span> <span class='ocrx_word' id='word_1_173' title='bbox 2013 2016 2079 2059; x_wconf 93' lang='lat' dir='ltr'><strong>non</strong></span> <span class='ocrx_word' id='word_1_174' title='bbox 2132 2015 2156 2054; x_wconf 81' lang='lat' dir='ltr'><strong>rs</strong></span> 
     </span>
     <span class='ocr_line' id='line_1_16' title="bbox 429 2091 2079 2184; baseline 0 -22"><span class='ocrx_word' id='word_1_175' title='bbox 429 2097 616 2184; x_wconf 93' lang='lat' dir='ltr'><strong>dignabitur</strong></span> <span class='ocrx_word' id='word_1_176' title='bbox 642 2098 823 2178; x_wconf 89' lang='lat' dir='ltr'><strong>illustrare,</strong></span> <span class='ocrx_word' id='word_1_177' title='bbox 858 2102 910 2162; x_wconf 89' lang='lat' dir='ltr'><strong>set</strong></span> <span class='ocrx_word' id='word_1_178' title='bbox 936 2097 1045 2183; x_wconf 92' lang='lat' dir='ltr'><strong>potius</strong></span> <span class='ocrx_word' id='word_1_179' title='bbox 1075 2117 1133 2160; x_wconf 91' lang='lat' dir='ltr'><strong>eos</strong></span> <span class='ocrx_word' id='word_1_180' title='bbox 1162 2093 1308 2158; x_wconf 89' lang='lat' dir='ltr'><strong>indurari</strong></span> <span class='ocrx_word' id='word_1_181' title='bbox 1337 2091 1540 2178; x_wconf 80' lang='lat' dir='ltr'><strong>permiserit,</strong></span> <span class='ocrx_word' id='word_1_182' title='bbox 1575 2097 1741 2177; x_wconf 87' lang='lat' dir='ltr'><strong>tamquam</strong></span> <span class='ocrx_word' id='word_1_183' title='bbox 1768 2114 1826 2179; x_wconf 89' lang='lat' dir='ltr'><strong>pro</strong></span> <span class='ocrx_word' id='word_1_184' title='bbox 1855 2096 2079 2180; x_wconf 86' lang='lat' dir='ltr'><strong>magnitudine</strong></span> 
     </span>
     <span class='ocr_line' id='line_1_17' title="bbox 429 2195 2081 2287; baseline 0.001 -21"><span class='ocrx_word' id='word_1_185' title='bbox 429 2203 524 2287; x_wconf 93' lang='lat' dir='ltr'><strong>culpe</strong></span> <span class='ocrx_word' id='word_1_186' title='bbox 548 2201 658 2267; x_wconf 89' lang='lat' dir='ltr'><strong>divino</strong></span> <span class='ocrx_word' id='word_1_187' title='bbox 680 2201 801 2267; x_wconf 91' lang='lat' dir='ltr'><strong>iudicio</strong></span> <span class='ocrx_word' id='word_1_188' title='bbox 829 2201 1037 2287; x_wconf 90' lang='lat' dir='ltr'><strong>reprobatos,</strong></span> <span class='ocrx_word' id='word_1_189' title='bbox 1068 2200 1145 2285; x_wconf 91' lang='lat' dir='ltr'><strong>quia</strong></span> <span class='ocrx_word' id='word_1_190' title='bbox 1174 2200 1206 2263; x_wconf 95' lang='lat' dir='ltr'><strong>in</strong></span> <span class='ocrx_word' id='word_1_191' title='bbox 1234 2204 1301 2262; x_wconf 90' lang='lat' dir='ltr'><strong>tam</strong></span> <span class='ocrx_word' id='word_1_192' title='bbox 1329 2195 1445 2283; x_wconf 90' lang='lat' dir='ltr'><strong>grandi</strong></span> <span class='ocrx_word' id='word_1_193' title='bbox 1469 2202 1501 2260; x_wconf 91' lang='lat' dir='ltr'><strong>et</strong></span> <span class='ocrx_word' id='word_1_194' title='bbox 1523 2196 1615 2280; x_wconf 85' lang='lat' dir='ltr'><strong>gravi</strong></span> <span class='ocrx_word' id='word_1_195' title='bbox 1637 2196 1750 2261; x_wconf 90' lang='lat' dir='ltr'><strong>morbo</strong></span> <span class='ocrx_word' id='word_1_196' title='bbox 1774 2199 2006 2266; x_wconf 90' lang='lat' dir='ltr'><strong>recurrendum</strong></span> <span class='ocrx_word' id='word_1_197' title='bbox 2029 2209 2081 2267; x_wconf 89' lang='lat' dir='ltr'><strong>est</strong></span> 
     </span>
     <span class='ocr_line' id='line_1_18' title="bbox 429 2299 2081 2387; baseline 0.002 -20"><span class='ocrx_word' id='word_1_198' title='bbox 429 2303 470 2367; x_wconf 90' lang='lat' dir='ltr'><strong>ad</strong></span> <span class='ocrx_word' id='word_1_199' title='bbox 493 2302 651 2368; x_wconf 87' lang='lat' dir='ltr'><strong>validiora</strong></span> <span class='ocrx_word' id='word_1_200' title='bbox 673 2303 828 2385; x_wconf 89' lang='lat' dir='ltr'><strong>remedia,</strong></span> <span class='ocrx_word' id='word_1_201' title='bbox 851 2304 909 2367; x_wconf 93' lang='lat' dir='ltr'><strong>ubi</strong></span> <span class='ocrx_word' id='word_1_202' title='bbox 931 2303 1171 2368; x_wconf 89' lang='lat' dir='ltr'><strong>medicamenta</strong></span> <span class='ocrx_word' id='word_1_203' title='bbox 1193 2301 1280 2366; x_wconf 90' lang='lat' dir='ltr'><strong>levia</strong></span> <span class='ocrx_word' id='word_1_204' title='bbox 1301 2321 1367 2364; x_wconf 91' lang='lat' dir='ltr'><strong>non</strong></span> <span class='ocrx_word' id='word_1_205' title='bbox 1389 2299 1571 2386; x_wconf 89' lang='lat' dir='ltr'><strong>proficiunt,</strong></span> <span class='ocrx_word' id='word_1_206' title='bbox 1595 2305 1629 2363; x_wconf 90' lang='lat' dir='ltr'><strong>et</strong></span> <span class='ocrx_word' id='word_1_207' title='bbox 1648 2299 1879 2387; x_wconf 90' lang='lat' dir='ltr'><strong>apponendum</strong></span> <span class='ocrx_word' id='word_1_208' title='bbox 1900 2303 2023 2369; x_wconf 89' lang='lat' dir='ltr'><strong>ferrum</strong></span> <span class='ocrx_word' id='word_1_209' title='bbox 2046 2312 2081 2370; x_wconf 89' lang='lat' dir='ltr'><strong>et</strong></span> 
     </span>
     <span class='ocr_line' id='line_1_19' title="bbox 428 2401 2080 2493; baseline 0.002 -23"><span class='ocrx_word' id='word_1_210' title='bbox 428 2407 514 2491; x_wconf 89' lang='lat' dir='ltr'><strong>ignis</strong></span> <span class='ocrx_word' id='word_1_211' title='bbox 537 2408 738 2488; x_wconf 90' lang='lat' dir='ltr'><strong>vulneribus,</strong></span> <span class='ocrx_word' id='word_1_212' title='bbox 762 2428 825 2493; x_wconf 93' lang='lat' dir='ltr'><strong>que</strong></span> <span class='ocrx_word' id='word_1_213' title='bbox 848 2405 1147 2471; x_wconf 89' lang='lat' dir='ltr'><strong>fomentorumnou</strong></span> <span class='ocrx_word' id='word_1_214' title='bbox 1169 2405 1314 2470; x_wconf 90' lang='lat' dir='ltr'><strong>sentiunt</strong></span> <span class='ocrx_word' id='word_1_215' title='bbox 1329 2401 1534 2480; x_wconf 87' lang='lat' dir='ltr'><strong>medicinam,</strong></span> <span class='ocrx_word' id='word_1_216' title='bbox 1557 2402 1697 2487; x_wconf 92' lang='lat' dir='ltr'><strong>putridis</strong></span> <span class='ocrx_word' id='word_1_217' title='bbox 1713 2404 1866 2470; x_wconf 91' lang='lat' dir='ltr'><strong>carnibus</strong></span> <span class='ocrx_word' id='word_1_218' title='bbox 1888 2427 1930 2470; x_wconf 92' lang='lat' dir='ltr'><strong>ne</strong></span> <span class='ocrx_word' id='word_1_219' title='bbox 1953 2414 2080 2493; x_wconf 89' lang='lat' dir='ltr'><strong>partem</strong></span> 
     </span>
     <span class='ocr_line' id='line_1_20' title="bbox 428 2505 2158 2595; baseline 0.001 -21"><span class='ocrx_word' id='word_1_220' title='bbox 428 2510 593 2576; x_wconf 90' lang='lat' dir='ltr'><strong>sinceram</strong></span> <span class='ocrx_word' id='word_1_221' title='bbox 615 2510 782 2588; x_wconf 85' lang='lat' dir='ltr'><strong>attrahant</strong></span> <span class='ocrx_word' id='word_1_222' title='bbox 804 2510 990 2595; x_wconf 90' lang='lat' dir='ltr'><strong>amputatis,</strong></span> <span class='ocrx_word' id='word_1_223' title='bbox 1014 2508 1154 2574; x_wconf 82' lang='lat' dir='ltr'><strong>advoces</strong></span> <span class='ocrx_word' id='word_1_224' title='bbox 1179 2513 1292 2573; x_wconf 91' lang='lat' dir='ltr'><strong>eontra</strong></span> <span class='ocrx_word' id='word_1_225' title='bbox 1315 2528 1382 2588; x_wconf 89' lang='lat' dir='ltr'><strong>eos,</strong></span> <span class='ocrx_word' id='word_1_226' title='bbox 1405 2511 1638 2591; x_wconf 87' lang='lat' dir='ltr'><strong>receptatores,</strong></span> <span class='ocrx_word' id='word_1_227' title='bbox 1661 2505 1853 2573; x_wconf 90' lang='lat' dir='ltr'><strong>defensores</strong></span> <span class='ocrx_word' id='word_1_228' title='bbox 1878 2515 1911 2574; x_wconf 92' lang='lat' dir='ltr'><strong>et</strong></span> <span class='ocrx_word' id='word_1_229' title='bbox 1934 2509 2079 2578; x_wconf 89' lang='lat' dir='ltr'><strong>fautores</strong></span> <span class='ocrx_word' id='word_1_230' title='bbox 2132 2538 2158 2578; x_wconf 81' lang='lat' dir='ltr'><strong>ao</strong></span> 
     </span>
     <span class='ocr_line' id='line_1_21' title="bbox 428 2608 2080 2700; baseline 0.002 -24"><span class='ocrx_word' id='word_1_231' title='bbox 428 2614 573 2700; x_wconf 90' lang='lat' dir='ltr'><strong>ipsorum</strong></span> <span class='ocrx_word' id='word_1_232' title='bbox 597 2613 776 2699; x_wconf 90' lang='lat' dir='ltr'><strong>spiritualis</strong></span> <span class='ocrx_word' id='word_1_233' title='bbox 799 2618 833 2677; x_wconf 91' lang='lat' dir='ltr'><strong>et</strong></span> <span class='ocrx_word' id='word_1_234' title='bbox 860 2612 1039 2677; x_wconf 89' lang='lat' dir='ltr'><strong>materialis</strong></span> <span class='ocrx_word' id='word_1_235' title='bbox 1070 2610 1171 2696; x_wconf 86' lang='lat' dir='ltr'><strong>gladii</strong></span> <span class='ocrx_word' id='word_1_236' title='bbox 1199 2615 1415 2696; x_wconf 89' lang='lat' dir='ltr'><strong>potestatem,</strong></span> <span class='ocrx_word' id='word_1_237' title='bbox 1447 2609 1619 2672; x_wconf 87' lang='lat' dir='ltr'><strong>universos</strong></span> <span class='ocrx_word' id='word_1_238' title='bbox 1645 2608 1766 2674; x_wconf 80' lang='lat' dir='ltr'><strong>Christi</strong></span> <span class='ocrx_word' id='word_1_239' title='bbox 1796 2609 1911 2677; x_wconf 87' lang='lat' dir='ltr'><strong>fideles</strong></span> <span class='ocrx_word' id='word_1_240' title='bbox 1942 2635 2080 2680; x_wconf 90' lang='lat' dir='ltr'><strong>monens</strong></span> 
     </span>
     <span class='ocr_line' id='line_1_22' title="bbox 429 2708 2080 2802; baseline 0.003 -23"><span class='ocrx_word' id='word_1_241' title='bbox 429 2716 585 2782; x_wconf 91' lang='lat' dir='ltr'><strong>attentius</strong></span> <span class='ocrx_word' id='word_1_242' title='bbox 609 2723 642 2781; x_wconf 92' lang='lat' dir='ltr'><strong>et</strong></span> <span class='ocrx_word' id='word_1_243' title='bbox 660 2715 839 2802; x_wconf 84' lang='lat' dir='ltr'><strong>inducens,</strong></span> <span class='ocrx_word' id='word_1_244' title='bbox 874 2720 911 2779; x_wconf 93' lang='lat' dir='ltr'><strong>ut</strong></span> <span class='ocrx_word' id='word_1_245' title='bbox 933 2720 1134 2800; x_wconf 90' lang='lat' dir='ltr'><strong>exurgentes</strong></span> <span class='ocrx_word' id='word_1_246' title='bbox 1157 2714 1191 2778; x_wconf 92' lang='lat' dir='ltr'><strong>iu</strong></span> <span class='ocrx_word' id='word_1_247' title='bbox 1213 2712 1410 2778; x_wconf 91' lang='lat' dir='ltr'><strong>adiutorium</strong></span> <span class='ocrx_word' id='word_1_248' title='bbox 1435 2708 1557 2774; x_wconf 83' lang='lat' dir='ltr'><strong>Christi</strong></span> <span class='ocrx_word' id='word_1_249' title='bbox 1588 2711 1638 2775; x_wconf 91' lang='lat' dir='ltr'><strong>sui</strong></span> <span class='ocrx_word' id='word_1_250' title='bbox 1666 2719 1779 2777; x_wconf 91' lang='lat' dir='ltr'><strong>contra</strong></span> <span class='ocrx_word' id='word_1_251' title='bbox 1801 2736 1859 2779; x_wconf 88' lang='lat' dir='ltr'><strong>eos</strong></span> <span class='ocrx_word' id='word_1_252' title='bbox 1882 2716 2021 2783; x_wconf 89' lang='lat' dir='ltr'><strong>viriliter</strong></span> <span class='ocrx_word' id='word_1_253' title='bbox 2043 2739 2080 2784; x_wconf 89' lang='lat' dir='ltr'><strong>se</strong></span> 
     </span>
     <span class='ocr_line' id='line_1_23' title="bbox 429 2805 2082 2904; baseline 0.003 -22"><span class='ocrx_word' id='word_1_254' title='bbox 429 2819 613 2904; x_wconf 89' lang='lat' dir='ltr'><strong>accingant.</strong></span> <span class='ocrx_word' id='word_1_255' title='bbox 657 2805 726 2884; x_wconf 86' lang='lat' dir='ltr'><strong>Nos</strong></span> <span class='ocrx_word' id='word_1_256' title='bbox 750 2818 838 2884; x_wconf 90' lang='lat' dir='ltr'><strong>enim</strong></span> <span class='ocrx_word' id='word_1_257' title='bbox 861 2817 901 2882; x_wconf 89' lang='lat' dir='ltr'><strong>de</strong></span> <span class='ocrx_word' id='word_1_258' title='bbox 925 2818 1158 2904; x_wconf 91' lang='lat' dir='ltr'><strong>omnipotentis</strong></span> <span class='ocrx_word' id='word_1_259' title='bbox 1174 2817 1239 2882; x_wconf 92' lang='lat' dir='ltr'><strong>Dei</strong></span> <span class='ocrx_word' id='word_1_260' title='bbox 1253 2814 1479 2881; x_wconf 89' lang='lat' dir='ltr'><strong>misericordia</strong></span> <span class='ocrx_word' id='word_1_261' title='bbox 1502 2821 1536 2880; x_wconf 88' lang='lat' dir='ltr'><strong>et</strong></span> <span class='ocrx_word' id='word_1_262' title='bbox 1554 2815 1726 2880; x_wconf 91' lang='lat' dir='ltr'><strong>beatorum</strong></span> <span class='ocrx_word' id='word_1_263' title='bbox 1751 2819 1975 2904; x_wconf 91' lang='lat' dir='ltr'><strong>apostolorum</strong></span> <span class='ocrx_word' id='word_1_264' title='bbox 1990 2822 2082 2887; x_wconf 88' lang='lat' dir='ltr'><strong>Petri</strong></span> 
     </span>
     <span class='ocr_line' id='line_1_24' title="bbox 431 2918 2080 3008; baseline 0 -20"><span class='ocrx_word' id='word_1_265' title='bbox 431 2928 465 2988; x_wconf 91' lang='lat' dir='ltr'><strong>et</strong></span> <span class='ocrx_word' id='word_1_266' title='bbox 486 2923 581 2986; x_wconf 88' lang='lat' dir='ltr'><strong>Pauli</strong></span> <span class='ocrx_word' id='word_1_267' title='bbox 605 2923 798 2987; x_wconf 86' lang='lat' dir='ltr'><strong>auctoritate</strong></span> <span class='ocrx_word' id='word_1_268' title='bbox 822 2922 952 3002; x_wconf 86' lang='lat' dir='ltr'><strong>confisi,</strong></span> <span class='ocrx_word' id='word_1_269' title='bbox 985 2944 1028 2986; x_wconf 92' lang='lat' dir='ltr'><strong>ex</strong></span> <span class='ocrx_word' id='word_1_270' title='bbox 1050 2922 1107 2986; x_wconf 87' lang='lat' dir='ltr'><strong>ille</strong></span> <span class='ocrx_word' id='word_1_271' title='bbox 1129 2942 1225 3007; x_wconf 87' lang='lat' dir='ltr'><strong>quam</strong></span> <span class='ocrx_word' id='word_1_272' title='bbox 1248 2919 1343 2985; x_wconf 91' lang='lat' dir='ltr'><strong>nobis</strong></span> <span class='ocrx_word' id='word_1_273' title='bbox 1366 2918 1443 2984; x_wconf 92' lang='lat' dir='ltr'><strong>licet</strong></span> <span class='ocrx_word' id='word_1_274' title='bbox 1465 2918 1609 3004; x_wconf 92' lang='lat' dir='ltr'><strong>indignis</strong></span> <span class='ocrx_word' id='word_1_275' title='bbox 1631 2918 1724 2984; x_wconf 91' lang='lat' dir='ltr'><strong>Deus</strong></span> <span class='ocrx_word' id='word_1_276' title='bbox 1746 2920 1870 3006; x_wconf 91' lang='lat' dir='ltr'><strong>ligandi</strong></span> <span class='ocrx_word' id='word_1_277' title='bbox 1892 2928 1990 3008; x_wconf 90' lang='lat' dir='ltr'><strong>atque</strong></span> <span class='ocrx_word' id='word_1_278' title='bbox 2014 2924 2080 2988; x_wconf 92' lang='lat' dir='ltr'><strong>sol-</strong></span> 
     </span>
     <span class='ocr_line' id='line_1_25' title="bbox 429 3024 2159 3115; baseline 0.002 -27"><span class='ocrx_word' id='word_1_279' title='bbox 429 3025 528 3090; x_wconf 92' lang='lat' dir='ltr'><strong>vendi</strong></span> <span class='ocrx_word' id='word_1_280' title='bbox 551 3027 688 3090; x_wconf 90' lang='lat' dir='ltr'><strong>contulit</strong></span> <span class='ocrx_word' id='word_1_281' title='bbox 710 3030 919 3114; x_wconf 89' lang='lat' dir='ltr'><strong>potestatem,</strong></span> <span class='ocrx_word' id='word_1_282' title='bbox 943 3027 1094 3091; x_wconf 90' lang='lat' dir='ltr'><strong>omnibus</strong></span> <span class='ocrx_word' id='word_1_283' title='bbox 1111 3045 1189 3091; x_wconf 90' lang='lat' dir='ltr'><strong>vere</strong></span> <span class='ocrx_word' id='word_1_284' title='bbox 1212 3025 1436 3110; x_wconf 88' lang='lat' dir='ltr'><strong>penitentibus</strong></span> <span class='ocrx_word' id='word_1_285' title='bbox 1459 3029 1493 3090; x_wconf 91' lang='lat' dir='ltr'><strong>et</strong></span> <span class='ocrx_word' id='word_1_286' title='bbox 1515 3024 1685 3104; x_wconf 88' lang='lat' dir='ltr'><strong>confessis,</strong></span> <span class='ocrx_word' id='word_1_287' title='bbox 1709 3024 1764 3110; x_wconf 92' lang='lat' dir='ltr'><strong>qui</strong></span> <span class='ocrx_word' id='word_1_288' title='bbox 1787 3027 1892 3091; x_wconf 90' lang='lat' dir='ltr'><strong>crucis</strong></span> <span class='ocrx_word' id='word_1_289' title='bbox 1910 3035 2080 3115; x_wconf 89' lang='lat' dir='ltr'><strong>assumpto</strong></span> <span class='ocrx_word' id='word_1_290' title='bbox 2133 3053 2159 3093; x_wconf 80' lang='lat' dir='ltr'><strong>as</strong></span> 
     </span>
     <span class='ocr_line' id='line_1_26' title="bbox 430 3127 2083 3216; baseline 0.002 -22"><span class='ocrx_word' id='word_1_291' title='bbox 430 3135 596 3194; x_wconf 89' lang='lat' dir='ltr'><strong>caractere</strong></span> <span class='ocrx_word' id='word_1_292' title='bbox 624 3128 665 3193; x_wconf 91' lang='lat' dir='ltr'><strong>ad</strong></span> <span class='ocrx_word' id='word_1_293' title='bbox 693 3128 871 3196; x_wconf 88' lang='lat' dir='ltr'><strong>eorundem</strong></span> <span class='ocrx_word' id='word_1_294' title='bbox 901 3130 1122 3196; x_wconf 87' lang='lat' dir='ltr'><strong>hereticorum</strong></span> <span class='ocrx_word' id='word_1_295' title='bbox 1155 3128 1386 3194; x_wconf 85' lang='lat' dir='ltr'><strong>exterminium</strong></span> <span class='ocrx_word' id='word_1_296' title='bbox 1414 3149 1449 3192; x_wconf 89' lang='lat' dir='ltr'><strong>se</strong></span> <span class='ocrx_word' id='word_1_297' title='bbox 1477 3127 1695 3208; x_wconf 89' lang='lat' dir='ltr'><strong>accinxerint,</strong></span> <span class='ocrx_word' id='word_1_298' title='bbox 1727 3129 1817 3192; x_wconf 91' lang='lat' dir='ltr'><strong>illam</strong></span> <span class='ocrx_word' id='word_1_299' title='bbox 1845 3128 2083 3216; x_wconf 87' lang='lat' dir='ltr'><strong>indulgentiam</strong></span> 
     </span>
     <span class='ocr_line' id='line_1_27' title="bbox 430 3230 2082 3320; baseline 0.004 -25"><span class='ocrx_word' id='word_1_300' title='bbox 430 3231 527 3318; x_wconf 92' lang='lat' dir='ltr'><strong>idque</strong></span> <span class='ocrx_word' id='word_1_301' title='bbox 550 3233 758 3320; x_wconf 89' lang='lat' dir='ltr'><strong>privilegium</strong></span> <span class='ocrx_word' id='word_1_302' title='bbox 780 3233 966 3318; x_wconf 89' lang='lat' dir='ltr'><strong>elargimur,</strong></span> <span class='ocrx_word' id='word_1_303' title='bbox 990 3255 1052 3319; x_wconf 89' lang='lat' dir='ltr'><strong>que</strong></span> <span class='ocrx_word' id='word_1_304' title='bbox 1077 3231 1309 3298; x_wconf 88' lang='lat' dir='ltr'><strong>accedentibus</strong></span> <span class='ocrx_word' id='word_1_305' title='bbox 1333 3232 1366 3295; x_wconf 92' lang='lat' dir='ltr'><strong>in</strong></span> <span class='ocrx_word' id='word_1_306' title='bbox 1382 3231 1483 3296; x_wconf 85' lang='lat' dir='ltr'><strong>Terre</strong></span> <span class='ocrx_word' id='word_1_307' title='bbox 1501 3230 1620 3296; x_wconf 86' lang='lat' dir='ltr'><strong>Sancte</strong></span> <span class='ocrx_word' id='word_1_308' title='bbox 1645 3230 1826 3297; x_wconf 91' lang='lat' dir='ltr'><strong>subsidium</strong></span> <span class='ocrx_word' id='word_1_309' title='bbox 1850 3235 2082 3302; x_wconf 89' lang='lat' dir='ltr'><strong>conceduntur.</strong></span> 
     </span>
     <span class='ocr_line' id='line_1_28' title="bbox 430 3334 2081 3426; baseline 0.004 -27"><span class='ocrx_word' id='word_1_310' title='bbox 430 3335 476 3399; x_wconf 88' lang='lat' dir='ltr'><strong>Ut</strong></span> <span class='ocrx_word' id='word_1_311' title='bbox 499 3357 577 3421; x_wconf 91' lang='lat' dir='ltr'><strong>ergo</strong></span> <span class='ocrx_word' id='word_1_312' title='bbox 599 3337 700 3402; x_wconf 92' lang='lat' dir='ltr'><strong>nichil</strong></span> <span class='ocrx_word' id='word_1_313' title='bbox 723 3337 853 3401; x_wconf 90' lang='lat' dir='ltr'><strong>omuino</strong></span> <span class='ocrx_word' id='word_1_314' title='bbox 883 3335 969 3402; x_wconf 89' lang='lat' dir='ltr'><strong>desit</strong></span> <span class='ocrx_word' id='word_1_315' title='bbox 996 3336 1037 3400; x_wconf 89' lang='lat' dir='ltr'><strong>ad</strong></span> <span class='ocrx_word' id='word_1_316' title='bbox 1068 3343 1134 3401; x_wconf 89' lang='lat' dir='ltr'><strong>tam</strong></span> <span class='ocrx_word' id='word_1_317' title='bbox 1163 3335 1253 3422; x_wconf 92' lang='lat' dir='ltr'><strong>pium</strong></span> <span class='ocrx_word' id='word_1_318' title='bbox 1277 3341 1310 3400; x_wconf 90' lang='lat' dir='ltr'><strong>et</strong></span> <span class='ocrx_word' id='word_1_319' title='bbox 1333 3339 1482 3398; x_wconf 87' lang='lat' dir='ltr'><strong>sanctum</strong></span> <span class='ocrx_word' id='word_1_320' title='bbox 1505 3334 1672 3419; x_wconf 89' lang='lat' dir='ltr'><strong>negotium</strong></span> <span class='ocrx_word' id='word_1_321' title='bbox 1694 3337 1973 3422; x_wconf 89' lang='lat' dir='ltr'><strong>prosequendum,</strong></span> <span class='ocrx_word' id='word_1_322' title='bbox 2005 3361 2081 3426; x_wconf 90' lang='lat' dir='ltr'><strong>pre-</strong></span> 
     </span>
     <span class='ocr_line' id='line_1_29' title="bbox 431 3429 2083 3524; baseline 0.004 -22"><span class='ocrx_word' id='word_1_323' title='bbox 431 3440 572 3504; x_wconf 90' lang='lat' dir='ltr'><strong>sentium</strong></span> <span class='ocrx_word' id='word_1_324' title='bbox 599 3440 660 3505; x_wconf 91' lang='lat' dir='ltr'><strong>tibi</strong></span> <span class='ocrx_word' id='word_1_325' title='bbox 687 3440 860 3505; x_wconf 88' lang='lat' dir='ltr'><strong>actoritate</strong></span> <span class='ocrx_word' id='word_1_326' title='bbox 888 3438 1114 3522; x_wconf 88' lang='lat' dir='ltr'><strong>concedimus,</strong></span> <span class='ocrx_word' id='word_1_327' title='bbox 1144 3445 1181 3503; x_wconf 94' lang='lat' dir='ltr'><strong>ut</strong></span> <span class='ocrx_word' id='word_1_328' title='bbox 1208 3438 1289 3519; x_wconf 85' lang='lat' dir='ltr'><strong>hiis,</strong></span> <span class='ocrx_word' id='word_1_329' title='bbox 1319 3437 1374 3523; x_wconf 93' lang='lat' dir='ltr'><strong>qui</strong></span> <span class='ocrx_word' id='word_1_330' title='bbox 1403 3458 1461 3524; x_wconf 90' lang='lat' dir='ltr'><strong>pro</strong></span> <span class='ocrx_word' id='word_1_331' title='bbox 1490 3437 1667 3502; x_wconf 88' lang='lat' dir='ltr'><strong>iniectione</strong></span> <span class='ocrx_word' id='word_1_332' title='bbox 1694 3459 1849 3505; x_wconf 91' lang='lat' dir='ltr'><strong>manuum</strong></span> <span class='ocrx_word' id='word_1_333' title='bbox 1872 3429 2023 3508; x_wconf 84' lang='lat' dir='ltr'><strong>¹violenta</strong></span> <span class='ocrx_word' id='word_1_334' title='bbox 2049 3449 2083 3508; x_wconf 91' lang='lat' dir='ltr'><strong>et</strong></span> 
     </span>
     <span class='ocr_line' id='line_1_30' title="bbox 429 3540 2160 3632; baseline 0.003 -25"><span class='ocrx_word' id='word_1_335' title='bbox 429 3541 590 3608; x_wconf 90' lang='lat' dir='ltr'><strong>incendiis</strong></span> <span class='ocrx_word' id='word_1_336' title='bbox 608 3545 738 3609; x_wconf 92' lang='lat' dir='ltr'><strong>vinculo</strong></span> <span class='ocrx_word' id='word_1_337' title='bbox 763 3549 838 3609; x_wconf 91' lang='lat' dir='ltr'><strong>sunt</strong></span> <span class='ocrx_word' id='word_1_338' title='bbox 861 3542 1209 3608; x_wconf 91' lang='lat' dir='ltr'><strong>excommunicationis</strong></span> <span class='ocrx_word' id='word_1_339' title='bbox 1233 3541 1396 3622; x_wconf 89' lang='lat' dir='ltr'><strong>adstricti,</strong></span> <span class='ocrx_word' id='word_1_340' title='bbox 1424 3540 1639 3605; x_wconf 87' lang='lat' dir='ltr'><strong>militantibus</strong></span> <span class='ocrx_word' id='word_1_341' title='bbox 1664 3541 1832 3607; x_wconf 87' lang='lat' dir='ltr'><strong>dumtaxat</strong></span> <span class='ocrx_word' id='word_1_342' title='bbox 1859 3544 1892 3608; x_wconf 94' lang='lat' dir='ltr'><strong>in</strong></span> <span class='ocrx_word' id='word_1_343' title='bbox 1918 3546 2079 3632; x_wconf 90' lang='lat' dir='ltr'><strong>premisso</strong></span> <span class='ocrx_word' id='word_1_344' title='bbox 2133 3577 2160 3615; x_wconf 79' lang='lat' dir='ltr'><strong>eo</strong></span> 
     </span>
     <span class='ocr_line' id='line_1_31' title="bbox 429 3644 2081 3736; baseline 0.003 -27"><span class='ocrx_word' id='word_1_345' title='bbox 429 3647 562 3732; x_wconf 92' lang='lat' dir='ltr'><strong>negotio</strong></span> <span class='ocrx_word' id='word_1_346' title='bbox 588 3648 659 3732; x_wconf 88' lang='lat' dir='ltr'><strong>regi</strong></span> <span class='ocrx_word' id='word_1_347' title='bbox 688 3669 818 3733; x_wconf 86' lang='lat' dir='ltr'><strong>regum,</strong></span> <span class='ocrx_word' id='word_1_348' title='bbox 845 3648 939 3711; x_wconf 85' lang='lat' dir='ltr'><strong>iuxta</strong></span> <span class='ocrx_word' id='word_1_349' title='bbox 968 3647 1103 3711; x_wconf 89' lang='lat' dir='ltr'><strong>formam</strong></span> <span class='ocrx_word' id='word_1_350' title='bbox 1136 3646 1275 3711; x_wconf 87' lang='lat' dir='ltr'><strong>ecclesie</strong></span> <span class='ocrx_word' id='word_1_351' title='bbox 1304 3644 1518 3709; x_wconf 88' lang='lat' dir='ltr'><strong>absolutionis</strong></span> <span class='ocrx_word' id='word_1_352' title='bbox 1547 3645 1744 3711; x_wconf 90' lang='lat' dir='ltr'><strong>beneficium</strong></span> <span class='ocrx_word' id='word_1_353' title='bbox 1770 3649 1881 3713; x_wconf 89' lang='lat' dir='ltr'><strong>valeas</strong></span> <span class='ocrx_word' id='word_1_354' title='bbox 1911 3650 2081 3736; x_wconf 90' lang='lat' dir='ltr'><strong>impertiri,</strong></span> 
     </span>
     <span class='ocr_line' id='line_1_32' title="bbox 428 3749 2081 3837; baseline 0.003 -23"><span class='ocrx_word' id='word_1_355' title='bbox 428 3750 573 3816; x_wconf 92' lang='lat' dir='ltr'><strong>iniuncto</strong></span> <span class='ocrx_word' id='word_1_356' title='bbox 597 3751 660 3816; x_wconf 92' lang='lat' dir='ltr'><strong>hiis</strong></span> <span class='ocrx_word' id='word_1_357' title='bbox 684 3751 770 3837; x_wconf 88' lang='lat' dir='ltr'><strong>quod</strong></span> <span class='ocrx_word' id='word_1_358' title='bbox 792 3751 913 3816; x_wconf 91' lang='lat' dir='ltr'><strong>talibus</strong></span> <span class='ocrx_word' id='word_1_359' title='bbox 937 3751 1109 3816; x_wconf 89' lang='lat' dir='ltr'><strong>consuevit</strong></span> <span class='ocrx_word' id='word_1_360' title='bbox 1131 3751 1267 3836; x_wconf 88' lang='lat' dir='ltr'><strong>iniungi,</strong></span> <span class='ocrx_word' id='word_1_361' title='bbox 1290 3749 1353 3813; x_wconf 94' lang='lat' dir='ltr'><strong>nisi</strong></span> <span class='ocrx_word' id='word_1_362' title='bbox 1375 3749 1486 3813; x_wconf 85' lang='lat' dir='ltr'><strong>forsan</strong></span> <span class='ocrx_word' id='word_1_363' title='bbox 1509 3769 1621 3813; x_wconf 88' lang='lat' dir='ltr'><strong>eorum</strong></span> <span class='ocrx_word' id='word_1_364' title='bbox 1642 3771 1800 3815; x_wconf 87' lang='lat' dir='ltr'><strong>excessus</strong></span> <span class='ocrx_word' id='word_1_365' title='bbox 1823 3751 1906 3816; x_wconf 91' lang='lat' dir='ltr'><strong>adeo</strong></span> <span class='ocrx_word' id='word_1_366' title='bbox 1930 3753 1972 3817; x_wconf 93' lang='lat' dir='ltr'><strong>sit</strong></span> <span class='ocrx_word' id='word_1_367' title='bbox 1995 3754 2081 3820; x_wconf 92' lang='lat' dir='ltr'><strong>diffi-</strong></span> 
     </span>
     <span class='ocr_line' id='line_1_33' title="bbox 429 3853 2080 3942; baseline 0.002 -23"><span class='ocrx_word' id='word_1_368' title='bbox 429 3855 499 3920; x_wconf 90' lang='lat' dir='ltr'><strong>cilis</strong></span> <span class='ocrx_word' id='word_1_369' title='bbox 523 3860 558 3920; x_wconf 88' lang='lat' dir='ltr'><strong>et</strong></span> <span class='ocrx_word' id='word_1_370' title='bbox 580 3855 732 3936; x_wconf 83' lang='lat' dir='ltr'><strong>enormis,</strong></span> <span class='ocrx_word' id='word_1_371' title='bbox 755 3854 841 3941; x_wconf 92' lang='lat' dir='ltr'><strong>quod</strong></span> <span class='ocrx_word' id='word_1_372' title='bbox 857 3861 990 3942; x_wconf 92' lang='lat' dir='ltr'><strong>propter</strong></span> <span class='ocrx_word' id='word_1_373' title='bbox 1006 3855 1068 3919; x_wconf 95' lang='lat' dir='ltr'><strong>hoc</strong></span> <span class='ocrx_word' id='word_1_374' title='bbox 1084 3855 1126 3918; x_wconf 92' lang='lat' dir='ltr'><strong>ad</strong></span> <span class='ocrx_word' id='word_1_375' title='bbox 1148 3853 1260 3920; x_wconf 89' lang='lat' dir='ltr'><strong>sedem</strong></span> <span class='ocrx_word' id='word_1_376' title='bbox 1276 3853 1489 3940; x_wconf 86' lang='lat' dir='ltr'><strong>apostolicam</strong></span> <span class='ocrx_word' id='word_1_377' title='bbox 1506 3853 1622 3917; x_wconf 90' lang='lat' dir='ltr'><strong>merito</strong></span> <span class='ocrx_word' id='word_1_378' title='bbox 1638 3854 1703 3918; x_wconf 89' lang='lat' dir='ltr'><strong>sint</strong></span> <span class='ocrx_word' id='word_1_379' title='bbox 1719 3855 1878 3922; x_wconf 88' lang='lat' dir='ltr'><strong>mittendi.</strong></span> <span class='ocrx_word' id='word_1_380' title='bbox 1914 3854 2080 3940; x_wconf 83' lang='lat' dir='ltr'><strong>Ceterum,</strong></span> 
     </span>
     <span class='ocr_line' id='line_1_34' title="bbox 426 3957 2078 4044; baseline 0.003 -22"><span class='ocrx_word' id='word_1_381' title='bbox 426 3964 463 4022; x_wconf 91' lang='lat' dir='ltr'><strong>ut</strong></span> <span class='ocrx_word' id='word_1_382' title='bbox 486 3959 696 4024; x_wconf 90' lang='lat' dir='ltr'><strong>commissum</strong></span> <span class='ocrx_word' id='word_1_383' title='bbox 719 3958 779 4022; x_wconf 91' lang='lat' dir='ltr'><strong>tibi</strong></span> <span class='ocrx_word' id='word_1_384' title='bbox 801 3958 971 4043; x_wconf 91' lang='lat' dir='ltr'><strong>negotium</strong></span> <span class='ocrx_word' id='word_1_385' title='bbox 993 3958 1156 4023; x_wconf 88' lang='lat' dir='ltr'><strong>salubrius</strong></span> <span class='ocrx_word' id='word_1_386' title='bbox 1172 3957 1284 4022; x_wconf 89' lang='lat' dir='ltr'><strong>valeas</strong></span> <span class='ocrx_word' id='word_1_387' title='bbox 1301 3963 1335 4021; x_wconf 91' lang='lat' dir='ltr'><strong>et</strong></span> <span class='ocrx_word' id='word_1_388' title='bbox 1349 3957 1485 4022; x_wconf 92' lang='lat' dir='ltr'><strong>liberius</strong></span> <span class='ocrx_word' id='word_1_389' title='bbox 1509 3978 1676 4038; x_wconf 90' lang='lat' dir='ltr'><strong>exercere,</strong></span> <span class='ocrx_word' id='word_1_390' title='bbox 1699 3958 1887 4044; x_wconf 89' lang='lat' dir='ltr'><strong>proferendi</strong></span> <span class='ocrx_word' id='word_1_391' title='bbox 1906 3981 2078 4027; x_wconf 90' lang='lat' dir='ltr'><strong>censuram</strong></span> 
     </span>
     <span class='ocr_line' id='line_1_35' title="bbox 427 4059 2158 4148; baseline 0.003 -22"><span class='ocrx_word' id='word_1_392' title='bbox 427 4060 685 4127; x_wconf 90' lang='lat' dir='ltr'><strong>ecclesiasticam</strong></span> <span class='ocrx_word' id='word_1_393' title='bbox 708 4061 741 4124; x_wconf 94' lang='lat' dir='ltr'><strong>in</strong></span> <span class='ocrx_word' id='word_1_394' title='bbox 765 4060 904 4125; x_wconf 89' lang='lat' dir='ltr'><strong>rebelles</strong></span> <span class='ocrx_word' id='word_1_395' title='bbox 928 4061 1121 4127; x_wconf 91' lang='lat' dir='ltr'><strong>auctoritate</strong></span> <span class='ocrx_word' id='word_1_396' title='bbox 1145 4061 1306 4148; x_wconf 89' lang='lat' dir='ltr'><strong>premissa</strong></span> <span class='ocrx_word' id='word_1_397' title='bbox 1328 4059 1517 4123; x_wconf 82' lang='lat' dir='ltr'><strong>facultatem</strong></span> <span class='ocrx_word' id='word_1_398' title='bbox 1541 4059 1602 4122; x_wconf 91' lang='lat' dir='ltr'><strong>tibi</strong></span> <span class='ocrx_word' id='word_1_399' title='bbox 1624 4060 1805 4146; x_wconf 88' lang='lat' dir='ltr'><strong>plenariam</strong></span> <span class='ocrx_word' id='word_1_400' title='bbox 1828 4061 2045 4148; x_wconf 90' lang='lat' dir='ltr'><strong>indulgemus.</strong></span> <span class='ocrx_word' id='word_1_401' title='bbox 2133 4093 2158 4130; x_wconf 78' lang='lat' dir='ltr'><strong>aa</strong></span> 
     </span>
    </p>
   </div>
   <div class='ocr_carea' id='block_1_4' title="bbox 535 4179 1365 4267">
    <p class='ocr_par' dir='ltr' id='par_1_4' title="bbox 535 4179 1365 4267">
     <span class='ocr_line' id='line_1_36' title="bbox 535 4179 1365 4267; baseline -0.002 -21"><span class='ocrx_word' id='word_1_402' title='bbox 535 4181 611 4246; x_wconf 91' lang='lat' dir='ltr'><strong>Dat.</strong></span> <span class='ocrx_word' id='word_1_403' title='bbox 634 4181 787 4247; x_wconf 86' lang='lat' dir='ltr'><strong>Lateran.</strong></span> <span class='ocrx_word' id='word_1_404' title='bbox 810 4179 860 4245; x_wconf 86' lang='lat' dir='ltr'><strong>IV</strong></span> <span class='ocrx_word' id='word_1_405' title='bbox 883 4180 961 4246; x_wconf 92' lang='lat' dir='ltr'><strong>Idus</strong></span> <span class='ocrx_word' id='word_1_406' title='bbox 984 4183 1081 4264; x_wconf 90' lang='lat' dir='ltr'><strong>Iunii,</strong></span> <span class='ocrx_word' id='word_1_407' title='bbox 1104 4203 1188 4246; x_wconf 91' lang='lat' dir='ltr'><strong>anno</strong></span> <span class='ocrx_word' id='word_1_408' title='bbox 1213 4181 1365 4267; x_wconf 87' lang='lat' dir='ltr'><strong>septimo.</strong></span> 
     </span>
    </p>
   </div>
   <div class='ocr_carea' id='block_1_5' title="bbox 1047 4423 1458 4432">
    <p class='ocr_par' dir='ltr' id='par_1_5' title="bbox 1047 4423 1458 4432">
     <span class='ocr_line' id='line_1_37' title="bbox 1047 4423 1458 4432; baseline -0.005 0"><span class='ocrx_word' id='word_1_409' title='bbox 1047 4423 1458 4432; x_wconf 77' lang='lat'><strong>--.———.—.—--</strong></span> 
     </span>
    </p>
   </div>
   <div class='ocr_carea' id='block_1_6' title="bbox 1213 4633 1299 4705">
    <p class='ocr_par' dir='ltr' id='par_1_6' title="bbox 1213 4633 1299 4705">
     <span class='ocr_line' id='line_1_38' title="bbox 1213 4633 1299 4705; baseline 0 0"><span class='ocrx_word' id='word_1_410' title='bbox 1213 4633 1299 4705; x_wconf 76' lang='lat'><strong>534.</strong></span> 
     </span>
    </p>
   </div>
   <div class='ocr_carea' id='block_1_7' title="bbox 427 4745 2080 4960">
    <p class='ocr_par' dir='ltr' id='par_1_7' title="bbox 427 4745 2080 4960">
     <span class='ocr_line' id='line_1_39' title="bbox 536 4745 2080 4864; baseline 0.003 -24"><span class='ocrx_word' id='word_1_411' title='bbox 536 4745 727 4857; x_wconf 68' lang='lat' dir='ltr'><strong>Grcpcatus</strong></span> <span class='ocrx_word' id='word_1_412' title='bbox 749 4771 805 4840; x_wconf 93' lang='lat' dir='ltr'><strong>IX</strong></span> <span class='ocrx_word' id='word_1_413' title='bbox 818 4794 908 4854; x_wconf 77' lang='lat' dir='ltr'><strong>papa</strong></span> <span class='ocrx_word' id='word_1_414' title='bbox 930 4772 1095 4859; x_wconf 83' lang='lat' dir='ltr'><strong>[Albcrto]</strong></span> <span class='ocrx_word' id='word_1_415' title='bbox 1118 4773 1323 4855; x_wconf 79' lang='lat' dir='ltr'><strong>patriarchae</strong></span> <span class='ocrx_word' id='word_1_416' title='bbox 1345 4773 1538 4838; x_wconf 78' lang='lat' dir='ltr'><strong>Antiocheno</strong></span> <span class='ocrx_word' id='word_1_417' title='bbox 1559 4775 1703 4853; x_wconf 72' lang='lat' dir='ltr'><strong>madar,</strong></span> <span class='ocrx_word' id='word_1_418' title='bbox 1732 4780 1768 4839; x_wconf 81' lang='lat' dir='ltr'><strong>at</strong></span> <span class='ocrx_word' id='word_1_419' title='bbox 1790 4777 1954 4860; x_wconf 72' lang='lat' dir='ltr'><strong>legationis</strong></span> <span class='ocrx_word' id='word_1_420' title='bbox 1976 4777 2080 4864; x_wconf 79' lang='lat' dir='ltr'><strong>officio</strong></span> 
     </span>
     <span class='ocr_line' id='line_1_40' title="bbox 427 4875 1993 4960; baseline 0.003 -18"><span class='ocrx_word' id='word_1_421' title='bbox 427 4877 464 4942; x_wconf 78' lang='lat' dir='ltr'><strong>fn</strong></span> <span class='ocrx_word' id='word_1_422' title='bbox 484 4897 541 4941; x_wconf 80' lang='lat' dir='ltr'><strong>suo</strong></span> <span class='ocrx_word' id='word_1_423' title='bbox 560 4875 781 4958; x_wconf 71' lang='lat' dir='ltr'><strong>pctrburchcta</strong></span> <span class='ocrx_word' id='word_1_424' title='bbox 803 4880 962 4940; x_wconf 76' lang='lat' dir='ltr'><strong>cmstcatas</strong></span> <span class='ocrx_word' id='word_1_425' title='bbox 984 4877 1035 4943; x_wconf 81' lang='lat' dir='ltr'><strong>sit.</strong></span> <span class='ocrx_word' id='word_1_426' title='bbox 1727 4881 1821 4960; x_wconf 84' lang='lat'><strong>1233,</strong></span> <span class='ocrx_word' id='word_1_427' title='bbox 1847 4881 1918 4946; x_wconf 80' lang='lat' dir='ltr'><strong>lua.</strong></span> <span class='ocrx_word' id='word_1_428' title='bbox 1942 4884 1993 4946; x_wconf 88' lang='lat'><strong>10.</strong></span> 
     </span>
    </p>
   </div>
   <div class='ocr_carea' id='block_1_8' title="bbox 532 4993 1238 5065">
    <p class='ocr_par' dir='ltr' id='par_1_8' title="bbox 532 4993 1238 5065">
     <span class='ocr_line' id='line_1_41' title="bbox 532 4993 1238 5065; baseline 0.003 -16"><span class='ocrx_word' id='word_1_429' title='bbox 532 4994 614 5064; x_wconf 68' lang='lat' dir='ltr'><strong>Grec.</strong></span> <span class='ocrx_word' id='word_1_430' title='bbox 635 4993 684 5049; x_wconf 84' lang='lat' dir='ltr'><strong>IX</strong></span> <span class='ocrx_word' id='word_1_431' title='bbox 701 4993 768 5064; x_wconf 71' lang='lat' dir='ltr'><strong>Ray.</strong></span> <span class='ocrx_word' id='word_1_432' title='bbox 792 4994 848 5050; x_wconf 83' lang='lat' dir='ltr'><strong>Vol.</strong></span> <span class='ocrx_word' id='word_1_433' title='bbox 866 4995 887 5050; x_wconf 92' lang='lat'><em>1</em></span> <span class='ocrx_word' id='word_1_434' title='bbox 890 4996 920 5065; x_wconf 86' lang='lat' dir='ltr'><strong>V,</strong></span> <span class='ocrx_word' id='word_1_435' title='bbox 940 5000 989 5062; x_wconf 84' lang='lat'><strong>51;</strong></span> <span class='ocrx_word' id='word_1_436' title='bbox 1007 4995 1068 5050; x_wconf 79' lang='lat' dir='ltr'><strong>Lib.</strong></span> <span class='ocrx_word' id='word_1_437' title='bbox 1090 4994 1158 5060; x_wconf 89' lang='lat' dir='ltr'><strong>VII,</strong></span> <span class='ocrx_word' id='word_1_438' title='bbox 1176 4999 1238 5051; x_wconf 84' lang='grc'><strong><em>166.</em></strong></span> 
     </span>
    </p>
   </div>
   <div class='ocr_carea' id='block_1_9' title="bbox 623 5188 2157 5286">
    <p class='ocr_par' dir='ltr' id='par_1_9' title="bbox 623 5188 2157 5286">
     <span class='ocr_line' id='line_1_42' title="bbox 623 5188 2157 5286; baseline 0.002 -19"><span class='ocrx_word' id='word_1_439' title='bbox 623 5248 633 5267; x_wconf 91' lang='grc'><strong>.</strong></span> <span class='ocrx_word' id='word_1_440' title='bbox 662 5247 671 5266; x_wconf 93' lang='grc'><strong>.</strong></span> <span class='ocrx_word' id='word_1_441' title='bbox 700 5191 952 5286; x_wconf 88' lang='lat' dir='ltr'><strong>patriarche</strong></span> <span class='ocrx_word' id='word_1_442' title='bbox 980 5189 1273 5282; x_wconf 86' lang='lat' dir='ltr'><strong>Antiocheno,</strong></span> <span class='ocrx_word' id='word_1_443' title='bbox 1302 5188 1550 5285; x_wconf 86' lang='lat' dir='ltr'><strong>apostolice</strong></span> <span class='ocrx_word' id='word_1_444' title='bbox 1577 5190 1696 5264; x_wconf 86' lang='lat' dir='ltr'><strong>sedis</strong></span> <span class='ocrx_word' id='word_1_445' title='bbox 1721 5191 1878 5284; x_wconf 86' lang='lat' dir='ltr'><strong>legate.</strong></span> <span class='ocrx_word' id='word_1_446' title='bbox 2130 5230 2157 5270; x_wconf 74' lang='lat' dir='ltr'><strong>a</strong></span> 
     </span>
    </p>
   </div>
   <div class='ocr_carea' id='block_1_10' title="bbox 427 5331 2078 5524">
    <p class='ocr_par' dir='ltr' id='par_1_10' title="bbox 427 5331 2078 5524">
     <span class='ocr_line' id='line_1_43' title="bbox 534 5331 2078 5414; baseline 0.002 -17"><span class='ocrx_word' id='word_1_447' title='bbox 534 5331 745 5411; x_wconf 89' lang='lat' dir='ltr'><strong>Iamdudum,</strong></span> <span class='ocrx_word' id='word_1_448' title='bbox 779 5333 865 5398; x_wconf 89' lang='lat' dir='ltr'><strong>sicut</strong></span> <span class='ocrx_word' id='word_1_449' title='bbox 897 5333 1089 5414; x_wconf 89' lang='lat' dir='ltr'><strong>recolimus,</strong></span> <span class='ocrx_word' id='word_1_450' title='bbox 1122 5340 1159 5398; x_wconf 92' lang='lat' dir='ltr'><strong>ut</strong></span> <span class='ocrx_word' id='word_1_451' title='bbox 1191 5335 1276 5400; x_wconf 92' lang='lat' dir='ltr'><strong>inter</strong></span> <span class='ocrx_word' id='word_1_452' title='bbox 1306 5340 1340 5400; x_wconf 90' lang='lat' dir='ltr'><strong>te</strong></span> <span class='ocrx_word' id='word_1_453' title='bbox 1369 5357 1407 5400; x_wconf 90' lang='lat' dir='ltr'><strong>ac</strong></span> <span class='ocrx_word' id='word_1_454' title='bbox 1436 5335 1660 5400; x_wconf 89' lang='lat' dir='ltr'><strong>venerabilem</strong></span> <span class='ocrx_word' id='word_1_455' title='bbox 1693 5335 1828 5400; x_wconf 87' lang='lat' dir='ltr'><strong>fratrem</strong></span> <span class='ocrx_word' id='word_1_456' title='bbox 1857 5342 2005 5400; x_wconf 89' lang='lat' dir='ltr'><strong>nostrum</strong></span> <span class='ocrx_word' id='word_1_457' title='bbox 2034 5385 2041 5400; x_wconf 94' lang='lat'>.</span> <span class='ocrx_word' id='word_1_458' title='bbox 2071 5385 2078 5400; x_wconf 94' lang='lat'>.</span> 
     </span>
     <span class='ocr_line' id='line_1_44' title="bbox 427 5436 2078 5524; baseline 0.002 -23"><span class='ocrx_word' id='word_1_459' title='bbox 427 5436 644 5524; x_wconf 88' lang='lat' dir='ltr'><strong>patriarcham</strong></span> <span class='ocrx_word' id='word_1_460' title='bbox 668 5436 987 5501; x_wconf 80' lang='lat' dir='ltr'><strong>Ierosolimitanum¹</strong></span> <span class='ocrx_word' id='word_1_461' title='bbox 1009 5440 1181 5504; x_wconf 86' lang='lat' dir='ltr'><strong>tolleretur</strong></span> <span class='ocrx_word' id='word_1_462' title='bbox 1203 5440 1307 5504; x_wconf 90' lang='lat' dir='ltr'><strong>omnis</strong></span> <span class='ocrx_word' id='word_1_463' title='bbox 1331 5439 1549 5504; x_wconf 87' lang='lat' dir='ltr'><strong>contentionis</strong></span> <span class='ocrx_word' id='word_1_464' title='bbox 1572 5438 1710 5503; x_wconf 88' lang='lat' dir='ltr'><strong>materia</strong></span> <span class='ocrx_word' id='word_1_465' title='bbox 1732 5445 1765 5504; x_wconf 90' lang='lat' dir='ltr'><strong>et</strong></span> <span class='ocrx_word' id='word_1_466' title='bbox 1788 5439 1976 5504; x_wconf 92' lang='lat' dir='ltr'><strong>scandalum</strong></span> <span class='ocrx_word' id='word_1_467' title='bbox 1995 5439 2078 5504; x_wconf 89' lang='lat' dir='ltr'><strong>vita-</strong></span> 
     </span>
    </p>
   </div>
   <div class='ocr_carea' id='block_1_11' title="bbox 529 5661 732 5732">
    <p class='ocr_par' dir='ltr' id='par_1_11' title="bbox 529 5661 732 5732">
     <span class='ocr_line' id='line_1_45' title="bbox 529 5661 732 5732; baseline 0.005 -15"><span class='ocrx_word' id='word_1_468' title='bbox 529 5663 556 5732; x_wconf 90' lang='lat'><strong>1)</strong></span> <span class='ocrx_word' id='word_1_469' title='bbox 576 5661 732 5718; x_wconf 78' lang='lat' dir='ltr'><strong>Gerclrlum.</strong></span> 
     </span>
    </p>
   </div>
   <div class='ocr_carea' id='block_1_12' title="bbox 0 0 2292 6388">
    <p class='ocr_par' dir='ltr' id='par_1_12' title="bbox 0 0 2292 6388">
     <span class='ocr_line' id='line_1_46' title="bbox 0 0 2292 6388; baseline 0 0"><span class='ocrx_word' id='word_1_470' title='bbox 0 0 2292 6388; x_wconf 95' lang='lat' dir='ltr'><strong> </strong></span> 
     </span>
    </p>
   </div>
  </div>
 </body>
</html>
