4524 6412
389 401 450 467 268
964 396 1011 452 EX
1030 394 1204 452 «aurocen
1223 394 1261 450 IX
1281 393 1460 449 REGIS'I'RO

389 577 426 640 ao
448 579 601 661 potenter
624 572 787 656 accingas,
811 571 918 636 sciens
942 593 1001 636 nos
1024 570 1086 634 heo
1109 569 1314 654 significasse
1337 591 1397 655 per
1417 570 1545 635 litteras
1568 576 1697 634 nostras
1721 569 1958 655 crucesignatis
1983 590 2043 655 per

388 679 606 745 Theutoniam
623 676 819 754 constitutis,
844 682 878 738 et
898 682 934 739 ut
949 680 1125 761 preparent
1148 695 1183 738 se
1208 673 1248 736 ad
1271 672 1505 737 transeundum
1528 680 1636 738 tecum
1660 675 1694 738 in
1717 674 1851 738 instanti
1875 673 2042 760 passagio,

389 782 528 848 sollicite
558 780 739 861 monuisse,
770 800 808 843 ac
838 779 1046 842 mandavisse
1074 778 1224 864 prelatis,
1256 781 1292 840 ut
1323 777 1471 841 subditos
1501 799 1577 841 suos
1601 777 1641 841 ad
1664 779 1769 865 ipsius
1792 778 1893 843 Terre
1919 777 2041 842 Sancte

390 886 571 951 subsidium
594 884 717 950 sedulis
742 883 1024 948 exhortationibus
1049 881 1200 947 studeant
1222 880 1378 946 animare.

495 1004 583 1069 Data
604 1005 756 1069 Lateran.
781 1003 864 1067 XVI
887 1001 962 1070 Kal.
985 1002 1120 1088 Aprilis,
1134 1001 1242 1088 {anno
1266 999 1414 1087 primolt.

1013 1298 1406 1305 -—....-...-—-...-——.-.-
1411 1298 1423 1303 .,

1176 1571 1262 1644 35u.

502 1688 692 1798 Graecas
707 1715 762 1780 IX
778 1735 867 1796 papa
887 1711 1062 1798 [Heartco]
1083 1711 1311 1792 archiepiscopo
1335 1711 1513 1778 Goloabmi
1534 1717 1562 1775 et
1584 1709 1795 1793 saffrapaaets
1816 1713 1883 1778 cias
1903 1716 2045 1794 cantat,

391 1822 608 1902 imperatorem
630 1822 659 1882 et
675 1817 866 1882 Lambardos
884 1814 1024 1901 formam
1045 1813 1225 1879 macardlae
1247 1819 1420 1897 acceptasse
1441 1818 1471 1880 ct
1492 1814 1535 1880 ad
1556 1815 1686 1879 lavican
1709 1814 1830 1880 litteras
1851 1837 1927 1882 suas
1947 1818 2044 1884 dasti-

391 1942 501 2002 aassc;
521 1921 655 1986 mandat
676 1923 726 1999 iis,
749 1926 784 1984 at
804 1919 944 1984 sabditos
965 1937 1037 1983 scos
1058 1917 1102 1982 ad
1118 1918 1234 1982 Terrae
1250 1916 1384 1983 Sanctae
1398 1918 1571 1983 subsidium
1594 1917 1723 1981 sollicite
1743 1920 1892 1985 animent.
1940 1921 1992 2006 ΟΥ.
2008 1944 2043 1990 a.

394 2028 468 2106 349,
490 2028 553 2090 not.
577 2029 607 2088 1.
1622 2021 1957 2108 [1227,Ape·l.16.]

497 2145 578 2213 urea.
595 2144 645 2198 IX
661 2144 727 2213 aaa
746 2143 807 2199 Lib.
826 2145 852 2212 I,
872 2148 913 2199 31.

459 2337 700 2432 Gregorius
728 2343 804 2411 etc.
834 2338 1168 2430 archiepiscopo
1196 2333 1452 2410 Coloniensi
1480 2341 1521 2410 et
1547 2336 1845 2429 suffraganeis
1871 2338 1978 2413 eiua.

502 2486 639 2552 Noverit
661 2490 772 2550 vestra
794 2485 999 2567 fraternitas,
1032 2486 1117 2571 quod
1145 2485 1282 2550 formam
1306 2484 1476 2549 concordie
1506 2485 1591 2548 inter
1620 2485 1823 2549 carissimum
1852 2487 1885 2550 in
1914 2486 2045 2554 Christo

394 2591 496 2655 filium
518 2596 665 2654 nostrum
680 2586 902 2666 Fredericum,
924 2587 1146 2653 Romanorum
1169 2589 1399 2674 imperatorem
1423 2593 1496 2666 etc,
1521 2593 1555 2651 et
1577 2588 1768 2653 societatem
1783 2589 2044 2656 Lombardorum

394 2715 453 2779 per
475 2693 690 2778 apostolicam
706 2690 819 2756 sedem
841 2690 927 2756 facte
950 2698 1086 2777 utraque
1110 2713 1185 2778 pars
1203 2691 1369 2755 humiliter
1384 2691 1577 2775 acceptavit,
1601 2711 1699 2776 super
1721 2691 1783 2756 hoc
1805 2691 1900 2757 nobis
1923 2700 1956 2774 et
1980 2695 2045 2759 sibi

394 2797 436 2862 ad
453 2797 593 2861 invicem
609 2817 685 2860 suas
701 2801 852 2880 patentes
869 2795 994 2860 litteras
1012 2795 1216 2861 destinando.
1263 2795 1346 2858 Cum
1362 2815 1439 2878 ergo
1461 2793 1547 2858 idem
1564 2794 1741 2878 imperator
1755 2794 1797 2859 ad
1812 2797 2047 2862 transeundum
2103 2825 2128 2861 ιτ,

395 2901 429 2963 in
452 2899 586 2963 instanti
608 2899 762 2985 passagio
785 2897 954 2983 magnifice
979 2921 1014 2964 se
1038 2899 1200 2984 accingat,
1232 2898 1359 2983 ipsique
1381 2896 1575 2974 Lombardi,
1606 2897 1662 2981 qui
1684 2920 1727 2962 ex
1749 2899 1853 2963 forma
1875 2900 2049 2965 concordie

396 3002 583 3089 supradicte
600 3002 855 3088 quadringentos
871 3003 994 3067 milites
1017 3024 1077 3089 per
1091 3002 1260 3068 biennium
1282 3002 1315 3065 in
1335 3002 1489 3087 expensis
1507 3002 1648 3087 propriis
1671 3001 1749 3066 dare
1772 3002 1836 3087 ipsi
1857 3003 2048 3089 imperatori

395 3111 550 3170 tenentur
572 3107 605 3169 in
629 3104 809 3170 subsidium
832 3106 934 3170 Terre
952 3105 1082 3187 Sancte,
1106 3107 1147 3171 ad
1169 3107 1244 3171 illos
1268 3105 1392 3170 dandos
1416 3127 1451 3171 se
1474 3105 1624 3170 hilariter
1646 3113 1679 3170 et
1701 3106 1839 3170 viriliter
1860 3113 2049 3193 preparent,

395 3208 633 3273 fraternitatem
648 3215 789 3273 vestram
813 3210 1050 3274 sollicitandam
1073 3209 1227 3274 duximus
1251 3216 1285 3274 et
1306 3209 1512 3290 monendam,
1535 3230 1594 3294 per
1609 3210 1790 3295 apostolica
1811 3209 1904 3274 vobis
1928 3212 2050 3297 scripta

383 3311 607 3394 mandantes,
643 3313 794 3397 quatinus
835 3311 876 3375 ad
908 3313 1011 3398 ipsius
1045 3313 1147 3378 Terre
1185 3312 1304 3377 Sancte
1345 3311 1527 3377 subsidium
1561 3311 1708 3377 subditos
1742 3319 1871 3377 vestros
1906 3314 2048 3378 sollicite
2103 3344 2130 3383 aa

396 3415 559 3496 animetis,
584 3415 819 3500 crucesignatis
837 3416 1049 3501 iniungendo,
1071 3424 1108 3481 ut
1129 3423 1298 3482 transeant
1320 3417 1353 3479 in
1376 3417 1510 3481 instanti
1526 3416 1690 3502 passagio,
1713 3437 1751 3480 ac
1773 3417 1855 3481 alios
1878 3416 1919 3480 ad
1943 3418 2048 3482 susci·

396 3517 549 3604 piendam
573 3539 702 3583 crucem
725 3519 778 3582 vel
800 3519 842 3582 ad
868 3519 1101 3584 conserendum
1124 3519 1164 3584 de
1193 3520 1289 3584 bonis
1319 3520 1385 3583 suis
1408 3519 1442 3582 in
1469 3519 1572 3604 ipsius
1596 3518 1698 3584 Terre
1722 3518 1842 3584 Sancte
1866 3519 2050 3585 subsidium

397 3620 519 3685 sedulis
542 3621 824 3686 exhortationibus
854 3621 1054 3703 inducendo,
1086 3625 1250 3708 promissa
1272 3623 1321 3687 cis
1351 3621 1529 3687 secuudum
1553 3628 1710 3687 statutum
1733 3623 1862 3688 concilii
1885 3625 2050 3707 generalis

396 3746 529 3788 suorum
556 3725 652 3789 venia
681 3731 905 3811 peccatorum,
935 3724 975 3790 de
1007 3725 1122 3811 quibus
1152 3748 1229 3791 vers
1261 3726 1393 3790 contriti
1422 3725 1543 3789 luerint
1571 3731 1604 3790 ct
1637 3725 1795 3801 confessi,
1825 3747 1898 3791 eam
1925 3727 1959 3790 in
1985 3726 2049 3789 hiis

397 3828 666 3909 sollicitudinem,
690 3836 724 3894 et
746 3830 951 3915 diligentiam
973 3829 1186 3900 adhibentes,
1216 3851 1312 3915 quam
1334 3830 1503 3913 negotium
1526 3835 1593 3892 tem
1615 3828 1811 3906 favorabile,
1841 3836 1907 3893 tam
1931 3850 2046 3894 neces·
2103 3859 2129 3898 er.

397 3932 519 3995 sarium
541 3937 672 4017 tamque
696 3939 844 3996 sanctum
868 3934 1028 4018 exposcit.

503 4051 591 4116 Data
612 4052 779 4132 Laterani,
803 4052 885 4117 XVI
906 4052 983 4117 Kal.
1006 4053 1140 4140 Aprilis,
1166 4049 1263 4137 [anno
1286 4050 1458 4139 prim0]b¹.

1016 4349 1427 4358 -——-—-———--—--

1180 4625 1265 4698 353.

507 4734 697 4843 Graecas
720 4762 777 4826 IX
794 4783 882 4843 papa
902 4763 1103 4849 [Ludowico]
1125 4764 1301 4846 lantgravio
1326 4762 1519 4844 illuriapiac
1543 4761 1624 4824 laea
1652 4761 1759 4825 scribit
1781 4761 1818 4824 dc
1844 4761 2051 4840 acceptatione
2077 4842 2081 4848 Ι

396 4863 517 4952 [macae
539 4864 717 4929 concordiae
739 4886 867 4947 campere
888 4866 1040 4943 halatur,
1061 4870 1097 4930 at
1117 4867 1161 4932 ad
1182 4866 1408 4931 transcendam
1429 4884 1460 4928 sc
1479 4869 1655 4945 praeparet.
1709 4863 1758 4948 Of.
1781 4884 1814 4928 a.
1837 4867 1911 4941 349,
1932 4869 1994 4928 aot.
2019 4870 2049 4929 1.

1628 4967 1739 5050 [1227,
1762 4967 1870 5047 April.
1893 4966 1964 5051 ld]
2103 4995 2130 5030 aa

503 5050 586 5122 arey.
605 5052 655 5106 rx
671 5053 736 5122 nep.
755 5053 816 5106 na.
836 5052 861 5116 Ι,
882 5057 925 5106 aa.

886 5229 1171 5238 -—-—--——-—-——--

504 5363 527 5428 ¹¹)
545 5381 612 5415 auno
630 5365 711 5430 primo
730 5365 797 5416 deest
813 5367 841 5417 ia
860 5367 891 5417 B.
978 5367 1001 5436 ὓ)
1019 5385 1086 5420 anno
1104 5368 1185 5434 primo
1203 5367 1271 5418 deest
1287 5368 1314 5417 ia
1333 5366 1365 5417 a.

502 5515 528 5582 1)
547 5515 584 5569 In
602 5516 716 5571 eandem
733 5518 848 5583 modam,
866 5525 897 5574 at
915 5520 985 5575 vidit
1003 5519 1298 5582 Haillard-Bre'lrollea,
1318 5518 1335 5572 l.
1354 5535 1375 5574 c.
1393 5521 1412 5573 t.
1431 5519 1493 5587 ΙΙΙ,
1508 5535 1537 5587 p.
1558 5523 1583 5582 7,
1601 5523 1656 5572 not.
1675 5524 1690 5571 1
1708 5520 1738 5572 ia
1755 5519 1854 5573 collect.
1874 5519 1997 5590 Leporte
2015 5519 2053 5573 da

402 5601 479 5653 Tlreil
496 5617 541 5669 ap.
559 5600 634 5656 Bibl.
653 5603 754 5673 Paria,
773 5607 962 5674 scriptumest
981 5607 1157 5674 Maenaliac,
1181 5607 1335 5666 Bremenst,
1365 5605 1525 5658 Trcecreaot
1543 5610 1568 5658 et
1587 5605 1821 5674 Mapdeborpcasi
1839 5606 2052 5676 archiepiscopis

398 5692 422 5740 et
441 5702 532 5740 eoram
549 5689 742 5758 suffraganeis.
2104 5717 2130 5755 as
