4494 6426
750 335 950 401 aristonem
967 333 1156 388 sansures.
1194 335 1267 388 1210.
1295 381 1296 386 ,
1799 341 1835 402 71

184 528 257 570 cum
282 507 454 571 imminens
477 509 659 573 necessitas
680 514 713 574 et
736 509 870 574 evidens
893 508 1019 572 utilitas
1042 505 1075 569 id
1099 507 1259 591 exposcit,
1283 507 1458 591 presertim
1477 529 1549 573 cum
1567 509 1769 598 dispensatio
1795 512 1842 576 sic

183 611 262 674 iuris
297 611 427 675 vincula
459 613 550 676 laxet
585 613 618 676 in
651 614 776 698 aliquo,
812 611 897 697 quod
925 613 958 674 in
990 610 1062 673 aliis
1085 630 1150 672 non
1178 608 1345 686 dissolvit,
1374 615 1407 674 et
1437 612 1483 675 sie
1513 612 1710 678 beneficium
1736 616 1841 700 gratie

186 714 338 799 specialis
361 713 503 792 inducat,
528 716 614 801 quod
637 717 782 800 vigorem
806 713 1048 780 constitutionis
1070 733 1136 775 non
1158 712 1290 797 perimit
1312 714 1487 797 generalis.
1534 715 1654 780 Oblata
1678 717 1841 802 siquidem

185 817 280 879 nobis
304 837 346 880 ex
369 823 462 902 parte
485 825 542 880 tua
564 823 597 881 et
619 818 756 881 aliorum
780 817 1018 902 quamplurium
1040 815 1223 900 principum
1244 819 1277 878 et
1296 813 1454 879 baronum
1475 817 1650 882 insinuatio
1674 820 1841 905 patefecit,

185 919 272 1004 quod
300 919 387 983 inter
414 921 617 984 carissimum
648 921 680 984 in
704 919 834 984 Christo
862 921 963 983 lilium
996 925 1141 982 nostrum
1167 965 1174 978 .
1199 966 1206 980 .
1230 916 1397 982 Danorum
1424 940 1538 1004 regem
1561 921 1721 986 illustrem
1745 929 1779 987 et
1801 923 1840 987 Ο.

184 1021 225 1086 de
247 1021 468 1086 Lunenburch
490 1029 643 1108 nepotem
668 1024 771 1108 ipsius
800 1045 842 1088 ex
865 1028 957 1108 parte
980 1041 1061 1098 una,
1093 1025 1126 1083 et
1149 1019 1291 1083 nobilem
1315 1021 1418 1084 virum
1448 1023 1669 1088 marchionem
1691 1024 1839 1090 Brande-

184 1125 384 1210 burgensem
407 1147 450 1189 ex
473 1127 586 1205 altera,
620 1126 751 1189 inimico
786 1125 915 1188 homine
952 1123 1233 1209 superseminante
1261 1124 1418 1188 zizaniam
1449 1145 1567 1208 guerre
1599 1147 1637 1190 ac
1670 1128 2002 1194 inimicitiarumrsa.

183 1228 341 1314 pestilera
370 1249 408 1291 ae
432 1227 586 1292 mortales
611 1227 692 1292 adeo
720 1234 966 1306 succreverunt,
1001 1225 1087 1312 quod
1118 1231 1228 1311 preter
1256 1231 1398 1310 stragem
1427 1227 1596 1292 hominum
1618 1231 1840 1296 miserabilem

184 1331 304 1394 factam
337 1330 527 1394 multotiens
556 1331 631 1394 hinc
659 1337 693 1394 et
723 1330 816 1410 inde,
852 1331 1095 1394 combustiones
1128 1329 1278 1392 villarum
1311 1336 1343 1393 et
1366 1330 1619 1397 inhumanitates
1643 1333 1736 1413 alias,
1760 1355 1840 1419 quas

115 1457 120 1482 ι
187 1454 320 1498 narrare
351 1454 411 1519 per
434 1433 563 1517 singula
585 1433 720 1518 longum
743 1440 843 1510 esset,
866 1434 970 1497 altera
991 1433 1127 1497 alterius
1151 1432 1344 1516 sanguinem
1367 1432 1456 1495 sitiat
1479 1440 1512 1498 et
1534 1455 1665 1499 carnem
1688 1436 1720 1498 in
1736 1442 1840 1501 morte

183 1537 353 1600 tumescat.
397 1535 493 1600 Unde
524 1537 699 1620 contingit,
733 1536 819 1621 quod
854 1535 1034 1599 subsidium
1065 1533 1151 1619 quod
1182 1535 1349 1599 conversis
1384 1535 1520 1600 Pruscie
1553 1559 1613 1622 per
1645 1559 1758 1622 regem
1789 1586 1840 1616 ..,

184 1645 339 1725 nopotem
361 1639 476 1724 ipsius,
501 1647 533 1703 et
556 1640 778 1704 marchionem
801 1639 983 1725 predictum
999 1645 1112 1724 posset
1127 1638 1333 1724 potissimum
1356 1640 1535 1723 procurari,
1558 1645 1671 1726 utpote
1694 1640 1842 1726 quisunt

186 1742 337 1827 contigui
371 1749 457 1806 terre
492 1743 555 1822 illi,
591 1749 624 1807 et
655 1751 721 1807 tam
749 1743 958 1807 multitudine
988 1742 1134 1832 gentium
1162 1762 1257 1824 quam
1281 1741 1354 1804 aliis
1379 1741 1501 1806 divitiis
1524 1743 1715 1829 locupletes,
1739 1743 1840 1828 pluri-

184 1867 273 1909 mum
297 1844 481 1931 impeditur,
505 1851 538 1909 et
560 1853 699 1931 pereunt
721 1846 951 1909 miserabiliter
974 1845 1082 1908 anime
1106 1845 1329 1929 plurimorum.
1376 1843 1582 1932 Quapropter
1610 1847 1705 1910 nobis
1738 1846 1842 1909 humi·

119 1966 132 1999 a
187 1950 265 2012 litcr
293 1948 517 2034 supplicastis,
553 1955 590 2011 ut
620 1970 692 2012 cum
725 1950 873 2034 prefatus
907 1949 1050 2013 marchio
1081 1948 1165 2012 dicto
1194 1947 1232 2012 Ο.
1262 1949 1362 2012 filiam
1391 1969 1483 2011 suam
1513 1949 1612 2013 vellet
1634 1949 1840 2012 matrimonio

105 2477 132 2513 20

108 3647 134 3684 ‘25

110 4107 137 4144 δυ

186 2052 338 2136 copulare
355 2050 395 2114 ad
414 2050 575 2115 sedandas
591 2072 727 2135 guerras
751 2059 784 2116 et
800 2052 987 2116 inimicitias
1003 2050 1218 2137 supradictas,
1243 2051 1326 2137 quod
1351 2052 1384 2115 in
1408 2057 1521 2136 quarto
1544 2051 1648 2136 gradu
1671 2060 1840 2117 contraere

185 2155 326 2232 valeant,
349 2175 408 2239 pro
432 2152 517 2216 bono
540 2155 630 2239 pacis
653 2154 844 2240 dispensare
868 2155 908 2219 de
932 2154 1136 2238 benignitate
1155 2153 1242 2217 sedis
1259 2155 1440 2238 apostolice
1456 2143 1675 2238 dignaremur,
1698 2154 1840 2217 maxime

186 2279 260 2321 cunr
282 2255 390 2330 iidem,
416 2256 444 2319 si
467 2257 614 2343 sopiatur
636 2279 696 2342 per
717 2256 904 2321 huiusmodi
934 2258 1084 2342 copulam
1108 2256 1318 2320 seminarium
1339 2255 1501 2320 discordie
1524 2256 1701 2336 intereos,
1725 2255 1786 2319 tibi
1809 2260 1842 2319 et

185 2359 360 2446 baptizatis
382 2358 518 2424 Pruscie
542 2359 747 2444 impensuros
772 2381 808 2425 se
831 2359 952 2422 decens
977 2358 1135 2422 auxilium
1160 2359 1399 2443 repromittant.
1443 2357 1513 2423 Nos
1532 2359 1633 2443 igitur
1655 2356 1695 2421 de
1718 2355 1840 2420 discre—
1917 2351 1919 2355 ’
1949 2445 1950 2448 ¹

190 2464 281 2528 tione
305 2469 362 2526 tua
384 2461 514 2550 plenam
538 2462 571 2525 iu
593 2461 735 2527 Domino
765 2463 915 2527 fiduciam
943 2462 1146 2541 obtinentes,
1181 2463 1245 2526 tuis
1268 2469 1302 2526 et
1325 2462 1485 2527 dictorum
1508 2461 1665 2525 nobilium
1688 2459 1841 2546 precibus

187 2566 344 2645 inclinati,
367 2588 429 2651 per
450 2565 630 2650 apostolica
653 2566 713 2630 tibi
736 2567 857 2652 scripta
878 2565 1089 2642 mandamus,
1122 2565 1273 2649 quatinus
1305 2586 1404 2652 super
1427 2564 1490 2628 hiis
1513 2563 1707 2628 auctoritate
1729 2567 1841 2626 nostra

187 2676 324 2747 statuas,
348 2667 435 2752 quod
459 2666 637 2732 secundum
661 2667 768 2733 Deum
792 2669 913 2734 videris
936 2668 1154 2734 statuendum.
1834 2727 1842 2736 r

294 2770 370 2835 Dat.
393 2770 499 2834 Rome
522 2770 609 2856 apud
633 2771 787 2836 Sanctum
810 2773 957 2852 Petrum,
980 2771 1047 2836 VII
1062 2771 1137 2837 Kal.
1153 2770 1251 2851 Iunii,
1276 2769 1484 2856 pontificatus
1507 2769 1610 2833 nostri
1626 2788 1710 2832 anno
1734 2767 1841 2833 tertio.

805 3066 1216 3075 —.-.-.--—-—-——-

991 3376 1052 3448 99.

298 3485 499 3582 etiams
520 3515 736 3580 normann
757 3535 815 3578 aa
836 3513 978 3578 naua
1000 3513 1067 3578 111
1082 3533 1189 3594 papa
1209 3513 1332 3595 crassas
1351 3511 1456 3592 afar,
1478 3511 1560 3592 qna
1581 3511 1702 3574 encas
1723 3510 1844 3574 arsace

184 3643 246 3703 pro
272 3621 362 3686 cuna
388 3619 530 3703 pennalt
554 3620 589 3682 in
616 3619 694 3698 sesto
724 3618 805 3682 beuti
831 3615 987 3680 lobannis
1008 3616 1102 3700 [Iun.
1129 3616 1190 3700 24]
1221 3613 1404 3678 cenanda
1425 3614 1594 3694 perutilem
1623 3613 1775 3693 postulat,
1808 3615 1843 3674 ut

187 3726 313 3806 neuntio
341 3743 400 3788 sua
427 3722 467 3788 ab
495 3723 563 3803 ipso
583 3742 674 3802 papa
699 3723 795 3804 (inem
821 3720 980 3783 obtineant
1008 3722 1163 3798 optatum,
1195 3717 1410 3796 hortaturque,
1439 3734 1479 3778 nc
1508 3735 1617 3779 ornem
1642 3713 1844 3778 ammmmdet

187 3828 433 3894 detractionibus
447 3827 575 3891 illorum
596 3826 652 3907 qut
672 3845 704 3889 ac
726 3824 763 3888 dc
785 3827 871 3888 terra
891 3822 1034 3887 eeclesiae
1055 3821 1276 3885 concessionem
1291 3818 1399 3897 fecisse
1417 3817 1605 3882 mendaciter
1626 3816 1842 3896 obloquantur.

1489 3919 1678 3997 1219‚1nn.
1702 3920 1753 3982 16.

296 4015 370 4068 Hora.
389 4014 447 4068 ΙΙΙ
462 4015 531 4084 Rea.
555 4015 613 4068 Vol.
631 4014 674 4077 ΙΙ,
693 4016 756 4068 nl.-
775 4011 836 4066 Leo.
856 4010 911 4063 111
938 4015 999 4064 531.

295 4101 352 4155 Ed.
371 4117 415 4170 ap.
435 4100 730 4162 Hunilam-Brittones,
750 4099 824 4152 Hiet.
842 4097 908 4165 dipl.
928 4095 1010 4150 Frid.
1031 4098 1071 4158 ΙΙ,
1093 4095 1165 4148 Tom.
1185 4096 1208 4157 I,
1223 4110 1252 4161 p.
1273 4095 1337 4146 636.

813 4378 942 4384 m-t—
950 4375 1223 4383 --....-.-.0.---....-—

980 4687 1062 4760 100.

302 4805 490 4897 Honorius
512 4829 578 4894 ΙΙΙ
589 4849 681 4910 papa
703 4825 723 4912 [
725 4828 869 4894 (blundo
883 4829 907 4891 Ι
912 4828 954 4912 V]
976 4825 1203 4908 Ratisponenai
1223 4828 1251 4886 et
1272 4819 1420 4906 [Utrico]
1441 4815 1625 4880 Putavicnsi
1645 4812 1795 4894 episoma
1816 4815 1844 4874 ct

191 4936 340 5026 [l'lrico]
364 4935 541 5018 praeposito
564 4932 676 4997 Sancti
701 4930 828 4994 illicolot
854 4931 1040 5010 multupliees
1060 4927 1289 5008 praecantiones
1316 4919 1499 5006 [Andreae]
1526 4917 1664 4998 episcopo
1690 4913 1845 4995 Propensc'

192 5045 320 5122 eiusque
348 5039 490 5102 ccclesiae
517 5037 626 5100 illotas
652 5038 827 5114 enumerat,
855 5034 954 5114 iisque
981 5031 1127 5108 mandat,
1159 5032 1194 5092 ut
1214 5023 1427 5112 [otakarum]
1447 5040 1546 5103 repom
1568 5019 1693 5099 eiusque
1715 5015 1845 5078 bornum

193 5145 238 5210 ud
259 5141 504 5222 satrissactr'oaem
519 5141 734 5218 conpetentem
748 5135 951 5201 exhihendam
968 5134 1128 5210 inducant,
1150 5135 1179 5195 ct
1200 5131 1229 5193 ac'
1250 5149 1356 5192 corum
1370 5125 1497 5189 monitis
1518 5122 1608 5202 infra
1630 5119 1707 5183 dnos
1727 5133 1845 5180 menses

116 5277 141 5312 a
193 5247 386 5330 acquiescere
407 5241 575 5318 noluerint,
597 5262 636 5304 erc
658 5245 732 5304 tunc
752 5259 802 5302 eos
823 5237 1099 5302 cecmnnrnnicatos
1120 5231 1312 5298 denuntrent.
1507 5225 1601 5298 1219,
1622 5221 1704 5301 Aua.
1728 5219 1759 5282 2.

298 5381 374 5434 aar.
398 5381 452 5432 ΙΙΙ
470 5377 535 5446 aa.
560 5375 616 5431 Vol.
640 5379 686 5438 ΙΙ,
713 5379 779 5442 122;
805 5373 868 5428 Lib.
894 5372 944 5437 IV,
972 5375 1031 5426 541.
1092 5369 1196 5423 Pcrteir'
1222 5366 1360 5434 exemplar
1386 5362 1573 5433 supplevimus
1600 5375 1635 5412 ea
1658 5355 1751 5424 aava.
1773 5353 1844 5406 Ann.

192 5469 256 5528 eccl.
274 5484 300 5522 a.
319 5473 393 5531 1219,
409 5469 425 5530 ἕ
442 5467 488 5518 27.

299 5551 439 5620 Pottbust,
457 5549 526 5622 aeq.
545 5552 618 5602 6111.
