4538 6426
104 3153 131 3190 fb

106 3809 132 3848 25

753 367 953 426 semeonis
971 367 1160 428 surnaria.
1197 369 1272 427 rma.
1797 381 1838 445 45

187 547 241 632 qui
263 545 329 612 iam
352 549 386 612 in
409 569 449 612 eo
472 554 538 628 est,
568 545 654 632 quod
676 546 764 612 illius
787 546 965 611 ulciscatur
993 546 1139 628 iniurias,
1167 567 1300 632 gravem
1332 547 1506 614 incurratis
1536 550 1704 618 offensam.
1755 549 1840 626 Quia

187 651 286 734 igitur
308 651 343 715 in
365 652 505 715 concilio
528 651 588 714 fuit
615 651 764 734 generali
797 657 972 728 statutum,
1008 656 1044 715 ut
1078 651 1186 714 saltim
1218 673 1278 736 per
1309 650 1557 736 quadriennium
1589 656 1623 718 in
1657 662 1726 720 toto
1760 657 1839 721 orbe

188 753 374 819 Christiano
397 776 464 841 pax
487 755 685 840 generaliter
710 754 918 834 observetur,
950 756 997 818 ita
1019 754 1105 839 quod
1128 776 1188 840 per
1211 757 1425 821 ecclesiarum
1448 759 1591 842 prelatos
1613 757 1838 824 discordantes

186 856 384 922 reducantur
418 857 460 921 ad
487 859 618 942 plenam
641 879 758 944 pacem
780 858 833 922 vel
856 858 981 922 firmam
1004 865 1153 942 treugam
1177 859 1411 925 inviolabiliter
1433 860 1681 952 observandam,
1716 868 1750 926 et
1782 861 1838 946 qui

186 960 395 1044 acquiescere
418 960 503 1026 forte
526 962 794 1046 contempserint,
817 982 877 1046 per
899 962 1271 1027 excommunicationem
1294 963 1327 1026 in
1349 984 1507 1048 personas
1531 970 1564 1028 et
1578 964 1787 1029 interdictum
1805 966 1838 1028 in

185 1071 289 1127 terras
311 1065 457 1150 ipsorum
479 1064 643 1129 artissima
667 1065 914 1150 compellantur,
941 1070 975 1128 et
997 1065 1025 1129 si
1048 1064 1158 1129 forsan
1183 1086 1354 1130 censuram
1377 1067 1632 1132 ecclesiasticam
1656 1066 1837 1154 vilipende-

186 1167 260 1246 rint,
283 1167 399 1232 timere
421 1173 591 1252 poterunt,
615 1190 657 1233 ne
680 1189 739 1253 per
764 1169 990 1233 auctoritatem
1019 1169 1159 1233 ecclesie
1184 1177 1297 1234 contra
1325 1191 1381 1234 eos
1404 1176 1568 1256 tamquam
1591 1171 1836 1258 perturbatores

187 1270 311 1353 negotii
335 1268 491 1334 Orucifixi
522 1271 679 1335 secularis
702 1271 851 1356 potentia
880 1269 1066 1337 inducatur:
1100 1273 1264 1352 nolentes,
1299 1273 1382 1336 sicut
1416 1293 1478 1337 nec
1504 1271 1676 1356 debemus,
1709 1271 1838 1339 deferre

187 1370 310 1435 bomini
332 1379 447 1437 contra
474 1373 596 1454 Deum,
629 1373 834 1438 universitati
863 1380 971 1438 vestre
1003 1395 1063 1460 per
1094 1375 1274 1460 apostolica
1302 1375 1424 1460 scripta
1451 1374 1598 1440 districte
1627 1375 1837 1464 precipiendo

186 1473 387 1555 mandamus,
422 1477 572 1561 quatinus
602 1477 644 1540 ab
676 1475 863 1540 huiusmodi
895 1475 1096 1561 dampnabili
1120 1477 1288 1562 proposito
1311 1477 1443 1561 penitus
1466 1476 1643 1543 desistatis.
1680 1480 1838 1565 Alioquin

185 1578 461 1664 promulgabimus
479 1579 513 1642 in
529 1600 586 1643 vos
603 1600 717 1644 ornnes
742 1579 1088 1643 excommunicationis
1110 1580 1319 1659 sententiam,
1343 1586 1377 1644 et
1393 1580 1559 1646 civitatem
1580 1581 1717 1648 eandem
1737 1582 1838 1645 inter·

177 1679 272 1760 ‚dicto
295 1682 519 1746 ecclesiastico
537 1702 768 1767 supponemus.
805 1682 961 1746 Poteritis
978 1683 1077 1746 etiam
1097 1703 1161 1746 non
1178 1681 1339 1745 immerito
1357 1681 1543 1762 formidare,
1567 1704 1608 1748 ne
1625 1682 1666 1748 ad
1682 1685 1838 1749 maiorem

184 1785 394 1868 ignominiam
417 1791 451 1848 et
466 1785 689 1849 confusionem
706 1786 807 1849 vestri
822 1806 892 1864 nos,
916 1785 970 1870 qui
986 1785 1147 1849 honorare
1163 1784 1437 1870 proponebamus,
1464 1834 1471 1849 .
1491 1833 1498 1847 .
1514 1787 1655 1851 electum
1671 1791 1838 1852 vestrum¹

186 1893 219 1948 et
242 1906 299 1950 vos
322 1888 421 1951 etiam
444 1887 479 1951 in
493 1886 620 1967 eodem,
643 1894 677 1951 et
693 1887 859 1951 civitatem
880 1887 1061 1972 predictam
1077 1886 1349 1973 archiepiscopali
1363 1887 1486 1952 honore
1502 1889 1685 1974 privemus,
1709 1897 1743 1955 et
1757 1891 1838 1954 alias

185 1989 218 2052 in
231 2011 290 2053 vos
302 2011 518 2075 aggravemus
535 1992 644 2055 taliter
659 2011 773 2054 manus
789 1997 928 2072 nostras,
945 1990 1031 2074 quod
1047 1997 1207 2076 perpetuo
1222 1990 1333 2054 dolere
1349 1991 1481 2074 possitis
1493 1992 1572 2055 talia
1586 1994 1838 2078 presumpsisse.

293 2092 369 2157 Dat.
392 2094 544 2161 Lateran.
567 2092 635 2156 XII
658 2091 734 2157 Kal.
758 2092 847 2174 Maii,
872 2113 956 2156 anno
981 2091 1134 2157 secundo.

294 2247 333 2310 In
356 2246 497 2312 eundem
519 2245 652 2313 modum
677 2247 833 2333 scriptum
857 2253 908 2311 est
930 2247 1088 2332 potestati
1111 2252 1146 2310 et
1168 2247 1289 2332 populo
1312 2245 1523 2311 Placentinis.

811 2508 1221 2516 ——----·------—.-..-——.-—

977 2800 1039 2872 fit.

294 2912 480 3004 Honorius
502 2939 569 3004 ΠΙ
583 2959 670 3020 papa
691 2938 931 3023 [Gerhurdam]
952 2938 1216 3018 archiepiscopum
1231 2937 1431 3003 Bruncascm
1453 2940 1562 3016 mosset,
1584 2957 1624 3001 aa
1639 2935 1839 3022 [Albertum]

183 3043 358 3122 episcopum
388 3042 605 3106 Livcnicnscm
635 3041 773 3105 molestet
805 3062 880 3105 nece
910 3044 1004 3106 tentet
1032 3043 1100 3104 cius
1129 3041 1286 3104 ecclesiam
1318 3061 1394 3106 surse
1424 3041 1601 3120 ntelrcpoiis
1626 3040 1840 3104 iurisdictione?

183 3146 370 3208 moin-acre.
1452 3145 1545 3222 1218,
1569 3144 1675 3224 April.
1699 3147 1752 3207 30.

288 3261 363 3316 Hoa.
381 3264 436 3316 ΙΙΙ
450 3263 519 3334 Rey.
545 3263 601 3316 Vol.
621 3265 644 3327 1,
663 3267 733 3330 247,·
751 3262 814 3316 Lib.
833 3265 874 3331 Il,
897 3267 980 3316 1038.

288 3347 423 3416 Potttust,
443 3347 511 3416 Ray.
532 3349 613 3402 5769.

671 3600 681 3618 .
710 3602 719 3619 .
746 3545 973 3620 Bremensi
999 3547 1350 3638 archiepiscope.

295 3693 377 3758 Cum
405 3694 536 3759 novella
565 3694 724 3779 plantatio
751 3715 816 3758 nou
845 3695 1060 3761 concutienda
1087 3697 1130 3760 sit
1160 3717 1221 3760 nec
1250 3693 1332 3758 alias
1362 3692 1473 3756 durius
1507 3691 1753 3772 contrectanda,
1788 3697 1841 3755 set

186 3797 297 3883 potius
319 3797 438 3862 leniter
460 3795 673 3873 confovenda,
696 3818 762 3862 non
784 3797 854 3862 sine
872 3819 972 3862 causa
985 3799 1150 3878 miramur,
1174 3796 1270 3882 quod,
1294 3796 1379 3860 sicut
1394 3795 1593 3860 venerabilis
1609 3794 1711 3860 frater
1727 3801 1840 3858 noster

183 3899 380 3964 Livoneusis
403 3901 580 3987 episcopus
595 3900 788 3964 transmissa
810 3900 906 3964 nobis
923 3901 1157 3984 conquestione
1174 3898 1375 3980 monstravit,
1397 3904 1433 3961 tu
1450 3918 1525 3961 eum
1540 3897 1611 3962 iure
1633 3897 1694 3960 tibi
1716 3903 1839 3960 metro·

184 4003 319 4088 politico
342 4003 491 4068 subicere
513 4003 670 4088 gestiens,
693 4003 803 4089 ipsum
825 4004 1051 4089 multipliciter
1078 4005 1260 4088 inquietas,
1285 4003 1341 4088 qui
1369 4001 1530 4067 debueras
1557 4000 1666 4086 potius
1694 3999 1839 4064 caritatis

185 4105 293 4169 officio
316 4127 447 4170 manum
470 4104 576 4170 eidem
599 4106 633 4169 in
656 4105 806 4170 omnibus
830 4092 1225 4191 porrigereadiutricem.
1270 4105 1430 4170 Nolentes
1453 4105 1554 4189 igitur
1575 4102 1738 4189 prefatum
1768 4102 1839 4188 epi·

185 4229 320 4294 scopum
344 4230 443 4294 super
464 4209 526 4274 boc
548 4229 746 4293 aquoquam
762 4217 885 4272 temere
906 4209 1100 4294 perturbari,
1123 4231 1175 4298 ne,
1199 4208 1284 4294 quod
1300 4207 1396 4288 absit,
1419 4208 1453 4270 in
1468 4203 1665 4291 acquirendo
1683 4205 1839 4291 populum

124 4327 125 4330 ’
185 4309 328 4375 Domino
351 4311 518 4376 remissior
540 4311 745 4391 redderetur,
775 4312 802 4375 si
825 4311 995 4376 laborante
1024 4311 1096 4397 ipso
1126 4313 1209 4375 alius
1240 4311 1385 4375 laborem
1410 4309 1480 4374 eius
1504 4329 1543 4373 eo
1567 4308 1704 4373 intrarat
1726 4307 1838 4388 invito,

108 5403 133 5438 tu

185 4413 423 4478 fraternitatem
460 4421 743 4486 tuammonemua
774 4435 835 4498 per
865 4414 1045 4499 apostolica
1073 4414 1195 4499 scripta
1225 4413 1361 4477 firmiter
1392 4410 1602 4498 precipiendo
1636 4409 1839 4491 mandantes,

186 4517 338 4602 quatinus
353 4518 443 4581 nulla
458 4517 567 4603 ipsum
581 4538 680 4603 super
693 4517 756 4581 boc
772 4517 1002 4581 molestatione
1020 4516 1150 4601 fatiges,
1167 4516 1245 4600 quin
1260 4516 1369 4596 immo,
1391 4515 1473 4579 sicut
1486 4514 1628 4578 divinam
1645 4521 1679 4579 et
1693 4520 1839 4578 nostram

184 4620 324 4705 gratiam
340 4641 447 4684 caram
464 4620 577 4702 habes,
600 4639 675 4685 eum
694 4627 728 4686 et
744 4620 874 4684 attollas
889 4619 1041 4706 presidiis
1058 4627 1091 4683 et
1108 4619 1278 4684 beneficiis
1301 4640 1340 4683 ac
1362 4617 1529 4682 favoribus
1552 4617 1771 4703 prosequaris,
1793 4616 1841 4680 ita

186 4721 272 4810 quod
294 4723 403 4788 Deum
423 4723 483 4788 tibi
501 4724 680 4810 propitium
703 4731 737 4788 et
759 4744 819 4788 uos
837 4723 957 4788 exinde
978 4723 1038 4786 tibi
1058 4721 1176 4787 reddas
1194 4720 1390 4786 favorabiles
1410 4742 1448 4784 ac
1475 4720 1644 4805 benignos.
1683 4718 1840 4804 Alioquin

186 4827 294 4891 eidem
305 4827 531 4892 favorabiliter
545 4825 662 4892 adesse
679 4827 839 4906 volentes,
856 4825 1036 4891 venerabili
1053 4826 1144 4890 fratri
1164 4832 1275 4890 nostro
1288 4824 1452 4890 Verdensi
1470 4823 1649 4910 episcopo²
1668 4830 1702 4889 et
1719 4822 1839 4888 dilecto

185 4928 253 4993 filio
276 4977 284 4992 .
309 4977 317 4992 .
340 4929 453 4993 abbati
476 4928 517 4994 de
539 4929 715 4994 Lunoburc
737 4930 826 4995 etin
848 4928 942 4994 Lune
967 4977 974 4991 .
998 4977 1004 4991 .
1029 4929 1196 5015 preposito
1212 4927 1392 4993 Verdensis
1416 4926 1556 4992 diocesis
1579 4927 1701 4990 nostris
1724 4924 1839 4989 damus

184 5031 304 5096 litteris
327 5032 360 5095 in
382 5029 554 5113 mandatis,
577 5039 613 5096 ut
636 5038 668 5098 tc
691 5033 732 5096 ab
756 5033 827 5097 eius
852 5053 951 5118 super
973 5032 1035 5097 hoc
1058 5034 1232 5096 vexatione
1256 5031 1417 5117 qualibet;
1436 5031 1615 5095 monitione
1636 5029 1759 5114 previa,
1781 5048 1841 5113 per

186 5155 357 5199 censuram
380 5135 640 5200 ecclesiasticam
663 5136 884 5221 appellatione
907 5143 1034 5200 remota
1057 5136 1265 5221 compellant.

293 5235 369 5300 Dat.
392 5235 496 5302 Rome
519 5235 606 5323 apud
630 5235 786 5301 Sanctum
807 5238 950 5320 Petrum,
974 5238 1009 5301 II
1031 5237 1106 5303 Kal.
1130 5237 1219 5318 Maii,
1244 5257 1329 5301 anno
1352 5234 1507 5302 secundo.

294 5389 346 5455 De
370 5389 485 5454 eadem
508 5411 543 5454 re
568 5391 724 5476 scriptum
747 5397 798 5455 est
821 5390 975 5476 episcopo
998 5389 1161 5454 Vcrdensi
1185 5395 1247 5453 etc.

293 5555 584 5562 „mm-m...-
591 5558 599 5562 -
606 5557 887 5564 ——u--t-q-—m-
894 5559 928 5564 ...—
936 5559 976 5564 --
984 5557 1107 5564 --.-.-----..-
1118 5558 1130 5562 -
1137 5557 1149 5563 .-
1156 5555 1591 5563 -....-....-.---—-.-..-.-—.—....—
1604 5555 1658 5560 .—

292 5653 318 5724 ι)
338 5631 495 5709 uastum.
564 5653 592 5724 a)
611 5653 696 5708 raone
