<?xml version="1.0" encoding="UTF-8"?>
<!DOCTYPE html PUBLIC "-//W3C//DTD XHTML 1.0 Transitional//EN"
    "http://www.w3.org/TR/xhtml1/DTD/xhtml1-transitional.dtd">
<html xmlns="http://www.w3.org/1999/xhtml" xml:lang="en" lang="en">
 <head>
  <title>
</title>
<meta http-equiv="Content-Type" content="text/html;charset=utf-8" />
  <meta name='ocr-system' content='tesseract 3.04.00' />
  <meta name='ocr-capabilities' content='ocr_page ocr_carea ocr_par ocr_line ocrx_word'/>
</head>
<body>
  <div class='ocr_page' id='page_1' title='image "./monumentagerman00peipgoog/monumentagerman00peipgoog_0626.png"; bbox 0 0 4590 6366; ppageno 0'>
   <div class='ocr_carea' id='block_1_1' title="bbox 767 372 1848 441">
    <p class='ocr_par' dir='ltr' id='par_1_1' title="bbox 767 372 1848 441">
     <span class='ocr_line' id='line_1_1' title="bbox 767 372 1848 441; baseline 0.012 -13"><span class='ocrx_word' id='word_1_1' title='bbox 767 372 965 430; x_wconf 77' lang='lat' dir='ltr'>EPISTOLAE</span> <span class='ocrx_word' id='word_1_2' title='bbox 983 373 1171 430; x_wconf 76' lang='lat' dir='ltr'><strong>SELECTAE.</strong></span> <span class='ocrx_word' id='word_1_3' title='bbox 1207 375 1284 432; x_wconf 75' lang='lat'><strong>1236.</strong></span> <span class='ocrx_word' id='word_1_4' title='bbox 1535 381 1536 384; x_wconf 69' lang='grc'>’</span> <span class='ocrx_word' id='word_1_5' title='bbox 1785 377 1848 441; x_wconf 82' lang='grc'>603</span> 
     </span>
    </p>
   </div>
   <div class='ocr_carea' id='block_1_2' title="bbox 1331 459 1344 492">
    <p class='ocr_par' dir='ltr' id='par_1_2' title="bbox 1331 459 1344 492">
     <span class='ocr_line' id='line_1_2' title="bbox 1331 459 1344 492; baseline 0 0"><span class='ocrx_word' id='word_1_6' title='bbox 1331 459 1344 492; x_wconf 80' lang='grc' dir='ltr'><em>Ι</em></span> 
     </span>
    </p>
   </div>
   <div class='ocr_carea' id='block_1_3' title="bbox 141 549 1991 2091">
    <p class='ocr_par' dir='ltr' id='par_1_3' title="bbox 141 549 1991 2091">
     <span class='ocr_line' id='line_1_3' title="bbox 205 549 1848 632; baseline -0.003 -12"><span class='ocrx_word' id='word_1_7' title='bbox 205 555 317 620; x_wconf 90' lang='lat' dir='ltr'>orbem</span> <span class='ocrx_word' id='word_1_8' title='bbox 341 559 500 618; x_wconf 91' lang='lat' dir='ltr'>terrarum</span> <span class='ocrx_word' id='word_1_9' title='bbox 524 550 655 630; x_wconf 82' lang='lat' dir='ltr'><strong>subicit,</strong></span> <span class='ocrx_word' id='word_1_10' title='bbox 678 550 712 615; x_wconf 92' lang='lat' dir='ltr'>in</span> <span class='ocrx_word' id='word_1_11' title='bbox 735 549 872 613; x_wconf 90' lang='lat' dir='ltr'>occultis</span> <span class='ocrx_word' id='word_1_12' title='bbox 889 556 922 615; x_wconf 90' lang='lat' dir='ltr'>et</span> <span class='ocrx_word' id='word_1_13' title='bbox 938 551 1119 632; x_wconf 71' lang='lat' dir='ltr'><strong>manifestis</strong></span> <span class='ocrx_word' id='word_1_14' title='bbox 1135 572 1155 615; x_wconf 90' lang='lat' dir='ltr'>a</span> <span class='ocrx_word' id='word_1_15' title='bbox 1171 552 1301 617; x_wconf 90' lang='lat' dir='ltr'>nemine</span> <span class='ocrx_word' id='word_1_16' title='bbox 1323 549 1538 628; x_wconf 88' lang='lat' dir='ltr'>iudicandam,</span> <span class='ocrx_word' id='word_1_17' title='bbox 1562 551 1623 617; x_wconf 90' lang='lat' dir='ltr'>soli</span> <span class='ocrx_word' id='word_1_18' title='bbox 1646 573 1705 617; x_wconf 91' lang='lat' dir='ltr'>suo</span> <span class='ocrx_word' id='word_1_19' title='bbox 1728 549 1848 616; x_wconf 90' lang='lat' dir='ltr'>iudicio</span> 
     </span>
     <span class='ocr_line' id='line_1_4' title="bbox 203 653 1985 742; baseline -0.004 -17"><span class='ocrx_word' id='word_1_20' title='bbox 203 657 388 726; x_wconf 88' lang='lat' dir='ltr'>reservarit.</span> <span class='ocrx_word' id='word_1_21' title='bbox 433 654 479 718; x_wconf 84' lang='lat' dir='ltr'>At</span> <span class='ocrx_word' id='word_1_22' title='bbox 501 655 650 719; x_wconf 78' lang='lat' dir='ltr'><strong>fortassis</strong></span> <span class='ocrx_word' id='word_1_23' title='bbox 673 654 820 738; x_wconf 86' lang='lat' dir='ltr'>ignores,</span> <span class='ocrx_word' id='word_1_24' title='bbox 855 654 941 740; x_wconf 93' lang='lat' dir='ltr'>quod</span> <span class='ocrx_word' id='word_1_25' title='bbox 964 655 1032 720; x_wconf 83' lang='lat' dir='ltr'>Ona</span> <span class='ocrx_word' id='word_1_26' title='bbox 1054 663 1159 722; x_wconf 91' lang='lat' dir='ltr'>morte</span> <span class='ocrx_word' id='word_1_27' title='bbox 1183 657 1380 742; x_wconf 78' lang='lat' dir='ltr'>perentitur,</span> <span class='ocrx_word' id='word_1_28' title='bbox 1408 676 1447 720; x_wconf 91' lang='lat' dir='ltr'>eo</span> <span class='ocrx_word' id='word_1_29' title='bbox 1471 654 1557 740; x_wconf 90' lang='lat' dir='ltr'>quod</span> <span class='ocrx_word' id='word_1_30' title='bbox 1579 677 1687 721; x_wconf 89' lang='lat' dir='ltr'>arcam</span> <span class='ocrx_word' id='word_1_31' title='bbox 1709 653 1985 728; x_wconf 65' lang='lat' dir='ltr'>Dominiascgsn.</span> 
     </span>
     <span class='ocr_line' id='line_1_5' title="bbox 205 757 1991 845; baseline -0.006 -17"><span class='ocrx_word' id='word_1_32' title='bbox 205 763 393 829; x_wconf 90' lang='lat' dir='ltr'>inclinatam</span> <span class='ocrx_word' id='word_1_33' title='bbox 415 781 514 825; x_wconf 90' lang='lat' dir='ltr'>manu</span> <span class='ocrx_word' id='word_1_34' title='bbox 535 759 710 824; x_wconf 89' lang='lat' dir='ltr'>temeraria</span> <span class='ocrx_word' id='word_1_35' title='bbox 732 759 893 824; x_wconf 89' lang='lat' dir='ltr'>sustinere</span> <span class='ocrx_word' id='word_1_36' title='bbox 917 759 1104 840; x_wconf 88' lang='lat' dir='ltr'>conabatur,</span> <span class='ocrx_word' id='word_1_37' title='bbox 1129 766 1161 824; x_wconf 93' lang='lat' dir='ltr'>et</span> <span class='ocrx_word' id='word_1_38' title='bbox 1183 759 1286 824; x_wconf 90' lang='lat' dir='ltr'>tribus</span> <span class='ocrx_word' id='word_1_39' title='bbox 1303 759 1440 839; x_wconf 85' lang='lat' dir='ltr'>Chaath,</span> <span class='ocrx_word' id='word_1_40' title='bbox 1463 779 1526 845; x_wconf 90' lang='lat' dir='ltr'>que</span> <span class='ocrx_word' id='word_1_41' title='bbox 1542 781 1622 824; x_wconf 88' lang='lat' dir='ltr'>vasa</span> <span class='ocrx_word' id='word_1_42' title='bbox 1641 757 1844 824; x_wconf 77' lang='lat' dir='ltr'>tabernaculi</span> <span class='ocrx_word' id='word_1_43' title='bbox 1857 777 1922 820; x_wconf 79' lang='lat' dir='ltr'>xum.</span> <span class='ocrx_word' id='word_1_44' title='bbox 1935 782 1991 830; x_wconf 70' lang='lat' dir='ltr'>cn.</span> 
     </span>
     <span class='ocr_line' id='line_1_6' title="bbox 204 861 1848 957; baseline -0.007 -23"><span class='ocrx_word' id='word_1_45' title='bbox 204 868 345 957; x_wconf 91' lang='lat' dir='ltr'>propriis</span> <span class='ocrx_word' id='word_1_46' title='bbox 368 865 513 930; x_wconf 89' lang='lat' dir='ltr'>involuta</span> <span class='ocrx_word' id='word_1_47' title='bbox 527 861 680 947; x_wconf 89' lang='lat' dir='ltr'>portabat</span> <span class='ocrx_word' id='word_1_48' title='bbox 694 861 851 942; x_wconf 89' lang='lat' dir='ltr'>humeris,</span> <span class='ocrx_word' id='word_1_49' title='bbox 875 862 1006 948; x_wconf 88' lang='lat' dir='ltr'>paribus</span> <span class='ocrx_word' id='word_1_50' title='bbox 1023 862 1186 927; x_wconf 79' lang='lat' dir='ltr'>addicitur</span> <span class='ocrx_word' id='word_1_51' title='bbox 1200 862 1416 940; x_wconf 77' lang='lat' dir='ltr'>detrimentis,</span> <span class='ocrx_word' id='word_1_52' title='bbox 1441 862 1468 926; x_wconf 92' lang='lat' dir='ltr'>si</span> <span class='ocrx_word' id='word_1_53' title='bbox 1484 863 1730 928; x_wconf 87' lang='lat' dir='ltr'>tabernaculum</span> <span class='ocrx_word' id='word_1_54' title='bbox 1747 861 1848 927; x_wconf 88' lang='lat' dir='ltr'>solius</span> 
     </span>
     <span class='ocr_line' id='line_1_7' title="bbox 205 965 1848 1055; baseline -0.007 -16"><span class='ocrx_word' id='word_1_55' title='bbox 205 975 317 1039; x_wconf 84' lang='lat' dir='ltr'>Aaron</span> <span class='ocrx_word' id='word_1_56' title='bbox 340 968 547 1055; x_wconf 87' lang='lat' dir='ltr'>dispositioni</span> <span class='ocrx_word' id='word_1_57' title='bbox 571 967 779 1033; x_wconf 90' lang='lat' dir='ltr'>commissum</span> <span class='ocrx_word' id='word_1_58' title='bbox 801 965 930 1051; x_wconf 87' lang='lat' dir='ltr'>ingredi</span> <span class='ocrx_word' id='word_1_59' title='bbox 952 968 1006 1031; x_wconf 88' lang='lat' dir='ltr'>vel</span> <span class='ocrx_word' id='word_1_60' title='bbox 1028 988 1107 1031; x_wconf 92' lang='lat' dir='ltr'>vasa</span> <span class='ocrx_word' id='word_1_61' title='bbox 1131 967 1316 1047; x_wconf 89' lang='lat' dir='ltr'>sanctuarii,</span> <span class='ocrx_word' id='word_1_62' title='bbox 1339 967 1528 1053; x_wconf 91' lang='lat' dir='ltr'>prinsquam</span> <span class='ocrx_word' id='word_1_63' title='bbox 1551 967 1697 1032; x_wconf 93' lang='lat' dir='ltr'>involuta</span> <span class='ocrx_word' id='word_1_64' title='bbox 1717 965 1848 1046; x_wconf 83' lang='lat' dir='ltr'>fuerint,</span> 
     </span>
     <span class='ocr_line' id='line_1_8' title="bbox 204 1069 1847 1157; baseline -0.004 -16"><span class='ocrx_word' id='word_1_65' title='bbox 204 1078 272 1141; x_wconf 90' lang='lat' dir='ltr'>ulla</span> <span class='ocrx_word' id='word_1_66' title='bbox 294 1073 481 1139; x_wconf 81' lang='lat' dir='ltr'>curiositate</span> <span class='ocrx_word' id='word_1_67' title='bbox 503 1071 622 1136; x_wconf 88' lang='lat' dir='ltr'>audeat</span> <span class='ocrx_word' id='word_1_68' title='bbox 644 1071 773 1135; x_wconf 88' lang='lat' dir='ltr'>intueri.</span> <span class='ocrx_word' id='word_1_69' title='bbox 812 1069 920 1144; x_wconf 87' lang='lat' dir='ltr'>Quare</span> <span class='ocrx_word' id='word_1_70' title='bbox 944 1073 1026 1136; x_wconf 89' lang='lat' dir='ltr'>site</span> <span class='ocrx_word' id='word_1_71' title='bbox 1050 1070 1091 1135; x_wconf 90' lang='lat' dir='ltr'>ad</span> <span class='ocrx_word' id='word_1_72' title='bbox 1106 1072 1233 1137; x_wconf 90' lang='lat' dir='ltr'>notoria</span> <span class='ocrx_word' id='word_1_73' title='bbox 1255 1071 1341 1136; x_wconf 85' lang='lat' dir='ltr'>faeta</span> <span class='ocrx_word' id='word_1_74' title='bbox 1363 1079 1419 1136; x_wconf 89' lang='lat' dir='ltr'>tua</span> <span class='ocrx_word' id='word_1_75' title='bbox 1442 1070 1643 1157; x_wconf 88' lang='lat' dir='ltr'>speculanda</span> <span class='ocrx_word' id='word_1_76' title='bbox 1663 1069 1847 1150; x_wconf 78' lang='lat' dir='ltr'>reduceres,</span> 
     </span>
     <span class='ocr_line' id='line_1_9' title="bbox 204 1173 1848 1253; baseline -0.005 -7"><span class='ocrx_word' id='word_1_77' title='bbox 204 1203 270 1246; x_wconf 92' lang='lat' dir='ltr'>non</span> <span class='ocrx_word' id='word_1_78' title='bbox 294 1181 399 1246; x_wconf 91' lang='lat' dir='ltr'>solum</span> <span class='ocrx_word' id='word_1_79' title='bbox 422 1177 463 1242; x_wconf 91' lang='lat' dir='ltr'>de</span> <span class='ocrx_word' id='word_1_80' title='bbox 485 1186 611 1253; x_wconf 89' lang='lat' dir='ltr'>nostra,</span> <span class='ocrx_word' id='word_1_81' title='bbox 634 1176 733 1239; x_wconf 90' lang='lat' dir='ltr'>immo</span> <span class='ocrx_word' id='word_1_82' title='bbox 756 1174 902 1239; x_wconf 91' lang='lat' dir='ltr'>indicare</span> <span class='ocrx_word' id='word_1_83' title='bbox 926 1174 967 1240; x_wconf 92' lang='lat' dir='ltr'>de</span> <span class='ocrx_word' id='word_1_84' title='bbox 991 1175 1192 1240; x_wconf 87' lang='lat' dir='ltr'>conscientia</span> <span class='ocrx_word' id='word_1_85' title='bbox 1215 1177 1315 1240; x_wconf 91' lang='lat' dir='ltr'>etiam</span> <span class='ocrx_word' id='word_1_86' title='bbox 1337 1176 1514 1242; x_wconf 87' lang='lat' dir='ltr'>cuiuslibet</span> <span class='ocrx_word' id='word_1_87' title='bbox 1536 1176 1585 1240; x_wconf 92' lang='lat' dir='ltr'>tui</span> <span class='ocrx_word' id='word_1_88' title='bbox 1608 1174 1731 1240; x_wconf 90' lang='lat' dir='ltr'>subditi</span> <span class='ocrx_word' id='word_1_89' title='bbox 1752 1173 1848 1240; x_wconf 90' lang='lat' dir='ltr'>dubi-</span> 
     </span>
     <span class='ocr_line' id='line_1_10' title="bbox 203 1277 1848 1368; baseline -0.005 -18"><span class='ocrx_word' id='word_1_90' title='bbox 203 1295 302 1350; x_wconf 90' lang='lat' dir='ltr'>tares.</span> <span class='ocrx_word' id='word_1_91' title='bbox 346 1283 436 1368; x_wconf 86' lang='lat' dir='ltr'>Ergo</span> <span class='ocrx_word' id='word_1_92' title='bbox 460 1279 597 1366; x_wconf 88' lang='lat' dir='ltr'>quiade</span> <span class='ocrx_word' id='word_1_93' title='bbox 622 1278 823 1343; x_wconf 88' lang='lat' dir='ltr'>conscientia</span> <span class='ocrx_word' id='word_1_94' title='bbox 845 1277 961 1362; x_wconf 89' lang='lat' dir='ltr'>agitur,</span> <span class='ocrx_word' id='word_1_95' title='bbox 985 1285 1020 1341; x_wconf 91' lang='lat' dir='ltr'>nt</span> <span class='ocrx_word' id='word_1_96' title='bbox 1043 1285 1155 1343; x_wconf 89' lang='lat' dir='ltr'>centra</span> <span class='ocrx_word' id='word_1_97' title='bbox 1171 1279 1406 1344; x_wconf 87' lang='lat' dir='ltr'>conscientiam</span> <span class='ocrx_word' id='word_1_98' title='bbox 1422 1279 1599 1345; x_wconf 89' lang='lat' dir='ltr'>secundnm</span> <span class='ocrx_word' id='word_1_99' title='bbox 1616 1277 1848 1344; x_wconf 89' lang='lat' dir='ltr'>conscientiam</span> 
     </span>
     <span class='ocr_line' id='line_1_11' title="bbox 204 1380 1848 1477; baseline -0.007 -23"><span class='ocrx_word' id='word_1_100' title='bbox 204 1387 410 1477; x_wconf 80' lang='lat' dir='ltr'>procedatur,</span> <span class='ocrx_word' id='word_1_101' title='bbox 434 1406 508 1450; x_wconf 91' lang='lat' dir='ltr'>eum</span> <span class='ocrx_word' id='word_1_102' title='bbox 529 1390 642 1448; x_wconf 91' lang='lat' dir='ltr'>nostre</span> <span class='ocrx_word' id='word_1_103' title='bbox 666 1383 783 1448; x_wconf 85' lang='lat' dir='ltr'>fuisset</span> <span class='ocrx_word' id='word_1_104' title='bbox 807 1383 1005 1448; x_wconf 87' lang='lat' dir='ltr'>conscientie</span> <span class='ocrx_word' id='word_1_105' title='bbox 1028 1382 1197 1468; x_wconf 90' lang='lat' dir='ltr'>liquidnm,</span> <span class='ocrx_word' id='word_1_106' title='bbox 1221 1383 1308 1468; x_wconf 90' lang='lat' dir='ltr'>qnod</span> <span class='ocrx_word' id='word_1_107' title='bbox 1328 1382 1369 1449; x_wconf 90' lang='lat' dir='ltr'>de</span> <span class='ocrx_word' id='word_1_108' title='bbox 1386 1382 1561 1449; x_wconf 86' lang='lat' dir='ltr'>reddendis</span> <span class='ocrx_word' id='word_1_109' title='bbox 1583 1380 1848 1469; x_wconf 88' lang='lat' dir='ltr'>possessionibus</span> 
     </span>
     <span class='ocr_line' id='line_1_12' title="bbox 206 1484 1850 1572; baseline -0.008 -12"><span class='ocrx_word' id='word_1_110' title='bbox 206 1492 346 1560; x_wconf 90' lang='lat' dir='ltr'>ecclesie</span> <span class='ocrx_word' id='word_1_111' title='bbox 370 1490 516 1554; x_wconf 88' lang='lat' dir='ltr'>Romane</span> <span class='ocrx_word' id='word_1_112' title='bbox 540 1487 581 1551; x_wconf 90' lang='lat' dir='ltr'>ad</span> <span class='ocrx_word' id='word_1_113' title='bbox 603 1493 636 1551; x_wconf 89' lang='lat' dir='ltr'>te</span> <span class='ocrx_word' id='word_1_114' title='bbox 666 1484 932 1572; x_wconf 87' lang='lat' dir='ltr'>pervenientibus</span> <span class='ocrx_word' id='word_1_115' title='bbox 960 1486 1083 1571; x_wconf 91' lang='lat' dir='ltr'>pluries</span> <span class='ocrx_word' id='word_1_116' title='bbox 1115 1487 1306 1571; x_wconf 89' lang='lat' dir='ltr'>prestiteras</span> <span class='ocrx_word' id='word_1_117' title='bbox 1328 1487 1561 1566; x_wconf 90' lang='lat' dir='ltr'>iuramentum,</span> <span class='ocrx_word' id='word_1_118' title='bbox 1584 1507 1649 1550; x_wconf 90' lang='lat' dir='ltr'>nou</span> <span class='ocrx_word' id='word_1_119' title='bbox 1676 1484 1850 1550; x_wconf 88' lang='lat' dir='ltr'>videbatur</span> 
     </span>
     <span class='ocr_line' id='line_1_13' title="bbox 205 1586 1848 1678; baseline -0.008 -14"><span class='ocrx_word' id='word_1_120' title='bbox 205 1619 280 1664; x_wconf 90' lang='lat' dir='ltr'>esse</span> <span class='ocrx_word' id='word_1_121' title='bbox 301 1596 380 1660; x_wconf 94' lang='lat' dir='ltr'>beni</span> <span class='ocrx_word' id='word_1_122' title='bbox 403 1594 504 1657; x_wconf 89' lang='lat' dir='ltr'>filiia</span> <span class='ocrx_word' id='word_1_123' title='bbox 531 1598 624 1678; x_wconf 90' lang='lat' dir='ltr'>patre</span> <span class='ocrx_word' id='word_1_124' title='bbox 652 1597 785 1676; x_wconf 91' lang='lat' dir='ltr'>petere,</span> <span class='ocrx_word' id='word_1_125' title='bbox 816 1588 902 1674; x_wconf 90' lang='lat' dir='ltr'>qnod</span> <span class='ocrx_word' id='word_1_126' title='bbox 925 1609 987 1652; x_wconf 92' lang='lat' dir='ltr'>uec</span> <span class='ocrx_word' id='word_1_127' title='bbox 1010 1589 1102 1652; x_wconf 86' lang='lat' dir='ltr'>salva</span> <span class='ocrx_word' id='word_1_128' title='bbox 1125 1590 1325 1655; x_wconf 89' lang='lat' dir='ltr'>conscientia</span> <span class='ocrx_word' id='word_1_129' title='bbox 1347 1598 1478 1677; x_wconf 85' lang='lat' dir='ltr'>poteras</span> <span class='ocrx_word' id='word_1_130' title='bbox 1502 1590 1667 1670; x_wconf 88' lang='lat' dir='ltr'>detinere,</span> <span class='ocrx_word' id='word_1_131' title='bbox 1699 1611 1738 1655; x_wconf 90' lang='lat' dir='ltr'>ee</span> <span class='ocrx_word' id='word_1_132' title='bbox 1762 1586 1848 1673; x_wconf 91' lang='lat' dir='ltr'>qnod</span> 
     </span>
     <span class='ocr_line' id='line_1_14' title="bbox 204 1693 1848 1782; baseline -0.007 -15"><span class='ocrx_word' id='word_1_133' title='bbox 204 1723 265 1768; x_wconf 89' lang='lat' dir='ltr'>nec</span> <span class='ocrx_word' id='word_1_134' title='bbox 288 1699 431 1764; x_wconf 90' lang='lat' dir='ltr'>ecclesia</span> <span class='ocrx_word' id='word_1_135' title='bbox 444 1697 559 1761; x_wconf 91' lang='lat' dir='ltr'>vitium</span> <span class='ocrx_word' id='word_1_136' title='bbox 576 1695 745 1782; x_wconf 91' lang='lat' dir='ltr'>spoliantis</span> <span class='ocrx_word' id='word_1_137' title='bbox 769 1694 952 1774; x_wconf 90' lang='lat' dir='ltr'>incurrerit,</span> <span class='ocrx_word' id='word_1_138' title='bbox 976 1695 1026 1758; x_wconf 92' lang='lat' dir='ltr'>cui</span> <span class='ocrx_word' id='word_1_139' title='bbox 1043 1694 1212 1758; x_wconf 91' lang='lat' dir='ltr'>commoda</span> <span class='ocrx_word' id='word_1_140' title='bbox 1231 1696 1282 1760; x_wconf 92' lang='lat' dir='ltr'>sui</span> <span class='ocrx_word' id='word_1_141' title='bbox 1300 1695 1380 1760; x_wconf 93' lang='lat' dir='ltr'>iuris</span> <span class='ocrx_word' id='word_1_142' title='bbox 1397 1695 1637 1760; x_wconf 88' lang='lat' dir='ltr'>constitutionis</span> <span class='ocrx_word' id='word_1_143' title='bbox 1653 1693 1848 1760; x_wconf 88' lang='lat' dir='ltr'>beneficium</span> 
     </span>
     <span class='ocr_line' id='line_1_15' title="bbox 204 1797 1848 1890; baseline -0.006 -20"><span class='ocrx_word' id='word_1_144' title='bbox 204 1807 332 1890; x_wconf 90' lang='lat' dir='ltr'>integra</span> <span class='ocrx_word' id='word_1_145' title='bbox 354 1802 543 1868; x_wconf 79' lang='lat' dir='ltr'>reservavit.</span> <span class='ocrx_word' id='word_1_146' title='bbox 588 1799 657 1864; x_wconf 91' lang='lat' dir='ltr'>Nec</span> <span class='ocrx_word' id='word_1_147' title='bbox 682 1807 732 1864; x_wconf 89' lang='lat' dir='ltr'>est</span> <span class='ocrx_word' id='word_1_148' title='bbox 755 1799 933 1864; x_wconf 89' lang='lat' dir='ltr'>verisimile</span> <span class='ocrx_word' id='word_1_149' title='bbox 964 1799 996 1862; x_wconf 93' lang='lat' dir='ltr'>in</span> <span class='ocrx_word' id='word_1_150' title='bbox 1026 1799 1086 1863; x_wconf 90' lang='lat' dir='ltr'>hac</span> <span class='ocrx_word' id='word_1_151' title='bbox 1113 1807 1207 1885; x_wconf 88' lang='lat' dir='ltr'>parte</span> <span class='ocrx_word' id='word_1_152' title='bbox 1230 1821 1290 1865; x_wconf 91' lang='lat' dir='ltr'>nes</span> <span class='ocrx_word' id='word_1_153' title='bbox 1313 1800 1449 1865; x_wconf 83' lang='lat' dir='ltr'>fratrum</span> <span class='ocrx_word' id='word_1_154' title='bbox 1471 1807 1655 1864; x_wconf 89' lang='lat' dir='ltr'>nostrorum</span> <span class='ocrx_word' id='word_1_155' title='bbox 1679 1797 1848 1864; x_wconf 90' lang='lat' dir='ltr'>consilium</span> 
     </span>
     <span class='ocr_line' id='line_1_16' title="bbox 204 1900 1848 1996; baseline -0.005 -22"><span class='ocrx_word' id='word_1_156' title='bbox 204 1909 408 1996; x_wconf 81' lang='lat' dir='ltr'>despexisse,</span> <span class='ocrx_word' id='word_1_157' title='bbox 432 1927 504 1971; x_wconf 91' lang='lat' dir='ltr'>cum</span> <span class='ocrx_word' id='word_1_158' title='bbox 527 1925 626 1990; x_wconf 88' lang='lat' dir='ltr'>super</span> <span class='ocrx_word' id='word_1_159' title='bbox 647 1904 709 1968; x_wconf 94' lang='lat' dir='ltr'>hoe</span> <span class='ocrx_word' id='word_1_160' title='bbox 732 1903 837 1967; x_wconf 91' lang='lat' dir='ltr'>nuntii</span> <span class='ocrx_word' id='word_1_161' title='bbox 860 1903 908 1967; x_wconf 91' lang='lat' dir='ltr'>tui</span> <span class='ocrx_word' id='word_1_162' title='bbox 932 1903 1098 1989; x_wconf 90' lang='lat' dir='ltr'>inceptum</span> <span class='ocrx_word' id='word_1_163' title='bbox 1120 1905 1274 1990; x_wconf 88' lang='lat' dir='ltr'>prosequi</span> <span class='ocrx_word' id='word_1_164' title='bbox 1296 1905 1500 1969; x_wconf 83' lang='lat' dir='ltr'>noluissent·</span> <span class='ocrx_word' id='word_1_165' title='bbox 1523 1903 1694 1978; x_wconf 90' lang='lat' dir='ltr'>indicium;</span> <span class='ocrx_word' id='word_1_166' title='bbox 1718 1910 1751 1968; x_wconf 90' lang='lat' dir='ltr'>et</span> <span class='ocrx_word' id='word_1_167' title='bbox 1773 1900 1848 1966; x_wconf 91' lang='lat' dir='ltr'>ideo</span> 
     </span>
     <span class='ocr_line' id='line_1_17' title="bbox 141 2007 1169 2091; baseline -0.008 -13"><span class='ocrx_word' id='word_1_168' title='bbox 141 2050 153 2086; x_wconf 79' lang='lat' dir='ltr'>s</span> <span class='ocrx_word' id='word_1_169' title='bbox 207 2013 349 2078; x_wconf 93' lang='lat' dir='ltr'>nondum</span> <span class='ocrx_word' id='word_1_170' title='bbox 372 2017 442 2075; x_wconf 90' lang='lat' dir='ltr'>erat</span> <span class='ocrx_word' id='word_1_171' title='bbox 465 2009 499 2072; x_wconf 89' lang='lat' dir='ltr'>in</span> <span class='ocrx_word' id='word_1_172' title='bbox 522 2008 572 2071; x_wconf 87' lang='lat' dir='ltr'>his</span> <span class='ocrx_word' id='word_1_173' title='bbox 597 2029 709 2072; x_wconf 87' lang='lat' dir='ltr'>eorum</span> <span class='ocrx_word' id='word_1_174' title='bbox 732 2007 904 2071; x_wconf 91' lang='lat' dir='ltr'>eonsilium</span> <span class='ocrx_word' id='word_1_175' title='bbox 927 2007 1169 2091; x_wconf 88' lang='lat' dir='ltr'>requirendum.</span> 
     </span>
    </p>
   </div>
   <div class='ocr_carea' id='block_1_4' title="bbox 127 2125 1947 5237">
    <p class='ocr_par' dir='ltr' id='par_1_4' title="bbox 202 2125 1849 2526">
     <span class='ocr_line' id='line_1_18' title="bbox 309 2125 1849 2216; baseline -0.003 -21"><span class='ocrx_word' id='word_1_176' title='bbox 309 2131 390 2196; x_wconf 82' lang='lat' dir='ltr'>Esto</span> <span class='ocrx_word' id='word_1_177' title='bbox 412 2136 567 2216; x_wconf 88' lang='lat' dir='ltr'>preterea</span> <span class='ocrx_word' id='word_1_178' title='bbox 589 2126 675 2212; x_wconf 89' lang='lat' dir='ltr'>qued</span> <span class='ocrx_word' id='word_1_179' title='bbox 703 2128 855 2192; x_wconf 90' lang='lat' dir='ltr'>ecclesiis</span> <span class='ocrx_word' id='word_1_180' title='bbox 885 2149 958 2191; x_wconf 89' lang='lat' dir='ltr'>enm</span> <span class='ocrx_word' id='word_1_181' title='bbox 985 2127 1187 2214; x_wconf 90' lang='lat' dir='ltr'>principibus</span> <span class='ocrx_word' id='word_1_182' title='bbox 1216 2137 1419 2215; x_wconf 88' lang='lat' dir='ltr'>permutare,</span> <span class='ocrx_word' id='word_1_183' title='bbox 1444 2129 1528 2194; x_wconf 87' lang='lat' dir='ltr'>sicut</span> <span class='ocrx_word' id='word_1_184' title='bbox 1554 2129 1587 2192; x_wconf 92' lang='lat' dir='ltr'>in</span> <span class='ocrx_word' id='word_1_185' title='bbox 1615 2129 1679 2193; x_wconf 90' lang='lat' dir='ltr'>tuis</span> <span class='ocrx_word' id='word_1_186' title='bbox 1707 2125 1849 2192; x_wconf 85' lang='lat' dir='ltr'>litterisb</span> 
     </span>
     <span class='ocr_line' id='line_1_19' title="bbox 203 2231 1849 2319; baseline -0.005 -16"><span class='ocrx_word' id='word_1_187' title='bbox 203 2236 448 2304; x_wconf 86' lang='lat' dir='ltr'>excusationem</span> <span class='ocrx_word' id='word_1_188' title='bbox 479 2232 621 2317; x_wconf 89' lang='lat' dir='ltr'>allegas,</span> <span class='ocrx_word' id='word_1_189' title='bbox 650 2238 787 2318; x_wconf 90' lang='lat' dir='ltr'>utroque</span> <span class='ocrx_word' id='word_1_190' title='bbox 818 2232 887 2296; x_wconf 90' lang='lat' dir='ltr'>inre</span> <span class='ocrx_word' id='word_1_191' title='bbox 919 2231 1123 2308; x_wconf 90' lang='lat' dir='ltr'>conceditur;</span> <span class='ocrx_word' id='word_1_192' title='bbox 1154 2233 1264 2319; x_wconf 90' lang='lat' dir='ltr'>inique</span> <span class='ocrx_word' id='word_1_193' title='bbox 1293 2240 1401 2298; x_wconf 90' lang='lat' dir='ltr'>tamen</span> <span class='ocrx_word' id='word_1_194' title='bbox 1429 2231 1471 2296; x_wconf 89' lang='lat' dir='ltr'>ad</span> <span class='ocrx_word' id='word_1_195' title='bbox 1493 2231 1706 2319; x_wconf 89' lang='lat' dir='ltr'>dampnosam</span> <span class='ocrx_word' id='word_1_196' title='bbox 1729 2239 1761 2297; x_wconf 92' lang='lat' dir='ltr'>et</span> <span class='ocrx_word' id='word_1_197' title='bbox 1783 2252 1849 2295; x_wconf 92' lang='lat' dir='ltr'>non</span> 
     </span>
     <span class='ocr_line' id='line_1_20' title="bbox 202 2334 1849 2422; baseline -0.004 -17"><span class='ocrx_word' id='word_1_198' title='bbox 202 2339 419 2405; x_wconf 88' lang='lat' dir='ltr'>voluntariam</span> <span class='ocrx_word' id='word_1_199' title='bbox 441 2334 627 2400; x_wconf 88' lang='lat' dir='ltr'>huiusmodi</span> <span class='ocrx_word' id='word_1_200' title='bbox 651 2334 905 2400; x_wconf 88' lang='lat' dir='ltr'>celebrationem</span> <span class='ocrx_word' id='word_1_201' title='bbox 929 2343 1172 2417; x_wconf 84' lang='lat' dir='ltr'>contractuum,</span> <span class='ocrx_word' id='word_1_202' title='bbox 1211 2337 1383 2422; x_wconf 90' lang='lat' dir='ltr'>presertim</span> <span class='ocrx_word' id='word_1_203' title='bbox 1414 2336 1483 2400; x_wconf 89' lang='lat' dir='ltr'>sine</span> <span class='ocrx_word' id='word_1_204' title='bbox 1511 2336 1688 2422; x_wconf 89' lang='lat' dir='ltr'>superioris</span> <span class='ocrx_word' id='word_1_205' title='bbox 1712 2356 1849 2400; x_wconf 89' lang='lat' dir='ltr'>assensu</span> 
     </span>
     <span class='ocr_line' id='line_1_21' title="bbox 204 2438 1848 2526; baseline -0.005 -17"><span class='ocrx_word' id='word_1_206' title='bbox 204 2453 237 2509; x_wconf 95' lang='lat' dir='ltr'>et</span> <span class='ocrx_word' id='word_1_207' title='bbox 265 2450 377 2508; x_wconf 89' lang='lat' dir='ltr'>contra</span> <span class='ocrx_word' id='word_1_208' title='bbox 404 2441 622 2505; x_wconf 89' lang='lat' dir='ltr'>iuramentum</span> <span class='ocrx_word' id='word_1_209' title='bbox 649 2438 690 2504; x_wconf 93' lang='lat' dir='ltr'>de</span> <span class='ocrx_word' id='word_1_210' title='bbox 722 2460 787 2502; x_wconf 91' lang='lat' dir='ltr'>non</span> <span class='ocrx_word' id='word_1_211' title='bbox 815 2439 998 2503; x_wconf 81' lang='lat' dir='ltr'>alienandis</span> <span class='ocrx_word' id='word_1_212' title='bbox 1022 2441 1256 2505; x_wconf 87' lang='lat' dir='ltr'>ecelesiasticis</span> <span class='ocrx_word' id='word_1_213' title='bbox 1287 2441 1568 2525; x_wconf 88' lang='lat' dir='ltr'>possessionibus,</span> <span class='ocrx_word' id='word_1_214' title='bbox 1593 2461 1673 2526; x_wconf 91' lang='lat' dir='ltr'>quas</span> <span class='ocrx_word' id='word_1_215' title='bbox 1695 2461 1754 2526; x_wconf 90' lang='lat' dir='ltr'>pro</span> <span class='ocrx_word' id='word_1_216' title='bbox 1778 2439 1848 2502; x_wconf 91' lang='lat' dir='ltr'>ani-</span> 
     </span>
    </p>

    <p class='ocr_par' dir='ltr' id='par_1_5' title="bbox 127 2543 1850 3049">
     <span class='ocr_line' id='line_1_22' title="bbox 127 2543 1849 2631; baseline -0.003 -19"><span class='ocrx_word' id='word_1_217' title='bbox 127 2577 133 2594; x_wconf 90' lang='lat'><strong>·</strong></span> <span class='ocrx_word' id='word_1_218' title='bbox 205 2568 331 2613; x_wconf 88' lang='lat' dir='ltr'>marum</span> <span class='ocrx_word' id='word_1_219' title='bbox 354 2546 458 2610; x_wconf 89' lang='lat' dir='ltr'>salute</span> <span class='ocrx_word' id='word_1_220' title='bbox 483 2543 615 2608; x_wconf 89' lang='lat' dir='ltr'>relictas</span> <span class='ocrx_word' id='word_1_221' title='bbox 638 2543 685 2607; x_wconf 89' lang='lat' dir='ltr'>sie</span> <span class='ocrx_word' id='word_1_222' title='bbox 708 2543 889 2606; x_wconf 88' lang='lat' dir='ltr'>alienantes</span> <span class='ocrx_word' id='word_1_223' title='bbox 914 2549 947 2607; x_wconf 89' lang='lat' dir='ltr'>et</span> <span class='ocrx_word' id='word_1_224' title='bbox 969 2544 1167 2629; x_wconf 88' lang='lat' dir='ltr'>recipientes</span> <span class='ocrx_word' id='word_1_225' title='bbox 1191 2545 1355 2629; x_wconf 89' lang='lat' dir='ltr'>sacrilegii</span> <span class='ocrx_word' id='word_1_226' title='bbox 1379 2546 1500 2609; x_wconf 91' lang='lat' dir='ltr'>crimen</span> <span class='ocrx_word' id='word_1_227' title='bbox 1523 2546 1705 2624; x_wconf 89' lang='lat' dir='ltr'>incurrunt,</span> <span class='ocrx_word' id='word_1_228' title='bbox 1728 2543 1849 2631; x_wconf 89' lang='lat' dir='ltr'>presti-</span> 
     </span>
     <span class='ocr_line' id='line_1_23' title="bbox 203 2646 1850 2737; baseline -0.004 -20"><span class='ocrx_word' id='word_1_229' title='bbox 203 2660 282 2732; x_wconf 93' lang='lat' dir='ltr'>tum,</span> <span class='ocrx_word' id='word_1_230' title='bbox 306 2651 554 2737; x_wconf 90' lang='lat' dir='ltr'>compelluntur,</span> <span class='ocrx_word' id='word_1_231' title='bbox 579 2648 654 2732; x_wconf 89' lang='lat' dir='ltr'>quia</span> <span class='ocrx_word' id='word_1_232' title='bbox 678 2646 764 2732; x_wconf 90' lang='lat' dir='ltr'>qnod</span> <span class='ocrx_word' id='word_1_233' title='bbox 787 2646 820 2710; x_wconf 93' lang='lat' dir='ltr'>in</span> <span class='ocrx_word' id='word_1_234' title='bbox 844 2647 1056 2711; x_wconf 89' lang='lat' dir='ltr'>ecclesiarum</span> <span class='ocrx_word' id='word_1_235' title='bbox 1080 2647 1225 2712; x_wconf 84' lang='lat' dir='ltr'>favorem</span> <span class='ocrx_word' id='word_1_236' title='bbox 1246 2649 1317 2713; x_wconf 90' lang='lat' dir='ltr'>inre</span> <span class='ocrx_word' id='word_1_237' title='bbox 1340 2649 1537 2735; x_wconf 90' lang='lat' dir='ltr'>permittitur</span> <span class='ocrx_word' id='word_1_238' title='bbox 1559 2650 1640 2730; x_wconf 90' lang='lat' dir='ltr'>ficri,</span> <span class='ocrx_word' id='word_1_239' title='bbox 1663 2669 1728 2713; x_wconf 90' lang='lat' dir='ltr'>non</span> <span class='ocrx_word' id='word_1_240' title='bbox 1750 2646 1850 2712; x_wconf 88' lang='lat' dir='ltr'>debet</span> 
     </span>
     <span class='ocr_line' id='line_1_24' title="bbox 204 2750 1850 2839; baseline -0.004 -19"><span class='ocrx_word' id='word_1_241' title='bbox 204 2756 244 2820; x_wconf 89' lang='lat' dir='ltr'>ad</span> <span class='ocrx_word' id='word_1_242' title='bbox 277 2756 435 2820; x_wconf 88' lang='lat' dir='ltr'>lesionem</span> <span class='ocrx_word' id='word_1_243' title='bbox 465 2775 578 2818; x_wconf 90' lang='lat' dir='ltr'>earnm</span> <span class='ocrx_word' id='word_1_244' title='bbox 606 2772 665 2836; x_wconf 90' lang='lat' dir='ltr'>per</span> <span class='ocrx_word' id='word_1_245' title='bbox 692 2751 843 2814; x_wconf 91' lang='lat' dir='ltr'>iniuriam</span> <span class='ocrx_word' id='word_1_246' title='bbox 873 2750 1055 2836; x_wconf 88' lang='lat' dir='ltr'>retorqueri</span> <span class='ocrx_word' id='word_1_247' title='bbox 1065 2762 1086 2815; x_wconf 77' lang='lat'>⁰.</span> <span class='ocrx_word' id='word_1_248' title='bbox 1137 2750 1218 2816; x_wconf 84' lang='lat' dir='ltr'>Esto</span> <span class='ocrx_word' id='word_1_249' title='bbox 1252 2753 1340 2837; x_wconf 92' lang='lat' dir='ltr'>quod</span> <span class='ocrx_word' id='word_1_250' title='bbox 1372 2754 1480 2839; x_wconf 71' lang='lat' dir='ltr'>aliqna</span> <span class='ocrx_word' id='word_1_251' title='bbox 1510 2754 1671 2819; x_wconf 89' lang='lat' dir='ltr'>beneficia</span> <span class='ocrx_word' id='word_1_252' title='bbox 1699 2751 1850 2816; x_wconf 87' lang='lat' dir='ltr'>vacantia</span> 
     </span>
     <span class='ocr_line' id='line_1_25' title="bbox 204 2855 1849 2944; baseline -0.004 -20"><span class='ocrx_word' id='word_1_253' title='bbox 204 2860 367 2934; x_wconf 63' lang='lat' dir='ltr'>conferam</span> <span class='ocrx_word' id='word_1_254' title='bbox 390 2867 425 2924; x_wconf 95' lang='lat' dir='ltr'>ut</span> <span class='ocrx_word' id='word_1_255' title='bbox 449 2879 560 2922; x_wconf 90' lang='lat' dir='ltr'>curam</span> <span class='ocrx_word' id='word_1_256' title='bbox 585 2863 696 2919; x_wconf 89' lang='lat' dir='ltr'>tamen</span> <span class='ocrx_word' id='word_1_257' title='bbox 718 2855 901 2919; x_wconf 88' lang='lat' dir='ltr'>animarum</span> <span class='ocrx_word' id='word_1_258' title='bbox 925 2855 990 2918; x_wconf 93' lang='lat' dir='ltr'>illis</span> <span class='ocrx_word' id='word_1_259' title='bbox 1013 2877 1175 2921; x_wconf 86' lang='lat' dir='ltr'>annexam</span> <span class='ocrx_word' id='word_1_260' title='bbox 1207 2857 1410 2923; x_wconf 91' lang='lat' dir='ltr'>committere</span> <span class='ocrx_word' id='word_1_261' title='bbox 1435 2859 1563 2940; x_wconf 89' lang='lat' dir='ltr'>valeas,</span> <span class='ocrx_word' id='word_1_262' title='bbox 1593 2858 1643 2922; x_wconf 91' lang='lat' dir='ltr'>ins</span> <span class='ocrx_word' id='word_1_263' title='bbox 1668 2855 1849 2944; x_wconf 87' lang='lat' dir='ltr'>spirituale,</span> 
     </span>
     <span class='ocr_line' id='line_1_26' title="bbox 203 2957 1847 3049; baseline -0.004 -21"><span class='ocrx_word' id='word_1_264' title='bbox 203 2963 289 3049; x_wconf 91' lang='lat' dir='ltr'>quod</span> <span class='ocrx_word' id='word_1_265' title='bbox 317 2983 383 3027; x_wconf 91' lang='lat' dir='ltr'>non</span> <span class='ocrx_word' id='word_1_266' title='bbox 418 2960 504 3026; x_wconf 90' lang='lat' dir='ltr'>eadit</span> <span class='ocrx_word' id='word_1_267' title='bbox 532 2961 566 3023; x_wconf 94' lang='lat' dir='ltr'>in</span> <span class='ocrx_word' id='word_1_268' title='bbox 594 2958 731 3038; x_wconf 89' lang='lat' dir='ltr'>laicum,</span> <span class='ocrx_word' id='word_1_269' title='bbox 761 2979 826 3022; x_wconf 91' lang='lat' dir='ltr'>nen</span> <span class='ocrx_word' id='word_1_270' title='bbox 853 2957 1025 3044; x_wconf 89' lang='lat' dir='ltr'>permittit,</span> <span class='ocrx_word' id='word_1_271' title='bbox 1049 2966 1083 3023; x_wconf 90' lang='lat' dir='ltr'>et</span> <span class='ocrx_word' id='word_1_272' title='bbox 1106 2959 1138 3022; x_wconf 94' lang='lat' dir='ltr'>in</span> <span class='ocrx_word' id='word_1_273' title='bbox 1161 2960 1269 3025; x_wconf 92' lang='lat' dir='ltr'>locum</span> <span class='ocrx_word' id='word_1_274' title='bbox 1292 2962 1487 3044; x_wconf 87' lang='lat' dir='ltr'>viventium,</span> <span class='ocrx_word' id='word_1_275' title='bbox 1510 2983 1591 3049; x_wconf 92' lang='lat' dir='ltr'>quos</span> <span class='ocrx_word' id='word_1_276' title='bbox 1620 2983 1639 3025; x_wconf 90' lang='lat' dir='ltr'>a</span> <span class='ocrx_word' id='word_1_277' title='bbox 1662 2959 1766 3046; x_wconf 87' lang='lat' dir='ltr'>gradu</span> <span class='ocrx_word' id='word_1_278' title='bbox 1788 2978 1847 3022; x_wconf 90' lang='lat' dir='ltr'>sno</span> 
     </span>
    </p>

    <p class='ocr_par' dir='ltr' id='par_1_6' title="bbox 141 3061 1947 3567">
     <span class='ocr_line' id='line_1_27' title="bbox 141 3061 1847 3153; baseline -0.001 -25"><span class='ocrx_word' id='word_1_279' title='bbox 141 3091 152 3128; x_wconf 81' lang='lat' dir='ltr'>s</span> <span class='ocrx_word' id='word_1_280' title='bbox 205 3089 266 3133; x_wconf 91' lang='lat' dir='ltr'>nec</span> <span class='ocrx_word' id='word_1_281' title='bbox 289 3065 420 3153; x_wconf 89' lang='lat' dir='ltr'>propria</span> <span class='ocrx_word' id='word_1_282' title='bbox 448 3065 545 3150; x_wconf 91' lang='lat' dir='ltr'>culpa</span> <span class='ocrx_word' id='word_1_283' title='bbox 575 3084 636 3127; x_wconf 91' lang='lat' dir='ltr'>nec</span> <span class='ocrx_word' id='word_1_284' title='bbox 669 3061 719 3126; x_wconf 90' lang='lat' dir='ltr'>sui</span> <span class='ocrx_word' id='word_1_285' title='bbox 747 3061 865 3126; x_wconf 91' lang='lat' dir='ltr'>iudicis</span> <span class='ocrx_word' id='word_1_286' title='bbox 893 3062 1057 3126; x_wconf 90' lang='lat' dir='ltr'>sententia</span> <span class='ocrx_word' id='word_1_287' title='bbox 1086 3062 1201 3144; x_wconf 90' lang='lat' dir='ltr'>deicit,</span> <span class='ocrx_word' id='word_1_288' title='bbox 1232 3065 1314 3130; x_wconf 89' lang='lat' dir='ltr'>alies</span> <span class='ocrx_word' id='word_1_289' title='bbox 1344 3066 1499 3131; x_wconf 88' lang='lat' dir='ltr'>substitui</span> <span class='ocrx_word' id='word_1_290' title='bbox 1522 3068 1573 3131; x_wconf 90' lang='lat' dir='ltr'>ins</span> <span class='ocrx_word' id='word_1_291' title='bbox 1596 3066 1707 3131; x_wconf 90' lang='lat' dir='ltr'>datum</span> <span class='ocrx_word' id='word_1_292' title='bbox 1730 3064 1847 3130; x_wconf 91' lang='lat' dir='ltr'>celitus</span> 
     </span>
     <span class='ocr_line' id='line_1_28' title="bbox 203 3165 1847 3254; baseline -0.002 -20"><span class='ocrx_word' id='word_1_293' title='bbox 203 3169 377 3235; x_wconf 87' lang='lat' dir='ltr'>interdicit.</span> <span class='ocrx_word' id='word_1_294' title='bbox 420 3167 503 3232; x_wconf 83' lang='lat' dir='ltr'>Esto</span> <span class='ocrx_word' id='word_1_295' title='bbox 527 3167 614 3252; x_wconf 92' lang='lat' dir='ltr'>quod</span> <span class='ocrx_word' id='word_1_296' title='bbox 637 3167 670 3230; x_wconf 93' lang='lat' dir='ltr'>in</span> <span class='ocrx_word' id='word_1_297' title='bbox 694 3167 868 3230; x_wconf 90' lang='lat' dir='ltr'>collatione</span> <span class='ocrx_word' id='word_1_298' title='bbox 892 3165 1125 3231; x_wconf 89' lang='lat' dir='ltr'>beneficiorum</span> <span class='ocrx_word' id='word_1_299' title='bbox 1149 3169 1363 3233; x_wconf 90' lang='lat' dir='ltr'>morientibus</span> <span class='ocrx_word' id='word_1_300' title='bbox 1387 3171 1560 3252; x_wconf 89' lang='lat' dir='ltr'>succedas,</span> <span class='ocrx_word' id='word_1_301' title='bbox 1588 3178 1625 3235; x_wconf 88' lang='lat' dir='ltr'>nt</span> <span class='ocrx_word' id='word_1_302' title='bbox 1646 3170 1747 3250; x_wconf 91' lang='lat' dir='ltr'>dieis,</span> <span class='ocrx_word' id='word_1_303' title='bbox 1777 3166 1847 3254; x_wconf 90' lang='lat' dir='ltr'>epi·</span> 
     </span>
     <span class='ocr_line' id='line_1_29' title="bbox 204 3269 1847 3360; baseline -0.003 -21"><span class='ocrx_word' id='word_1_304' title='bbox 204 3274 329 3360; x_wconf 90' lang='lat' dir='ltr'>scopis;</span> <span class='ocrx_word' id='word_1_305' title='bbox 360 3271 518 3337; x_wconf 90' lang='lat' dir='ltr'>maiorem</span> <span class='ocrx_word' id='word_1_306' title='bbox 550 3271 585 3334; x_wconf 91' lang='lat' dir='ltr'>in</span> <span class='ocrx_word' id='word_1_307' title='bbox 618 3269 679 3335; x_wconf 88' lang='lat' dir='ltr'>hoc</span> <span class='ocrx_word' id='word_1_308' title='bbox 709 3270 789 3356; x_wconf 91' lang='lat' dir='ltr'>ipsis</span> <span class='ocrx_word' id='word_1_309' title='bbox 812 3291 877 3334; x_wconf 94' lang='lat' dir='ltr'>non</span> <span class='ocrx_word' id='word_1_310' title='bbox 910 3270 1103 3357; x_wconf 89' lang='lat' dir='ltr'>adipisceris</span> <span class='ocrx_word' id='word_1_311' title='bbox 1136 3280 1349 3358; x_wconf 88' lang='lat' dir='ltr'>potestatem,</span> <span class='ocrx_word' id='word_1_312' title='bbox 1379 3294 1440 3338; x_wconf 90' lang='lat' dir='ltr'>nee</span> <span class='ocrx_word' id='word_1_313' title='bbox 1468 3295 1526 3340; x_wconf 87' lang='lat' dir='ltr'>nes</span> <span class='ocrx_word' id='word_1_314' title='bbox 1560 3273 1601 3340; x_wconf 92' lang='lat' dir='ltr'>ob</span> <span class='ocrx_word' id='word_1_315' title='bbox 1627 3274 1679 3356; x_wconf 90' lang='lat' dir='ltr'>id,</span> <span class='ocrx_word' id='word_1_316' title='bbox 1710 3274 1765 3360; x_wconf 91' lang='lat' dir='ltr'>qni</span> <span class='ocrx_word' id='word_1_317' title='bbox 1798 3271 1847 3336; x_wconf 90' lang='lat' dir='ltr'>eis</span> 
     </span>
     <span class='ocr_line' id='line_1_30' title="bbox 204 3373 1947 3462; baseline -0.001 -21"><span class='ocrx_word' id='word_1_318' title='bbox 204 3377 388 3442; x_wconf 87' lang='lat' dir='ltr'>viventibus</span> <span class='ocrx_word' id='word_1_319' title='bbox 412 3376 559 3440; x_wconf 88' lang='lat' dir='ltr'>conferre</span> <span class='ocrx_word' id='word_1_320' title='bbox 583 3373 742 3439; x_wconf 88' lang='lat' dir='ltr'>beneficia</span> <span class='ocrx_word' id='word_1_321' title='bbox 770 3395 836 3438; x_wconf 93' lang='lat' dir='ltr'>non</span> <span class='ocrx_word' id='word_1_322' title='bbox 860 3374 979 3438; x_wconf 90' lang='lat' dir='ltr'>collata</span> <span class='ocrx_word' id='word_1_323' title='bbox 1000 3377 1180 3462; x_wconf 89' lang='lat' dir='ltr'>potuimus,</span> <span class='ocrx_word' id='word_1_324' title='bbox 1204 3378 1268 3442; x_wconf 91' lang='lat' dir='ltr'>iam</span> <span class='ocrx_word' id='word_1_325' title='bbox 1291 3385 1324 3442; x_wconf 92' lang='lat' dir='ltr'>te</span> <span class='ocrx_word' id='word_1_326' title='bbox 1348 3377 1456 3442; x_wconf 90' lang='lat' dir='ltr'>locum</span> <span class='ocrx_word' id='word_1_327' title='bbox 1478 3383 1612 3443; x_wconf 90' lang='lat' dir='ltr'>tenente</span> <span class='ocrx_word' id='word_1_328' title='bbox 1635 3399 1676 3443; x_wconf 91' lang='lat' dir='ltr'>ne</span> <span class='ocrx_word' id='word_1_329' title='bbox 1699 3376 1847 3441; x_wconf 91' lang='lat' dir='ltr'>dicamus</span> <span class='ocrx_word' id='word_1_330' title='bbox 1944 3425 1947 3430; x_wconf 18' lang='grc' dir='ltr'><strong>Α</strong></span> 
     </span>
     <span class='ocr_line' id='line_1_31' title="bbox 204 3479 1848 3567; baseline -0.002 -20"><span class='ocrx_word' id='word_1_331' title='bbox 204 3487 382 3567; x_wconf 90' lang='lat' dir='ltr'>usurpante</span> <span class='ocrx_word' id='word_1_332' title='bbox 405 3479 578 3567; x_wconf 90' lang='lat' dir='ltr'>pontificis,</span> <span class='ocrx_word' id='word_1_333' title='bbox 603 3479 783 3564; x_wconf 91' lang='lat' dir='ltr'>apostolice</span> <span class='ocrx_word' id='word_1_334' title='bbox 806 3479 984 3544; x_wconf 90' lang='lat' dir='ltr'>amittimus</span> <span class='ocrx_word' id='word_1_335' title='bbox 1007 3480 1245 3566; x_wconf 91' lang='lat' dir='ltr'>plenitudinem</span> <span class='ocrx_word' id='word_1_336' title='bbox 1261 3481 1443 3566; x_wconf 88' lang='lat' dir='ltr'>potestatis.</span> <span class='ocrx_word' id='word_1_337' title='bbox 1488 3480 1699 3546; x_wconf 91' lang='lat' dir='ltr'>Venerabilis</span> <span class='ocrx_word' id='word_1_338' title='bbox 1714 3480 1848 3566; x_wconf 90' lang='lat' dir='ltr'>insuper</span> 
     </span>
    </p>

    <p class='ocr_par' dir='ltr' id='par_1_7' title="bbox 129 3581 1848 5237">
     <span class='ocr_line' id='line_1_32' title="bbox 129 3581 1847 3669; baseline -0.002 -18"><span class='ocrx_word' id='word_1_339' title='bbox 129 3601 134 3636; x_wconf 78' lang='lat'>²</span> <span class='ocrx_word' id='word_1_340' title='bbox 205 3587 306 3651; x_wconf 85' lang='lat' dir='ltr'>frater</span> <span class='ocrx_word' id='word_1_341' title='bbox 328 3591 440 3649; x_wconf 90' lang='lat' dir='ltr'>noster</span> <span class='ocrx_word' id='word_1_342' title='bbox 462 3581 722 3668; x_wconf 84' lang='lat' dir='ltr'>Cephaludensis</span> <span class='ocrx_word' id='word_1_343' title='bbox 744 3583 932 3669; x_wconf 89' lang='lat' dir='ltr'>episcopus,</span> <span class='ocrx_word' id='word_1_344' title='bbox 957 3583 1205 3650; x_wconf 89' lang='lat' dir='ltr'>archidiaconns</span> <span class='ocrx_word' id='word_1_345' title='bbox 1240 3584 1464 3650; x_wconf 86' lang='lat' dir='ltr'>Salernitanus</span> <span class='ocrx_word' id='word_1_346' title='bbox 1492 3592 1526 3652; x_wconf 88' lang='lat' dir='ltr'>et</span> <span class='ocrx_word' id='word_1_347' title='bbox 1558 3584 1682 3651; x_wconf 83' lang='lat' dir='ltr'>Serene</span> <span class='ocrx_word' id='word_1_348' title='bbox 1707 3585 1847 3650; x_wconf 87' lang='lat' dir='ltr'>civitatis</span> 
     </span>
     <span class='ocr_line' id='line_1_33' title="bbox 204 3685 1848 3775; baseline -0.002 -20"><span class='ocrx_word' id='word_1_349' title='bbox 204 3690 359 3768; x_wconf 90' lang='lat' dir='ltr'>ecclesie,</span> <span class='ocrx_word' id='word_1_350' title='bbox 383 3687 459 3751; x_wconf 91' lang='lat' dir='ltr'>dnm</span> <span class='ocrx_word' id='word_1_351' title='bbox 483 3707 541 3751; x_wconf 90' lang='lat' dir='ltr'>eos</span> <span class='ocrx_word' id='word_1_352' title='bbox 563 3685 605 3750; x_wconf 90' lang='lat' dir='ltr'>ad</span> <span class='ocrx_word' id='word_1_353' title='bbox 629 3707 768 3751; x_wconf 86' lang='lat' dir='ltr'>examen</span> <span class='ocrx_word' id='word_1_354' title='bbox 798 3695 909 3752; x_wconf 92' lang='lat' dir='ltr'>nostre</span> <span class='ocrx_word' id='word_1_355' title='bbox 940 3688 1211 3756; x_wconf 88' lang='lat' dir='ltr'>considerationis</span> <span class='ocrx_word' id='word_1_356' title='bbox 1237 3689 1447 3770; x_wconf 90' lang='lat' dir='ltr'>adducimus,</span> <span class='ocrx_word' id='word_1_357' title='bbox 1476 3710 1575 3775; x_wconf 87' lang='lat' dir='ltr'>quare</span> <span class='ocrx_word' id='word_1_358' title='bbox 1598 3686 1674 3754; x_wconf 74' lang='lat' dir='ltr'>istil</span> <span class='ocrx_word' id='word_1_359' title='bbox 1696 3688 1848 3774; x_wconf 88' lang='lat' dir='ltr'>perpetui</span> 
     </span>
     <span class='ocr_line' id='line_1_34' title="bbox 204 3790 1848 3880; baseline -0.004 -21"><span class='ocrx_word' id='word_1_360' title='bbox 204 3795 296 3859; x_wconf 87' lang='lat' dir='ltr'>exilii</span> <span class='ocrx_word' id='word_1_361' title='bbox 327 3800 360 3856; x_wconf 93' lang='lat' dir='ltr'>et</span> <span class='ocrx_word' id='word_1_362' title='bbox 387 3791 442 3856; x_wconf 92' lang='lat' dir='ltr'>ille</span> <span class='ocrx_word' id='word_1_363' title='bbox 469 3797 627 3877; x_wconf 89' lang='lat' dir='ltr'>perpetue</span> <span class='ocrx_word' id='word_1_364' title='bbox 656 3790 821 3875; x_wconf 88' lang='lat' dir='ltr'>patiantur</span> <span class='ocrx_word' id='word_1_365' title='bbox 846 3792 940 3857; x_wconf 89' lang='lat' dir='ltr'>ruine</span> <span class='ocrx_word' id='word_1_366' title='bbox 968 3791 1156 3879; x_wconf 90' lang='lat' dir='ltr'>dispendia,</span> <span class='ocrx_word' id='word_1_367' title='bbox 1185 3795 1389 3879; x_wconf 90' lang='lat' dir='ltr'>ignoramus,</span> <span class='ocrx_word' id='word_1_368' title='bbox 1420 3794 1483 3858; x_wconf 90' lang='lat' dir='ltr'>nisi</span> <span class='ocrx_word' id='word_1_369' title='bbox 1515 3791 1602 3880; x_wconf 92' lang='lat' dir='ltr'>quod</span> <span class='ocrx_word' id='word_1_370' title='bbox 1630 3792 1707 3858; x_wconf 90' lang='lat' dir='ltr'>dum</span> <span class='ocrx_word' id='word_1_371' title='bbox 1735 3797 1848 3856; x_wconf 89' lang='lat' dir='ltr'>contra</span> 
     </span>
     <span class='ocr_line' id='line_1_35' title="bbox 204 3894 1847 3985; baseline -0.002 -23"><span class='ocrx_word' id='word_1_372' title='bbox 204 3919 319 3985; x_wconf 88' lang='lat' dir='ltr'>pacem</span> <span class='ocrx_word' id='word_1_373' title='bbox 345 3897 431 3960; x_wconf 90' lang='lat' dir='ltr'>inter</span> <span class='ocrx_word' id='word_1_374' title='bbox 457 3901 489 3959; x_wconf 88' lang='lat' dir='ltr'>te</span> <span class='ocrx_word' id='word_1_375' title='bbox 519 3916 557 3959; x_wconf 92' lang='lat' dir='ltr'>ac</span> <span class='ocrx_word' id='word_1_376' title='bbox 587 3894 761 3959; x_wconf 88' lang='lat' dir='ltr'>eeclesiam</span> <span class='ocrx_word' id='word_1_377' title='bbox 792 3897 1000 3960; x_wconf 83' lang='lat' dir='ltr'>reformatam</span> <span class='ocrx_word' id='word_1_378' title='bbox 1023 3897 1206 3983; x_wconf 88' lang='lat' dir='ltr'>spiritualia</span> <span class='ocrx_word' id='word_1_379' title='bbox 1228 3899 1312 3962; x_wconf 91' lang='lat' dir='ltr'>sicut</span> <span class='ocrx_word' id='word_1_380' title='bbox 1336 3899 1498 3964; x_wconf 89' lang='lat' dir='ltr'>secularia</span> <span class='ocrx_word' id='word_1_381' title='bbox 1520 3895 1656 3977; x_wconf 91' lang='lat' dir='ltr'>indicas,</span> <span class='ocrx_word' id='word_1_382' title='bbox 1679 3895 1756 3960; x_wconf 91' lang='lat' dir='ltr'>dum</span> <span class='ocrx_word' id='word_1_383' title='bbox 1779 3917 1847 3974; x_wconf 89' lang='lat' dir='ltr'>eos,</span> 
     </span>
     <span class='ocr_line' id='line_1_36' title="bbox 205 3998 1847 4091; baseline -0.002 -25"><span class='ocrx_word' id='word_1_384' title='bbox 205 4002 260 4088; x_wconf 93' lang='lat' dir='ltr'>qni</span> <span class='ocrx_word' id='word_1_385' title='bbox 283 4022 342 4066; x_wconf 91' lang='lat' dir='ltr'>sno</span> <span class='ocrx_word' id='word_1_386' title='bbox 370 3998 501 4063; x_wconf 90' lang='lat' dir='ltr'>domino</span> <span class='ocrx_word' id='word_1_387' title='bbox 533 4007 619 4062; x_wconf 90' lang='lat' dir='ltr'>stant</span> <span class='ocrx_word' id='word_1_388' title='bbox 647 4005 704 4062; x_wconf 89' lang='lat' dir='ltr'>aut</span> <span class='ocrx_word' id='word_1_389' title='bbox 727 3999 860 4080; x_wconf 89' lang='lat' dir='ltr'>cadunt,</span> <span class='ocrx_word' id='word_1_390' title='bbox 891 4022 956 4066; x_wconf 89' lang='lat' dir='ltr'>nou</span> <span class='ocrx_word' id='word_1_391' title='bbox 985 4002 1151 4066; x_wconf 90' lang='lat' dir='ltr'>convictos</span> <span class='ocrx_word' id='word_1_392' title='bbox 1179 4023 1239 4066; x_wconf 90' lang='lat' dir='ltr'>nec</span> <span class='ocrx_word' id='word_1_393' title='bbox 1269 4003 1453 4086; x_wconf 84' lang='lat' dir='ltr'>confessos,</span> <span class='ocrx_word' id='word_1_394' title='bbox 1483 4024 1569 4091; x_wconf 90' lang='lat' dir='ltr'>pena</span> <span class='ocrx_word' id='word_1_395' title='bbox 1594 4001 1749 4067; x_wconf 89' lang='lat' dir='ltr'>indicium</span> <span class='ocrx_word' id='word_1_396' title='bbox 1772 4020 1847 4087; x_wconf 91' lang='lat' dir='ltr'>pre-</span> 
     </span>
     <span class='ocr_line' id='line_1_37' title="bbox 204 4101 1847 4194; baseline -0.003 -22"><span class='ocrx_word' id='word_1_397' title='bbox 204 4107 388 4185; x_wconf 86' lang='lat' dir='ltr'>veniente⁰,</span> <span class='ocrx_word' id='word_1_398' title='bbox 412 4102 625 4182; x_wconf 88' lang='lat' dir='ltr'>condemnas,</span> <span class='ocrx_word' id='word_1_399' title='bbox 649 4101 752 4167; x_wconf 90' lang='lat' dir='ltr'>divini</span> <span class='ocrx_word' id='word_1_400' title='bbox 774 4104 886 4169; x_wconf 90' lang='lat' dir='ltr'>indicii</span> <span class='ocrx_word' id='word_1_401' title='bbox 911 4106 1063 4171; x_wconf 88' lang='lat' dir='ltr'>thronum</span> <span class='ocrx_word' id='word_1_402' title='bbox 1087 4106 1291 4192; x_wconf 88' lang='lat' dir='ltr'>aggrederis,</span> <span class='ocrx_word' id='word_1_403' title='bbox 1315 4115 1348 4173; x_wconf 94' lang='lat' dir='ltr'>et</span> <span class='ocrx_word' id='word_1_404' title='bbox 1370 4109 1478 4194; x_wconf 90' lang='lat' dir='ltr'>leges,</span> <span class='ocrx_word' id='word_1_405' title='bbox 1507 4107 1623 4194; x_wconf 92' lang='lat' dir='ltr'>quibus</span> <span class='ocrx_word' id='word_1_406' title='bbox 1647 4106 1746 4191; x_wconf 92' lang='lat' dir='ltr'>digne</span> <span class='ocrx_word' id='word_1_407' title='bbox 1769 4103 1847 4169; x_wconf 91' lang='lat' dir='ltr'>sub·</span> 
     </span>
     <span class='ocr_line' id='line_1_38' title="bbox 204 4208 1847 4299; baseline -0.002 -23"><span class='ocrx_word' id='word_1_408' title='bbox 204 4212 343 4277; x_wconf 90' lang='lat' dir='ltr'>mittitur</span> <span class='ocrx_word' id='word_1_409' title='bbox 370 4208 585 4294; x_wconf 87' lang='lat' dir='ltr'>principatus,</span> <span class='ocrx_word' id='word_1_410' title='bbox 626 4228 646 4270; x_wconf 93' lang='lat' dir='ltr'>a</span> <span class='ocrx_word' id='word_1_411' title='bbox 675 4208 743 4273; x_wconf 89' lang='lat' dir='ltr'>lare</span> <span class='ocrx_word' id='word_1_412' title='bbox 773 4209 879 4295; x_wconf 90' lang='lat' dir='ltr'>patrio</span> <span class='ocrx_word' id='word_1_413' title='bbox 907 4211 1043 4276; x_wconf 88' lang='lat' dir='ltr'>exulare</span> <span class='ocrx_word' id='word_1_414' title='bbox 1075 4212 1255 4299; x_wconf 91' lang='lat' dir='ltr'>compellis.</span> <span class='ocrx_word' id='word_1_415' title='bbox 1306 4210 1358 4277; x_wconf 92' lang='lat' dir='ltr'>De</span> <span class='ocrx_word' id='word_1_416' title='bbox 1382 4213 1454 4294; x_wconf 93' lang='lat' dir='ltr'>illo,</span> <span class='ocrx_word' id='word_1_417' title='bbox 1479 4213 1534 4298; x_wconf 93' lang='lat' dir='ltr'>qui</span> <span class='ocrx_word' id='word_1_418' title='bbox 1564 4233 1600 4277; x_wconf 90' lang='lat' dir='ltr'>se</span> <span class='ocrx_word' id='word_1_419' title='bbox 1624 4209 1847 4275; x_wconf 86' lang='lat' dir='ltr'>Geracensem</span> 
     </span>
     <span class='ocr_line' id='line_1_39' title="bbox 204 4311 1848 4402; baseline -0.001 -22"><span class='ocrx_word' id='word_1_420' title='bbox 204 4314 283 4380; x_wconf 90' lang='lat' dir='ltr'>dicit</span> <span class='ocrx_word' id='word_1_421' title='bbox 312 4312 516 4399; x_wconf 89' lang='lat' dir='ltr'>episcopum,</span> <span class='ocrx_word' id='word_1_422' title='bbox 550 4318 696 4376; x_wconf 88' lang='lat' dir='ltr'>tacemus</span> <span class='ocrx_word' id='word_1_423' title='bbox 731 4311 773 4376; x_wconf 90' lang='lat' dir='ltr'>ad</span> <span class='ocrx_word' id='word_1_424' title='bbox 805 4335 962 4398; x_wconf 89' lang='lat' dir='ltr'>presens,</span> <span class='ocrx_word' id='word_1_425' title='bbox 996 4336 1091 4401; x_wconf 90' lang='lat' dir='ltr'>quem</span> <span class='ocrx_word' id='word_1_426' title='bbox 1123 4315 1242 4379; x_wconf 90' lang='lat' dir='ltr'>electio</span> <span class='ocrx_word' id='word_1_427' title='bbox 1275 4317 1432 4380; x_wconf 89' lang='lat' dir='ltr'>canonica</span> <span class='ocrx_word' id='word_1_428' title='bbox 1461 4315 1675 4402; x_wconf 89' lang='lat' dir='ltr'>pretermissa</span> <span class='ocrx_word' id='word_1_429' title='bbox 1700 4315 1754 4379; x_wconf 85' lang='lat' dir='ltr'>vel</span> <span class='ocrx_word' id='word_1_430' title='bbox 1789 4334 1848 4400; x_wconf 90' lang='lat' dir='ltr'>per</span> 
     </span>
     <span class='ocr_line' id='line_1_40' title="bbox 204 4415 1847 4506; baseline -0.001 -24"><span class='ocrx_word' id='word_1_431' title='bbox 204 4417 452 4504; x_wconf 89' lang='lat' dir='ltr'>impressionem</span> <span class='ocrx_word' id='word_1_432' title='bbox 489 4415 600 4480; x_wconf 89' lang='lat' dir='ltr'>habita</span> <span class='ocrx_word' id='word_1_433' title='bbox 634 4416 776 4481; x_wconf 89' lang='lat' dir='ltr'>ecclesie</span> <span class='ocrx_word' id='word_1_434' title='bbox 801 4415 1001 4484; x_wconf 71' lang='lat' dir='ltr'>Geracensi‘</span> <span class='ocrx_word' id='word_1_435' title='bbox 1026 4419 1308 4484; x_wconf 86' lang='lat' dir='ltr'>matrimonialiter</span> <span class='ocrx_word' id='word_1_436' title='bbox 1342 4420 1477 4505; x_wconf 89' lang='lat' dir='ltr'>alligare</span> <span class='ocrx_word' id='word_1_437' title='bbox 1511 4440 1578 4484; x_wconf 92' lang='lat' dir='ltr'>non</span> <span class='ocrx_word' id='word_1_438' title='bbox 1607 4419 1725 4506; x_wconf 91' lang='lat' dir='ltr'>potuit,</span> <span class='ocrx_word' id='word_1_439' title='bbox 1755 4439 1847 4483; x_wconf 88' lang='lat' dir='ltr'>curus</span> 
     </span>
     <span class='ocr_line' id='line_1_41' title="bbox 205 4521 1847 4604; baseline -0.001 -16"><span class='ocrx_word' id='word_1_440' title='bbox 205 4522 417 4604; x_wconf 90' lang='lat' dir='ltr'>consecratio,</span> <span class='ocrx_word' id='word_1_441' title='bbox 438 4522 542 4585; x_wconf 85' lang='lat' dir='ltr'>forma</span> <span class='ocrx_word' id='word_1_442' title='bbox 564 4521 789 4586; x_wconf 89' lang='lat' dir='ltr'>ecclesiastiea</span> <span class='ocrx_word' id='word_1_443' title='bbox 813 4523 896 4587; x_wconf 90' lang='lat' dir='ltr'>sieut</span> <span class='ocrx_word' id='word_1_444' title='bbox 913 4523 1031 4587; x_wconf 91' lang='lat' dir='ltr'>dicitur</span> <span class='ocrx_word' id='word_1_445' title='bbox 1047 4523 1212 4604; x_wconf 89' lang='lat' dir='ltr'>destituta,</span> <span class='ocrx_word' id='word_1_446' title='bbox 1235 4545 1297 4588; x_wconf 91' lang='lat' dir='ltr'>nec</span> <span class='ocrx_word' id='word_1_447' title='bbox 1313 4523 1376 4588; x_wconf 88' lang='lat' dir='ltr'>sibi</span> <span class='ocrx_word' id='word_1_448' title='bbox 1397 4525 1626 4589; x_wconf 89' lang='lat' dir='ltr'>executionem</span> <span class='ocrx_word' id='word_1_449' title='bbox 1646 4523 1747 4588; x_wconf 85' lang='lat' dir='ltr'>officii</span> <span class='ocrx_word' id='word_1_450' title='bbox 1769 4543 1847 4587; x_wconf 91' lang='lat' dir='ltr'>eon-</span> 
     </span>
     <span class='ocr_line' id='line_1_42' title="bbox 205 4625 1847 4714; baseline -0.001 -23"><span class='ocrx_word' id='word_1_451' title='bbox 205 4626 280 4691; x_wconf 90' lang='lat' dir='ltr'>tulit</span> <span class='ocrx_word' id='word_1_452' title='bbox 301 4647 362 4691; x_wconf 90' lang='lat' dir='ltr'>nec</span> <span class='ocrx_word' id='word_1_453' title='bbox 384 4626 492 4712; x_wconf 90' lang='lat' dir='ltr'>ipsum</span> <span class='ocrx_word' id='word_1_454' title='bbox 514 4625 601 4689; x_wconf 91' lang='lat' dir='ltr'>illins</span> <span class='ocrx_word' id='word_1_455' title='bbox 626 4625 765 4690; x_wconf 88' lang='lat' dir='ltr'>ecclesie</span> <span class='ocrx_word' id='word_1_456' title='bbox 782 4627 835 4690; x_wconf 91' lang='lat' dir='ltr'>vel</span> <span class='ocrx_word' id='word_1_457' title='bbox 858 4627 993 4692; x_wconf 90' lang='lat' dir='ltr'>alterius</span> <span class='ocrx_word' id='word_1_458' title='bbox 1016 4628 1207 4714; x_wconf 82' lang='lat' dir='ltr'>episcopum</span> <span class='ocrx_word' id='word_1_459' title='bbox 1230 4648 1305 4692; x_wconf 91' lang='lat' dir='ltr'>esse</span> <span class='ocrx_word' id='word_1_460' title='bbox 1328 4627 1418 4692; x_wconf 86' lang='lat' dir='ltr'>fecit.</span> <span class='ocrx_word' id='word_1_461' title='bbox 1462 4627 1603 4694; x_wconf 86' lang='lat' dir='ltr'>Vincula</span> <span class='ocrx_word' id='word_1_462' title='bbox 1617 4646 1695 4693; x_wconf 88' lang='lat' dir='ltr'>vero</span> <span class='ocrx_word' id='word_1_463' title='bbox 1718 4625 1847 4713; x_wconf 90' lang='lat' dir='ltr'>nepotis</span> 
     </span>
     <span class='ocr_line' id='line_1_43' title="bbox 205 4729 1848 4818; baseline -0.001 -22"><span class='ocrx_word' id='word_1_464' title='bbox 205 4731 293 4816; x_wconf 90' lang='lat' dir='ltr'>regis</span> <span class='ocrx_word' id='word_1_465' title='bbox 315 4730 455 4812; x_wconf 85' lang='lat' dir='ltr'>Tuneti,</span> <span class='ocrx_word' id='word_1_466' title='bbox 487 4730 515 4795; x_wconf 90' lang='lat' dir='ltr'>si</span> <span class='ocrx_word' id='word_1_467' title='bbox 542 4751 582 4795; x_wconf 90' lang='lat' dir='ltr'>ea</span> <span class='ocrx_word' id='word_1_468' title='bbox 609 4739 699 4795; x_wconf 88' lang='lat' dir='ltr'>recta</span> <span class='ocrx_word' id='word_1_469' title='bbox 729 4731 801 4796; x_wconf 91' lang='lat' dir='ltr'>acie</span> <span class='ocrx_word' id='word_1_470' title='bbox 830 4731 1101 4797; x_wconf 89' lang='lat' dir='ltr'>considerationis</span> <span class='ocrx_word' id='word_1_471' title='bbox 1133 4732 1332 4818; x_wconf 89' lang='lat' dir='ltr'>inspiceres,</span> <span class='ocrx_word' id='word_1_472' title='bbox 1355 4733 1387 4798; x_wconf 92' lang='lat' dir='ltr'>iu</span> <span class='ocrx_word' id='word_1_473' title='bbox 1412 4741 1567 4818; x_wconf 89' lang='lat' dir='ltr'>quantam</span> <span class='ocrx_word' id='word_1_474' title='bbox 1588 4733 1668 4797; x_wconf 90' lang='lat' dir='ltr'>iuris</span> <span class='ocrx_word' id='word_1_475' title='bbox 1692 4738 1726 4797; x_wconf 91' lang='lat' dir='ltr'>et</span> <span class='ocrx_word' id='word_1_476' title='bbox 1747 4729 1848 4794; x_wconf 92' lang='lat' dir='ltr'>divini</span> 
     </span>
     <span class='ocr_line' id='line_1_44' title="bbox 203 4833 1848 4922; baseline -0.001 -23"><span class='ocrx_word' id='word_1_477' title='bbox 203 4834 344 4900; x_wconf 88' lang='lat' dir='ltr'>nominis</span> <span class='ocrx_word' id='word_1_478' title='bbox 368 4834 598 4900; x_wconf 86' lang='lat' dir='ltr'>contumeliam</span> <span class='ocrx_word' id='word_1_479' title='bbox 621 4833 840 4920; x_wconf 88' lang='lat' dir='ltr'>compeditum</span> <span class='ocrx_word' id='word_1_480' title='bbox 861 4835 1008 4920; x_wconf 89' lang='lat' dir='ltr'>alligent,</span> <span class='ocrx_word' id='word_1_481' title='bbox 1025 4836 1123 4922; x_wconf 92' lang='lat' dir='ltr'>plene</span> <span class='ocrx_word' id='word_1_482' title='bbox 1138 4837 1250 4917; x_wconf 90' lang='lat' dir='ltr'>scires,</span> <span class='ocrx_word' id='word_1_483' title='bbox 1266 4834 1342 4921; x_wconf 88' lang='lat' dir='ltr'>quia</span> <span class='ocrx_word' id='word_1_484' title='bbox 1357 4837 1491 4922; x_wconf 90' lang='lat' dir='ltr'>indigne</span> <span class='ocrx_word' id='word_1_485' title='bbox 1510 4836 1664 4902; x_wconf 89' lang='lat' dir='ltr'>seductus</span> <span class='ocrx_word' id='word_1_486' title='bbox 1680 4835 1848 4915; x_wconf 90' lang='lat' dir='ltr'>asseritur,</span> 
     </span>
     <span class='ocr_line' id='line_1_45' title="bbox 204 4937 1848 5032; baseline -0.001 -29"><span class='ocrx_word' id='word_1_487' title='bbox 204 4939 260 5032; x_wconf 87' lang='lat' dir='ltr'>qui</span> <span class='ocrx_word' id='word_1_488' title='bbox 283 4937 325 5004; x_wconf 91' lang='lat' dir='ltr'>ad</span> <span class='ocrx_word' id='word_1_489' title='bbox 352 4938 501 5003; x_wconf 89' lang='lat' dir='ltr'>notitiam</span> <span class='ocrx_word' id='word_1_490' title='bbox 523 4959 600 5004; x_wconf 89' lang='lat' dir='ltr'>vere</span> <span class='ocrx_word' id='word_1_491' title='bbox 632 4938 709 5004; x_wconf 89' lang='lat' dir='ltr'>fidei</span> <span class='ocrx_word' id='word_1_492' title='bbox 739 4939 847 5025; x_wconf 89' lang='lat' dir='ltr'>aliquo</span> <span class='ocrx_word' id='word_1_493' title='bbox 876 4939 1052 5006; x_wconf 89' lang='lat' dir='ltr'>inducente</span> <span class='ocrx_word' id='word_1_494' title='bbox 1074 4941 1128 5006; x_wconf 85' lang='lat' dir='ltr'>vel</span> <span class='ocrx_word' id='word_1_495' title='bbox 1159 4940 1233 5006; x_wconf 91' lang='lat' dir='ltr'>Deo</span> <span class='ocrx_word' id='word_1_496' title='bbox 1255 4939 1363 5027; x_wconf 90' lang='lat' dir='ltr'>potius</span> <span class='ocrx_word' id='word_1_497' title='bbox 1392 4942 1571 5028; x_wconf 89' lang='lat' dir='ltr'>inspirante</span> <span class='ocrx_word' id='word_1_498' title='bbox 1594 4947 1747 5016; x_wconf 89' lang='lat' dir='ltr'>voeatnr;</span> <span class='ocrx_word' id='word_1_499' title='bbox 1771 4939 1848 5024; x_wconf 90' lang='lat' dir='ltr'>quin</span> 
     </span>
     <span class='ocr_line' id='line_1_46' title="bbox 203 5042 1847 5130; baseline -0.001 -22"><span class='ocrx_word' id='word_1_500' title='bbox 203 5043 322 5130; x_wconf 90' lang='lat' dir='ltr'>potins,</span> <span class='ocrx_word' id='word_1_501' title='bbox 346 5049 523 5130; x_wconf 73' lang='lat' dir='ltr'>quantumg</span> <span class='ocrx_word' id='word_1_502' title='bbox 543 5042 765 5129; x_wconf 87' lang='lat' dir='ltr'>probationes,</span> <span class='ocrx_word' id='word_1_503' title='bbox 782 5042 868 5129; x_wconf 89' lang='lat' dir='ltr'>qnod</span> <span class='ocrx_word' id='word_1_504' title='bbox 890 5051 1003 5130; x_wconf 90' lang='lat' dir='ltr'>preter</span> <span class='ocrx_word' id='word_1_505' title='bbox 1019 5044 1176 5109; x_wconf 83' lang='lat' dir='ltr'>offensam</span> <span class='ocrx_word' id='word_1_506' title='bbox 1193 5045 1281 5130; x_wconf 88' lang='lat' dir='ltr'>regis</span> <span class='ocrx_word' id='word_1_507' title='bbox 1304 5042 1450 5110; x_wconf 89' lang='lat' dir='ltr'>eiusdem</span> <span class='ocrx_word' id='word_1_508' title='bbox 1474 5051 1508 5109; x_wconf 95' lang='lat' dir='ltr'>et</span> <span class='ocrx_word' id='word_1_509' title='bbox 1527 5065 1592 5108; x_wconf 90' lang='lat' dir='ltr'>non</span> <span class='ocrx_word' id='word_1_510' title='bbox 1609 5045 1847 5109; x_wconf 89' lang='lat' dir='ltr'>circumventus</span> 
     </span>
     <span class='ocr_line' id='line_1_47' title="bbox 203 5146 1847 5237; baseline 0.001 -25"><span class='ocrx_word' id='word_1_511' title='bbox 203 5147 246 5212; x_wconf 87' lang='lat' dir='ltr'>ad</span> <span class='ocrx_word' id='word_1_512' title='bbox 274 5169 334 5212; x_wconf 92' lang='lat' dir='ltr'>nos</span> <span class='ocrx_word' id='word_1_513' title='bbox 361 5146 536 5213; x_wconf 88' lang='lat' dir='ltr'>accederet</span> <span class='ocrx_word' id='word_1_514' title='bbox 565 5155 756 5234; x_wconf 90' lang='lat' dir='ltr'>recepturus</span> <span class='ocrx_word' id='word_1_515' title='bbox 779 5149 985 5236; x_wconf 90' lang='lat' dir='ltr'>baptismatis</span> <span class='ocrx_word' id='word_1_516' title='bbox 1009 5157 1266 5231; x_wconf 88' lang='lat' dir='ltr'>sacramentnm,</span> <span class='ocrx_word' id='word_1_517' title='bbox 1294 5149 1500 5237; x_wconf 88' lang='lat' dir='ltr'>expostulas,</span> <span class='ocrx_word' id='word_1_518' title='bbox 1527 5155 1640 5235; x_wconf 90' lang='lat' dir='ltr'>aperte</span> <span class='ocrx_word' id='word_1_519' title='bbox 1674 5147 1847 5234; x_wconf 90' lang='lat' dir='ltr'>colligitur.</span> 
     </span>
    </p>
   </div>
   <div class='ocr_carea' id='block_1_5' title="bbox 310 5359 603 5368">
    <p class='ocr_par' dir='ltr' id='par_1_8' title="bbox 310 5359 603 5368">
     <span class='ocr_line' id='line_1_48' title="bbox 310 5359 603 5368; baseline 0.007 -2"><span class='ocrx_word' id='word_1_520' title='bbox 310 5359 603 5368; x_wconf 82' lang='lat'>———--</span> 
     </span>
    </p>
   </div>
   <div class='ocr_carea' id='block_1_6' title="bbox 202 5513 1848 5834">
    <p class='ocr_par' dir='ltr' id='par_1_9' title="bbox 303 5513 1844 5585">
     <span class='ocr_line' id='line_1_49' title="bbox 303 5513 1844 5585; baseline 0.002 -22"><span class='ocrx_word' id='word_1_521' title='bbox 303 5515 324 5578; x_wconf 82' lang='lat'>¹)</span> <span class='ocrx_word' id='word_1_522' title='bbox 343 5513 485 5565; x_wconf 83' lang='lat' dir='ltr'>volnissent</span> <span class='ocrx_word' id='word_1_523' title='bbox 497 5513 582 5582; x_wconf 78' lang='lat' dir='ltr'>Repu.</span> <span class='ocrx_word' id='word_1_524' title='bbox 601 5523 623 5566; x_wconf 82' lang='lat' dir='ltr'>ct</span> <span class='ocrx_word' id='word_1_525' title='bbox 642 5515 730 5578; x_wconf 86' lang='lat' dir='ltr'>H.B.,·</span> <span class='ocrx_word' id='word_1_526' title='bbox 748 5519 781 5584; x_wconf 87' lang='lat' dir='ltr'>cs.</span> <span class='ocrx_word' id='word_1_527' title='bbox 799 5534 843 5583; x_wconf 64' lang='lat' dir='ltr'>cp,</span> <span class='ocrx_word' id='word_1_528' title='bbox 858 5535 883 5567; x_wconf 83' lang='lat' dir='ltr'>a.</span> <span class='ocrx_word' id='word_1_529' title='bbox 905 5521 981 5580; x_wconf 80' lang='lat'>1239,</span> <span class='ocrx_word' id='word_1_530' title='bbox 999 5515 1051 5568; x_wconf 83' lang='lat' dir='ltr'>Iul.</span> <span class='ocrx_word' id='word_1_531' title='bbox 1071 5523 1099 5568; x_wconf 90' lang='lat'>1:</span> <span class='ocrx_word' id='word_1_532' title='bbox 1117 5517 1214 5568; x_wconf 83' lang='lat' dir='ltr'>nuntiis</span> <span class='ocrx_word' id='word_1_533' title='bbox 1232 5517 1288 5568; x_wconf 88' lang='lat' dir='ltr'>eins</span> <span class='ocrx_word' id='word_1_534' title='bbox 1306 5519 1434 5585; x_wconf 87' lang='lat' dir='ltr'>incaptum</span> <span class='ocrx_word' id='word_1_535' title='bbox 1452 5516 1576 5567; x_wconf 88' lang='lat' dir='ltr'>iudicium</span> <span class='ocrx_word' id='word_1_536' title='bbox 1594 5515 1772 5566; x_wconf 81' lang='lat' dir='ltr'>recusantibus</span> <span class='ocrx_word' id='word_1_537' title='bbox 1789 5531 1844 5582; x_wconf 88' lang='lat' dir='ltr'>pro·</span> 
     </span>
    </p>

    <p class='ocr_par' dir='ltr' id='par_1_10' title="bbox 202 5600 1847 5670">
     <span class='ocr_line' id='line_1_50' title="bbox 202 5600 1847 5670; baseline 0 -18"><span class='ocrx_word' id='word_1_538' title='bbox 202 5601 282 5666; x_wconf 85' lang='lat' dir='ltr'>sequi.</span> <span class='ocrx_word' id='word_1_539' title='bbox 352 5600 375 5662; x_wconf 67' lang='lat' dir='ltr'>b)</span> <span class='ocrx_word' id='word_1_540' title='bbox 393 5601 483 5652; x_wconf 85' lang='lat' dir='ltr'>littoris</span> <span class='ocrx_word' id='word_1_541' title='bbox 501 5601 723 5670; x_wconf 63' lang='lat' dir='ltr'>&amp;salonitana</span> <span class='ocrx_word' id='word_1_542' title='bbox 810 5607 831 5668; x_wconf 69' lang='grc' dir='ltr'>ο)</span> <span class='ocrx_word' id='word_1_543' title='bbox 851 5603 923 5656; x_wconf 59' lang='lat'><em>1113.</em></span> <span class='ocrx_word' id='word_1_544' title='bbox 930 5623 938 5664; x_wconf 90' lang='grc'>,·</span> <span class='ocrx_word' id='word_1_545' title='bbox 955 5613 1101 5669; x_wconf 88' lang='lat' dir='ltr'>retorquere</span> <span class='ocrx_word' id='word_1_546' title='bbox 1112 5603 1196 5670; x_wconf 70' lang='lat' dir='ltr'>Rapa.</span> <span class='ocrx_word' id='word_1_547' title='bbox 1278 5601 1302 5668; x_wconf 68' lang='grc'>11)</span> <span class='ocrx_word' id='word_1_548' title='bbox 1322 5603 1411 5664; x_wconf 82' lang='grc' dir='ltr'><em>Η.Β.,·</em></span> <span class='ocrx_word' id='word_1_549' title='bbox 1428 5603 1476 5654; x_wconf 80' lang='lat' dir='ltr'>iate</span> <span class='ocrx_word' id='word_1_550' title='bbox 1493 5601 1578 5668; x_wconf 81' lang='lat' dir='ltr'>Royn.</span> <span class='ocrx_word' id='word_1_551' title='bbox 1657 5601 1678 5666; x_wconf 85' lang='lat'>·)</span> <span class='ocrx_word' id='word_1_552' title='bbox 1695 5601 1847 5669; x_wconf 84' lang='lat' dir='ltr'>preveniens</span> 
     </span>
    </p>

    <p class='ocr_par' dir='ltr' id='par_1_11' title="bbox 203 5683 1848 5834">
     <span class='ocr_line' id='line_1_51' title="bbox 203 5683 1848 5757; baseline 0.001 -19"><span class='ocrx_word' id='word_1_553' title='bbox 203 5687 288 5756; x_wconf 77' lang='lat' dir='ltr'>Iinyn.</span> <span class='ocrx_word' id='word_1_554' title='bbox 365 5683 383 5752; x_wconf 70' lang='lat' dir='ltr'>‘l</span> <span class='ocrx_word' id='word_1_555' title='bbox 403 5687 485 5749; x_wconf 49' lang='lat' dir='ltr'>Inte</span> <span class='ocrx_word' id='word_1_556' title='bbox 502 5690 665 5741; x_wconf 79' lang='lat' dir='ltr'>&#39;lamacensis</span> <span class='ocrx_word' id='word_1_557' title='bbox 683 5690 767 5756; x_wconf 70' lang='lat' dir='ltr'>Roma</span> <span class='ocrx_word' id='word_1_558' title='bbox 814 5689 838 5754; x_wconf 65' lang='grc' dir='ltr'>Ι)</span> <span class='ocrx_word' id='word_1_559' title='bbox 859 5691 943 5757; x_wconf 71' lang='lat' dir='ltr'>Rapo.</span> <span class='ocrx_word' id='word_1_560' title='bbox 962 5700 985 5740; x_wconf 86' lang='lat' dir='ltr'>et</span> <span class='ocrx_word' id='word_1_561' title='bbox 1004 5689 1088 5750; x_wconf 46' lang='lat' dir='ltr'>Imm·</span> <span class='ocrx_word' id='word_1_562' title='bbox 1106 5691 1176 5740; x_wconf 73' lang='lat' dir='ltr'>locres</span> <span class='ocrx_word' id='word_1_563' title='bbox 1194 5689 1307 5753; x_wconf 73' lang='lat' dir='ltr'>cardiles,</span> <span class='ocrx_word' id='word_1_564' title='bbox 1325 5699 1352 5740; x_wconf 83' lang='lat' dir='ltr'>nt</span> <span class='ocrx_word' id='word_1_565' title='bbox 1369 5689 1477 5750; x_wconf 67' lang='lat' dir='ltr'>siricam</span> <span class='ocrx_word' id='word_1_566' title='bbox 1493 5690 1620 5754; x_wconf 78' lang='lat' dir='ltr'>sortasse:</span> <span class='ocrx_word' id='word_1_567' title='bbox 1639 5705 1716 5754; x_wconf 79' lang='lat' dir='ltr'>quam</span> <span class='ocrx_word' id='word_1_568' title='bbox 1735 5689 1848 5754; x_wconf 86' lang='lat' dir='ltr'>indigne.</span> 
     </span>
     <span class='ocr_line' id='line_1_52' title="bbox 1591 5781 1643 5834; baseline -0.038 0"><span class='ocrx_word' id='word_1_569' title='bbox 1591 5781 1643 5834; x_wconf 73' lang='lat' dir='ltr'>te·</span> 
     </span>
    </p>
   </div>
   <div class='ocr_carea' id='block_1_7' title="bbox 0 0 2300 6357">
    <p class='ocr_par' dir='ltr' id='par_1_12' title="bbox 0 0 2300 6357">
     <span class='ocr_line' id='line_1_53' title="bbox 0 0 2300 6357; baseline 0 0"><span class='ocrx_word' id='word_1_570' title='bbox 0 0 2300 6357; x_wconf 95' lang='lat' dir='ltr'> </span> 
     </span>
    </p>
   </div>
  </div>
 </body>
</html>
