4538 6426
423 403 446 456 Χ
1142 401 1357 455 PRAEFATIO.

424 623 490 672 nou
515 623 649 690 semper
676 605 836 671 66666616
862 600 1034 690 discernit,
1062 599 1216 690 encrrudn
1243 597 1307 670 illa
1334 624 1375 672 66
1391 600 1548 690 Reaestr's
1567 599 1759 672 Innocenlii
1777 598 1803 669 I
1806 597 1840 670 V
1861 606 1892 670 et
1912 597 2077 690 posterib-

422 745 500 794 rum
529 743 710 812 paparum
750 727 780 791 et
816 744 858 791 en
891 721 1081 794 chartaceis
1121 745 1208 792 saec.
1232 720 1339 809 XIV,
1375 723 1416 794 de
1462 713 1596 813 quibus
1610 745 1649 813 p.
1677 723 1742 810 34,
1769 723 1881 822 noll
1918 720 2079 811 loqrritar,

421 842 616 934 sumpsisse,
644 864 732 932 quoe
755 842 802 911 ad
824 847 980 934 tempora
1001 841 1151 912 Honorii
1174 840 1250 911 III
1273 848 1304 912 et
1333 841 1496 932 Grcaorii
1519 842 1581 912 IX
1606 844 1844 914 auctoritatem
1867 841 1992 913 habere
2009 863 2080 911 non

417 968 574 1056 possunt,
596 963 803 1061 praesertim
829 985 906 1034 cum
932 963 994 1034 sub
1021 961 1219 1034 Innocentio
1241 961 1270 1031 I
1273 961 1306 1032 V
1318 965 1613 1037 commutationem
1640 963 1796 1055 aliquam
1822 965 1860 1033 in
1879 961 2079 1054 priuilepiis

421 1087 651 1178 reaistrandis
676 1085 807 1174 facturr
835 1107 907 1158 csse
934 1085 1154 1175 manifestum
1180 1086 1231 1157 sit.
1295 1089 1393 1177 Quod
1419 1091 1450 1159 si
1482 1087 1584 1159 etiarn
1610 1089 1649 1160 in
1675 1085 1823 1176 Repestu
1841 1083 1996 1154 Honorii
2014 1075 2084 1151 III

422 1213 453 1279 et
479 1205 639 1297 Greporii
662 1205 723 1277 IX
745 1205 965 1298 priuilepium
992 1206 1201 1310 aliquodeu
1228 1209 1421 1281 authentico
1450 1208 1598 1281 relatum
1625 1213 1684 1298 est,
1706 1245 1758 1256 —
1779 1207 1818 1277 id
1840 1205 1930 1296 quod
1949 1201 2079 1295 simpli·

422 1326 505 1398 cr‘ter
523 1348 649 1416 nepare
674 1324 844 1415 nolumus,
870 1327 952 1417 puio
971 1326 1120 1417 Repcsr‘a
1144 1330 1224 1420 ipsa
1243 1351 1315 1400 non
1335 1328 1491 1419 triclinius,
1514 1368 1565 1378 -
1589 1334 1660 1400 tum
1687 1351 1709 1396 6
1735 1324 1856 1417 reputa
1883 1324 2080 1397 aberratum

422 1468 493 1518 esse
519 1445 784 1519 contendimus¹.

542 1563 630 1639 Onm
656 1567 818 1658 epistolae
847 1567 1089 1658 Repesloruur,
1118 1572 1245 1659 paucis
1281 1570 1446 1661 acceptis,
1472 1573 1562 1641 notis
1589 1569 1837 1659 chronolopicis
1863 1565 2082 1657 consipnatac
2145 1627 2146 1630 ,

273 1666 333 1700 ”⁰⁰
374 1665 400 1698 α’
422 1690 506 1777 siah
543 1710 600 1759 eos
635 1687 758 1760 litteris
784 1690 910 1759 notatis
938 1689 1131 1779 adscriptas
1157 1711 1228 1761 esse
1256 1697 1400 1781 oportet,
1434 1693 1474 1762 id
1501 1693 1608 1783 quod,
1646 1689 1784 1761 adscitis
1811 1688 1894 1759 aliis
1921 1709 2008 1777 6666
2035 1685 2082 1756 ad

422 1807 565 1880 nudem
590 1830 664 1894 rem
684 1811 870 1902 pertinent,
897 1815 935 1880 ut
961 1810 1126 1900 temporis
1152 1819 1365 1902 momentum,
1392 1814 1485 1904 quod
1508 1818 1591 1884 nota
1615 1809 1853 1902 chronolopica
1872 1809 2081 1898 desipnatnr,

424 1929 533 2002 orbus
559 1927 838 2003 cirannscribere
869 1933 1057 2022 possimus,
1085 1931 1202 2021 efficit
1256 1932 1393 2005 Accidit
1419 1933 1524 2021 enim,
1552 1939 1590 2004 ut
1611 1955 1711 2025 papa
1735 1934 1774 2003 in
1801 1929 1913 2004 altem
1938 1927 2081 2020 epistola

424 2053 569 2125 rrltcram
597 2055 928 2144 connumerarent,
966 2054 1064 2125 cuius
1099 2061 1180 2124 notu
1213 2055 1449 2146 chronolopica
1483 2055 1573 2126 diem
1600 2055 1826 2144 posteriorem
1851 2051 2004 2121 indicat:
2033 2049 2083 2120 sic

425 2171 711 2266 61235866.
739 2177 801 2263 23,
828 2199 861 2246 6.
890 2175 974 2262 658,
1005 2175 1195 2264 Greoorins
1219 2173 1280 2244 IX
1299 2198 1399 2266 papa
1425 2177 1631 2267 imperatori
1662 2174 1818 2264 scripsit:
1859 2169 2004 2242 nobiles
2035 2169 2082 2240 dc

423 2294 649 2369 Lambardis
683 2295 852 2387 partibus
885 2296 1067 2369 oriundos
1094 2299 1130 2369 el
1158 2295 1378 2386 magistrum
1405 2295 1559 2369 Petrum
1589 2295 1635 2368 ad
1664 2291 1942 2366 Antiochenam
1970 2289 2081 2381 palri-

424 2415 577 2492 666666
605 2421 642 2491 et
667 2421 833 2490 rectores
870 2416 1058 2491 societatis
1084 2417 1308 2490 Lambardis
1345 2417 1522 2490 duximus
1560 2415 1824 2502 destinandos,
1859 2412 2083 2486 mandantes

425 2535 566 2610 eisdem
593 2543 672 2627 eta,
706 2546 737 2612 ct
764 2545 954 2630 seponantur
981 2540 1170 2626 marulata;
1205 2537 1370 2630 epistolae
1400 2543 1513 2610 antem
1548 2540 1596 2609 ad
1623 2538 1754 2609 eosdem
1781 2534 2020 2622 transmissae,
2046 2532 2084 2603 in

425 2659 550 2750 quibus
575 2659 658 2730 6666
685 2661 850 2731 mandata
875 2663 1100 2750 continentur,
1128 2657 1219 2750 Sept.
1235 2660 1286 2728 26
1301 2659 1404 2728 datae
1425 2664 1514 2748 sunt,
1541 2682 1574 2728 n.
1589 2659 1705 2730 661et
1728 2659 1803 2728 662
1810 2681 1822 2744 ;
1850 2652 1911 2726 sub
1925 2678 1957 2726 a.
1972 2653 2083 2740 1235,

424 2780 528 2852 Febr.
553 2781 600 2850 13
627 2780 730 2851 Petro
756 2782 797 2852 de
820 2777 1024 2854 Collernedio
1052 2779 1196 2852 litteras
1222 2777 1299 2870 regi
1322 2776 1501 2852 Francius
1524 2779 1686 2852 directos
1708 2779 1811 2865 misit,
1839 2799 1926 2868 quae
1951 2773 2084 2845 litterae

426 2900 529 2972 Febr.
545 2903 592 2972 14
611 2901 830 2992 subsipnotae
857 2908 947 2990 sant,
974 2925 1007 2972 n.
1027 2903 1113 2990 624,
1140 2902 1226 2990 625,
1253 2904 1328 2973 626
1335 2927 1348 2990 ,·
1376 2903 1421 2992 cf.
1447 2925 1479 2973 a.
1501 2901 1611 2992 1235,
1640 2898 1709 2971 Iul.
1728 2903 1779 2971 26
1806 2906 1837 2971 et
1864 2899 1921 2987 31,
1947 2919 1981 2966 n.
2000 2896 2085 2973 647,

426 3023 453 3093 I
476 3029 507 3094 et
530 3023 580 3094 ΙΙ
582 3046 595 3109 ;
622 3046 654 3094 a.
675 3023 786 3111 1235,
813 3023 902 3114 Arrp.
922 3025 956 3112 4,
984 3025 1009 3092 8
1036 3028 1067 3094 et
1093 3023 1144 3112 11,
1171 3045 1205 3094 n.
1228 3023 1314 3112 652,
1341 3024 1414 3094 653
1441 3030 1472 3096 et
1495 3023 1567 3094 654
1578 3046 1590 3109 ;
1619 3046 1651 3093 6.
1674 3021 1774 3092 1236
1795 3019 1883 3110 Aap.
1911 3020 1958 3090 17
1977 3021 2084 3104 6119,

425 3167 458 3214 6.
481 3144 552 3215 695
579 3146 719 3232 a699;
747 3168 779 3216 a.
794 3145 892 3215 1246
911 3143 1041 3214 Nous
1069 3149 1099 3215 et
1126 3147 1159 3234 6,
1186 3167 1219 3215 n.
1243 3146 1329 3236 787,
1355 3146 1434 3216 Iet
1460 3145 1522 3231 ΙΙ;
1548 3167 1578 3215 u.
1594 3144 1699 3215 etiarn
1724 3144 1762 3213 in
1788 3165 1821 3212 n.
1838 3142 1911 3211 304
1930 3140 2086 3230 primum

426 3264 606 3356 epistolam
634 3271 665 3336 ct
696 3288 787 3355 666,
821 3287 909 3356 qnae
936 3264 1062 3355 positis
1088 3271 1223 3336 tantum
1248 3267 1359 3338 verbis
1391 3266 1434 3338 In
1463 3265 1625 3338 eundem
1653 3263 1809 3335 modum
1836 3260 2000 3332 ruliaucta
2026 3265 2085 3330 est.

427 3385 566 3458 Erebis
592 3385 701 3458 elucet
735 3387 835 3457 binas
861 3392 1051 3478 temporina
1082 3393 1183 3459 notas
1217 3388 1465 3460 discernendus
1496 3411 1584 3479 esse,
1611 3386 1774 3473 alteram,
1809 3409 1880 3477 qua
1905 3382 2087 3455 consiliam

427 3506 568 3598 capitur
597 3512 629 3578 et
663 3506 925 3578 instrumentum
958 3507 1010 3580 ael
1044 3508 1271 3581 instrumenta
1300 3511 1420 3600 66666·
1447 3509 1623 3597 iubentur,
1652 3507 1815 3595 alterum,
1850 3529 1920 3597 666
1955 3504 2087 3575 litterae

427 3631 563 3698 notatae
602 3649 625 3696 a
663 3650 763 3719 papa
801 3628 1074 3718 comprobantur.
1145 3630 1245 3717 erod
1278 3630 1328 3718 si,
1365 3637 1403 3702 nt
1438 3631 1562 3722 plnres
1598 3630 1640 3701 de
1675 3629 1796 3700 eadem
1840 3650 1878 3699 rc
1926 3624 2087 3718 epistolae

428 3747 673 3836 scriberentur,
699 3749 901 3820 mandatnm
928 3755 1021 3840 666,
1049 3749 1285 3840 abbreviator,
1313 3774 1390 3823 666
1417 3751 1550 3824 litteras
1577 3755 1714 3822 notatas
1740 3754 1917 3838 enararet,
1943 3750 1981 3818 in
2008 3745 2089 3818 aliis

428 3869 518 3942 alias
543 3891 644 3960 saepe
672 3867 818 3941 laudare
843 3870 960 3942 debuit
967 3894 979 3958 ;
1012 3892 1128 3942 omncs
1161 3877 1274 3942 6666
1307 3872 1421 3944 eodem
1448 3878 1600 3963 tenpore
1626 3893 1742 3943 corma
1761 3891 1862 3962 papa
1888 3868 1990 3940 lectas
2017 3887 2089 3938 esse

427 4013 560 4064 measse
585 4011 657 4062 non
685 3995 749 4079 est,
784 3989 837 4062 ool
871 3990 901 4064 si
931 3990 1036 4062 simul
1071 3990 1284 4082 tepebantnr,
1322 3992 1463 4084 aliquae
1489 4015 1631 4080 earum,
1658 3997 1697 4063 ut
1723 4012 1834 4081 snpra
1860 3990 2087 4079 seposuimus,

427 4111 510 4184 reici
531 4117 704 4203 poterant.
757 4109 797 4182 st
832 4133 911 4201 erqo
946 4135 983 4183 eo
1017 4112 1090 4200 dic,
1126 4135 1193 4203 quo
1229 4119 1328 4185 tenor
1363 4114 1527 4206 epistolae
1557 4137 1579 4184 a
1609 4135 1710 4206 popa
1746 4110 1960 4204 approbatus
1992 4114 2087 4196 esset,

428 4237 544 4304 notam
586 4232 864 4323 chronolopicam
897 4234 1115 4325 adscriptam
1153 4234 1263 4323 fuisse
1290 4236 1471 4327 ponimns,
1515 4273 1566 4284 -·
1607 4256 1752 4327 quocum
1788 4231 1962 4320 conuenit,
1999 4229 2089 4321 qnod

429 4353 541 4424 66166
569 4358 601 4424 6
626 4355 665 4424 in
691 4353 814 4424 litteris
839 4359 872 4424 et
902 4356 940 4426 in
967 4353 1167 4446 priuilepiis
1194 4356 1347 4428 Honorii
1369 4357 1441 4430 ΙΙΙ
1461 4365 1493 4429 et
1522 4355 1682 4448 Greporii
1704 4353 1766 4426 IX
1789 4374 1923 4444 semper
1950 4349 2088 4422 uerbum

430 4472 577 4562 Datum,
603 4495 782 4564 nunqrrmn
806 4475 946 4546 verbnm
975 4473 1111 4548 Actum
1133 4479 1383 4568 praemittitur,
1410 4517 1462 4528 --
1489 4478 1576 4551 nihil
1601 4477 1731 4568 nepotii
1758 4478 1919 4565 superest.

284 4613 397 4695 666
551 4591 640 4666 Plus
667 4593 889 4684 difficultatis
915 4595 1049 4668 litterae
1077 4597 1265 4689 encyclicae
1300 4598 1464 4689 afferrent.
1517 4600 1700 4672 Interdum
1733 4595 1825 4668 enim
1857 4592 2089 4664 authenticam

270 4683 419 4749 unorum
432 4714 584 4787 alicuius
611 4736 731 4786 earum
760 4714 1003 4808 epistolarum,
1040 4740 1127 4809 quae
1160 4719 1207 4788 ad
1244 4718 1372 4790 calcem
1405 4719 1549 4792 obierim
1583 4720 1645 4793 snb
1672 4718 1714 4790 In
1743 4714 1906 4789 eundem
1933 4711 2089 4784 modum

432 4834 613 4907 6666666
639 4841 738 4924 sant,
775 4837 838 4908 etsi
872 4836 982 4908 6666
1016 4860 1093 4909 cum
1113 4837 1234 4930 priore
1261 4841 1401 4911 omnino
1438 4840 1619 4913 concorda
1626 4895 1636 4930 ,
1666 4845 1785 4912 notam
1815 4834 2091 4926 chronohrpr’carn

433 4955 647 5046 differentem
673 4955 792 5029 habet:
815 4981 854 5048 p.
878 4958 966 5048 428,
993 4963 1060 5029 66.
1086 4960 1112 5028 4
1121 4984 1134 5045 ;
1158 4984 1195 5051 p.
1220 4960 1300 5049 669,
1326 4966 1394 5032 not.
1421 4963 1464 5050 3;
1486 4984 1525 5053 p.
1552 4962 1635 5052 639,
1660 4967 1729 5033 not.
1750 4963 1774 5031 3
1783 4985 1796 5048 ;
1820 4985 1857 5052 p.
1876 4958 1949 5029 654
1969 4961 2038 5027 not.
2056 4957 2088 5026 1.

431 5075 490 5150 Ao
518 5077 610 5167 arrad
635 5076 893 5168 esplanandum
922 5077 995 5150 alia
1017 5079 1226 5171 adhibemus,
1250 5103 1338 5171 quae
1365 5084 1483 5154 curiae
1505 5105 1606 5154 assem
1630 5082 1840 5172 nepoliorum
1860 5077 2090 5170 pereudorrmr

431 5197 618 5270 illustrant.
670 5196 819 5270 Litteris
845 5199 1025 5291 encyclicis
1057 5201 1208 5289 6397,
1236 5201 1275 5271 in
1302 5201 1451 5293 Repesta
1486 5203 1548 5274 sub
1575 5201 1797 5295 inscriptione
1826 5197 1912 5273 duci
1939 5195 2091 5270 Ausum

539 5405 615 5412 -—-=-·
623 5405 875 5413 ---—--—.—.-
1076 5407 1360 5414 -—-.-.—..-.-—.—
1370 5409 1640 5416 -—-———--—-.-.-...-
1653 5409 1926 5417 ——..—-—-—--—-..--
1938 5407 1945 5412 ν
1959 5406 1980 5411 ·-

537 5555 563 5622 1)
582 5553 678 5624 Nuper
697 5553 730 5607 P.
751 5554 850 5608 Euam
871 5561 958 5610 nostor
983 5558 1013 5610 in
1036 5557 1107 5610 Hist.
1132 5556 1377 5625 Uritersuchunpen,
1403 5557 1509 5611 Amnld
1527 5559 1636 5625 Sdidfer
1661 5578 1682 5615 e.
1707 5560 1870 5630 25jr'ihri9en
1886 5559 2026 5615 labilium
2047 5560 2090 5609 etc.

428 5657 456 5792 g.
476 5645 671 5780 ἐῗξὲἇίξωῗὲζ
686 5639 776 5795 gange
785 5639 936 5709 16696666
956 5641 1075 5712 Greporii
1100 5642 1163 5696 VII
1177 5657 1210 5696 ea
1226 5643 1416 5711 cumpluribus
1433 5645 1609 5716 wnscriptnm
1627 5663 1678 5702 osse
1694 5646 1893 5716 damnarant,-
1911 5663 1932 5700 n.
1951 5645 1982 5698 in
1995 5641 2092 5714 prioris
