4576 6390
751 401 951 456 EPIS'POLAE
968 401 1158 457 SELECTAR
1190 402 1267 457 1233.
1779 407 1839 470 431

185 577 290 650 retur,
322 576 497 657 utrumque
527 572 560 635 in
589 573 812 658 patriarchatu
836 597 895 640 suo
918 576 1084 661 legatione
1107 575 1334 641 mandavimus
1363 598 1438 642 csse
1469 582 1675 657 contentum,
1705 598 1842 663 regnum

186 673 303 760 Cypri,
327 682 483 760 quantum
507 675 548 738 ad
570 675 648 756 hcc,
672 677 713 741 ab
736 679 892 743 utrolibet
914 680 1109 745 eximentes.
1156 680 1316 752 Quocirca
1338 678 1546 760 mandamus,
1570 680 1740 764 quatinus,
1771 681 1841 746 sive

186 776 228 841 ad
251 783 284 842 tc
307 779 495 864 pervenerit
518 779 587 844 siva
611 801 677 844 non
705 780 894 847 mandatum
923 781 1123 869 predictum,
1155 784 1189 846 in
1214 784 1415 870 patriareatu
1441 790 1497 848 tuo
1525 783 1703 868 legationis
1734 785 1840 849 officio

188 886 360 944 contentus
384 882 519 946 existas.

124 1042 136 1081 5
297 998 373 1066 Dat.
396 999 550 1065 Lateran.
575 1009 690 1086 quarto
713 1003 792 1068 Idus
815 1002 912 1086 Iunii,
936 1026 1020 1069 anno
1044 1007 1196 1092 septimo.

808 1234 1219 1242 -—-—-——..—...-.—.-.-

972 1440 1057 1513 535.
1170 1441 1171 1446 ’

222 1529 232 1546 =
295 1549 486 1661 Gronovius
508 1581 564 1646 IX
584 1602 673 1662 popo
697 1580 854 1660 praetatis
874 1580 1009 1660 aliisque
1027 1599 1086 1660 per
1107 1579 1263 1643 nviteina
1283 1582 1312 1642 et
1333 1578 1477 1644 diocesim
1495 1582 1706 1648 Coloniensem
1727 1585 1840 1648 conni-

187 1685 263 1747 tntis
283 1683 426 1762 modat,
455 1688 491 1747 nt
512 1682 699 1768 [Goswino]
720 1683 836 1747 decano
861 1682 1038 1748 Coloniensi
1059 1702 1121 1762 pro
1144 1682 1289 1762 expensis
1317 1681 1354 1744 in
1381 1683 1584 1764 inquisitione
1606 1690 1715 1751 contro
1735 1686 1841 1772 [Hen-

186 1786 305 1872 ricnm]
326 1785 590 1867 archiepiscopum
607 1785 707 1871 factis
733 1805 830 1867 iisqne
855 1784 899 1848 od
926 1788 1078 1847 trecentos
1104 1803 1228 1848 marcas
1250 1785 1470 1870 sterlinqornm
1492 1787 1667 1852 subsidium
1688 1788 1839 1854 tribuant.

111 1947 136 1985 ιο
293 1920 374 1991 orep.
394 1921 443 1974 rx
459 1921 529 1992 aeq.
553 1921 609 1975 νοι.
627 1921 681 1988 ιι,
701 1927 748 1988 51;
766 1920 829 1976 nro.
851 1919 920 1986 Vn,
937 1923 998 1972 ror.
1487 1876 1581 1953 1233,
1604 1874 1679 1941 lnn.
1702 1879 1753 1939 10·

186 2119 418 2194 Universis
435 2117 637 2210 prelatis,
657 2117 881 2209 capitulis,
901 2115 1198 2190 conventibus
1217 2121 1257 2190 et
1275 2118 1530 2190 rectoribus
1554 2120 1840 2195 eeclesiarum

373 2260 450 2332 per
476 2239 704 2312 civitatem
731 2243 774 2311 et
801 2237 1017 2311 diocesim
1044 2235 1357 2310 Coloniensem
1384 2239 1655 2314 constitutis.

296 2388 378 2453 Cum
402 2387 540 2454 dilectus
569 2387 655 2453 filius
680 2436 687 2451 .
711 2435 719 2451 .
742 2386 888 2452 decanus
912 2385 1121 2450 Coloniensis
1151 2384 1185 2448 in
1207 2386 1438 2472 prosecutione
1466 2390 1591 2474 negotii
1618 2391 1839 2476 inquisitionis

188 2499 302 2558 contra
324 2492 547 2558 venerabilem
578 2491 712 2557 fratrem
739 2497 887 2556 nostrum
912 2538 919 2553 .
944 2537 951 2552 .
976 2487 1207 2553 coloniensem
1238 2488 1522 2577 arehiepiscopum
1551 2492 1637 2559 facte
1666 2495 1770 2558 multa
1787 2476 1839 2560 'de

111 2635 135 2672 a
189 2597 256 2661 suis
281 2595 477 2682 expandisse
501 2595 644 2674 dicatur,
666 2593 917 2659 universitatem
939 2599 1083 2658 vestram
1106 2613 1269 2678 rogamus,
1292 2613 1463 2658 monemus
1486 2601 1521 2660 et
1541 2595 1710 2661 hortamur
1731 2604 1839 2664 atten-

187 2701 266 2781 tius,
295 2721 354 2787 per
383 2699 564 2785 apostolica
586 2698 681 2763 vobis
708 2698 831 2785 scripta
860 2694 1072 2783 precipiendo
1100 2696 1312 2780 mandantes,
1344 2697 1496 2783 quatinus
1526 2697 1634 2766 eidem
1657 2698 1781 2766 decano
1805 2701 1839 2766 in

186 2802 343 2888 expensis
378 2801 565 2867 huiusmodi
597 2822 701 2886 usque
735 2799 777 2865 ad
810 2804 975 2864 trecentas
1009 2818 1136 2862 marcas
1171 2799 1425 2884 sterlinguorum
1458 2801 1642 2868 subsidium
1675 2804 1837 2869 tribuatis.

185 2905 343 2991 Alioquin
370 2905 484 2969 damus
513 2904 644 2969 dilectis
673 2905 748 2970 filiis
777 2903 943 2988 magistris
971 2901 1016 2966 H.
1046 2900 1158 2966 Sancti
1192 2900 1352 2968 Gereonis
1385 2903 1593 2970 coloniensis
1623 2913 1656 2972 et
1684 2905 1719 2971 S.
1746 2906 1839 2972 Xan-

187 3009 274 3074 tensi
298 3007 504 3073 coloniensis
528 3006 670 3072 diocesis
693 3007 875 3072 scolasticis
899 3011 933 3071 et
955 3004 1107 3070 Hertlivo
1131 3006 1287 3070 canonico
1312 3005 1424 3072 Sancti
1447 3007 1609 3074 Gereonis
1632 3007 1839 3076 Coloniensis

109 3145 136 3184 20
187 3112 308 3176 nostris
339 3111 459 3176 litteris
488 3111 523 3174 in
555 3109 737 3191 mandatis,
771 3116 808 3174 ut
829 3130 889 3174 vos
917 3108 958 3173 ad
985 3108 1019 3172 id
1048 3129 1108 3194 per
1135 3129 1307 3174 censuram
1337 3111 1596 3177 ecclesiasticam
1618 3114 1840 3201 appellatione

187 3221 312 3280 remota
335 3213 543 3300 compellant.

293 3333 370 3399 Dat.
392 3334 546 3399 Lateran.
570 3333 620 3398 IV
641 3333 721 3399 Idus
744 3333 841 3415 Iunii,
863 3354 948 3398 anno
972 3333 1123 3419 septimo.

294 3455 334 3519 In
358 3453 498 3520 eundem
521 3455 590 3520 fere
614 3453 746 3518 modum
769 3453 993 3539 scriptumest
1010 3452 1136 3518 eisdem
1157 3452 1321 3519 iudicibus
1340 3475 1459 3539 usquc:
1482 3455 1704 3542 impendant⁸.
1750 3456 1839 3529 Quo·

187 3559 274 3623 circa
296 3556 498 3639 mandamus,
522 3557 674 3644 quatinus
691 3558 720 3621 si
735 3554 924 3620 mandatum
939 3561 1086 3620 nostrum
1102 3556 1166 3642 ipsi
1181 3556 1390 3641 neglexerint
1405 3554 1597 3643 adimplere,
1617 3579 1674 3623 vos
1692 3559 1839 3643 singulos

110 3694 136 3733 cs
188 3663 282 3728 iuxta
296 3663 469 3728 facultates
485 3662 634 3748 proprias
657 3660 699 3725 ad
722 3659 755 3725 id
777 3682 838 3747 per
856 3681 1028 3725 censuram
1047 3661 1305 3726 ecclesiasticam
1321 3660 1544 3748 appellatione
1560 3667 1686 3726 remota
1702 3661 1839 3746 cogatis.

187 3764 282 3837 Quod
304 3767 333 3830 si
355 3787 420 3830 non
440 3786 556 3830 omnes
579 3771 643 3831 ctc.

294 3885 382 3951 Data
403 3892 440 3950 ut
462 3907 569 3972 supra.

808 3958 1220 3966 ·--—--————————

966 4199 1053 4272 536.

296 4308 486 4421 Grcqorins
497 4337 553 4404 IX
560 4357 651 4419 pepo
665 4336 831 4424 Hanni]
844 4339 993 4404 Rerrrcmi
1007 4343 1037 4404 et
1049 4338 1226 4425 Heliconi]
1239 4337 1347 4403 Borci
1365 4335 1595 4404 Gataioanensi
1608 4337 1839 4405 archidiaconis

188 4447 217 4507 ot
234 4444 274 4509 G.
290 4443 375 4508 Goin
390 4443 538 4507 canonico
552 4441 700 4506 chnnsi
718 4442 858 4520 mandat,
881 4445 917 4506 nt
937 4443 966 4506 si
982 4443 1242 4524 prosequentibus
1257 4442 1491 4522 inquisitionem
1505 4444 1616 4505 contra
1630 4441 1840 4528 [Hominem]

74 4537 77 4542 ¹
112 4571 138 4613 so
189 4546 452 4627 archiepiscopum
471 4545 682 4612 Coloniensem
701 4545 812 4626 alique
827 4547 1153 4612 excommunicationis
1171 4545 1326 4612 sententio
1347 4544 1461 4609 obiecta
1479 4542 1591 4629 faerit,
1612 4565 1681 4609 eum
1698 4545 1839 4610 costinis

187 4655 309 4733 recepto
330 4651 483 4715 relaxent.
1485 4650 1579 4726 1233,
1603 4647 1677 4712 Inn.
1700 4653 1752 4713 11.

292 4767 374 4840 Grec.
392 4769 442 4824 IX
459 4768 527 4836 Res.
546 4767 608 4822 Lib.
629 4766 698 4835 VII,
715 4771 778 4822 170.

190 4963 396 5056 Magistro
429 4962 475 5034 H.
510 4962 717 5036 Remensi
753 4966 793 5035 at
823 4961 849 5034 I.
876 4961 1009 5036 Barat
1041 4957 1394 5038 cathalaunensi
1429 4957 1763 5034 archidiaconis
1798 4965 1839 5034 et

682 5080 725 5154 G.
752 5080 863 5155 Goin
890 5082 1103 5155 canonico
1131 5078 1348 5153 Remensi.

111 5269 137 5311 3,
298 5230 381 5296 (lum
403 5215 623 5317 inquisitionis
645 5231 815 5316 negotium
838 5237 952 5295 contra
975 5228 1198 5294 venerabilem
1221 5227 1356 5292 fratrem
1377 5233 1525 5314 nostrum
1548 5274 1582 5291 ..
1607 5226 1838 5294 Coloniensem

190 5334 473 5421 archiepiscopum
502 5333 588 5398 facte
610 5333 704 5398 vobis
732 5333 773 5398 de
803 5333 939 5397 fratrum
967 5339 1151 5398 nostrorum
1185 5329 1322 5394 consilio
1352 5326 1543 5394 duxerimus
1573 5329 1807 5396 comittendum
1817 5332 1838 5413 ¹,

298 5561 320 5624 ¹)
339 5561 391 5612 scil.
411 5560 454 5612 ott
470 5560 499 5611 in
512 5561 602 5626 primo
621 5561 727 5626 lepino:
743 5559 888 5612 subsidium
905 5559 1029 5616 mamus.

293 5697 319 5780 l)
339 5697 382 5782 Os.
400 5711 427 5750 n.
447 5699 508 5765 529,
