<?xml version="1.0" encoding="UTF-8"?>
<!DOCTYPE html PUBLIC "-//W3C//DTD XHTML 1.0 Transitional//EN"
    "http://www.w3.org/TR/xhtml1/DTD/xhtml1-transitional.dtd">
<html xmlns="http://www.w3.org/1999/xhtml" xml:lang="en" lang="en">
 <head>
  <title>
</title>
<meta http-equiv="Content-Type" content="text/html;charset=utf-8" />
  <meta name='ocr-system' content='tesseract 3.04.00' />
  <meta name='ocr-capabilities' content='ocr_page ocr_carea ocr_par ocr_line ocrx_word'/>
</head>
<body>
  <div class='ocr_page' id='page_1' title='image "./monumentagerman00peipgoog/monumentagerman00peipgoog_0348.png"; bbox 0 0 4524 6412; ppageno 0'>
   <div class='ocr_carea' id='block_1_1' title="bbox 106 4323 132 4361">
    <p class='ocr_par' dir='ltr' id='par_1_1' title="bbox 106 4323 132 4361">
     <span class='ocr_line' id='line_1_1' title="bbox 106 4323 132 4361; baseline 0 0"><span class='ocrx_word' id='word_1_1' title='bbox 106 4323 132 4361; x_wconf 72' lang='lat'><strong><em>³0</em></strong></span> 
     </span>
    </p>
   </div>
   <div class='ocr_carea' id='block_1_2' title="bbox 108 4835 134 4874">
    <p class='ocr_par' dir='ltr' id='par_1_2' title="bbox 108 4835 134 4874">
     <span class='ocr_line' id='line_1_2' title="bbox 108 4835 134 4874; baseline -0.038 0"><span class='ocrx_word' id='word_1_2' title='bbox 108 4835 134 4874; x_wconf 74' lang='lat'><strong><em>³5</em></strong></span> 
     </span>
    </p>
   </div>
   <div class='ocr_carea' id='block_1_3' title="bbox 111 5620 138 5660">
    <p class='ocr_par' dir='ltr' id='par_1_3' title="bbox 111 5620 138 5660">
     <span class='ocr_line' id='line_1_3' title="bbox 111 5620 138 5660; baseline 0 0"><span class='ocrx_word' id='word_1_3' title='bbox 111 5620 138 5660; x_wconf 71' lang='lat' dir='ltr'><strong><em>tt)</em></strong></span> 
     </span>
    </p>
   </div>
   <div class='ocr_carea' id='block_1_4' title="bbox 738 368 1258 430">
    <p class='ocr_par' dir='ltr' id='par_1_4' title="bbox 738 368 1258 430">
     <span class='ocr_line' id='line_1_4' title="bbox 738 368 1258 430; baseline 0.006 -5"><span class='ocrx_word' id='word_1_4' title='bbox 738 368 938 426; x_wconf 79' lang='lat' dir='ltr'>EPISTOLAE</span> <span class='ocrx_word' id='word_1_5' title='bbox 955 368 1145 430; x_wconf 80' lang='lat' dir='ltr'><strong>SELEO&#39;I&#39;AE.</strong></span> <span class='ocrx_word' id='word_1_6' title='bbox 1182 371 1258 428; x_wconf 74' lang='lat'><strong>1229.</strong></span> 
     </span>
    </p>
   </div>
   <div class='ocr_carea' id='block_1_5' title="bbox 176 807 1831 1284">
    <p class='ocr_par' dir='ltr' id='par_1_5' title="bbox 176 807 1831 1284">
     <span class='ocr_line' id='line_1_5' title="bbox 956 807 1044 882; baseline 0.011 -2"><span class='ocrx_word' id='word_1_7' title='bbox 956 807 1044 882; x_wconf 78' lang='lat'><strong>406.</strong></span> 
     </span>
     <span class='ocr_line' id='line_1_6' title="bbox 287 947 1831 1066; baseline 0.003 -23"><span class='ocrx_word' id='word_1_8' title='bbox 287 947 477 1058; x_wconf 66' lang='lat' dir='ltr'><strong><em>Graecus</em></strong></span> <span class='ocrx_word' id='word_1_9' title='bbox 498 973 554 1041; x_wconf 82' lang='lat' dir='ltr'><strong><em>rx</em></strong></span> <span class='ocrx_word' id='word_1_10' title='bbox 570 950 658 1057; x_wconf 72' lang='lat' dir='ltr'><strong><em>papa</em></strong></span> <span class='ocrx_word' id='word_1_11' title='bbox 682 973 824 1060; x_wconf 76' lang='lat' dir='ltr'><strong><em>optat]</em></strong></span> <span class='ocrx_word' id='word_1_12' title='bbox 844 977 975 1042; x_wconf 71' lang='lat' dir='ltr'><strong><em>amaa</em></strong></span> <span class='ocrx_word' id='word_1_13' title='bbox 996 978 1154 1042; x_wconf 56' lang='lat' dir='ltr'><strong><em>arcanas</em></strong></span> <span class='ocrx_word' id='word_1_14' title='bbox 1175 979 1360 1059; x_wconf 73' lang='lat' dir='ltr'><strong><em>apostoticae</em></strong></span> <span class='ocrx_word' id='word_1_15' title='bbox 1381 980 1463 1045; x_wconf 76' lang='lat' dir='ltr'><strong><em>saa</em></strong></span> <span class='ocrx_word' id='word_1_16' title='bbox 1484 981 1582 1066; x_wconf 64' lang='lat' dir='ltr'><strong><em>apae</em></strong></span> <span class='ocrx_word' id='word_1_17' title='bbox 1596 971 1726 1061; x_wconf 71' lang='lat' dir='ltr'><strong><em>&#39;saron</em></strong></span> <span class='ocrx_word' id='word_1_18' title='bbox 1753 982 1831 1064; x_wconf 73' lang='lat' dir='ltr'><strong><em>qua</em></strong></span> 
     </span>
     <span class='ocr_line' id='line_1_7' title="bbox 176 1085 1830 1178; baseline 0.006 -28"><span class='ocrx_word' id='word_1_19' title='bbox 176 1085 372 1170; x_wconf 75' lang='lat' dir='ltr'><strong><em>[Iohannes]</em></strong></span> <span class='ocrx_word' id='word_1_20' title='bbox 386 1087 545 1167; x_wconf 79' lang='lat' dir='ltr'><strong><em>episcopas</em></strong></span> <span class='ocrx_word' id='word_1_21' title='bbox 559 1085 713 1152; x_wconf 82' lang='lat' dir='ltr'><strong><em>Motcnsic</em></strong></span> <span class='ocrx_word' id='word_1_22' title='bbox 725 1089 996 1168; x_wconf 81' lang='lat' dir='ltr'><strong><em>prorectitntiono</em></strong></span> <span class='ocrx_word' id='word_1_23' title='bbox 1011 1089 1155 1154; x_wconf 72' lang='lat' dir='ltr'><strong><em>aetesiae</em></strong></span> <span class='ocrx_word' id='word_1_24' title='bbox 1169 1109 1245 1153; x_wconf 82' lang='lat' dir='ltr'><strong><em>snae</em></strong></span> <span class='ocrx_word' id='word_1_25' title='bbox 1262 1091 1365 1173; x_wconf 74' lang='lat' dir='ltr'><strong><em>operit,</em></strong></span> <span class='ocrx_word' id='word_1_26' title='bbox 1387 1092 1522 1174; x_wconf 80' lang='lat' dir='ltr'><strong><em>qaidqnc</em></strong></span> <span class='ocrx_word' id='word_1_27' title='bbox 1535 1092 1760 1177; x_wconf 72' lang='lat' dir='ltr'><strong><em>[flacodcricns</em></strong></span> <span class='ocrx_word' id='word_1_28' title='bbox 1770 1093 1830 1178; x_wconf 87' lang='grc' dir='ltr'><strong><em>ΙΙ]</em></strong></span> 
     </span>
     <span class='ocr_line' id='line_1_8' title="bbox 176 1196 1828 1284; baseline 0.006 -24"><span class='ocrx_word' id='word_1_29' title='bbox 176 1196 425 1278; x_wconf 74' lang='lat' dir='ltr'><strong><em>archiepiscopus</em></strong></span> <span class='ocrx_word' id='word_1_30' title='bbox 441 1197 639 1261; x_wconf 81' lang='lat' dir='ltr'><strong><em>Trcocrcnsis</em></strong></span> <span class='ocrx_word' id='word_1_31' title='bbox 660 1197 697 1262; x_wconf 85' lang='lat' dir='ltr'><strong><em>dc</em></strong></span> <span class='ocrx_word' id='word_1_32' title='bbox 718 1199 870 1264; x_wconf 81' lang='lat' dir='ltr'><strong><em>solatione</em></strong></span> <span class='ocrx_word' id='word_1_33' title='bbox 884 1199 1056 1264; x_wconf 86' lang='lat' dir='ltr'><strong><em>dcbitornm</em></strong></span> <span class='ocrx_word' id='word_1_34' title='bbox 1077 1201 1121 1265; x_wconf 88' lang='lat' dir='ltr'><strong><em>ad</em></strong></span> <span class='ocrx_word' id='word_1_35' title='bbox 1141 1200 1176 1264; x_wconf 87' lang='lat' dir='ltr'><strong><em>id</em></strong></span> <span class='ocrx_word' id='word_1_36' title='bbox 1197 1202 1237 1266; x_wconf 86' lang='lat' dir='ltr'><strong><em>ob</em></strong></span> <span class='ocrx_word' id='word_1_37' title='bbox 1259 1201 1361 1265; x_wconf 82' lang='lat' dir='ltr'><strong><em>codem</em></strong></span> <span class='ocrx_word' id='word_1_38' title='bbox 1382 1207 1610 1270; x_wconf 75' lang='lat' dir='ltr'><strong><em>contractorum</em></strong></span> <span class='ocrx_word' id='word_1_39' title='bbox 1626 1204 1828 1284; x_wconf 79' lang='lat' dir='ltr'><strong><em>ordinaverit,</em></strong></span> 
     </span>
    </p>
   </div>
   <div class='ocr_carea' id='block_1_6' title="bbox 176 1307 1830 1503">
    <p class='ocr_par' dir='ltr' id='par_1_6' title="bbox 176 1307 1830 1503">
     <span class='ocr_line' id='line_1_9' title="bbox 178 1307 1830 1393; baseline 0.004 -21"><span class='ocrx_word' id='word_1_40' title='bbox 178 1309 215 1372; x_wconf 88' lang='lat' dir='ltr'><strong><em>in</em></strong></span> <span class='ocrx_word' id='word_1_41' title='bbox 229 1307 469 1374; x_wconf 75' lang='lat' dir='ltr'><strong><em>contradictores</em></strong></span> <span class='ocrx_word' id='word_1_42' title='bbox 483 1309 810 1374; x_wconf 81' lang='lat' dir='ltr'><strong><em>cacornnrnnicationis</em></strong></span> <span class='ocrx_word' id='word_1_43' title='bbox 824 1312 1008 1376; x_wconf 79' lang='lat' dir='ltr'><strong><em>sententiam</em></strong></span> <span class='ocrx_word' id='word_1_44' title='bbox 1020 1312 1270 1393; x_wconf 64' lang='lat' dir='ltr'><strong><em>proculcanda·</em></strong></span> <span class='ocrx_word' id='word_1_45' title='bbox 1291 1313 1424 1377; x_wconf 78' lang='lat' dir='ltr'><strong><em>nrandat</em></strong></span> <span class='ocrx_word' id='word_1_46' title='bbox 1440 1314 1478 1392; x_wconf 88' lang='lat' dir='ltr'><strong><em>ci,</em></strong></span> <span class='ocrx_word' id='word_1_47' title='bbox 1500 1319 1535 1378; x_wconf 90' lang='lat' dir='ltr'><strong><em>nt</em></strong></span> <span class='ocrx_word' id='word_1_48' title='bbox 1550 1315 1630 1382; x_wconf 85' lang='lat' dir='ltr'><strong><em>lanc</em></strong></span> <span class='ocrx_word' id='word_1_49' title='bbox 1644 1317 1830 1380; x_wconf 85' lang='lat' dir='ltr'><strong><em>sententiam</em></strong></span> 
     </span>
     <span class='ocr_line' id='line_1_10' title="bbox 176 1417 465 1503; baseline 0.014 -22"><span class='ocrx_word' id='word_1_50' title='bbox 176 1418 335 1484; x_wconf 84' lang='lat' dir='ltr'><strong><em>observari</em></strong></span> <span class='ocrx_word' id='word_1_51' title='bbox 352 1417 465 1503; x_wconf 73' lang='lat' dir='ltr'><strong><em>faciat.</em></strong></span> 
     </span>
    </p>
   </div>
   <div class='ocr_carea' id='block_1_7' title="bbox 1485 1469 1750 1590">
    <p class='ocr_par' dir='ltr' id='par_1_7' title="bbox 1485 1469 1750 1590">
     <span class='ocr_line' id='line_1_11' title="bbox 1485 1469 1750 1590; baseline -0.004 -15"><span class='ocrx_word' id='word_1_52' title='bbox 1485 1511 1579 1590; x_wconf 81' lang='lat'><strong><em>1229,</em></strong></span> <span class='ocrx_word' id='word_1_53' title='bbox 1604 1509 1667 1576; x_wconf 80' lang='lat' dir='ltr'><strong><em>oc.</em></strong></span> <span class='ocrx_word' id='word_1_54' title='bbox 1690 1469 1750 1580; x_wconf 75' lang='lat' dir='ltr'><strong><em>aa</em></strong></span> 
     </span>
    </p>
   </div>
   <div class='ocr_carea' id='block_1_8' title="bbox 281 1604 948 1676">
    <p class='ocr_par' dir='ltr' id='par_1_8' title="bbox 281 1604 948 1676">
     <span class='ocr_line' id='line_1_12' title="bbox 281 1604 948 1676; baseline 0.001 -16"><span class='ocrx_word' id='word_1_55' title='bbox 281 1604 365 1676; x_wconf 66' lang='lat' dir='ltr'><strong><em>Grec.</em></strong></span> <span class='ocrx_word' id='word_1_56' title='bbox 382 1605 432 1659; x_wconf 87' lang='lat' dir='ltr'><strong><em>IX</em></strong></span> <span class='ocrx_word' id='word_1_57' title='bbox 449 1605 516 1675; x_wconf 71' lang='lat' dir='ltr'><strong><em>Rea.</em></strong></span> <span class='ocrx_word' id='word_1_58' title='bbox 537 1605 596 1661; x_wconf 85' lang='lat' dir='ltr'><strong><em>Vol.</em></strong></span> <span class='ocrx_word' id='word_1_59' title='bbox 614 1606 640 1672; x_wconf 84' lang='grc' dir='ltr'><strong><em>Ι,</em></strong></span> <span class='ocrx_word' id='word_1_60' title='bbox 659 1609 723 1675; x_wconf 81' lang='grc'><strong><em>142,·</em></strong></span> <span class='ocrx_word' id='word_1_61' title='bbox 741 1607 805 1662; x_wconf 82' lang='lat' dir='ltr'><strong><em>Lib.¹</em></strong></span> <span class='ocrx_word' id='word_1_62' title='bbox 822 1607 885 1676; x_wconf 84' lang='lat'><strong><em>111,</em></strong></span> <span class='ocrx_word' id='word_1_63' title='bbox 904 1609 948 1662; x_wconf 85' lang='lat'><strong><em>76.</em></strong></span> 
     </span>
    </p>
   </div>
   <div class='ocr_carea' id='block_1_9' title="bbox 382 1903 1625 2273">
    <p class='ocr_par' dir='ltr' id='par_1_9' title="bbox 382 1903 1625 2273">
     <span class='ocr_line' id='line_1_13' title="bbox 797 1903 1218 1981; baseline 0.002 -3"><span class='ocrx_word' id='word_1_64' title='bbox 797 1904 842 1978; x_wconf 92' lang='grc' dir='ltr'><strong><em>Ο.</em></strong></span> <span class='ocrx_word' id='word_1_65' title='bbox 870 1904 1022 1980; x_wconf 83' lang='lat' dir='ltr'><strong><em>Sancti</em></strong></span> <span class='ocrx_word' id='word_1_66' title='bbox 1048 1903 1218 1981; x_wconf 90' lang='lat' dir='ltr'><strong><em>Nicolai</em></strong></span> 
     </span>
     <span class='ocr_line' id='line_1_14' title="bbox 382 2039 1625 2138; baseline 0.005 -24"><span class='ocrx_word' id='word_1_67' title='bbox 382 2041 426 2114; x_wconf 91' lang='lat' dir='ltr'><strong><em>in</em></strong></span> <span class='ocrx_word' id='word_1_68' title='bbox 453 2039 638 2115; x_wconf 89' lang='lat' dir='ltr'><strong><em>Carcere</em></strong></span> <span class='ocrx_word' id='word_1_69' title='bbox 664 2040 869 2118; x_wconf 89' lang='lat' dir='ltr'><strong><em>Tulliano</em></strong></span> <span class='ocrx_word' id='word_1_70' title='bbox 898 2043 1086 2117; x_wconf 90' lang='lat' dir='ltr'><strong><em>diacono</em></strong></span> <span class='ocrx_word' id='word_1_71' title='bbox 1114 2045 1349 2134; x_wconf 82' lang='lat' dir='ltr'><strong><em>cardinali,</em></strong></span> <span class='ocrx_word' id='word_1_72' title='bbox 1376 2046 1625 2138; x_wconf 88' lang='lat' dir='ltr'><strong><em>apostolice</em></strong></span> 
     </span>
     <span class='ocr_line' id='line_1_15' title="bbox 851 2181 1155 2273; baseline -0.003 -17"><span class='ocrx_word' id='word_1_73' title='bbox 851 2181 971 2268; x_wconf 86' lang='lat' dir='ltr'><strong><em>sedis</em></strong></span> <span class='ocrx_word' id='word_1_74' title='bbox 998 2181 1155 2273; x_wconf 82' lang='lat' dir='ltr'><strong><em>legata.</em></strong></span> 
     </span>
    </p>
   </div>
   <div class='ocr_carea' id='block_1_10' title="bbox 178 2341 1838 5186">
    <p class='ocr_par' dir='ltr' id='par_1_10' title="bbox 178 2341 1838 5186">
     <span class='ocr_line' id='line_1_16' title="bbox 286 2341 1827 2434; baseline 0.001 -27"><span class='ocrx_word' id='word_1_75' title='bbox 286 2341 373 2407; x_wconf 86' lang='lat' dir='ltr'><strong><em>Olim</em></strong></span> <span class='ocrx_word' id='word_1_76' title='bbox 397 2341 563 2407; x_wconf 88' lang='lat' dir='ltr'><strong><em>intellecto</em></strong></span> <span class='ocrx_word' id='word_1_77' title='bbox 587 2342 674 2428; x_wconf 94' lang='lat' dir='ltr'><strong><em>quod</em></strong></span> <span class='ocrx_word' id='word_1_78' title='bbox 689 2345 888 2411; x_wconf 86' lang='lat' dir='ltr'><strong><em>venerabilis</em></strong></span> <span class='ocrx_word' id='word_1_79' title='bbox 912 2346 1013 2412; x_wconf 89' lang='lat' dir='ltr'><strong><em>frater</em></strong></span> <span class='ocrx_word' id='word_1_80' title='bbox 1035 2355 1147 2412; x_wconf 89' lang='lat' dir='ltr'><strong><em>noster</em></strong></span> <span class='ocrx_word' id='word_1_81' title='bbox 1162 2398 1170 2414; x_wconf 93' lang='lat'><strong>.</strong></span> <span class='ocrx_word' id='word_1_82' title='bbox 1187 2398 1194 2411; x_wconf 95' lang='lat'><strong>.</strong></span> <span class='ocrx_word' id='word_1_83' title='bbox 1209 2348 1369 2415; x_wconf 75' lang='lat' dir='ltr'><strong><em>Metennio</em></strong></span> <span class='ocrx_word' id='word_1_84' title='bbox 1393 2348 1578 2434; x_wconf 87' lang='lat' dir='ltr'><strong><em>episcopus,</em></strong></span> <span class='ocrx_word' id='word_1_85' title='bbox 1601 2347 1713 2413; x_wconf 88' lang='lat' dir='ltr'><strong><em>statim</em></strong></span> <span class='ocrx_word' id='word_1_86' title='bbox 1735 2351 1827 2432; x_wconf 87' lang='lat' dir='ltr'><strong><em>post·</em></strong></span> 
     </span>
     <span class='ocr_line' id='line_1_17' title="bbox 179 2444 1830 2537; baseline 0 -27"><span class='ocrx_word' id='word_1_87' title='bbox 179 2455 274 2532; x_wconf 90' lang='lat' dir='ltr'><strong><em>quam</em></strong></span> <span class='ocrx_word' id='word_1_88' title='bbox 302 2445 364 2510; x_wconf 87' lang='lat' dir='ltr'><strong><em>fuit</em></strong></span> <span class='ocrx_word' id='word_1_89' title='bbox 390 2465 451 2531; x_wconf 91' lang='lat' dir='ltr'><strong><em>per</em></strong></span> <span class='ocrx_word' id='word_1_90' title='bbox 476 2444 587 2510; x_wconf 89' lang='lat' dir='ltr'><strong><em>sedem</em></strong></span> <span class='ocrx_word' id='word_1_91' title='bbox 609 2448 822 2532; x_wconf 88' lang='lat' dir='ltr'><strong><em>apostolicam</em></strong></span> <span class='ocrx_word' id='word_1_92' title='bbox 855 2447 897 2514; x_wconf 93' lang='lat' dir='ltr'><strong><em>ad</em></strong></span> <span class='ocrx_word' id='word_1_93' title='bbox 927 2450 1152 2535; x_wconf 90' lang='lat' dir='ltr'><strong><em>episcopatum</em></strong></span> <span class='ocrx_word' id='word_1_94' title='bbox 1174 2450 1359 2517; x_wconf 86' lang='lat' dir='ltr'><strong><em>Metensem</em></strong></span> <span class='ocrx_word' id='word_1_95' title='bbox 1380 2458 1458 2515; x_wconf 87' lang='lat' dir='ltr'><strong><em>tuuc</em></strong></span> <span class='ocrx_word' id='word_1_96' title='bbox 1482 2451 1662 2537; x_wconf 88' lang='lat' dir='ltr'><strong><em>collapsum</em></strong></span> <span class='ocrx_word' id='word_1_97' title='bbox 1685 2447 1830 2534; x_wconf 82' lang='lat' dir='ltr'><strong><em>graviter</em></strong></span> 
     </span>
     <span class='ocr_line' id='line_1_18' title="bbox 178 2547 1828 2640; baseline 0.001 -28"><span class='ocrx_word' id='word_1_98' title='bbox 178 2547 219 2614; x_wconf 94' lang='lat' dir='ltr'><strong><em>de</em></strong></span> <span class='ocrx_word' id='word_1_99' title='bbox 231 2547 442 2614; x_wconf 86' lang='lat' dir='ltr'><strong><em>Vardanensi</em></strong></span> <span class='ocrx_word' id='word_1_100' title='bbox 463 2549 650 2628; x_wconf 87' lang='lat' dir='ltr'><strong><em>translatus,</em></strong></span> <span class='ocrx_word' id='word_1_101' title='bbox 672 2571 801 2615; x_wconf 89' lang='lat' dir='ltr'><strong><em>murum</em></strong></span> <span class='ocrx_word' id='word_1_102' title='bbox 823 2573 882 2637; x_wconf 91' lang='lat' dir='ltr'><strong><em>pro</em></strong></span> <span class='ocrx_word' id='word_1_103' title='bbox 905 2551 1065 2618; x_wconf 86' lang='lat' dir='ltr'><strong><em>Metensis</em></strong></span> <span class='ocrx_word' id='word_1_104' title='bbox 1087 2553 1226 2618; x_wconf 90' lang='lat' dir='ltr'><strong><em>ecclesie</em></strong></span> <span class='ocrx_word' id='word_1_105' title='bbox 1249 2554 1373 2619; x_wconf 89' lang='lat' dir='ltr'><strong><em>iustitia</em></strong></span> <span class='ocrx_word' id='word_1_106' title='bbox 1395 2575 1431 2619; x_wconf 89' lang='lat' dir='ltr'><strong><em>se</em></strong></span> <span class='ocrx_word' id='word_1_107' title='bbox 1454 2575 1634 2640; x_wconf 87' lang='lat' dir='ltr'><strong><em>opponens,</em></strong></span> <span class='ocrx_word' id='word_1_108' title='bbox 1656 2550 1828 2636; x_wconf 81' lang='lat' dir='ltr'><strong><em>magnani-</em></strong></span> 
     </span>
     <span class='ocr_line' id='line_1_19' title="bbox 180 2648 1829 2740; baseline 0.001 -26"><span class='ocrx_word' id='word_1_109' title='bbox 180 2650 277 2715; x_wconf 89' lang='lat' dir='ltr'><strong><em>miter</em></strong></span> <span class='ocrx_word' id='word_1_110' title='bbox 298 2649 464 2714; x_wconf 80' lang='lat' dir='ltr'><strong><em>restiterat</em></strong></span> <span class='ocrx_word' id='word_1_111' title='bbox 486 2648 665 2714; x_wconf 90' lang='lat' dir='ltr'><strong><em>maioribus</em></strong></span> <span class='ocrx_word' id='word_1_112' title='bbox 689 2657 722 2715; x_wconf 91' lang='lat' dir='ltr'><strong><em>et</em></strong></span> <span class='ocrx_word' id='word_1_113' title='bbox 743 2653 983 2738; x_wconf 90' lang='lat' dir='ltr'><strong><em>potentioribus</em></strong></span> <span class='ocrx_word' id='word_1_114' title='bbox 1011 2653 1111 2718; x_wconf 89' lang='lat' dir='ltr'><strong><em>totius</em></strong></span> <span class='ocrx_word' id='word_1_115' title='bbox 1141 2654 1270 2740; x_wconf 91' lang='lat' dir='ltr'><strong><em>imperii</em></strong></span> <span class='ocrx_word' id='word_1_116' title='bbox 1294 2656 1380 2722; x_wconf 90' lang='lat' dir='ltr'><strong><em>circa</em></strong></span> <span class='ocrx_word' id='word_1_117' title='bbox 1401 2656 1547 2738; x_wconf 88' lang='lat' dir='ltr'><strong><em>Renum,</em></strong></span> <span class='ocrx_word' id='word_1_118' title='bbox 1577 2656 1624 2720; x_wconf 85' lang='lat' dir='ltr'><strong><em>ita</em></strong></span> <span class='ocrx_word' id='word_1_119' title='bbox 1645 2652 1731 2740; x_wconf 91' lang='lat' dir='ltr'><strong><em>quod</em></strong></span> <span class='ocrx_word' id='word_1_120' title='bbox 1755 2657 1829 2738; x_wconf 86' lang='lat' dir='ltr'><strong><em>post</em></strong></span> 
     </span>
     <span class='ocr_line' id='line_1_20' title="bbox 180 2750 1829 2846; baseline 0.001 -30"><span class='ocrx_word' id='word_1_121' title='bbox 180 2752 299 2816; x_wconf 89' lang='lat' dir='ltr'><strong><em>multos</em></strong></span> <span class='ocrx_word' id='word_1_122' title='bbox 320 2750 451 2816; x_wconf 90' lang='lat' dir='ltr'><strong><em>labores</em></strong></span> <span class='ocrx_word' id='word_1_123' title='bbox 475 2757 508 2815; x_wconf 89' lang='lat' dir='ltr'><strong><em>et</em></strong></span> <span class='ocrx_word' id='word_1_124' title='bbox 530 2751 676 2837; x_wconf 90' lang='lat' dir='ltr'><strong><em>pericula</em></strong></span> <span class='ocrx_word' id='word_1_125' title='bbox 697 2755 810 2838; x_wconf 81' lang='lat' dir='ltr'><strong><em>gravia</em></strong></span> <span class='ocrx_word' id='word_1_126' title='bbox 831 2756 937 2839; x_wconf 86' lang='lat' dir='ltr'><strong><em>gratia</em></strong></span> <span class='ocrx_word' id='word_1_127' title='bbox 960 2754 1022 2820; x_wconf 91' lang='lat' dir='ltr'><strong><em>sibi</em></strong></span> <span class='ocrx_word' id='word_1_128' title='bbox 1044 2755 1175 2821; x_wconf 88' lang='lat' dir='ltr'><strong><em>favente</em></strong></span> <span class='ocrx_word' id='word_1_129' title='bbox 1198 2755 1309 2823; x_wconf 85' lang='lat' dir='ltr'><strong><em>divina</em></strong></span> <span class='ocrx_word' id='word_1_130' title='bbox 1329 2779 1444 2846; x_wconf 88' lang='lat' dir='ltr'><strong><em>pacem</em></strong></span> <span class='ocrx_word' id='word_1_131' title='bbox 1468 2766 1502 2824; x_wconf 89' lang='lat' dir='ltr'><strong><em>et</em></strong></span> <span class='ocrx_word' id='word_1_132' title='bbox 1524 2758 1669 2845; x_wconf 88' lang='lat' dir='ltr'><strong><em>quietem</em></strong></span> <span class='ocrx_word' id='word_1_133' title='bbox 1691 2754 1829 2820; x_wconf 88' lang='lat' dir='ltr'><strong><em>dederat</em></strong></span> 
     </span>
     <span class='ocr_line' id='line_1_21' title="bbox 179 2854 1829 2946; baseline 0 -27"><span class='ocrx_word' id='word_1_134' title='bbox 179 2855 318 2920; x_wconf 88' lang='lat' dir='ltr'><strong><em>ecclesie</em></strong></span> <span class='ocrx_word' id='word_1_135' title='bbox 341 2854 537 2941; x_wconf 83' lang='lat' dir='ltr'><strong><em>supradicte,</em></strong></span> <span class='ocrx_word' id='word_1_136' title='bbox 559 2877 598 2920; x_wconf 90' lang='lat' dir='ltr'><strong><em>ac</em></strong></span> <span class='ocrx_word' id='word_1_137' title='bbox 621 2857 809 2923; x_wconf 88' lang='lat' dir='ltr'><strong><em>comitatum</em></strong></span> <span class='ocrx_word' id='word_1_138' title='bbox 824 2858 1008 2925; x_wconf 86' lang='lat' dir='ltr'><strong><em>Metensem</em></strong></span> <span class='ocrx_word' id='word_1_139' title='bbox 1030 2866 1064 2925; x_wconf 90' lang='lat' dir='ltr'><strong><em>et</em></strong></span> <span class='ocrx_word' id='word_1_140' title='bbox 1086 2881 1159 2925; x_wconf 91' lang='lat' dir='ltr'><strong><em>cum</em></strong></span> <span class='ocrx_word' id='word_1_141' title='bbox 1181 2881 1221 2926; x_wconf 90' lang='lat' dir='ltr'><strong><em>eo</em></strong></span> <span class='ocrx_word' id='word_1_142' title='bbox 1244 2868 1385 2946; x_wconf 90' lang='lat' dir='ltr'><strong><em>quatuor</em></strong></span> <span class='ocrx_word' id='word_1_143' title='bbox 1405 2862 1531 2927; x_wconf 92' lang='lat' dir='ltr'><strong><em>nobilia</em></strong></span> <span class='ocrx_word' id='word_1_144' title='bbox 1553 2867 1669 2938; x_wconf 88' lang='lat' dir='ltr'><strong><em>castra,</em></strong></span> <span class='ocrx_word' id='word_1_145' title='bbox 1692 2875 1829 2944; x_wconf 88' lang='lat' dir='ltr'><strong><em>quorum</em></strong></span> 
     </span>
     <span class='ocr_line' id='line_1_22' title="bbox 178 2957 1826 3050; baseline 0.001 -30"><span class='ocrx_word' id='word_1_146' title='bbox 178 2978 278 3021; x_wconf 90' lang='lat' dir='ltr'><strong><em>unum</em></strong></span> <span class='ocrx_word' id='word_1_147' title='bbox 306 2957 430 3022; x_wconf 88' lang='lat' dir='ltr'><strong><em>civitati</em></strong></span> <span class='ocrx_word' id='word_1_148' title='bbox 456 2957 652 3044; x_wconf 90' lang='lat' dir='ltr'><strong><em>equipollet‚</em></strong></span> <span class='ocrx_word' id='word_1_149' title='bbox 684 2981 757 3024; x_wconf 90' lang='lat' dir='ltr'><strong><em>cum</em></strong></span> <span class='ocrx_word' id='word_1_150' title='bbox 785 2960 929 3046; x_wconf 88' lang='lat' dir='ltr'><strong><em>ipsorum</em></strong></span> <span class='ocrx_word' id='word_1_151' title='bbox 962 2962 1167 3048; x_wconf 84' lang='lat' dir='ltr'><strong><em>pertinentiis</em></strong></span> <span class='ocrx_word' id='word_1_152' title='bbox 1198 2964 1397 3049; x_wconf 88' lang='lat' dir='ltr'><strong><em>acquisierat</em></strong></span> <span class='ocrx_word' id='word_1_153' title='bbox 1406 2965 1428 3046; x_wconf 90' lang='lat'><strong><em>¹,</em></strong></span> <span class='ocrx_word' id='word_1_154' title='bbox 1460 2963 1656 3050; x_wconf 82' lang='lat' dir='ltr'><strong><em>quaomnia</em></strong></span> <span class='ocrx_word' id='word_1_155' title='bbox 1685 2958 1826 3026; x_wconf 88' lang='lat' dir='ltr'><strong><em>ecclesie</em></strong></span> 
     </span>
     <span class='ocr_line' id='line_1_23' title="bbox 179 3063 1826 3154; baseline -0.001 -27"><span class='ocrx_word' id='word_1_156' title='bbox 179 3083 239 3128; x_wconf 88' lang='lat' dir='ltr'><strong><em>sue</em></strong></span> <span class='ocrx_word' id='word_1_157' title='bbox 262 3065 400 3129; x_wconf 88' lang='lat' dir='ltr'><strong><em>eontulit</em></strong></span> <span class='ocrx_word' id='word_1_158' title='bbox 420 3071 581 3150; x_wconf 88' lang='lat' dir='ltr'><strong><em>perpetuo</em></strong></span> <span class='ocrx_word' id='word_1_159' title='bbox 604 3064 818 3151; x_wconf 85' lang='lat' dir='ltr'><strong><em>possidenda,</em></strong></span> <span class='ocrx_word' id='word_1_160' title='bbox 849 3074 983 3153; x_wconf 91' lang='lat' dir='ltr'><strong><em>propter</em></strong></span> <span class='ocrx_word' id='word_1_161' title='bbox 1011 3067 1098 3154; x_wconf 93' lang='lat' dir='ltr'><strong><em>quod</em></strong></span> <span class='ocrx_word' id='word_1_162' title='bbox 1129 3089 1202 3132; x_wconf 90' lang='lat' dir='ltr'><strong><em>cum</em></strong></span> <span class='ocrx_word' id='word_1_163' title='bbox 1231 3067 1402 3132; x_wconf 85' lang='lat' dir='ltr'><strong><em>occasione</em></strong></span> <span class='ocrx_word' id='word_1_164' title='bbox 1431 3065 1619 3131; x_wconf 89' lang='lat' dir='ltr'><strong><em>huiusmodi</em></strong></span> <span class='ocrx_word' id='word_1_165' title='bbox 1649 3063 1826 3150; x_wconf 86' lang='lat' dir='ltr'><strong><em>ampliores</em></strong></span> 
     </span>
     <span class='ocr_line' id='line_1_24' title="bbox 180 3165 1834 3255; baseline -0.002 -24"><span class='ocrx_word' id='word_1_166' title='bbox 180 3187 343 3254; x_wconf 86' lang='lat' dir='ltr'><strong><em>expensas</em></strong></span> <span class='ocrx_word' id='word_1_167' title='bbox 373 3167 481 3232; x_wconf 90' lang='lat' dir='ltr'><strong><em>facere</em></strong></span> <span class='ocrx_word' id='word_1_168' title='bbox 513 3169 712 3254; x_wconf 87' lang='lat' dir='ltr'><strong><em>oportuisset</em></strong></span> <span class='ocrx_word' id='word_1_169' title='bbox 741 3169 899 3249; x_wconf 89' lang='lat' dir='ltr'><strong><em>eundem,</em></strong></span> <span class='ocrx_word' id='word_1_170' title='bbox 931 3192 996 3236; x_wconf 91' lang='lat' dir='ltr'><strong><em>non</em></strong></span> <span class='ocrx_word' id='word_1_171' title='bbox 1024 3171 1186 3236; x_wconf 90' lang='lat' dir='ltr'><strong><em>modicum</em></strong></span> <span class='ocrx_word' id='word_1_172' title='bbox 1214 3192 1296 3235; x_wconf 90' lang='lat' dir='ltr'><strong><em>onus</em></strong></span> <span class='ocrx_word' id='word_1_173' title='bbox 1324 3191 1388 3255; x_wconf 91' lang='lat' dir='ltr'><strong><em>quo</em></strong></span> <span class='ocrx_word' id='word_1_174' title='bbox 1417 3168 1662 3255; x_wconf 86' lang='lat' dir='ltr'><strong><em>deprimebatur</em></strong></span> <span class='ocrx_word' id='word_1_175' title='bbox 1690 3165 1834 3253; x_wconf 85' lang='lat' dir='ltr'><strong><em>graviter</em></strong></span> 
     </span>
     <span class='ocr_line' id='line_1_25' title="bbox 183 3267 1831 3359; baseline -0.002 -25"><span class='ocrx_word' id='word_1_176' title='bbox 183 3270 329 3334; x_wconf 90' lang='lat' dir='ltr'><strong><em>subierat</em></strong></span> <span class='ocrx_word' id='word_1_177' title='bbox 351 3267 549 3335; x_wconf 88' lang='lat' dir='ltr'><strong><em>debitorum:</em></strong></span> <span class='ocrx_word' id='word_1_178' title='bbox 573 3292 633 3336; x_wconf 92' lang='lat' dir='ltr'><strong><em>nos</em></strong></span> <span class='ocrx_word' id='word_1_179' title='bbox 656 3272 864 3338; x_wconf 87' lang='lat' dir='ltr'><strong><em>attendentes</em></strong></span> <span class='ocrx_word' id='word_1_180' title='bbox 881 3275 1012 3339; x_wconf 82' lang='lat' dir='ltr'><strong><em>causam</em></strong></span> <span class='ocrx_word' id='word_1_181' title='bbox 1036 3280 1102 3344; x_wconf 90' lang='lat' dir='ltr'><strong><em>tam</em></strong></span> <span class='ocrx_word' id='word_1_182' title='bbox 1126 3274 1335 3349; x_wconf 87' lang='lat' dir='ltr'><strong><em>laudabilem,</em></strong></span> <span class='ocrx_word' id='word_1_183' title='bbox 1358 3293 1417 3359; x_wconf 89' lang='lat' dir='ltr'><strong><em>pro</em></strong></span> <span class='ocrx_word' id='word_1_184' title='bbox 1441 3293 1504 3358; x_wconf 92' lang='lat' dir='ltr'><strong><em>qua</em></strong></span> <span class='ocrx_word' id='word_1_185' title='bbox 1527 3271 1633 3337; x_wconf 88' lang='lat' dir='ltr'><strong><em>dictus</em></strong></span> <span class='ocrx_word' id='word_1_186' title='bbox 1656 3270 1831 3356; x_wconf 89' lang='lat' dir='ltr'><strong><em>episcopus</em></strong></span> 
     </span>
     <span class='ocr_line' id='line_1_26' title="bbox 180 3370 1834 3462; baseline -0.002 -26"><span class='ocrx_word' id='word_1_187' title='bbox 180 3370 292 3436; x_wconf 88' lang='lat' dir='ltr'><strong><em>debita</em></strong></span> <span class='ocrx_word' id='word_1_188' title='bbox 315 3380 523 3438; x_wconf 80' lang='lat' dir='ltr'><strong><em>contraxerat</em></strong></span> <span class='ocrx_word' id='word_1_189' title='bbox 546 3381 741 3455; x_wconf 88' lang='lat' dir='ltr'><strong><em>memorata,</em></strong></span> <span class='ocrx_word' id='word_1_190' title='bbox 770 3397 831 3441; x_wconf 91' lang='lat' dir='ltr'><strong><em>nec</em></strong></span> <span class='ocrx_word' id='word_1_191' title='bbox 860 3397 924 3440; x_wconf 90' lang='lat' dir='ltr'><strong><em>non</em></strong></span> <span class='ocrx_word' id='word_1_192' title='bbox 955 3383 989 3441; x_wconf 89' lang='lat' dir='ltr'><strong><em>et</em></strong></span> <span class='ocrx_word' id='word_1_193' title='bbox 1015 3377 1212 3462; x_wconf 89' lang='lat' dir='ltr'><strong><em>probitatem</em></strong></span> <span class='ocrx_word' id='word_1_194' title='bbox 1236 3395 1375 3461; x_wconf 90' lang='lat' dir='ltr'><strong><em>persone</em></strong></span> <span class='ocrx_word' id='word_1_195' title='bbox 1406 3374 1508 3460; x_wconf 86' lang='lat' dir='ltr'><strong><em>ipsius</em></strong></span> <span class='ocrx_word' id='word_1_196' title='bbox 1531 3395 1569 3438; x_wconf 87' lang='lat' dir='ltr'><strong><em>ac</em></strong></span> <span class='ocrx_word' id='word_1_197' title='bbox 1593 3370 1776 3438; x_wconf 87' lang='lat' dir='ltr'><strong><em>devotionis</em></strong></span> <span class='ocrx_word' id='word_1_198' title='bbox 1800 3375 1834 3434; x_wconf 91' lang='lat' dir='ltr'><strong><em>et</em></strong></span> 
     </span>
     <span class='ocr_line' id='line_1_27' title="bbox 180 3472 1833 3563; baseline -0.002 -25"><span class='ocrx_word' id='word_1_199' title='bbox 180 3474 258 3540; x_wconf 87' lang='lat' dir='ltr'><strong><em>fidei</em></strong></span> <span class='ocrx_word' id='word_1_200' title='bbox 281 3495 340 3540; x_wconf 87' lang='lat' dir='ltr'><strong><em>sue</em></strong></span> <span class='ocrx_word' id='word_1_201' title='bbox 362 3475 540 3554; x_wconf 89' lang='lat' dir='ltr'><strong><em>fervorem,</em></strong></span> <span class='ocrx_word' id='word_1_202' title='bbox 572 3476 817 3542; x_wconf 86' lang='lat' dir='ltr'><strong><em>considerantes</em></strong></span> <span class='ocrx_word' id='word_1_203' title='bbox 842 3478 940 3543; x_wconf 89' lang='lat' dir='ltr'><strong><em>etiam</em></strong></span> <span class='ocrx_word' id='word_1_204' title='bbox 963 3477 1051 3563; x_wconf 91' lang='lat' dir='ltr'><strong><em>quod</em></strong></span> <span class='ocrx_word' id='word_1_205' title='bbox 1080 3479 1204 3550; x_wconf 88' lang='lat' dir='ltr'><strong><em>clerum</em></strong></span> <span class='ocrx_word' id='word_1_206' title='bbox 1231 3478 1441 3563; x_wconf 87' lang='lat' dir='ltr'><strong><em>episcopatus</em></strong></span> <span class='ocrx_word' id='word_1_207' title='bbox 1463 3475 1623 3542; x_wconf 79' lang='lat' dir='ltr'><strong><em>Maiensis</em></strong></span> <span class='ocrx_word' id='word_1_208' title='bbox 1655 3472 1833 3559; x_wconf 83' lang='lat' dir='ltr'><strong><em>negotium,</em></strong></span> 
     </span>
     <span class='ocr_line' id='line_1_28' title="bbox 181 3575 1834 3667; baseline -0.003 -25"><span class='ocrx_word' id='word_1_209' title='bbox 181 3577 268 3663; x_wconf 93' lang='lat' dir='ltr'><strong><em>quod</em></strong></span> <span class='ocrx_word' id='word_1_210' title='bbox 289 3585 497 3665; x_wconf 84' lang='lat' dir='ltr'><strong><em>promoverat</em></strong></span> <span class='ocrx_word' id='word_1_211' title='bbox 526 3578 613 3644; x_wconf 91' lang='lat' dir='ltr'><strong><em>idem</em></strong></span> <span class='ocrx_word' id='word_1_212' title='bbox 635 3581 828 3667; x_wconf 88' lang='lat' dir='ltr'><strong><em>episcopus,</em></strong></span> <span class='ocrx_word' id='word_1_213' title='bbox 859 3587 1009 3666; x_wconf 88' lang='lat' dir='ltr'><strong><em>tangeret</em></strong></span> <span class='ocrx_word' id='word_1_214' title='bbox 1031 3581 1236 3659; x_wconf 83' lang='lat' dir='ltr'><strong><em>universum,</em></strong></span> <span class='ocrx_word' id='word_1_215' title='bbox 1265 3587 1298 3644; x_wconf 88' lang='lat' dir='ltr'><strong><em>et</em></strong></span> <span class='ocrx_word' id='word_1_216' title='bbox 1329 3578 1414 3664; x_wconf 85' lang='lat' dir='ltr'><strong><em>¹sicut</em></strong></span> <span class='ocrx_word' id='word_1_217' title='bbox 1444 3579 1701 3643; x_wconf 90' lang='lat' dir='ltr'><strong><em>emolumentum</em></strong></span> <span class='ocrx_word' id='word_1_218' title='bbox 1731 3575 1834 3640; x_wconf 86' lang='lat' dir='ltr'><strong><em>sicet</em></strong></span> 
     </span>
     <span class='ocr_line' id='line_1_29' title="bbox 182 3675 1833 3768; baseline -0.003 -23"><span class='ocrx_word' id='word_1_219' title='bbox 182 3687 264 3745; x_wconf 87' lang='lat' dir='ltr'><strong><em>onus</em></strong></span> <span class='ocrx_word' id='word_1_220' title='bbox 298 3680 437 3766; x_wconf 91' lang='lat' dir='ltr'><strong><em>quilibet</em></strong></span> <span class='ocrx_word' id='word_1_221' title='bbox 475 3675 597 3746; x_wconf 86' lang='lat' dir='ltr'><strong><em>sentire</em></strong></span> <span class='ocrx_word' id='word_1_222' title='bbox 631 3681 782 3763; x_wconf 87' lang='lat' dir='ltr'><strong><em>deberet,</em></strong></span> <span class='ocrx_word' id='word_1_223' title='bbox 819 3683 949 3749; x_wconf 89' lang='lat' dir='ltr'><strong><em>dilectis</em></strong></span> <span class='ocrx_word' id='word_1_224' title='bbox 986 3683 1062 3748; x_wconf 88' lang='lat' dir='ltr'><strong><em>filiis</em></strong></span> <span class='ocrx_word' id='word_1_225' title='bbox 1097 3682 1233 3768; x_wconf 90' lang='lat' dir='ltr'><strong><em>prelatis</em></strong></span> <span class='ocrx_word' id='word_1_226' title='bbox 1266 3690 1300 3747; x_wconf 88' lang='lat' dir='ltr'><strong><em>et</em></strong></span> <span class='ocrx_word' id='word_1_227' title='bbox 1337 3681 1425 3746; x_wconf 91' lang='lat' dir='ltr'><strong><em>clero</em></strong></span> <span class='ocrx_word' id='word_1_228' title='bbox 1455 3681 1597 3746; x_wconf 83' lang='lat' dir='ltr'><strong><em>civitatis</em></strong></span> <span class='ocrx_word' id='word_1_229' title='bbox 1629 3687 1663 3746; x_wconf 91' lang='lat' dir='ltr'><strong><em>et</em></strong></span> <span class='ocrx_word' id='word_1_230' title='bbox 1691 3677 1833 3743; x_wconf 89' lang='lat' dir='ltr'><strong><em>diocesis</em></strong></span> 
     </span>
     <span class='ocr_line' id='line_1_30' title="bbox 184 3777 1834 3872; baseline -0.002 -25"><span class='ocrx_word' id='word_1_231' title='bbox 184 3782 344 3849; x_wconf 80' lang='lat' dir='ltr'><strong><em>Metensis</em></strong></span> <span class='ocrx_word' id='word_1_232' title='bbox 367 3784 487 3848; x_wconf 86' lang='lat' dir='ltr'><strong><em>uostris</em></strong></span> <span class='ocrx_word' id='word_1_233' title='bbox 511 3782 661 3849; x_wconf 88' lang='lat' dir='ltr'><strong><em>dedimus</em></strong></span> <span class='ocrx_word' id='word_1_234' title='bbox 684 3785 804 3851; x_wconf 86' lang='lat' dir='ltr'><strong><em>litteris</em></strong></span> <span class='ocrx_word' id='word_1_235' title='bbox 827 3787 861 3850; x_wconf 93' lang='lat' dir='ltr'><strong><em>in</em></strong></span> <span class='ocrx_word' id='word_1_236' title='bbox 884 3786 1064 3872; x_wconf 89' lang='lat' dir='ltr'><strong><em>preceptis,</em></strong></span> <span class='ocrx_word' id='word_1_237' title='bbox 1094 3791 1131 3849; x_wconf 88' lang='lat' dir='ltr'><strong><em>ut</em></strong></span> <span class='ocrx_word' id='word_1_238' title='bbox 1153 3784 1379 3871; x_wconf 88' lang='lat' dir='ltr'><strong><em>prenominato</em></strong></span> <span class='ocrx_word' id='word_1_239' title='bbox 1403 3784 1558 3870; x_wconf 88' lang='lat' dir='ltr'><strong><em>episcopo</em></strong></span> <span class='ocrx_word' id='word_1_240' title='bbox 1581 3787 1771 3867; x_wconf 88' lang='lat' dir='ltr'><strong><em>competens</em></strong></span> <span class='ocrx_word' id='word_1_241' title='bbox 1793 3777 1834 3843; x_wconf 89' lang='lat' dir='ltr'><strong><em>cd</em></strong></span> 
     </span>
     <span class='ocr_line' id='line_1_31' title="bbox 181 3884 1834 3973; baseline -0.003 -22"><span class='ocrx_word' id='word_1_242' title='bbox 181 3887 243 3952; x_wconf 92' lang='lat' dir='ltr'><strong><em>boc</em></strong></span> <span class='ocrx_word' id='word_1_243' title='bbox 266 3887 425 3952; x_wconf 84' lang='lat' dir='ltr'><strong><em>auxilium</em></strong></span> <span class='ocrx_word' id='word_1_244' title='bbox 448 3887 629 3953; x_wconf 86' lang='lat' dir='ltr'><strong><em>liberaliter</em></strong></span> <span class='ocrx_word' id='word_1_245' title='bbox 651 3889 835 3954; x_wconf 91' lang='lat' dir='ltr'><strong><em>tribuerent</em></strong></span> <span class='ocrx_word' id='word_1_246' title='bbox 857 3895 890 3954; x_wconf 90' lang='lat' dir='ltr'><strong><em>et</em></strong></span> <span class='ocrx_word' id='word_1_247' title='bbox 912 3889 1071 3973; x_wconf 79' lang='lat' dir='ltr'><strong><em>benigne,</em></strong></span> <span class='ocrx_word' id='word_1_248' title='bbox 1104 3887 1387 3953; x_wconf 89' lang='lat' dir='ltr'><strong><em>contribueutibus</em></strong></span> <span class='ocrx_word' id='word_1_249' title='bbox 1411 3887 1548 3972; x_wconf 89' lang='lat' dir='ltr'><strong><em>singulis</em></strong></span> <span class='ocrx_word' id='word_1_250' title='bbox 1572 3885 1664 3949; x_wconf 87' lang='lat' dir='ltr'><strong><em>iuxta</em></strong></span> <span class='ocrx_word' id='word_1_251' title='bbox 1685 3884 1834 3971; x_wconf 87' lang='lat' dir='ltr'><strong><em>proprias</em></strong></span> 
     </span>
     <span class='ocr_line' id='line_1_32' title="bbox 182 3985 1834 4077; baseline -0.003 -24"><span class='ocrx_word' id='word_1_252' title='bbox 182 3989 370 4070; x_wconf 85' lang='lat' dir='ltr'><strong><em>facultates,</em></strong></span> <span class='ocrx_word' id='word_1_253' title='bbox 397 3992 446 4054; x_wconf 90' lang='lat' dir='ltr'><strong><em>ita</em></strong></span> <span class='ocrx_word' id='word_1_254' title='bbox 468 3988 554 4074; x_wconf 91' lang='lat' dir='ltr'><strong><em>quod</em></strong></span> <span class='ocrx_word' id='word_1_255' title='bbox 581 3989 703 4055; x_wconf 90' lang='lat' dir='ltr'><strong><em>honere</em></strong></span> <span class='ocrx_word' id='word_1_256' title='bbox 727 3991 811 4055; x_wconf 91' lang='lat' dir='ltr'><strong><em>inter</em></strong></span> <span class='ocrx_word' id='word_1_257' title='bbox 834 4011 891 4056; x_wconf 89' lang='lat' dir='ltr'><strong><em>eos</em></strong></span> <span class='ocrx_word' id='word_1_258' title='bbox 914 3991 1052 4077; x_wconf 86' lang='lat' dir='ltr'><strong><em>partito,</em></strong></span> <span class='ocrx_word' id='word_1_259' title='bbox 1080 3989 1161 4055; x_wconf 93' lang='lat' dir='ltr'><strong><em>illud</em></strong></span> <span class='ocrx_word' id='word_1_260' title='bbox 1183 3990 1289 4055; x_wconf 89' lang='lat' dir='ltr'><strong><em>levius</em></strong></span> <span class='ocrx_word' id='word_1_261' title='bbox 1315 3991 1402 4056; x_wconf 89' lang='lat' dir='ltr'><strong><em>ferre</em></strong></span> <span class='ocrx_word' id='word_1_262' title='bbox 1424 3996 1574 4076; x_wconf 87' lang='lat' dir='ltr'><strong><em>possent,</em></strong></span> <span class='ocrx_word' id='word_1_263' title='bbox 1603 3993 1637 4054; x_wconf 90' lang='lat' dir='ltr'><strong><em>et</em></strong></span> <span class='ocrx_word' id='word_1_264' title='bbox 1666 3985 1834 4072; x_wconf 84' lang='lat' dir='ltr'><strong><em>sepefatus</em></strong></span> 
     </span>
     <span class='ocr_line' id='line_1_33' title="bbox 181 4086 1835 4179; baseline -0.004 -23"><span class='ocrx_word' id='word_1_265' title='bbox 181 4093 355 4178; x_wconf 87' lang='lat' dir='ltr'><strong><em>episcopus</em></strong></span> <span class='ocrx_word' id='word_1_266' title='bbox 384 4093 426 4157; x_wconf 90' lang='lat' dir='ltr'><strong><em>ab</em></strong></span> <span class='ocrx_word' id='word_1_267' title='bbox 462 4093 542 4179; x_wconf 91' lang='lat' dir='ltr'><strong><em>ipsis</em></strong></span> <span class='ocrx_word' id='word_1_268' title='bbox 574 4091 694 4158; x_wconf 91' lang='lat' dir='ltr'><strong><em>debitis</em></strong></span> <span class='ocrx_word' id='word_1_269' title='bbox 732 4094 866 4159; x_wconf 90' lang='lat' dir='ltr'><strong><em>liberari</em></strong></span> <span class='ocrx_word' id='word_1_270' title='bbox 897 4095 1041 4175; x_wconf 85' lang='lat' dir='ltr'><strong><em>valeret,</em></strong></span> <span class='ocrx_word' id='word_1_271' title='bbox 1073 4093 1255 4159; x_wconf 83' lang='lat' dir='ltr'><strong><em>venerabili</em></strong></span> <span class='ocrx_word' id='word_1_272' title='bbox 1289 4093 1389 4158; x_wconf 85' lang='lat' dir='ltr'><strong><em>fratre</em></strong></span> <span class='ocrx_word' id='word_1_273' title='bbox 1422 4098 1534 4157; x_wconf 89' lang='lat' dir='ltr'><strong><em>nostro</em></strong></span> <span class='ocrx_word' id='word_1_274' title='bbox 1565 4139 1573 4155; x_wconf 94' lang='lat'><strong>.</strong></span> <span class='ocrx_word' id='word_1_275' title='bbox 1603 4141 1610 4157; x_wconf 94' lang='lat'>.</span> <span class='ocrx_word' id='word_1_276' title='bbox 1640 4086 1835 4155; x_wconf 79' lang='lat' dir='ltr'><strong><em>Treverensi</em></strong></span> 
     </span>
     <span class='ocr_line' id='line_1_34' title="bbox 181 4193 1835 4282; baseline -0.004 -22"><span class='ocrx_word' id='word_1_277' title='bbox 181 4195 443 4282; x_wconf 88' lang='lat' dir='ltr'><strong><em>archiepiscopo,</em></strong></span> <span class='ocrx_word' id='word_1_278' title='bbox 473 4217 514 4260; x_wconf 89' lang='lat' dir='ltr'><strong><em>ne</em></strong></span> <span class='ocrx_word' id='word_1_279' title='bbox 543 4195 603 4260; x_wconf 90' lang='lat' dir='ltr'><strong><em>sub</em></strong></span> <span class='ocrx_word' id='word_1_280' title='bbox 632 4197 759 4261; x_wconf 88' lang='lat' dir='ltr'><strong><em>sarcina</em></strong></span> <span class='ocrx_word' id='word_1_281' title='bbox 790 4196 975 4262; x_wconf 88' lang='lat' dir='ltr'><strong><em>debitorum</em></strong></span> <span class='ocrx_word' id='word_1_282' title='bbox 1005 4197 1180 4263; x_wconf 89' lang='lat' dir='ltr'><strong><em>ecclesiam</em></strong></span> <span class='ocrx_word' id='word_1_283' title='bbox 1208 4195 1413 4280; x_wconf 84' lang='lat' dir='ltr'><strong><em>contingeret</em></strong></span> <span class='ocrx_word' id='word_1_284' title='bbox 1444 4193 1584 4281; x_wconf 88' lang='lat' dir='ltr'><strong><em>deprimi</em></strong></span> <span class='ocrx_word' id='word_1_285' title='bbox 1612 4197 1835 4270; x_wconf 80' lang='lat' dir='ltr'><strong><em>memoratum,</em></strong></span> 
     </span>
     <span class='ocr_line' id='line_1_35' title="bbox 184 4295 1835 4384; baseline -0.003 -21"><span class='ocrx_word' id='word_1_286' title='bbox 184 4299 248 4384; x_wconf 88' lang='lat' dir='ltr'><strong><em>ipsi</em></strong></span> <span class='ocrx_word' id='word_1_287' title='bbox 270 4298 425 4383; x_wconf 89' lang='lat' dir='ltr'><strong><em>episcopo</em></strong></span> <span class='ocrx_word' id='word_1_288' title='bbox 448 4318 548 4383; x_wconf 88' lang='lat' dir='ltr'><strong><em>super</em></strong></span> <span class='ocrx_word' id='word_1_289' title='bbox 569 4297 631 4362; x_wconf 91' lang='lat' dir='ltr'><strong><em>hoc</em></strong></span> <span class='ocrx_word' id='word_1_290' title='bbox 658 4305 833 4364; x_wconf 87' lang='lat' dir='ltr'><strong><em>executore</em></strong></span> <span class='ocrx_word' id='word_1_291' title='bbox 858 4319 1043 4365; x_wconf 52' lang='lat' dir='ltr'><strong><em>concesso.»</em></strong></span> <span class='ocrx_word' id='word_1_292' title='bbox 1071 4299 1136 4374; x_wconf 86' lang='lat' dir='ltr'><strong><em>Qui</em></strong></span> <span class='ocrx_word' id='word_1_293' title='bbox 1156 4299 1332 4363; x_wconf 88' lang='lat' dir='ltr'><strong><em>multorum</em></strong></span> <span class='ocrx_word' id='word_1_294' title='bbox 1351 4297 1463 4362; x_wconf 87' lang='lat' dir='ltr'><strong><em>habito</em></strong></span> <span class='ocrx_word' id='word_1_295' title='bbox 1485 4295 1620 4361; x_wconf 91' lang='lat' dir='ltr'><strong><em>consilio</em></strong></span> <span class='ocrx_word' id='word_1_296' title='bbox 1640 4295 1835 4381; x_wconf 89' lang='lat' dir='ltr'><strong><em>sapientum,</em></strong></span> 
     </span>
     <span class='ocr_line' id='line_1_36' title="bbox 184 4394 1836 4489; baseline -0.002 -24"><span class='ocrx_word' id='word_1_297' title='bbox 184 4407 338 4485; x_wconf 89' lang='lat' dir='ltr'><strong><em>quantum</em></strong></span> <span class='ocrx_word' id='word_1_298' title='bbox 369 4399 506 4485; x_wconf 90' lang='lat' dir='ltr'><strong><em>quisque</em></strong></span> <span class='ocrx_word' id='word_1_299' title='bbox 538 4401 686 4485; x_wconf 89' lang='lat' dir='ltr'><strong><em>pensatis</em></strong></span> <span class='ocrx_word' id='word_1_300' title='bbox 719 4400 930 4467; x_wconf 88' lang='lat' dir='ltr'><strong><em>facultatibus</em></strong></span> <span class='ocrx_word' id='word_1_301' title='bbox 966 4394 1168 4489; x_wconf 77' lang='lat' dir='ltr'><strong><em>singulorum</em></strong></span> <span class='ocrx_word' id='word_1_302' title='bbox 1197 4421 1256 4488; x_wconf 92' lang='lat' dir='ltr'><strong><em>pro</em></strong></span> <span class='ocrx_word' id='word_1_303' title='bbox 1287 4400 1450 4464; x_wconf 88' lang='lat' dir='ltr'><strong><em>solutione</em></strong></span> <span class='ocrx_word' id='word_1_304' title='bbox 1484 4405 1612 4485; x_wconf 88' lang='lat' dir='ltr'><strong><em>septem</em></strong></span> <span class='ocrx_word' id='word_1_305' title='bbox 1646 4397 1772 4462; x_wconf 90' lang='lat' dir='ltr'><strong><em>milium</em></strong></span> <span class='ocrx_word' id='word_1_306' title='bbox 1801 4401 1836 4460; x_wconf 90' lang='lat' dir='ltr'><strong><em>et</em></strong></span> 
     </span>
     <span class='ocr_line' id='line_1_37' title="bbox 185 4491 1836 4590; baseline -0.002 -23"><span class='ocrx_word' id='word_1_307' title='bbox 185 4491 434 4588; x_wconf 83' lang='lat' dir='ltr'><strong><em>quingentarum</em></strong></span> <span class='ocrx_word' id='word_1_308' title='bbox 455 4522 636 4568; x_wconf 87' lang='lat' dir='ltr'><strong><em>marcarum</em></strong></span> <span class='ocrx_word' id='word_1_309' title='bbox 656 4503 865 4570; x_wconf 89' lang='lat' dir='ltr'><strong><em>contribuere</em></strong></span> <span class='ocrx_word' id='word_1_310' title='bbox 881 4511 1060 4586; x_wconf 87' lang='lat' dir='ltr'><strong><em>teneretur,</em></strong></span> <span class='ocrx_word' id='word_1_311' title='bbox 1083 4502 1221 4590; x_wconf 81' lang='lat' dir='ltr'><strong><em>provida</em></strong></span> <span class='ocrx_word' id='word_1_312' title='bbox 1236 4501 1471 4567; x_wconf 87' lang='lat' dir='ltr'><strong><em>deliberatione</em></strong></span> <span class='ocrx_word' id='word_1_313' title='bbox 1493 4502 1628 4582; x_wconf 66' lang='lat' dir='ltr'><strong><em>aravit,</em></strong></span> <span class='ocrx_word' id='word_1_314' title='bbox 1650 4501 1684 4565; x_wconf 91' lang='lat' dir='ltr'><strong><em>in</em></strong></span> <span class='ocrx_word' id='word_1_315' title='bbox 1706 4505 1836 4566; x_wconf 89' lang='lat' dir='ltr'><strong><em>contra-</em></strong></span> 
     </span>
     <span class='ocr_line' id='line_1_38' title="bbox 185 4603 1836 4692; baseline -0.001 -24"><span class='ocrx_word' id='word_1_316' title='bbox 185 4605 326 4670; x_wconf 85' lang='lat' dir='ltr'><strong><em>dictores</em></strong></span> <span class='ocrx_word' id='word_1_317' title='bbox 348 4610 382 4669; x_wconf 91' lang='lat' dir='ltr'><strong><em>et</em></strong></span> <span class='ocrx_word' id='word_1_318' title='bbox 403 4604 545 4670; x_wconf 89' lang='lat' dir='ltr'><strong><em>rebelles</em></strong></span> <span class='ocrx_word' id='word_1_319' title='bbox 561 4607 908 4672; x_wconf 83' lang='lat' dir='ltr'><strong><em>excommunicationis</em></strong></span> <span class='ocrx_word' id='word_1_320' title='bbox 934 4609 1131 4673; x_wconf 89' lang='lat' dir='ltr'><strong><em>sententiam</em></strong></span> <span class='ocrx_word' id='word_1_321' title='bbox 1145 4603 1392 4692; x_wconf 87' lang='lat' dir='ltr'><strong><em>promulgando.</em></strong></span> <span class='ocrx_word' id='word_1_322' title='bbox 1436 4604 1506 4670; x_wconf 87' lang='lat' dir='ltr'><strong><em>Nos</em></strong></span> <span class='ocrx_word' id='word_1_323' title='bbox 1522 4605 1621 4691; x_wconf 84' lang='lat' dir='ltr'><strong><em>igitur</em></strong></span> <span class='ocrx_word' id='word_1_324' title='bbox 1635 4603 1836 4669; x_wconf 81' lang='lat' dir='ltr'><strong><em>taxationem</em></strong></span> 
     </span>
     <span class='ocr_line' id='line_1_39' title="bbox 185 4706 1836 4796; baseline -0.001 -25"><span class='ocrx_word' id='word_1_325' title='bbox 185 4727 284 4793; x_wconf 90' lang='lat' dir='ltr'><strong><em>super</em></strong></span> <span class='ocrx_word' id='word_1_326' title='bbox 319 4707 489 4793; x_wconf 87' lang='lat' dir='ltr'><strong><em>premissis</em></strong></span> <span class='ocrx_word' id='word_1_327' title='bbox 527 4707 646 4774; x_wconf 87' lang='lat' dir='ltr'><strong><em>factam</em></strong></span> <span class='ocrx_word' id='word_1_328' title='bbox 683 4709 725 4774; x_wconf 88' lang='lat' dir='ltr'><strong><em>ab</em></strong></span> <span class='ocrx_word' id='word_1_329' title='bbox 767 4710 1016 4796; x_wconf 88' lang='lat' dir='ltr'><strong><em>archiepiscopo</em></strong></span> <span class='ocrx_word' id='word_1_330' title='bbox 1059 4708 1247 4796; x_wconf 88' lang='lat' dir='ltr'><strong><em>supradicto</em></strong></span> <span class='ocrx_word' id='word_1_331' title='bbox 1288 4715 1414 4793; x_wconf 82' lang='lat' dir='ltr'><strong><em>gratam</em></strong></span> <span class='ocrx_word' id='word_1_332' title='bbox 1453 4714 1487 4772; x_wconf 88' lang='lat' dir='ltr'><strong><em>et</em></strong></span> <span class='ocrx_word' id='word_1_333' title='bbox 1526 4715 1630 4773; x_wconf 87' lang='lat' dir='ltr'><strong><em>ratem</em></strong></span> <span class='ocrx_word' id='word_1_334' title='bbox 1666 4706 1836 4785; x_wconf 88' lang='lat' dir='ltr'><strong><em>habentes,</em></strong></span> 
     </span>
     <span class='ocr_line' id='line_1_40' title="bbox 187 4806 1837 4899; baseline -0.002 -25"><span class='ocrx_word' id='word_1_335' title='bbox 187 4809 335 4874; x_wconf 88' lang='lat' dir='ltr'><strong><em>districte</em></strong></span> <span class='ocrx_word' id='word_1_336' title='bbox 357 4809 419 4873; x_wconf 90' lang='lat' dir='ltr'><strong><em>tibi</em></strong></span> <span class='ocrx_word' id='word_1_337' title='bbox 442 4830 501 4894; x_wconf 92' lang='lat' dir='ltr'><strong><em>per</em></strong></span> <span class='ocrx_word' id='word_1_338' title='bbox 522 4812 703 4896; x_wconf 87' lang='lat' dir='ltr'><strong><em>apostolica</em></strong></span> <span class='ocrx_word' id='word_1_339' title='bbox 727 4813 848 4899; x_wconf 86' lang='lat' dir='ltr'><strong><em>scripta</em></strong></span> <span class='ocrx_word' id='word_1_340' title='bbox 870 4812 1072 4893; x_wconf 86' lang='lat' dir='ltr'><strong><em>mandamus,</em></strong></span> <span class='ocrx_word' id='word_1_341' title='bbox 1096 4809 1248 4897; x_wconf 77' lang='lat' dir='ltr'><strong><em>quatiaris</em></strong></span> <span class='ocrx_word' id='word_1_342' title='bbox 1266 4809 1606 4876; x_wconf 87' lang='lat' dir='ltr'><strong><em>excomunicationem</em></strong></span> <span class='ocrx_word' id='word_1_343' title='bbox 1628 4811 1693 4874; x_wconf 87' lang='lat' dir='ltr'><strong><em>iam</em></strong></span> <span class='ocrx_word' id='word_1_344' title='bbox 1716 4806 1837 4873; x_wconf 88' lang='lat' dir='ltr'><strong><em>dictam</em></strong></span> 
     </span>
     <span class='ocr_line' id='line_1_41' title="bbox 184 4909 1838 5002; baseline -0.004 -25"><span class='ocrx_word' id='word_1_345' title='bbox 184 4913 217 4976; x_wconf 91' lang='lat' dir='ltr'><strong><em>in</em></strong></span> <span class='ocrx_word' id='word_1_346' title='bbox 233 4910 488 4977; x_wconf 87' lang='lat' dir='ltr'><strong><em>contradictores</em></strong></span> <span class='ocrx_word' id='word_1_347' title='bbox 505 4918 538 4977; x_wconf 90' lang='lat' dir='ltr'><strong><em>et</em></strong></span> <span class='ocrx_word' id='word_1_348' title='bbox 554 4914 695 4980; x_wconf 89' lang='lat' dir='ltr'><strong><em>rebelles</em></strong></span> <span class='ocrx_word' id='word_1_349' title='bbox 710 4915 751 4980; x_wconf 91' lang='lat' dir='ltr'><strong><em>ab</em></strong></span> <span class='ocrx_word' id='word_1_350' title='bbox 768 4915 1015 5002; x_wconf 89' lang='lat' dir='ltr'><strong><em>archiepiscopo</em></strong></span> <span class='ocrx_word' id='word_1_351' title='bbox 1036 4920 1218 4979; x_wconf 87' lang='lat' dir='ltr'><strong><em>memorato</em></strong></span> <span class='ocrx_word' id='word_1_352' title='bbox 1237 4916 1406 5000; x_wconf 88' lang='lat' dir='ltr'><strong><em>prolatam,</em></strong></span> <span class='ocrx_word' id='word_1_353' title='bbox 1431 4913 1517 4977; x_wconf 87' lang='lat' dir='ltr'><strong><em>sicut</em></strong></span> <span class='ocrx_word' id='word_1_354' title='bbox 1533 4919 1585 4977; x_wconf 86' lang='lat' dir='ltr'><strong><em>est</em></strong></span> <span class='ocrx_word' id='word_1_355' title='bbox 1600 4909 1838 4976; x_wconf 87' lang='lat' dir='ltr'><strong><em>rationabiliter</em></strong></span> 
     </span>
     <span class='ocr_line' id='line_1_42' title="bbox 185 5010 1836 5103; baseline -0.003 -25"><span class='ocrx_word' id='word_1_356' title='bbox 185 5015 405 5102; x_wconf 80' lang='lat' dir='ltr'><strong><em>promulgata,</em></strong></span> <span class='ocrx_word' id='word_1_357' title='bbox 435 5012 536 5079; x_wconf 88' lang='lat' dir='ltr'><strong><em>facias</em></strong></span> <span class='ocrx_word' id='word_1_358' title='bbox 566 5037 668 5102; x_wconf 91' lang='lat' dir='ltr'><strong><em>usque</em></strong></span> <span class='ocrx_word' id='word_1_359' title='bbox 692 5016 733 5083; x_wconf 93' lang='lat' dir='ltr'><strong><em>ad</em></strong></span> <span class='ocrx_word' id='word_1_360' title='bbox 756 5017 1014 5084; x_wconf 87' lang='lat' dir='ltr'><strong><em>satisfactionem</em></strong></span> <span class='ocrx_word' id='word_1_361' title='bbox 1044 5016 1239 5103; x_wconf 83' lang='lat' dir='ltr'><strong><em>condignam</em></strong></span> <span class='ocrx_word' id='word_1_362' title='bbox 1264 5016 1391 5083; x_wconf 85' lang='lat' dir='ltr'><strong><em>sublato</em></strong></span> <span class='ocrx_word' id='word_1_363' title='bbox 1415 5013 1643 5102; x_wconf 89' lang='lat' dir='ltr'><strong><em>appellationis</em></strong></span> <span class='ocrx_word' id='word_1_364' title='bbox 1666 5010 1836 5077; x_wconf 84' lang='lat' dir='ltr'><strong><em>obstaculo</em></strong></span> 
     </span>
     <span class='ocr_line' id='line_1_43' title="bbox 187 5116 618 5186; baseline 0.009 -5"><span class='ocrx_word' id='word_1_365' title='bbox 187 5116 419 5183; x_wconf 77' lang='lat' dir='ltr'><strong><em>inviolabiliter</em></strong></span> <span class='ocrx_word' id='word_1_366' title='bbox 441 5117 618 5186; x_wconf 86' lang='lat' dir='ltr'><strong><em>observari.</em></strong></span> 
     </span>
    </p>
   </div>
   <div class='ocr_carea' id='block_1_11' title="bbox 290 5266 1648 5360">
    <p class='ocr_par' dir='ltr' id='par_1_11' title="bbox 290 5266 1648 5360">
     <span class='ocr_line' id='line_1_44' title="bbox 290 5266 1648 5360; baseline -0.002 -25"><span class='ocrx_word' id='word_1_367' title='bbox 290 5271 378 5337; x_wconf 86' lang='lat' dir='ltr'><strong><em>Data</em></strong></span> <span class='ocrx_word' id='word_1_368' title='bbox 399 5270 538 5353; x_wconf 89' lang='lat' dir='ltr'><strong><em>Perusii,</em></strong></span> <span class='ocrx_word' id='word_1_369' title='bbox 561 5271 629 5336; x_wconf 84' lang='lat' dir='ltr'><strong><em>VII</em></strong></span> <span class='ocrx_word' id='word_1_370' title='bbox 651 5271 818 5338; x_wconf 86' lang='lat' dir='ltr'><strong><em>Kalendas</em></strong></span> <span class='ocrx_word' id='word_1_371' title='bbox 841 5271 1048 5354; x_wconf 87' lang='lat' dir='ltr'><strong><em>Novembris,</em></strong></span> <span class='ocrx_word' id='word_1_372' title='bbox 1071 5272 1279 5360; x_wconf 87' lang='lat' dir='ltr'><strong><em>pontificatus</em></strong></span> <span class='ocrx_word' id='word_1_373' title='bbox 1303 5270 1406 5335; x_wconf 88' lang='lat' dir='ltr'><strong><em>nostri</em></strong></span> <span class='ocrx_word' id='word_1_374' title='bbox 1432 5289 1517 5333; x_wconf 91' lang='lat' dir='ltr'><strong><em>auno</em></strong></span> <span class='ocrx_word' id='word_1_375' title='bbox 1540 5266 1648 5332; x_wconf 88' lang='lat' dir='ltr'><strong><em>tertio.</em></strong></span> 
     </span>
    </p>
   </div>
   <div class='ocr_carea' id='block_1_12' title="bbox 292 5593 1420 5666">
    <p class='ocr_par' dir='ltr' id='par_1_12' title="bbox 292 5593 1420 5666">
     <span class='ocr_line' id='line_1_45' title="bbox 292 5593 1420 5666; baseline -0.002 -16"><span class='ocrx_word' id='word_1_376' title='bbox 292 5598 317 5664; x_wconf 87' lang='lat' dir='ltr'><strong><em>l)</em></strong></span> <span class='ocrx_word' id='word_1_377' title='bbox 339 5593 382 5664; x_wconf 80' lang='lat' dir='ltr'><strong><em>Os.</em></strong></span> <span class='ocrx_word' id='word_1_378' title='bbox 402 5595 516 5650; x_wconf 76' lang='lat' dir='ltr'><strong><em>litationi</em></strong></span> <span class='ocrx_word' id='word_1_379' title='bbox 535 5595 621 5648; x_wconf 83' lang='lat' dir='ltr'><strong><em>Gesta</em></strong></span> <span class='ocrx_word' id='word_1_380' title='bbox 638 5596 737 5649; x_wconf 83' lang='lat' dir='ltr'><strong><em>Senon.</em></strong></span> <span class='ocrx_word' id='word_1_381' title='bbox 756 5594 815 5648; x_wconf 83' lang='lat' dir='ltr'><strong><em>cccl.</em></strong></span> <span class='ocrx_word' id='word_1_382' title='bbox 835 5594 895 5649; x_wconf 82' lang='lat' dir='ltr'><strong><em>Lib.</em></strong></span> <span class='ocrx_word' id='word_1_383' title='bbox 916 5593 969 5658; x_wconf 87' lang='lat' dir='ltr'><strong><em>IV,</em></strong></span> <span class='ocrx_word' id='word_1_384' title='bbox 987 5610 1009 5647; x_wconf 90' lang='lat' dir='ltr'><strong><em>o.</em></strong></span> <span class='ocrx_word' id='word_1_385' title='bbox 1027 5599 1077 5658; x_wconf 75' lang='lat'><strong><em>25⁸3</em></strong></span> <span class='ocrx_word' id='word_1_386' title='bbox 1096 5595 1144 5649; x_wconf 82' lang='lat' dir='ltr'><strong><em>SS.</em></strong></span> <span class='ocrx_word' id='word_1_387' title='bbox 1162 5597 1181 5648; x_wconf 92' lang='lat' dir='ltr'><strong><em>t.</em></strong></span> <span class='ocrx_word' id='word_1_388' title='bbox 1200 5594 1295 5664; x_wconf 87' lang='lat' dir='ltr'><strong><em>XXV,</em></strong></span> <span class='ocrx_word' id='word_1_389' title='bbox 1310 5613 1340 5666; x_wconf 85' lang='lat' dir='ltr'><strong><em>p.</em></strong></span> <span class='ocrx_word' id='word_1_390' title='bbox 1361 5599 1420 5650; x_wconf 80' lang='lat'><strong><em>312.</em></strong></span> 
     </span>
    </p>
   </div>
   <div class='ocr_carea' id='block_1_13' title="bbox 0 0 2276 6404">
    <p class='ocr_par' dir='ltr' id='par_1_13' title="bbox 0 0 2276 6404">
     <span class='ocr_line' id='line_1_46' title="bbox 0 0 2276 6404; baseline 0 0"><span class='ocrx_word' id='word_1_391' title='bbox 0 0 2276 6404; x_wconf 95' lang='lat' dir='ltr'><strong><em> </em></strong></span> 
     </span>
    </p>
   </div>
  </div>
 </body>
</html>
