<?xml version="1.0" encoding="UTF-8"?>
<!DOCTYPE html PUBLIC "-//W3C//DTD XHTML 1.0 Transitional//EN"
    "http://www.w3.org/TR/xhtml1/DTD/xhtml1-transitional.dtd">
<html xmlns="http://www.w3.org/1999/xhtml" xml:lang="en" lang="en">
 <head>
  <title>
</title>
<meta http-equiv="Content-Type" content="text/html;charset=utf-8" />
  <meta name='ocr-system' content='tesseract 3.04.00' />
  <meta name='ocr-capabilities' content='ocr_page ocr_carea ocr_par ocr_line ocrx_word'/>
</head>
<body>
  <div class='ocr_page' id='page_1' title='image "./monumentagerman00peipgoog/monumentagerman00peipgoog_0678.png"; bbox 0 0 4596 6406; ppageno 0'>
   <div class='ocr_carea' id='block_1_1' title="bbox 163 973 175 1012">
    <p class='ocr_par' dir='ltr' id='par_1_1' title="bbox 163 973 175 1012">
     <span class='ocr_line' id='line_1_1' title="bbox 163 973 175 1012; baseline 0 0"><span class='ocrx_word' id='word_1_1' title='bbox 163 973 175 1012; x_wconf 75' lang='grc'><strong>5</strong></span> 
     </span>
    </p>
   </div>
   <div class='ocr_carea' id='block_1_2' title="bbox 153 2063 177 2100">
    <p class='ocr_par' dir='ltr' id='par_1_2' title="bbox 153 2063 177 2100">
     <span class='ocr_line' id='line_1_2' title="bbox 153 2063 177 2100; baseline 0 0"><span class='ocrx_word' id='word_1_2' title='bbox 153 2063 177 2100; x_wconf 84' lang='grc'>10</span> 
     </span>
    </p>
   </div>
   <div class='ocr_carea' id='block_1_3' title="bbox 154 2831 177 2868">
    <p class='ocr_par' dir='ltr' id='par_1_3' title="bbox 154 2831 177 2868">
     <span class='ocr_line' id='line_1_3' title="bbox 154 2831 177 2868; baseline 0 0"><span class='ocrx_word' id='word_1_3' title='bbox 154 2831 177 2868; x_wconf 80' lang='grc'>15</span> 
     </span>
    </p>
   </div>
   <div class='ocr_carea' id='block_1_4' title="bbox 152 3327 179 3377">
    <p class='ocr_par' dir='ltr' id='par_1_4' title="bbox 152 3327 179 3377">
     <span class='ocr_line' id='line_1_4' title="bbox 152 3327 179 3377; baseline 0 0"><span class='ocrx_word' id='word_1_4' title='bbox 152 3327 179 3377; x_wconf 72' lang='lat' dir='ltr'>ab</span> 
     </span>
    </p>
   </div>
   <div class='ocr_carea' id='block_1_5' title="bbox 154 3843 179 3883">
    <p class='ocr_par' dir='ltr' id='par_1_5' title="bbox 154 3843 179 3883">
     <span class='ocr_line' id='line_1_5' title="bbox 154 3843 179 3883; baseline -0.04 0"><span class='ocrx_word' id='word_1_5' title='bbox 154 3843 179 3883; x_wconf 74' lang='lat'>2⁵</span> 
     </span>
    </p>
   </div>
   <div class='ocr_carea' id='block_1_6' title="bbox 154 5067 180 5105">
    <p class='ocr_par' dir='ltr' id='par_1_6' title="bbox 154 5067 180 5105">
     <span class='ocr_line' id='line_1_6' title="bbox 154 5067 180 5105; baseline 0 0"><span class='ocrx_word' id='word_1_6' title='bbox 154 5067 180 5105; x_wconf 72' lang='grc'>35</span> 
     </span>
    </p>
   </div>
   <div class='ocr_carea' id='block_1_7' title="bbox 792 378 1883 472">
    <p class='ocr_par' dir='ltr' id='par_1_7' title="bbox 792 378 1883 472">
     <span class='ocr_line' id='line_1_7' title="bbox 792 378 1883 472; baseline 0.019 -40"><span class='ocrx_word' id='word_1_7' title='bbox 792 378 993 436; x_wconf 78' lang='lat' dir='ltr'>EPISTOLAE</span> <span class='ocrx_word' id='word_1_8' title='bbox 1010 382 1200 472; x_wconf 77' lang='lat' dir='ltr'>SELEC&#39;I&#39;AE.</span> <span class='ocrx_word' id='word_1_9' title='bbox 1237 385 1312 440; x_wconf 84' lang='grc'><em>1239.</em></span> <span class='ocrx_word' id='word_1_10' title='bbox 1819 393 1883 452; x_wconf 84' lang='grc'>655</span> 
     </span>
    </p>
   </div>
   <div class='ocr_carea' id='block_1_8' title="bbox 225 540 1883 750">
    <p class='ocr_par' dir='ltr' id='par_1_8' title="bbox 225 540 1883 750">
     <span class='ocr_line' id='line_1_8' title="bbox 225 540 1883 646; baseline 0.013 -44"><span class='ocrx_word' id='word_1_11' title='bbox 225 540 475 626; x_wconf 81' lang='lat' dir='ltr'><strong>imperatoribus</strong></span> <span class='ocrx_word' id='word_1_12' title='bbox 507 547 560 631; x_wconf 88' lang='lat' dir='ltr'>pie</span> <span class='ocrx_word' id='word_1_13' title='bbox 594 569 633 610; x_wconf 91' lang='lat' dir='ltr'>ac</span> <span class='ocrx_word' id='word_1_14' title='bbox 669 551 803 636; x_wconf 87' lang='lat' dir='ltr'>provide</span> <span class='ocrx_word' id='word_1_15' title='bbox 835 554 939 618; x_wconf 85' lang='lat' dir='ltr'>iactas</span> <span class='ocrx_word' id='word_1_16' title='bbox 974 557 1114 622; x_wconf 87' lang='lat' dir='ltr'>ecclesio</span> <span class='ocrx_word' id='word_1_17' title='bbox 1146 564 1342 639; x_wconf 88' lang='lat' dir='ltr'>memorate,</span> <span class='ocrx_word' id='word_1_18' title='bbox 1376 559 1460 623; x_wconf 93' lang='lat' dir='ltr'>sicut</span> <span class='ocrx_word' id='word_1_19' title='bbox 1492 559 1525 623; x_wconf 93' lang='lat' dir='ltr'>in</span> <span class='ocrx_word' id='word_1_20' title='bbox 1559 580 1671 624; x_wconf 87' lang='lat' dir='ltr'>eorum</span> <span class='ocrx_word' id='word_1_21' title='bbox 1705 560 1883 646; x_wconf 83' lang='lat' dir='ltr'>privilegiis</span> 
     </span>
     <span class='ocr_line' id='line_1_9' title="bbox 225 643 1882 750; baseline 0.015 -46"><span class='ocrx_word' id='word_1_22' title='bbox 225 643 354 727; x_wconf 85' lang='lat' dir='ltr'>plenius</span> <span class='ocrx_word' id='word_1_23' title='bbox 370 648 565 728; x_wconf 78' lang='lat' dir='ltr'>continetur,</span> <span class='ocrx_word' id='word_1_24' title='bbox 589 673 717 718; x_wconf 83' lang='lat' dir='ltr'>necnon</span> <span class='ocrx_word' id='word_1_25' title='bbox 740 655 910 722; x_wconf 77' lang='lat' dir='ltr'>libertates</span> <span class='ocrx_word' id='word_1_26' title='bbox 934 665 967 723; x_wconf 90' lang='lat' dir='ltr'>et</span> <span class='ocrx_word' id='word_1_27' title='bbox 990 659 1221 742; x_wconf 88' lang='lat' dir='ltr'>immunitates,</span> <span class='ocrx_word' id='word_1_28' title='bbox 1245 667 1312 724; x_wconf 90' lang='lat' dir='ltr'>tam</span> <span class='ocrx_word' id='word_1_29' title='bbox 1328 683 1348 724; x_wconf 89' lang='lat' dir='ltr'>a</span> <span class='ocrx_word' id='word_1_30' title='bbox 1362 661 1519 726; x_wconf 90' lang='lat' dir='ltr'>Romanis</span> <span class='ocrx_word' id='word_1_31' title='bbox 1537 662 1746 748; x_wconf 84' lang='lat' dir='ltr'>pontificibus</span> <span class='ocrx_word' id='word_1_32' title='bbox 1765 663 1882 750; x_wconf 88' lang='lat' dir='ltr'>prede·</span> 
     </span>
    </p>
   </div>
   <div class='ocr_carea' id='block_1_9' title="bbox 227 747 1884 1058">
    <p class='ocr_par' dir='ltr' id='par_1_9' title="bbox 227 747 1884 1058">
     <span class='ocr_line' id='line_1_10' title="bbox 228 747 1884 848; baseline 0.014 -41"><span class='ocrx_word' id='word_1_33' title='bbox 228 747 414 812; x_wconf 74' lang='lat' dir='ltr'>censoribus</span> <span class='ocrx_word' id='word_1_34' title='bbox 430 753 550 815; x_wconf 90' lang='lat' dir='ltr'>nostris</span> <span class='ocrx_word' id='word_1_35' title='bbox 567 775 662 839; x_wconf 90' lang='lat' dir='ltr'>quam</span> <span class='ocrx_word' id='word_1_36' title='bbox 681 758 723 821; x_wconf 90' lang='lat' dir='ltr'>ab</span> <span class='ocrx_word' id='word_1_37' title='bbox 739 757 1002 845; x_wconf 82' lang='lat' dir='ltr'>imperatoribus,</span> <span class='ocrx_word' id='word_1_38' title='bbox 1026 763 1159 848; x_wconf 86' lang='lat' dir='ltr'>regibus</span> <span class='ocrx_word' id='word_1_39' title='bbox 1182 785 1221 827; x_wconf 91' lang='lat' dir='ltr'>ac</span> <span class='ocrx_word' id='word_1_40' title='bbox 1244 764 1317 828; x_wconf 88' lang='lat' dir='ltr'>aliia</span> <span class='ocrx_word' id='word_1_41' title='bbox 1334 763 1456 829; x_wconf 84' lang='lat' dir='ltr'>Christi</span> <span class='ocrx_word' id='word_1_42' title='bbox 1471 764 1622 830; x_wconf 88' lang='lat' dir='ltr'>fidelibus</span> <span class='ocrx_word' id='word_1_43' title='bbox 1647 766 1884 831; x_wconf 83' lang='lat' dir='ltr'>rationabiliter</span> 
     </span>
     <span class='ocr_line' id='line_1_11' title="bbox 227 853 1882 955; baseline 0.01 -36"><span class='ocrx_word' id='word_1_44' title='bbox 227 853 369 919; x_wconf 86' lang='lat' dir='ltr'>indultas</span> <span class='ocrx_word' id='word_1_45' title='bbox 394 855 516 936; x_wconf 90' lang='lat' dir='ltr'>eidem,</span> <span class='ocrx_word' id='word_1_46' title='bbox 539 861 732 927; x_wconf 89' lang='lat' dir='ltr'>auctoritate</span> <span class='ocrx_word' id='word_1_47' title='bbox 756 865 937 949; x_wconf 87' lang='lat' dir='ltr'>apostolica</span> <span class='ocrx_word' id='word_1_48' title='bbox 959 867 1188 931; x_wconf 87' lang='lat' dir='ltr'>confirmamus</span> <span class='ocrx_word' id='word_1_49' title='bbox 1212 877 1246 934; x_wconf 89' lang='lat' dir='ltr'>et</span> <span class='ocrx_word' id='word_1_50' title='bbox 1268 869 1431 954; x_wconf 87' lang='lat' dir='ltr'>presentis</span> <span class='ocrx_word' id='word_1_51' title='bbox 1455 869 1567 955; x_wconf 91' lang='lat' dir='ltr'>scripti</span> <span class='ocrx_word' id='word_1_52' title='bbox 1590 870 1770 955; x_wconf 85' lang='lat' dir='ltr'>patrocinio</span> <span class='ocrx_word' id='word_1_53' title='bbox 1795 891 1882 934; x_wconf 91' lang='lat' dir='ltr'>com-</span> 
     </span>
     <span class='ocr_line' id='line_1_12' title="bbox 228 960 1599 1058; baseline 0.01 -36"><span class='ocrx_word' id='word_1_54' title='bbox 228 960 400 1024; x_wconf 92' lang='lat' dir='ltr'>munimus.</span> <span class='ocrx_word' id='word_1_55' title='bbox 445 961 535 1026; x_wconf 90' lang='lat' dir='ltr'>Nulli</span> <span class='ocrx_word' id='word_1_56' title='bbox 560 985 638 1050; x_wconf 87' lang='lat' dir='ltr'>ergo</span> <span class='ocrx_word' id='word_1_57' title='bbox 663 1005 704 1012; x_wconf 92' lang='lat'><em>-</em></span> <span class='ocrx_word' id='word_1_58' title='bbox 727 973 838 1032; x_wconf 87' lang='lat' dir='ltr'>nostre</span> <span class='ocrx_word' id='word_1_59' title='bbox 863 969 1118 1036; x_wconf 83' lang='lat' dir='ltr'>confirmationis</span> <span class='ocrx_word' id='word_1_60' title='bbox 1141 977 1203 1038; x_wconf 92' lang='lat' dir='ltr'>etc.</span> <span class='ocrx_word' id='word_1_61' title='bbox 1250 971 1285 1036; x_wconf 85' lang='lat' dir='ltr'>Si</span> <span class='ocrx_word' id='word_1_62' title='bbox 1308 972 1379 1058; x_wconf 93' lang='lat' dir='ltr'>quis</span> <span class='ocrx_word' id='word_1_63' title='bbox 1402 978 1513 1037; x_wconf 89' lang='lat' dir='ltr'>autem</span> <span class='ocrx_word' id='word_1_64' title='bbox 1537 979 1599 1039; x_wconf 90' lang='lat' dir='ltr'>etc.</span> 
     </span>
    </p>
   </div>
   <div class='ocr_carea' id='block_1_10' title="bbox 335 1079 1048 1171">
    <p class='ocr_par' dir='ltr' id='par_1_10' title="bbox 335 1079 1048 1171">
     <span class='ocr_line' id='line_1_13' title="bbox 335 1079 1048 1171; baseline 0.021 -28"><span class='ocrx_word' id='word_1_65' title='bbox 335 1079 412 1144; x_wconf 91' lang='lat' dir='ltr'>Dat.</span> <span class='ocrx_word' id='word_1_66' title='bbox 436 1083 599 1168; x_wconf 83' lang='lat' dir='ltr'>Anagnia,</span> <span class='ocrx_word' id='word_1_67' title='bbox 621 1087 652 1150; x_wconf 90' lang='lat' dir='ltr'><strong>N</strong></span> <span class='ocrx_word' id='word_1_68' title='bbox 656 1109 708 1153; x_wconf 92' lang='lat' dir='ltr'>on.</span> <span class='ocrx_word' id='word_1_69' title='bbox 731 1087 817 1171; x_wconf 93' lang='lat' dir='ltr'>Iulii,</span> <span class='ocrx_word' id='word_1_70' title='bbox 842 1111 928 1155; x_wconf 85' lang='lat' dir='ltr'>anuo</span> <span class='ocrx_word' id='word_1_71' title='bbox 951 1091 1048 1158; x_wconf 90' lang='lat' dir='ltr'>XIII.</span> 
     </span>
    </p>
   </div>
   <div class='ocr_carea' id='block_1_11' title="bbox 849 1337 1261 1346">
    <p class='ocr_par' dir='ltr' id='par_1_11' title="bbox 849 1337 1261 1346">
     <span class='ocr_line' id='line_1_14' title="bbox 849 1337 1261 1346; baseline 0.007 -3"><span class='ocrx_word' id='word_1_72' title='bbox 849 1337 1261 1346; x_wconf 80' lang='lat'><strong>-—————-—-—-—..</strong></span> 
     </span>
    </p>
   </div>
   <div class='ocr_carea' id='block_1_12' title="bbox 1007 1615 1092 1688">
    <p class='ocr_par' dir='ltr' id='par_1_12' title="bbox 1007 1615 1092 1688">
     <span class='ocr_line' id='line_1_15' title="bbox 1007 1615 1092 1688; baseline 0.035 -3"><span class='ocrx_word' id='word_1_73' title='bbox 1007 1615 1092 1688; x_wconf 79' lang='grc'><em>752.</em></span> 
     </span>
    </p>
   </div>
   <div class='ocr_carea' id='block_1_13' title="bbox 228 1720 1884 2142">
    <p class='ocr_par' dir='ltr' id='par_1_13' title="bbox 228 1720 1884 2142">
     <span class='ocr_line' id='line_1_16' title="bbox 335 1720 1884 1834; baseline 0.004 -20"><span class='ocrx_word' id='word_1_74' title='bbox 335 1720 526 1831; x_wconf 66' lang='lat' dir='ltr'>Graeceius</span> <span class='ocrx_word' id='word_1_75' title='bbox 547 1749 604 1814; x_wconf 90' lang='lat' dir='ltr'>IX</span> <span class='ocrx_word' id='word_1_76' title='bbox 628 1771 715 1831; x_wconf 60' lang='lat' dir='ltr'>perra</span> <span class='ocrx_word' id='word_1_77' title='bbox 737 1757 935 1833; x_wconf 81' lang='lat' dir='ltr'>potestatem,</span> <span class='ocrx_word' id='word_1_78' title='bbox 963 1755 1129 1820; x_wconf 81' lang='lat' dir='ltr'>consil-ium</span> <span class='ocrx_word' id='word_1_79' title='bbox 1158 1758 1187 1819; x_wconf 82' lang='lat' dir='ltr'>et</span> <span class='ocrx_word' id='word_1_80' title='bbox 1212 1774 1369 1819; x_wconf 80' lang='lat' dir='ltr'>commane</span> <span class='ocrx_word' id='word_1_81' title='bbox 1396 1753 1649 1834; x_wconf 63' lang='lat' dir='ltr'>mesenatae,</span> <span class='ocrx_word' id='word_1_82' title='bbox 1679 1775 1747 1818; x_wconf 80' lang='lat' dir='ltr'>cem</span> <span class='ocrx_word' id='word_1_83' title='bbox 1774 1759 1884 1820; x_wconf 81' lang='lat' dir='ltr'>contra</span> 
     </span>
     <span class='ocr_line' id='line_1_17' title="bbox 228 1850 1884 1942; baseline 0.007 -28"><span class='ocrx_word' id='word_1_84' title='bbox 228 1850 429 1914; x_wconf 81' lang='lat' dir='ltr'>Fridericum</span> <span class='ocrx_word' id='word_1_85' title='bbox 453 1853 569 1916; x_wconf 81' lang='lat' dir='ltr'>dictum</span> <span class='ocrx_word' id='word_1_86' title='bbox 587 1855 807 1938; x_wconf 25' lang='lat' dir='ltr'>,irrrmratorem</span> <span class='ocrx_word' id='word_1_87' title='bbox 827 1857 920 1938; x_wconf 69' lang='lat' dir='ltr'>fldem</span> <span class='ocrx_word' id='word_1_88' title='bbox 942 1861 971 1922; x_wconf 91' lang='lat' dir='ltr'>et</span> <span class='ocrx_word' id='word_1_89' title='bbox 993 1859 1166 1924; x_wconf 84' lang='lat' dir='ltr'>libertatem</span> <span class='ocrx_word' id='word_1_90' title='bbox 1181 1859 1418 1924; x_wconf 67' lang='lat' dir='ltr'>ecclesiasticam</span> <span class='ocrx_word' id='word_1_91' title='bbox 1433 1857 1604 1942; x_wconf 62' lang='lat' dir='ltr'>dereasmt,</span> <span class='ocrx_word' id='word_1_92' title='bbox 1626 1859 1684 1924; x_wconf 79' lang='lat' dir='ltr'>sue</span> <span class='ocrx_word' id='word_1_93' title='bbox 1693 1860 1884 1940; x_wconf 79' lang='lat' dir='ltr'>protectione</span> 
     </span>
     <span class='ocr_line' id='line_1_18' title="bbox 228 1955 1883 2044; baseline 0.007 -28"><span class='ocrx_word' id='word_1_94' title='bbox 228 1973 288 2017; x_wconf 84' lang='lat' dir='ltr'>sua</span> <span class='ocrx_word' id='word_1_95' title='bbox 309 1956 448 2036; x_wconf 61' lang='lat' dir='ltr'>saccant.</span> <span class='ocrx_word' id='word_1_96' title='bbox 472 1992 525 2042; x_wconf 63' lang='lat'>-,</span> <span class='ocrx_word' id='word_1_97' title='bbox 536 1955 759 2044; x_wconf 78' lang='lat' dir='ltr'>[Theoderico]</span> <span class='ocrx_word' id='word_1_98' title='bbox 780 1960 1010 2043; x_wconf 74' lang='lat' dir='ltr'>archiepiscopo</span> <span class='ocrx_word' id='word_1_99' title='bbox 1032 1962 1215 2027; x_wconf 61' lang='lat' dir='ltr'>&amp;recreati</span> <span class='ocrx_word' id='word_1_100' title='bbox 1236 1962 1290 2026; x_wconf 85' lang='lat' dir='ltr'>boc</span> <span class='ocrx_word' id='word_1_101' title='bbox 1312 1961 1456 2037; x_wconf 78' lang='lat' dir='ltr'>curctict,</span> <span class='ocrx_word' id='word_1_102' title='bbox 1480 1961 1637 2025; x_wconf 75' lang='lat' dir='ltr'>madeas</span> <span class='ocrx_word' id='word_1_103' title='bbox 1658 1983 1697 2026; x_wconf 85' lang='lat' dir='ltr'>ne</span> <span class='ocrx_word' id='word_1_104' title='bbox 1719 1983 1769 2028; x_wconf 86' lang='lat' dir='ltr'>ecs</span> <span class='ocrx_word' id='word_1_105' title='bbox 1790 1962 1883 2027; x_wconf 87' lang='lat' dir='ltr'>molc-</span> 
     </span>
     <span class='ocr_line' id='line_1_19' title="bbox 228 2057 1796 2142; baseline 0.008 -22"><span class='ocrx_word' id='word_1_106' title='bbox 228 2057 311 2120; x_wconf 74' lang='lat' dir='ltr'>scari</span> <span class='ocrx_word' id='word_1_107' title='bbox 330 2059 498 2137; x_wconf 70' lang='lat' dir='ltr'>pemittant.</span> <span class='ocrx_word' id='word_1_108' title='bbox 1423 2065 1517 2142; x_wconf 81' lang='lat'>1239,</span> <span class='ocrx_word' id='word_1_109' title='bbox 1541 2063 1606 2130; x_wconf 74' lang='lat' dir='ltr'>lut.</span> <span class='ocrx_word' id='word_1_110' title='bbox 1628 2068 1672 2129; x_wconf 83' lang='lat'>26</span> <span class='ocrx_word' id='word_1_111' title='bbox 1693 2069 1723 2130; x_wconf 89' lang='lat' dir='ltr'>et</span> <span class='ocrx_word' id='word_1_112' title='bbox 1744 2067 1796 2133; x_wconf 82' lang='lat'>15.</span> 
     </span>
    </p>
   </div>
   <div class='ocr_carea' id='block_1_14' title="bbox 333 2176 1178 2335">
    <p class='ocr_par' dir='ltr' id='par_1_14' title="bbox 333 2176 1178 2335">
     <span class='ocr_line' id='line_1_20' title="bbox 334 2176 1178 2254; baseline 0.011 -24"><span class='ocrx_word' id='word_1_113' title='bbox 334 2176 417 2248; x_wconf 60' lang='grc' dir='ltr'>(ἔτερ.</span> <span class='ocrx_word' id='word_1_114' title='bbox 436 2179 486 2232; x_wconf 88' lang='lat' dir='ltr'>IX</span> <span class='ocrx_word' id='word_1_115' title='bbox 502 2178 570 2249; x_wconf 76' lang='lat' dir='ltr'>lisy.</span> <span class='ocrx_word' id='word_1_116' title='bbox 597 2180 652 2234; x_wconf 81' lang='lat' dir='ltr'>Vol.</span> <span class='ocrx_word' id='word_1_117' title='bbox 678 2181 724 2246; x_wconf 85' lang='lat' dir='ltr'>VI,</span> <span class='ocrx_word' id='word_1_118' title='bbox 744 2189 809 2250; x_wconf 79' lang='lat' dir='ltr'>na,-</span> <span class='ocrx_word' id='word_1_119' title='bbox 826 2184 889 2240; x_wconf 79' lang='lat' dir='ltr'>Lie.</span> <span class='ocrx_word' id='word_1_120' title='bbox 908 2187 998 2254; x_wconf 84' lang='lat' dir='ltr'>XIII,</span> <span class='ocrx_word' id='word_1_121' title='bbox 1017 2189 1054 2240; x_wconf 86' lang='grc'>99</span> <span class='ocrx_word' id='word_1_122' title='bbox 1072 2191 1097 2239; x_wconf 86' lang='lat' dir='ltr'>et</span> <span class='ocrx_word' id='word_1_123' title='bbox 1115 2190 1178 2239; x_wconf 85' lang='lat'><em>100.</em></span> 
     </span>
     <span class='ocr_line' id='line_1_21' title="bbox 333 2263 1136 2335; baseline 0.012 -19"><span class='ocrx_word' id='word_1_124' title='bbox 333 2263 466 2332; x_wconf 70' lang='lat' dir='ltr'>Parmae,</span> <span class='ocrx_word' id='word_1_125' title='bbox 484 2264 554 2335; x_wconf 69' lang='lat' dir='ltr'>Ray.</span> <span class='ocrx_word' id='word_1_126' title='bbox 573 2267 644 2322; x_wconf 69' lang='grc' dir='ltr'>ΑΜ.</span> <span class='ocrx_word' id='word_1_127' title='bbox 663 2269 689 2333; x_wconf 91' lang='grc' dir='ltr'>Ι,</span> <span class='ocrx_word' id='word_1_128' title='bbox 708 2275 803 2326; x_wconf 86' lang='grc'><em>10778</em></span> <span class='ocrx_word' id='word_1_129' title='bbox 809 2289 827 2326; x_wconf 83' lang='grc' dir='ltr'><em>α</em></span> <span class='ocrx_word' id='word_1_130' title='bbox 840 2302 867 2312; x_wconf 89' lang='grc'><strong>-</strong></span> <span class='ocrx_word' id='word_1_131' title='bbox 880 2277 974 2328; x_wconf 84' lang='grc'><em>26292</em></span> <span class='ocrx_word' id='word_1_132' title='bbox 993 2275 1136 2327; x_wconf 82' lang='lat' dir='ltr'>et10777.</span> 
     </span>
    </p>
   </div>
   <div class='ocr_carea' id='block_1_15' title="bbox 489 2494 1618 2728">
    <p class='ocr_par' dir='ltr' id='par_1_15' title="bbox 489 2494 1618 2728">
     <span class='ocr_line' id='line_1_22' title="bbox 1044 2494 1072 2560; baseline 0 0"><span class='ocrx_word' id='word_1_133' title='bbox 1044 2494 1072 2560; x_wconf 93' lang='grc' dir='ltr'>Ι.</span> 
     </span>
     <span class='ocr_line' id='line_1_23' title="bbox 489 2637 1618 2728; baseline -0.006 -12"><span class='ocrx_word' id='word_1_134' title='bbox 489 2690 527 2716; x_wconf 75' lang='grc'>.,.</span> <span class='ocrx_word' id='word_1_135' title='bbox 556 2640 789 2728; x_wconf 82' lang='lat' dir='ltr'>potestati,</span> <span class='ocrx_word' id='word_1_136' title='bbox 816 2637 1015 2713; x_wconf 42' lang='lat' dir='ltr'>consiliow</span> <span class='ocrx_word' id='word_1_137' title='bbox 1037 2645 1079 2713; x_wconf 89' lang='lat' dir='ltr'>et</span> <span class='ocrx_word' id='word_1_138' title='bbox 1105 2638 1326 2714; x_wconf 89' lang='lat' dir='ltr'>communi</span> <span class='ocrx_word' id='word_1_139' title='bbox 1354 2637 1618 2711; x_wconf 87' lang='lat' dir='ltr'>Ravennati.</span> 
     </span>
    </p>
   </div>
   <div class='ocr_carea' id='block_1_16' title="bbox 227 2783 1885 3703">
    <p class='ocr_par' dir='ltr' id='par_1_16' title="bbox 227 2783 1885 3703">
     <span class='ocr_line' id='line_1_24' title="bbox 327 2783 1882 2875; baseline 0.001 -28"><span class='ocrx_word' id='word_1_140' title='bbox 327 2783 511 2850; x_wconf 76' lang='lat' dir='ltr'>cohercere</span> <span class='ocrx_word' id='word_1_141' title='bbox 525 2787 713 2872; x_wconf 86' lang='lat' dir='ltr'>nequitiam,</span> <span class='ocrx_word' id='word_1_142' title='bbox 727 2787 884 2852; x_wconf 87' lang='lat' dir='ltr'>iustitiam</span> <span class='ocrx_word' id='word_1_143' title='bbox 901 2788 1074 2856; x_wconf 86' lang='lat' dir='ltr'>defensare</span> <span class='ocrx_word' id='word_1_144' title='bbox 1091 2789 1195 2854; x_wconf 91' lang='lat' dir='ltr'>oculis</span> <span class='ocrx_word' id='word_1_145' title='bbox 1208 2788 1442 2875; x_wconf 89' lang='lat' dir='ltr'>Redemptoris</span> <span class='ocrx_word' id='word_1_146' title='bbox 1455 2792 1627 2873; x_wconf 90' lang='lat' dir='ltr'>acceptum</span> <span class='ocrx_word' id='word_1_147' title='bbox 1642 2808 1706 2850; x_wconf 92' lang='lat' dir='ltr'>non</span> <span class='ocrx_word' id='word_1_148' title='bbox 1720 2785 1882 2850; x_wconf 91' lang='lat' dir='ltr'>modicum</span> 
     </span>
     <span class='ocr_line' id='line_1_25' title="bbox 229 2885 1882 2978; baseline 0.001 -29"><span class='ocrx_word' id='word_1_149' title='bbox 229 2885 387 2968; x_wconf 89' lang='lat' dir='ltr'>creditur,</span> <span class='ocrx_word' id='word_1_150' title='bbox 421 2895 471 2953; x_wconf 89' lang='lat' dir='ltr'>set</span> <span class='ocrx_word' id='word_1_151' title='bbox 502 2889 694 2954; x_wconf 91' lang='lat' dir='ltr'>catholicam</span> <span class='ocrx_word' id='word_1_152' title='bbox 717 2891 814 2956; x_wconf 84' lang='lat' dir='ltr'>fidem</span> <span class='ocrx_word' id='word_1_153' title='bbox 839 2890 1018 2958; x_wconf 84' lang='lat' dir='ltr'>defendere</span> <span class='ocrx_word' id='word_1_154' title='bbox 1043 2899 1076 2958; x_wconf 90' lang='lat' dir='ltr'>et</span> <span class='ocrx_word' id='word_1_155' title='bbox 1099 2893 1358 2958; x_wconf 89' lang='lat' dir='ltr'>ecclesiasticam</span> <span class='ocrx_word' id='word_1_156' title='bbox 1381 2897 1556 2978; x_wconf 84' lang='lat' dir='ltr'>protegere</span> <span class='ocrx_word' id='word_1_157' title='bbox 1580 2889 1769 2955; x_wconf 88' lang='lat' dir='ltr'>libertatem</span> <span class='ocrx_word' id='word_1_158' title='bbox 1792 2894 1882 2952; x_wconf 90' lang='lat' dir='ltr'>tanto</span> 
     </span>
     <span class='ocr_line' id='line_1_26' title="bbox 227 2990 1883 3081; baseline 0.001 -27"><span class='ocrx_word' id='word_1_159' title='bbox 227 2990 300 3055; x_wconf 90' lang='lat' dir='ltr'>Deo</span> <span class='ocrx_word' id='word_1_160' title='bbox 321 2992 445 3076; x_wconf 81' lang='lat' dir='ltr'>gratius</span> <span class='ocrx_word' id='word_1_161' title='bbox 468 2999 647 3078; x_wconf 88' lang='lat' dir='ltr'>reputatur,</span> <span class='ocrx_word' id='word_1_162' title='bbox 670 2999 790 3079; x_wconf 90' lang='lat' dir='ltr'>quanto</span> <span class='ocrx_word' id='word_1_163' title='bbox 808 2994 882 3081; x_wconf 89' lang='lat' dir='ltr'>plus</span> <span class='ocrx_word' id='word_1_164' title='bbox 900 2995 1014 3060; x_wconf 92' lang='lat' dir='ltr'>salutis</span> <span class='ocrx_word' id='word_1_165' title='bbox 1038 2995 1070 3059; x_wconf 92' lang='lat' dir='ltr'>in</span> <span class='ocrx_word' id='word_1_166' title='bbox 1093 2995 1157 3061; x_wconf 87' lang='lat' dir='ltr'>tide</span> <span class='ocrx_word' id='word_1_167' title='bbox 1179 2994 1356 3061; x_wconf 88' lang='lat' dir='ltr'>humanum</span> <span class='ocrx_word' id='word_1_168' title='bbox 1378 3016 1483 3081; x_wconf 80' lang='lat' dir='ltr'>genus</span> <span class='ocrx_word' id='word_1_169' title='bbox 1500 2994 1666 3080; x_wconf 88' lang='lat' dir='ltr'>consequi,</span> <span class='ocrx_word' id='word_1_170' title='bbox 1696 2997 1883 3079; x_wconf 88' lang='lat' dir='ltr'>quantoque</span> 
     </span>
     <span class='ocr_line' id='line_1_27' title="bbox 228 3094 1883 3185; baseline 0 -27"><span class='ocrx_word' id='word_1_171' title='bbox 228 3094 345 3158; x_wconf 88' lang='lat' dir='ltr'>fortius</span> <span class='ocrx_word' id='word_1_172' title='bbox 380 3094 487 3160; x_wconf 93' lang='lat' dir='ltr'>Deum</span> <span class='ocrx_word' id='word_1_173' title='bbox 521 3097 555 3160; x_wconf 91' lang='lat' dir='ltr'>in</span> <span class='ocrx_word' id='word_1_174' title='bbox 594 3098 736 3162; x_wconf 88' lang='lat' dir='ltr'>ecclesie</span> <span class='ocrx_word' id='word_1_175' title='bbox 769 3099 922 3164; x_wconf 87' lang='lat' dir='ltr'>libertate</span> <span class='ocrx_word' id='word_1_176' title='bbox 959 3099 1121 3164; x_wconf 87' lang='lat' dir='ltr'>credimus</span> <span class='ocrx_word' id='word_1_177' title='bbox 1154 3097 1323 3174; x_wconf 81' lang='lat' dir='ltr'>honorari3</span> <span class='ocrx_word' id='word_1_178' title='bbox 1357 3105 1492 3184; x_wconf 88' lang='lat' dir='ltr'>propter</span> <span class='ocrx_word' id='word_1_179' title='bbox 1524 3097 1610 3185; x_wconf 91' lang='lat' dir='ltr'>quod</span> <span class='ocrx_word' id='word_1_180' title='bbox 1644 3096 1777 3182; x_wconf 86' lang='lat' dir='ltr'>dignum</span> <span class='ocrx_word' id='word_1_181' title='bbox 1809 3115 1883 3158; x_wconf 89' lang='lat' dir='ltr'>csse</span> 
     </span>
     <span class='ocr_line' id='line_1_28' title="bbox 229 3197 1883 3288; baseline 0 -27"><span class='ocrx_word' id='word_1_182' title='bbox 229 3197 452 3276; x_wconf 89' lang='lat' dir='ltr'>decemimus,</span> <span class='ocrx_word' id='word_1_183' title='bbox 483 3200 510 3263; x_wconf 92' lang='lat' dir='ltr'>si</span> <span class='ocrx_word' id='word_1_184' title='bbox 540 3200 731 3266; x_wconf 82' lang='lat' dir='ltr'>defensores</span> <span class='ocrx_word' id='word_1_185' title='bbox 764 3202 905 3268; x_wconf 88' lang='lat' dir='ltr'>ecclesie</span> <span class='ocrx_word' id='word_1_186' title='bbox 936 3209 1028 3267; x_wconf 90' lang='lat' dir='ltr'>scuto</span> <span class='ocrx_word' id='word_1_187' title='bbox 1061 3200 1262 3267; x_wconf 83' lang='lat' dir='ltr'>defensionis</span> <span class='ocrx_word' id='word_1_188' title='bbox 1286 3202 1467 3287; x_wconf 89' lang='lat' dir='ltr'>apostolice</span> <span class='ocrx_word' id='word_1_189' title='bbox 1491 3210 1718 3288; x_wconf 87' lang='lat' dir='ltr'>protegamus,</span> <span class='ocrx_word' id='word_1_190' title='bbox 1749 3205 1786 3262; x_wconf 92' lang='lat' dir='ltr'>ut</span> <span class='ocrx_word' id='word_1_191' title='bbox 1808 3197 1883 3262; x_wconf 90' lang='lat' dir='ltr'>dum</span> 
     </span>
     <span class='ocr_line' id='line_1_29' title="bbox 231 3302 1883 3392; baseline 0.001 -27"><span class='ocrx_word' id='word_1_192' title='bbox 231 3302 279 3366; x_wconf 90' lang='lat' dir='ltr'>eis</span> <span class='ocrx_word' id='word_1_193' title='bbox 297 3323 474 3387; x_wconf 82' lang='lat' dir='ltr'>congruam</span> <span class='ocrx_word' id='word_1_194' title='bbox 491 3305 680 3369; x_wconf 90' lang='lat' dir='ltr'>meritorum</span> <span class='ocrx_word' id='word_1_195' title='bbox 697 3305 803 3370; x_wconf 87' lang='lat' dir='ltr'>vicem</span> <span class='ocrx_word' id='word_1_196' title='bbox 819 3306 1040 3392; x_wconf 90' lang='lat' dir='ltr'>rependimus,</span> <span class='ocrx_word' id='word_1_197' title='bbox 1063 3306 1146 3370; x_wconf 89' lang='lat' dir='ltr'>alios</span> <span class='ocrx_word' id='word_1_198' title='bbox 1161 3305 1204 3369; x_wconf 89' lang='lat' dir='ltr'>ad</span> <span class='ocrx_word' id='word_1_199' title='bbox 1220 3305 1400 3391; x_wconf 88' lang='lat' dir='ltr'>apostolice</span> <span class='ocrx_word' id='word_1_200' title='bbox 1418 3305 1505 3370; x_wconf 90' lang='lat' dir='ltr'>sedis</span> <span class='ocrx_word' id='word_1_201' title='bbox 1522 3305 1682 3390; x_wconf 87' lang='lat' dir='ltr'>obsequia</span> <span class='ocrx_word' id='word_1_202' title='bbox 1697 3303 1883 3368; x_wconf 87' lang='lat' dir='ltr'>invitemus.</span> 
     </span>
     <span class='ocr_line' id='line_1_30' title="bbox 230 3405 1883 3495; baseline 0 -27"><span class='ocrx_word' id='word_1_203' title='bbox 230 3405 318 3469; x_wconf 93' lang='lat' dir='ltr'>Hinc</span> <span class='ocrx_word' id='word_1_204' title='bbox 347 3414 413 3486; x_wconf 91' lang='lat' dir='ltr'>est,</span> <span class='ocrx_word' id='word_1_205' title='bbox 445 3407 531 3492; x_wconf 93' lang='lat' dir='ltr'>quod</span> <span class='ocrx_word' id='word_1_206' title='bbox 563 3428 635 3472; x_wconf 92' lang='lat' dir='ltr'>cum</span> <span class='ocrx_word' id='word_1_207' title='bbox 664 3415 778 3472; x_wconf 90' lang='lat' dir='ltr'>contra</span> <span class='ocrx_word' id='word_1_208' title='bbox 800 3408 1003 3474; x_wconf 84' lang='lat' dir='ltr'>Fridericum</span> <span class='ocrx_word' id='word_1_209' title='bbox 1027 3408 1149 3474; x_wconf 92' lang='lat' dir='ltr'>dictum</span> <span class='ocrx_word' id='word_1_210' title='bbox 1173 3410 1405 3495; x_wconf 87' lang='lat' dir='ltr'>imperatorem</span> <span class='ocrx_word' id='word_1_211' title='bbox 1434 3408 1531 3473; x_wconf 88' lang='lat' dir='ltr'>fidem</span> <span class='ocrx_word' id='word_1_212' title='bbox 1563 3415 1596 3474; x_wconf 92' lang='lat' dir='ltr'>et</span> <span class='ocrx_word' id='word_1_213' title='bbox 1625 3405 1883 3474; x_wconf 89' lang='lat' dir='ltr'>ecelesiasticam</span> 
     </span>
     <span class='ocr_line' id='line_1_31' title="bbox 230 3507 1883 3599; baseline -0.001 -27"><span class='ocrx_word' id='word_1_214' title='bbox 230 3508 416 3575; x_wconf 88' lang='lat' dir='ltr'>libertatem</span> <span class='ocrx_word' id='word_1_215' title='bbox 451 3512 585 3577; x_wconf 89' lang='lat' dir='ltr'>salutari</span> <span class='ocrx_word' id='word_1_216' title='bbox 619 3512 708 3577; x_wconf 90' lang='lat' dir='ltr'>ducti</span> <span class='ocrx_word' id='word_1_217' title='bbox 744 3513 879 3578; x_wconf 90' lang='lat' dir='ltr'>consilio</span> <span class='ocrx_word' id='word_1_218' title='bbox 911 3513 1107 3594; x_wconf 76' lang='lat' dir='ltr'>defensetis,</span> <span class='ocrx_word' id='word_1_219' title='bbox 1143 3535 1203 3578; x_wconf 93' lang='lat' dir='ltr'>nos</span> <span class='ocrx_word' id='word_1_220' title='bbox 1238 3534 1395 3599; x_wconf 86' lang='lat' dir='ltr'>personas</span> <span class='ocrx_word' id='word_1_221' title='bbox 1430 3519 1464 3578; x_wconf 92' lang='lat' dir='ltr'>ct</span> <span class='ocrx_word' id='word_1_222' title='bbox 1494 3513 1660 3577; x_wconf 87' lang='lat' dir='ltr'>civitatem</span> <span class='ocrx_word' id='word_1_223' title='bbox 1692 3516 1817 3574; x_wconf 86' lang='lat' dir='ltr'>vestras</span> <span class='ocrx_word' id='word_1_224' title='bbox 1850 3507 1883 3571; x_wconf 92' lang='lat' dir='ltr'>in</span> 
     </span>
     <span class='ocr_line' id='line_1_32' title="bbox 231 3611 1885 3703; baseline -0.001 -27"><span class='ocrx_word' id='word_1_225' title='bbox 231 3612 404 3680; x_wconf 86' lang='lat' dir='ltr'>devotione</span> <span class='ocrx_word' id='word_1_226' title='bbox 429 3616 568 3681; x_wconf 91' lang='lat' dir='ltr'>ecclesie</span> <span class='ocrx_word' id='word_1_227' title='bbox 592 3618 809 3703; x_wconf 88' lang='lat' dir='ltr'>persistentes</span> <span class='ocrx_word' id='word_1_228' title='bbox 832 3639 893 3684; x_wconf 91' lang='lat' dir='ltr'>nec</span> <span class='ocrx_word' id='word_1_229' title='bbox 926 3640 991 3683; x_wconf 93' lang='lat' dir='ltr'>non</span> <span class='ocrx_word' id='word_1_230' title='bbox 1018 3620 1082 3683; x_wconf 87' lang='lat' dir='ltr'>alia</span> <span class='ocrx_word' id='word_1_231' title='bbox 1114 3619 1216 3698; x_wconf 91' lang='lat' dir='ltr'>bona,</span> <span class='ocrx_word' id='word_1_232' title='bbox 1247 3639 1309 3703; x_wconf 90' lang='lat' dir='ltr'>que</span> <span class='ocrx_word' id='word_1_233' title='bbox 1339 3616 1623 3703; x_wconf 88' lang='lat' dir='ltr'>impresentiarum</span> <span class='ocrx_word' id='word_1_234' title='bbox 1646 3611 1885 3679; x_wconf 89' lang='lat' dir='ltr'>rationabiliter</span> 
     </span>
    </p>
   </div>
   <div class='ocr_carea' id='block_1_17' title="bbox 230 3717 1882 3909">
    <p class='ocr_par' dir='ltr' id='par_1_17' title="bbox 230 3717 1882 3909">
     <span class='ocr_line' id='line_1_33' title="bbox 230 3717 1882 3807; baseline -0.002 -26"><span class='ocrx_word' id='word_1_235' title='bbox 230 3717 422 3803; x_wconf 91' lang='lat' dir='ltr'>possidetis,</span> <span class='ocrx_word' id='word_1_236' title='bbox 458 3719 519 3785; x_wconf 87' lang='lat' dir='ltr'>sub</span> <span class='ocrx_word' id='word_1_237' title='bbox 552 3719 641 3785; x_wconf 89' lang='lat' dir='ltr'>beati</span> <span class='ocrx_word' id='word_1_238' title='bbox 674 3721 765 3786; x_wconf 90' lang='lat' dir='ltr'>Petri</span> <span class='ocrx_word' id='word_1_239' title='bbox 799 3729 861 3787; x_wconf 90' lang='lat' dir='ltr'>etc.</span> <span class='ocrx_word' id='word_1_240' title='bbox 897 3743 1016 3807; x_wconf 91' lang='lat' dir='ltr'>usque:</span> <span class='ocrx_word' id='word_1_241' title='bbox 1051 3723 1299 3788; x_wconf 86' lang='lat' dir='ltr'>commuuimus.</span> <span class='ocrx_word' id='word_1_242' title='bbox 1355 3721 1446 3786; x_wconf 85' lang='lat' dir='ltr'>Nulli</span> <span class='ocrx_word' id='word_1_243' title='bbox 1478 3741 1557 3806; x_wconf 84' lang='lat' dir='ltr'>ergo</span> <span class='ocrx_word' id='word_1_244' title='bbox 1591 3758 1632 3768; x_wconf 96' lang='lat'>-</span> <span class='ocrx_word' id='word_1_245' title='bbox 1663 3723 1773 3782; x_wconf 89' lang='lat' dir='ltr'>nostre</span> <span class='ocrx_word' id='word_1_246' title='bbox 1807 3737 1882 3801; x_wconf 92' lang='lat' dir='ltr'>pro-</span> 
     </span>
     <span class='ocr_line' id='line_1_34' title="bbox 232 3821 863 3909; baseline 0.005 -24"><span class='ocrx_word' id='word_1_247' title='bbox 232 3821 382 3886; x_wconf 92' lang='lat' dir='ltr'>tectionis</span> <span class='ocrx_word' id='word_1_248' title='bbox 406 3828 469 3888; x_wconf 91' lang='lat' dir='ltr'>cte.</span> <span class='ocrx_word' id='word_1_249' title='bbox 515 3823 550 3888; x_wconf 84' lang='lat' dir='ltr'>Si</span> <span class='ocrx_word' id='word_1_250' title='bbox 572 3825 644 3909; x_wconf 91' lang='lat' dir='ltr'>quis</span> <span class='ocrx_word' id='word_1_251' title='bbox 668 3831 778 3890; x_wconf 89' lang='lat' dir='ltr'>autem</span> <span class='ocrx_word' id='word_1_252' title='bbox 801 3832 863 3891; x_wconf 90' lang='lat' dir='ltr'>etc.</span> 
     </span>
    </p>
   </div>
   <div class='ocr_carea' id='block_1_18' title="bbox 338 3941 1777 4375">
    <p class='ocr_par' dir='ltr' id='par_1_18' title="bbox 338 3941 1777 4272">
     <span class='ocr_line' id='line_1_35' title="bbox 341 3941 1361 4033; baseline 0.004 -27"><span class='ocrx_word' id='word_1_253' title='bbox 341 3941 419 4009; x_wconf 88' lang='lat' dir='ltr'>Dat.</span> <span class='ocrx_word' id='word_1_254' title='bbox 442 3944 606 4030; x_wconf 86' lang='lat' dir='ltr'>Anagnia,</span> <span class='ocrx_word' id='word_1_255' title='bbox 630 3946 698 4011; x_wconf 87' lang='lat' dir='ltr'>VII</span> <span class='ocrx_word' id='word_1_256' title='bbox 720 3946 796 4012; x_wconf 89' lang='lat' dir='ltr'>Kal.</span> <span class='ocrx_word' id='word_1_257' title='bbox 819 3947 972 4033; x_wconf 83' lang='lat' dir='ltr'>Augusti,</span> <span class='ocrx_word' id='word_1_258' title='bbox 996 3968 1081 4011; x_wconf 92' lang='lat' dir='ltr'>anno</span> <span class='ocrx_word' id='word_1_259' title='bbox 1104 3946 1200 4012; x_wconf 91' lang='lat' dir='ltr'>tertio</span> <span class='ocrx_word' id='word_1_260' title='bbox 1223 3944 1361 4011; x_wconf 90' lang='lat' dir='ltr'>decimo.</span> 
     </span>
     <span class='ocr_line' id='line_1_36' title="bbox 339 4062 1777 4152; baseline -0.001 -27"><span class='ocrx_word' id='word_1_261' title='bbox 339 4062 378 4126; x_wconf 91' lang='lat' dir='ltr'>In</span> <span class='ocrx_word' id='word_1_262' title='bbox 402 4064 542 4130; x_wconf 89' lang='lat' dir='ltr'>cundem</span> <span class='ocrx_word' id='word_1_263' title='bbox 566 4065 635 4132; x_wconf 85' lang='lat' dir='ltr'>lere</span> <span class='ocrx_word' id='word_1_264' title='bbox 659 4066 791 4132; x_wconf 90' lang='lat' dir='ltr'>modum</span> <span class='ocrx_word' id='word_1_265' title='bbox 815 4068 917 4133; x_wconf 92' lang='lat' dir='ltr'>nobili</span> <span class='ocrx_word' id='word_1_266' title='bbox 940 4069 1009 4133; x_wconf 85' lang='lat' dir='ltr'>viro</span> <span class='ocrx_word' id='word_1_267' title='bbox 1033 4068 1137 4133; x_wconf 92' lang='lat' dir='ltr'>Paulo</span> <span class='ocrx_word' id='word_1_268' title='bbox 1161 4066 1397 4133; x_wconf 83' lang='lat' dir='ltr'>Traversario¹</span> <span class='ocrx_word' id='word_1_269' title='bbox 1420 4085 1538 4152; x_wconf 91' lang='lat' dir='ltr'>usquc:</span> <span class='ocrx_word' id='word_1_270' title='bbox 1562 4063 1777 4128; x_wconf 91' lang='lat' dir='ltr'>incursurum.</span> 
     </span>
     <span class='ocr_line' id='line_1_37' title="bbox 338 4181 851 4272; baseline 0.012 -26"><span class='ocrx_word' id='word_1_271' title='bbox 338 4181 415 4250; x_wconf 89' lang='lat' dir='ltr'>Dat.</span> <span class='ocrx_word' id='word_1_272' title='bbox 440 4185 604 4272; x_wconf 84' lang='lat' dir='ltr'>Anagnia,</span> <span class='ocrx_word' id='word_1_273' title='bbox 628 4187 742 4254; x_wconf 90' lang='lat' dir='ltr'>Idibus</span> <span class='ocrx_word' id='word_1_274' title='bbox 765 4189 851 4254; x_wconf 88' lang='lat' dir='ltr'>Iulii.</span> 
     </span>
    </p>

    <p class='ocr_par' dir='ltr' id='par_1_19' title="bbox 1038 4307 1082 4375">
     <span class='ocr_line' id='line_1_38' title="bbox 1038 4307 1082 4375; baseline 0.045 -2"><span class='ocrx_word' id='word_1_275' title='bbox 1038 4307 1082 4375; x_wconf 92' lang='grc' dir='ltr'>Π.</span> 
     </span>
    </p>
   </div>
   <div class='ocr_carea' id='block_1_19' title="bbox 708 4449 1410 4544">
    <p class='ocr_par' dir='ltr' id='par_1_20' title="bbox 708 4449 1410 4544">
     <span class='ocr_line' id='line_1_39' title="bbox 708 4449 1410 4544; baseline 0.009 -26"><span class='ocrx_word' id='word_1_276' title='bbox 708 4502 716 4518; x_wconf 94' lang='grc'><strong>.</strong></span> <span class='ocrx_word' id='word_1_277' title='bbox 745 4505 754 4522; x_wconf 95' lang='grc'><strong>.</strong></span> <span class='ocrx_word' id='word_1_278' title='bbox 782 4449 1122 4544; x_wconf 88' lang='lat' dir='ltr'>archiepiscopo</span> <span class='ocrx_word' id='word_1_279' title='bbox 1150 4449 1410 4525; x_wconf 79' lang='lat' dir='ltr'>Ravennati</span> 
     </span>
    </p>
   </div>
   <div class='ocr_carea' id='block_1_20' title="bbox 232 4595 1882 4994">
    <p class='ocr_par' dir='ltr' id='par_1_21' title="bbox 232 4595 1882 4994">
     <span class='ocr_line' id='line_1_40' title="bbox 340 4595 1882 4685; baseline -0.001 -24"><span class='ocrx_word' id='word_1_280' title='bbox 340 4597 525 4664; x_wconf 86' lang='lat' dir='ltr'>Cohercere</span> <span class='ocrx_word' id='word_1_281' title='bbox 549 4597 727 4683; x_wconf 91' lang='lat' dir='ltr'>nequitiam</span> <span class='ocrx_word' id='word_1_282' title='bbox 751 4604 814 4664; x_wconf 86' lang='lat' dir='ltr'>etc.</span> <span class='ocrx_word' id='word_1_283' title='bbox 836 4620 954 4685; x_wconf 88' lang='lat' dir='ltr'>usquc:</span> <span class='ocrx_word' id='word_1_284' title='bbox 986 4598 1171 4663; x_wconf 85' lang='lat' dir='ltr'>invitemus.</span> <span class='ocrx_word' id='word_1_285' title='bbox 1223 4597 1309 4664; x_wconf 91' lang='lat' dir='ltr'>Hinc</span> <span class='ocrx_word' id='word_1_286' title='bbox 1333 4608 1399 4679; x_wconf 92' lang='lat' dir='ltr'>est,</span> <span class='ocrx_word' id='word_1_287' title='bbox 1427 4597 1610 4683; x_wconf 90' lang='lat' dir='ltr'>quodcum</span> <span class='ocrx_word' id='word_1_288' title='bbox 1635 4596 1747 4662; x_wconf 89' lang='lat' dir='ltr'>dilecti</span> <span class='ocrx_word' id='word_1_289' title='bbox 1769 4595 1882 4662; x_wconf 86' lang='lat' dir='ltr'>tilii..</span> 
     </span>
     <span class='ocr_line' id='line_1_41' title="bbox 232 4700 1882 4789; baseline -0.001 -23"><span class='ocrx_word' id='word_1_290' title='bbox 232 4709 392 4789; x_wconf 85' lang='lat' dir='ltr'>potestas,</span> <span class='ocrx_word' id='word_1_291' title='bbox 424 4702 595 4767; x_wconf 90' lang='lat' dir='ltr'>consilium</span> <span class='ocrx_word' id='word_1_292' title='bbox 625 4708 658 4766; x_wconf 91' lang='lat' dir='ltr'>et</span> <span class='ocrx_word' id='word_1_293' title='bbox 681 4722 853 4767; x_wconf 87' lang='lat' dir='ltr'>commune</span> <span class='ocrx_word' id='word_1_294' title='bbox 876 4702 1105 4766; x_wconf 82' lang='lat' dir='ltr'>Ravennatum</span> <span class='ocrx_word' id='word_1_295' title='bbox 1138 4709 1251 4768; x_wconf 89' lang='lat' dir='ltr'>contra</span> <span class='ocrx_word' id='word_1_296' title='bbox 1274 4702 1477 4768; x_wconf 83' lang='lat' dir='ltr'>Fridericum</span> <span class='ocrx_word' id='word_1_297' title='bbox 1505 4701 1627 4766; x_wconf 90' lang='lat' dir='ltr'>dictum</span> <span class='ocrx_word' id='word_1_298' title='bbox 1651 4700 1882 4786; x_wconf 89' lang='lat' dir='ltr'>imperatorem</span> 
     </span>
     <span class='ocr_line' id='line_1_42' title="bbox 232 4803 1882 4892; baseline -0.003 -21"><span class='ocrx_word' id='word_1_299' title='bbox 232 4813 294 4871; x_wconf 91' lang='lat' dir='ltr'>ete.</span> <span class='ocrx_word' id='word_1_300' title='bbox 317 4826 436 4890; x_wconf 90' lang='lat' dir='ltr'>usquc:</span> <span class='ocrx_word' id='word_1_301' title='bbox 461 4805 677 4891; x_wconf 89' lang='lat' dir='ltr'>suscepimus.</span> <span class='ocrx_word' id='word_1_302' title='bbox 721 4803 884 4878; x_wconf 87' lang='lat' dir='ltr'>Quocirca</span> <span class='ocrx_word' id='word_1_303' title='bbox 906 4804 1113 4886; x_wconf 89' lang='lat' dir='ltr'>mandamus,</span> <span class='ocrx_word' id='word_1_304' title='bbox 1144 4807 1295 4892; x_wconf 88' lang='lat' dir='ltr'>quatinus</span> <span class='ocrx_word' id='word_1_305' title='bbox 1318 4825 1376 4870; x_wconf 90' lang='lat' dir='ltr'>eos</span> <span class='ocrx_word' id='word_1_306' title='bbox 1399 4811 1512 4870; x_wconf 86' lang='lat' dir='ltr'>contra</span> <span class='ocrx_word' id='word_1_307' title='bbox 1534 4803 1748 4891; x_wconf 91' lang='lat' dir='ltr'>protectionis</span> <span class='ocrx_word' id='word_1_308' title='bbox 1771 4810 1882 4867; x_wconf 89' lang='lat' dir='ltr'>nostre</span> 
     </span>
     <span class='ocr_line' id='line_1_43' title="bbox 233 4907 1834 4994; baseline -0.002 -22"><span class='ocrx_word' id='word_1_309' title='bbox 233 4917 380 4974; x_wconf 87' lang='lat' dir='ltr'>tenorem</span> <span class='ocrx_word' id='word_1_310' title='bbox 404 4929 504 4993; x_wconf 90' lang='lat' dir='ltr'>super</span> <span class='ocrx_word' id='word_1_311' title='bbox 525 4909 588 4972; x_wconf 91' lang='lat' dir='ltr'>hiis</span> <span class='ocrx_word' id='word_1_312' title='bbox 612 4929 677 4972; x_wconf 93' lang='lat' dir='ltr'>non</span> <span class='ocrx_word' id='word_1_313' title='bbox 699 4908 870 4994; x_wconf 88' lang='lat' dir='ltr'>permittas</span> <span class='ocrx_word' id='word_1_314' title='bbox 893 4907 934 4972; x_wconf 95' lang='lat' dir='ltr'>ab</span> <span class='ocrx_word' id='word_1_315' title='bbox 957 4908 1121 4993; x_wconf 90' lang='lat' dir='ltr'>aliquibus</span> <span class='ocrx_word' id='word_1_316' title='bbox 1144 4908 1289 4973; x_wconf 84' lang='lat' dir='ltr'>indebite</span> <span class='ocrx_word' id='word_1_317' title='bbox 1312 4907 1493 4982; x_wconf 89' lang='lat' dir='ltr'>molestari;</span> <span class='ocrx_word' id='word_1_318' title='bbox 1521 4907 1750 4971; x_wconf 88' lang='lat' dir='ltr'>molestatores</span> <span class='ocrx_word' id='word_1_319' title='bbox 1773 4911 1834 4970; x_wconf 90' lang='lat' dir='ltr'>etc.</span> 
     </span>
    </p>
   </div>
   <div class='ocr_carea' id='block_1_21' title="bbox 233 5023 1882 5425">
    <p class='ocr_par' dir='ltr' id='par_1_22' title="bbox 233 5023 1882 5219">
     <span class='ocr_line' id='line_1_44' title="bbox 339 5023 1882 5126; baseline -0.003 -33"><span class='ocrx_word' id='word_1_320' title='bbox 339 5029 378 5094; x_wconf 90' lang='lat' dir='ltr'>In</span> <span class='ocrx_word' id='word_1_321' title='bbox 409 5029 548 5094; x_wconf 90' lang='lat' dir='ltr'>cundem</span> <span class='ocrx_word' id='word_1_322' title='bbox 579 5029 649 5094; x_wconf 85' lang='lat' dir='ltr'>fere</span> <span class='ocrx_word' id='word_1_323' title='bbox 680 5028 812 5094; x_wconf 85' lang='lat' dir='ltr'>modurn</span> <span class='ocrx_word' id='word_1_324' title='bbox 836 5076 844 5092; x_wconf 88' lang='lat'><strong>.</strong></span> <span class='ocrx_word' id='word_1_325' title='bbox 869 5076 877 5092; x_wconf 91' lang='lat'>.</span> <span class='ocrx_word' id='word_1_326' title='bbox 901 5029 1058 5116; x_wconf 85' lang='lat' dir='ltr'>episcopo</span> <span class='ocrx_word' id='word_1_327' title='bbox 1082 5027 1272 5095; x_wconf 77' lang='lat' dir='ltr'>Cerciensi²</span> <span class='ocrx_word' id='word_1_328' title='bbox 1299 5048 1359 5114; x_wconf 88' lang='lat' dir='ltr'>pro</span> <span class='ocrx_word' id='word_1_329' title='bbox 1387 5025 1489 5092; x_wconf 92' lang='lat' dir='ltr'>nobili</span> <span class='ocrx_word' id='word_1_330' title='bbox 1516 5025 1585 5126; x_wconf 76' lang='lat' dir='ltr'>viro</span> <span class='ocrx_word' id='word_1_331' title='bbox 1614 5024 1719 5089; x_wconf 87' lang='lat' dir='ltr'>Paulo</span> <span class='ocrx_word' id='word_1_332' title='bbox 1742 5023 1882 5090; x_wconf 80' lang='lat' dir='ltr'>&#39;I&#39;raver-</span> 
     </span>
     <span class='ocr_line' id='line_1_45' title="bbox 233 5131 721 5219; baseline -0.002 -22"><span class='ocrx_word' id='word_1_333' title='bbox 233 5133 318 5198; x_wconf 88' lang='lat' dir='ltr'>sario</span> <span class='ocrx_word' id='word_1_334' title='bbox 342 5140 403 5198; x_wconf 90' lang='lat' dir='ltr'>etc.</span> <span class='ocrx_word' id='word_1_335' title='bbox 429 5154 533 5219; x_wconf 92' lang='lat' dir='ltr'>usque</span> <span class='ocrx_word' id='word_1_336' title='bbox 556 5131 589 5197; x_wconf 93' lang='lat' dir='ltr'>in</span> <span class='ocrx_word' id='word_1_337' title='bbox 612 5132 721 5198; x_wconf 86' lang='lat' dir='ltr'>finem.</span> 
     </span>
    </p>

    <p class='ocr_par' dir='ltr' id='par_1_23' title="bbox 233 5229 1882 5425">
     <span class='ocr_line' id='line_1_46' title="bbox 340 5229 1881 5316; baseline -0.006 -16"><span class='ocrx_word' id='word_1_338' title='bbox 340 5236 379 5300; x_wconf 91' lang='lat' dir='ltr'>In</span> <span class='ocrx_word' id='word_1_339' title='bbox 407 5236 549 5301; x_wconf 87' lang='lat' dir='ltr'>eundem</span> <span class='ocrx_word' id='word_1_340' title='bbox 582 5236 651 5300; x_wconf 85' lang='lat' dir='ltr'>fera</span> <span class='ocrx_word' id='word_1_341' title='bbox 681 5233 815 5300; x_wconf 91' lang='lat' dir='ltr'>modum</span> <span class='ocrx_word' id='word_1_342' title='bbox 838 5232 1005 5300; x_wconf 85' lang='lat' dir='ltr'>Sinibaldo</span> <span class='ocrx_word' id='word_1_343' title='bbox 1033 5235 1119 5300; x_wconf 90' lang='lat' dir='ltr'>tituli</span> <span class='ocrx_word' id='word_1_344' title='bbox 1148 5234 1259 5299; x_wconf 84' lang='lat' dir='ltr'>Sancti</span> <span class='ocrx_word' id='word_1_345' title='bbox 1282 5232 1451 5298; x_wconf 88' lang='lat' dir='ltr'>Laurentii</span> <span class='ocrx_word' id='word_1_346' title='bbox 1478 5231 1512 5296; x_wconf 95' lang='lat' dir='ltr'>in</span> <span class='ocrx_word' id='word_1_347' title='bbox 1535 5229 1662 5295; x_wconf 85' lang='lat' dir='ltr'>Lucina</span> <span class='ocrx_word' id='word_1_348' title='bbox 1690 5229 1881 5316; x_wconf 90' lang='lat' dir='ltr'>presbytero</span> 
     </span>
     <span class='ocr_line' id='line_1_47' title="bbox 233 5333 1882 5425; baseline -0.004 -21"><span class='ocrx_word' id='word_1_349' title='bbox 233 5339 409 5420; x_wconf 85' lang='lat' dir='ltr'>cardinali,</span> <span class='ocrx_word' id='word_1_350' title='bbox 440 5338 584 5404; x_wconf 87' lang='lat' dir='ltr'>marchia</span> <span class='ocrx_word' id='word_1_351' title='bbox 607 5338 813 5404; x_wconf 84' lang='lat' dir='ltr'>Anconitane</span> <span class='ocrx_word' id='word_1_352' title='bbox 836 5339 970 5420; x_wconf 88' lang='lat' dir='ltr'>rectori,</span> <span class='ocrx_word' id='word_1_353' title='bbox 1001 5359 1124 5425; x_wconf 89' lang='lat' dir='ltr'>usque:</span> <span class='ocrx_word' id='word_1_354' title='bbox 1148 5339 1335 5405; x_wconf 82' lang='lat' dir='ltr'>invitemus.</span> <span class='ocrx_word' id='word_1_355' title='bbox 1380 5337 1543 5412; x_wconf 88' lang='lat' dir='ltr'>Quocirca</span> <span class='ocrx_word' id='word_1_356' title='bbox 1565 5333 1774 5414; x_wconf 88' lang='lat' dir='ltr'>mandamus,</span> <span class='ocrx_word' id='word_1_357' title='bbox 1802 5353 1882 5420; x_wconf 85' lang='lat' dir='ltr'>qua-</span> 
     </span>
    </p>
   </div>
   <div class='ocr_carea' id='block_1_22' title="bbox 339 5591 1884 5666">
    <p class='ocr_par' dir='ltr' id='par_1_24' title="bbox 339 5591 1884 5666">
     <span class='ocr_line' id='line_1_48' title="bbox 339 5591 1884 5666; baseline -0.003 -14"><span class='ocrx_word' id='word_1_358' title='bbox 339 5597 365 5664; x_wconf 86' lang='lat' dir='ltr'>l)</span> <span class='ocrx_word' id='word_1_359' title='bbox 385 5595 441 5650; x_wconf 77' lang='lat' dir='ltr'>HIc</span> <span class='ocrx_word' id='word_1_360' title='bbox 459 5595 523 5651; x_wconf 75' lang='lat' dir='ltr'>Ius.</span> <span class='ocrx_word' id='word_1_361' title='bbox 542 5600 579 5650; x_wconf 90' lang='grc'>22</span> <span class='ocrx_word' id='word_1_362' title='bbox 594 5597 702 5666; x_wconf 82' lang='lat' dir='ltr'>partem</span> <span class='ocrx_word' id='word_1_363' title='bbox 719 5595 895 5666; x_wconf 73' lang='lat' dir='ltr'>imperatoria</span> <span class='ocrx_word' id='word_1_364' title='bbox 911 5595 1067 5652; x_wconf 80' lang='lat' dir='ltr'>decivitate</span> <span class='ocrx_word' id='word_1_365' title='bbox 1079 5593 1217 5650; x_wconf 64' lang='lat' dir='ltr'>&amp;cenna</span> <span class='ocrx_word' id='word_1_366' title='bbox 1234 5595 1393 5664; x_wconf 56' lang='lat' dir='ltr'>expulerat·</span> <span class='ocrx_word' id='word_1_367' title='bbox 1409 5593 1652 5658; x_wconf 71' lang='lat' dir='ltr'>corner-meter,</span> <span class='ocrx_word' id='word_1_368' title='bbox 1671 5591 1720 5647; x_wconf 78' lang='lat' dir='ltr'>tc.</span> <span class='ocrx_word' id='word_1_369' title='bbox 1731 5608 1758 5648; x_wconf 77' lang='lat' dir='ltr'>a.</span> <span class='ocrx_word' id='word_1_370' title='bbox 1768 5591 1884 5661; x_wconf 55' lang='grc'><em>24492.</em></span> 
     </span>
    </p>
   </div>
   <div class='ocr_carea' id='block_1_23' title="bbox 154 5681 479 5752">
    <p class='ocr_par' dir='ltr' id='par_1_25' title="bbox 154 5681 479 5752">
     <span class='ocr_line' id='line_1_49' title="bbox 154 5681 479 5752; baseline -0.015 -9"><span class='ocrx_word' id='word_1_371' title='bbox 154 5705 182 5747; x_wconf 81' lang='lat' dir='ltr'>ro</span> <span class='ocrx_word' id='word_1_372' title='bbox 232 5683 260 5752; x_wconf 84' lang='lat'>2)</span> <span class='ocrx_word' id='word_1_373' title='bbox 279 5681 400 5740; x_wconf 69' lang='lat' dir='ltr'>romanu·</span> <span class='ocrx_word' id='word_1_374' title='bbox 416 5681 479 5738; x_wconf 86' lang='lat'><em>111.</em></span> 
     </span>
    </p>
   </div>
   <div class='ocr_carea' id='block_1_24' title="bbox 0 0 2307 6404">
    <p class='ocr_par' dir='ltr' id='par_1_26' title="bbox 0 0 2307 6404">
     <span class='ocr_line' id='line_1_50' title="bbox 0 0 2307 6404; baseline 0 0"><span class='ocrx_word' id='word_1_375' title='bbox 0 0 2307 6404; x_wconf 95' lang='lat' dir='ltr'> </span> 
     </span>
    </p>
   </div>
  </div>
 </body>
</html>
