4524 6412
974 392 1020 446 EX
1040 391 1215 446 GREGORII
1235 392 1273 446 IX
1291 392 1472 450 REGISTRO

1177 724 1262 796 346.

506 835 696 946 Greporias
710 863 765 926 IX
784 885 870 943 papa
891 864 999 928 abbati
1020 865 1057 927 cle
1072 864 1194 944 Lepide
1209 826 1320 928 Sancti
1336 863 1513 940 Michaelis,
1531 864 1710 943 praeposito
1732 867 1761 926 ct
1782 864 1898 926 decom
1911 861 2047 927 Halbcr-

392 969 532 1034 stadensi
553 966 697 1044 madal,
719 967 806 1028 atsi
827 966 1002 1030 electionem
1024 965 1239 1050 [Bertraclac]
1254 966 1455 1046 praepositae
1479 965 1778 1047 Qaedlircbarpeasis
1801 967 1837 1029 ia
1858 965 2051 1030 abbatissam

271 1127 280 1144 .
392 1072 528 1137 eiasclem
549 1068 732 1133 rrcoaasterii
754 1069 900 1132 maoaice
921 1068 1105 1133 celebratam
1127 1069 1302 1147 tricenium,
1324 1089 1393 1134 eam
1414 1070 1605 1150 conspirarent.
1657 1069 1709 1152 Cf.
1732 1087 1765 1134 a.
1787 1069 1853 1132 258
1874 1073 1904 1132 cl
1922 1071 1998 1132 297.

1666 1175 1760 1250 1227,
1782 1169 1884 1238 Mart.
1902 1173 1959 1239 29.

497 1257 579 1326 erip.
598 1256 647 1310 IX
664 1255 732 1324 Rea.
759 1256 812 1309 Vol.
831 1256 857 1322 1,
876 1260 898 1309 1.
2101 1272 2113 1309 5

760 1524 768 1540 .
798 1523 807 1540 .
838 1467 985 1540 abbati
1012 1469 1064 1540 de
1091 1467 1252 1558 Lepide
1280 1469 1427 1543 Sancti
1453 1471 1679 1544 Michaelis

482 1588 790 1661 Cisterciensis
823 1587 992 1660 ordinis
1024 1588 1385 1663 Alherstadensis
1417 1591 1622 1679 diocesia,
1657 1647 1663 1662 .
1693 1647 1702 1663 .
1735 1591 1961 1681 preposito

874 1713 953 1781 et.
986 1765 993 1780 .
1025 1709 1190 1781 decano
1218 1707 1570 1784 Alherstadensi.

503 1858 586 1924 (lum
615 1858 701 1922 sicut
730 1879 772 1922 ex
799 1863 892 1943 parte
917 1908 924 1922 .
949 1907 956 1922 .
980 1857 1104 1922 decane
1138 1864 1172 1922 et
1199 1865 1380 1924 conventus
1408 1859 1598 1924 monasterii
1621 1857 1983 1941 Quindelimburgensis
2007 1856 2049 1921 ad

399 1963 512 2027 sedem
547 1963 760 2048 apostolicam
793 1962 882 2025 nullo
914 1961 1022 2026 medio
1059 1961 1256 2047 pertinentis
1292 1963 1355 2026 fuit
1385 1963 1588 2049 propositum
1625 1983 1734 2027 coram
1767 1961 1853 2025 bone
1890 1960 2047 2024 memorie
2104 1986 2128 2022 ro

397 2065 546 2130 Honorio
569 2087 655 2152 papa
670 2064 905 2151 predecessore
929 2071 1051 2144 nostro,
1075 2086 1179 2150 nuper
1202 2064 1318 2130 eodem
1335 2067 1535 2130 monasterio
1551 2064 1717 2129 abbatisse
1741 2065 1857 2128 solatio
1881 2063 2049 2149 destituto,

399 2172 551 2235 invocata
581 2170 720 2257 Spiritus
751 2170 857 2233 sancti
887 2169 992 2254 gratia
1022 2169 1170 2235 eiusdem
1201 2171 1266 2234 loci
1298 2171 1499 2257 prepositam
1530 2167 1734 2234 concorditer
1764 2190 1801 2232 ac
1831 2167 1986 2232 canonice
2016 2167 2049 2230 in

396 2274 596 2338 abbatissam
621 2275 806 2358 elegerunt,
831 2272 938 2337 eidem
960 2272 1128 2337 humiliter
1152 2273 1393 2359 supplicarunt,
1417 2280 1452 2338 ut
1475 2274 1670 2339 electionem
1693 2271 1891 2336 celebratam
1914 2270 1955 2334 de
1978 2270 2051 2356 ipsa

395 2377 585 2462 dignaretur
607 2377 800 2441 auctoritate
823 2375 1004 2461 apostoliea
1027 2375 1231 2439 confirmare.
1277 2375 1346 2439 Nos
1374 2376 1474 2460 igitur
1497 2382 1673 2460 sequentes
1696 2376 1834 2439 formam
1856 2374 2050 2450 litterarum,

394 2503 474 2568 quas
497 2486 694 2544 memoratus
711 2478 929 2565 predecessor
944 2483 1057 2542 noster
1072 2477 1261 2562 providerat
1283 2479 1507 2560 destinandas,
1532 2479 1653 2544 diserte
1669 2479 1764 2544 vobis
1786 2500 1846 2565 per
1868 2476 2049 2564 apostolica
2103 2501 2127 2538 rs

394 2585 516 2670 scripta
538 2583 748 2662 mandamus,
776 2587 937 2666 quatenus
961 2581 1148 2645 examinata
1172 2582 1334 2646 electione
1358 2584 1481 2668 paritor
1508 2588 1541 2646 et
1564 2584 1687 2659 electa,
1713 2583 1741 2646 si
1763 2603 1834 2646 eam
1858 2579 2049 2644 inveneritis

394 2688 435 2752 de
463 2708 604 2773 persona
636 2686 755 2750 idonea
786 2686 942 2750 canonice
978 2685 1193 2764 celebratam,
1228 2686 1421 2750 auctoritate
1455 2693 1565 2750 nostra
1599 2685 1798 2750 confirmetis
1827 2683 1982 2762 eandem,
2016 2690 2050 2746 et

394 2791 523 2855 faciatis
551 2790 656 2853 electe
688 2789 760 2854 vice
792 2795 904 2853 nostra
932 2810 1050 2852 munus
1081 2788 1322 2853 benedictionis
1352 2790 1506 2876 impendi.
1559 2789 1655 2863 Quod
1691 2790 1719 2852 si
1747 2809 1812 2852 non
1842 2807 1954 2851 omnes
1984 2785 2049 2849 hiis

397 2892 600 2980 exequendis
624 2892 774 2976 poteritis
797 2893 968 2973 interesse,
993 2892 1056 2956 duo
1079 2899 1225 2956 vestrum
1249 2914 1288 2957 ea
1311 2894 1542 2960 nichilominus
1567 2897 1780 2979 exequantur.

502 3013 589 3076 Data
610 3011 794 3093 Lateranis,
818 3011 888 3075 ΙΙΙΙ
910 3012 985 3076 Kal.
1009 3011 1144 3097 Aprilis,
1169 3009 1266 3098 [anno
1289 3010 1438 3100 primo]⁸.

1019 3292 1140 3298 ——.—.
1143 3293 1430 3300 ——-——---.-—..-....

509 3661 699 3772 Greporias
721 3689 778 3754 IX
792 3711 881 3772 papa
903 3693 1124 3778 [Eberhardo]
1145 3693 1374 3774 archiepiscopo
1396 3693 1633 3776 Salisbarpeasi
1653 3693 1799 3771 maachi,
1821 3697 1857 3756 at
1877 3693 2051 3758 Hemicam

311 3835 312 3838 κ
395 3791 433 3855 de
457 3791 600 3875 Oaariap
622 3793 860 3857 ministerialem
880 3794 1049 3878 [Licmclcli
1078 3795 1142 3880 Vl]
1164 3796 1252 3861 deicis
1273 3796 1426 3860 Austricc
1448 3800 1478 3860 ct
1498 3797 1595 3861 socios
1617 3797 1698 3874 ciat,
1730 3797 1785 3876 qai
1805 3799 1923 3860 'terram
1945 3796 2048 3861 Bobe-

395 3895 477 3958 miae
497 3894 703 3960 iniustissime
720 3897 883 3976 provocati
904 3897 1085 3978 depepaloti
1103 3897 1244 3983 faeriat,
1274 3899 1420 3964 iaiaacta
1445 3899 1637 3980 poenitentia
1666 3901 1848 3979 competente
1869 3900 1909 3964 ab
1931 3919 2048 3964 cacone-

394 3998 619 4063 maaicatioais
640 3999 750 4080 abaco
771 3999 920 4064 absolvat.
1684 4004 1778 4081 1227,
1800 4002 1907 4084 April.
1930 4007 1972 4066 3(

499 4116 580 4186 (ἔτερ.
598 4117 648 4170 IX
663 4117 732 4187 aeq.
756 4117 813 4170 Vol.
832 4118 857 4182 1,
877 4123 907 4184 5;
927 4119 988 4172 Lib.
1007 4119 1033 4182 1,
1051 4121 1114 4174 27b.
2101 4143 2127 4184 25

498 4204 635 4268 Pottbeet,
653 4202 719 4270 Rea.
740 4206 822 4258 7872.

556 4414 802 4507 Gregorius
829 4419 1066 4511 episeopus
1094 4425 1171 4493 etc.
1200 4419 1535 4512 archiepiscopo
1563 4420 1889 4513 Salzburgensi.

504 4563 654 4628 Dilectus
685 4563 771 4628 filius
804 4572 916 4630 noster
944 4568 994 4631 vir
1026 4567 1166 4631 nobilis0
1194 4615 1202 4630 .
1235 4615 1241 4629 .
1274 4566 1341 4630 dux
1369 4567 1504 4631 Austrie
1537 4569 1730 4633 transmissa
1760 4570 1855 4636 nobis
1889 4573 2047 4658 petitione

396 4667 598 4747 monstravit,
623 4666 708 4752 qnod
731 4669 803 4754 ipso
827 4670 992 4736 existente
1015 4672 1049 4735 in
1071 4671 1217 4756 partibus
1234 4669 1443 4749 Lombardie,
1467 4692 1530 4755 quo
1549 4679 1683 4737 vocatus
1705 4673 1813 4738 fuerat
1833 4695 1853 4738 a
1874 4675 2047 4739 karissimo

396 4771 430 4834 in
454 4768 584 4834 Christo
608 4771 674 4834 filio
698 4778 810 4836 nostro
832 4772 1025 4850 Frederico,
1056 4775 1279 4838 Romanorum
1306 4774 1502 4858 imperatore
1535 4774 1654 4838 illustri
1685 4797 1815 4862 semper
1839 4778 1991 4864 Augusto
2014 4785 2047 4843 et
2101 4816 2127 4855 ³0

396 4895 474 4959 rege
498 4873 629 4953 Sicilie,
664 4873 704 4938 de
728 4874 830 4940 Terre
855 4875 974 4942 Sancte
1004 4876 1148 4942 subsidio
1180 4883 1392 4956 tractaturus,
1422 4875 1538 4940 Boemi
1568 4883 1689 4942 terram
1713 4880 1784 4944 eius
1806 4880 1970 4946 hostiliter
1997 4882 2046 4945 in-

396 4977 571 5058 vadentes,
601 4978 705 5063 ipsam
734 4977 926 5064 depopulari
958 4980 1081 5066 rapinis
1112 4987 1145 5045 et
1173 4979 1332 5045 incendiis
1362 4986 1639 5065 presumpserunt.
1686 4982 1796 5055 Quare
1819 4983 1984 5049 Henricus
2008 4984 2048 5049 de

397 5080 572 5166 Oumiugd,
606 5082 831 5146 ministerialis
864 5082 956 5148 ducis
986 5084 1108 5169 ipsius,
1140 5105 1236 5169 quem
1267 5084 1338 5169 ipse
1373 5083 1543 5147 dimiserat
1573 5083 1614 5147 ad
1646 5085 1828 5150 custodiam
1862 5093 1949 5153 terre
1979 5111 2048 5168 sue,

395 5185 534 5249 inimicis
567 5207 625 5270 pro
658 5206 757 5271 posse
792 5206 980 5271 repugnans
1012 5186 1264 5272 obsequentium
1298 5187 1359 5251 sibi
1393 5187 1532 5251 militum
1563 5188 1686 5252 auxilio
1720 5189 1910 5271 comitatus,
1944 5198 2048 5257 terras

394 5289 525 5353 illorum
557 5295 708 5374 potenter
736 5289 870 5353 intravit
900 5297 934 5356 et
964 5290 1087 5355 ibidem
1117 5291 1265 5356 exercuit
1298 5290 1448 5355 incendia
1476 5297 1509 5356 et
1538 5291 1678 5376 rapinas.
1723 5291 1819 5358 Unde
1848 5292 1953 5359 dictus
1976 5295 2043 5359 dux
2098 5332 2125 5370 ³5

1710 5467 1938 5475 —.-.———..

500 5583 522 5647 ¹¹)
536 5601 603 5634 anno
621 5585 702 5650 primo
720 5585 788 5636 decet
805 5587 833 5636 ia
851 5586 884 5636 B.
1001 5586 1022 5650 h)
1040 5589 1098 5638 Lib.
1117 5589 1140 5648 1,
1155 5583 1189 5636 27
1207 5586 1378 5650 mppleoimae
1395 5603 1426 5636 ea
1443 5584 1551 5648 Boeceb,
1570 5585 1631 5636 ebe.
1650 5587 1713 5653 dipl.
1732 5589 1833 5640 Merca
1853 5600 1869 5641 t.
1889 5591 1930 5654 II,
1942 5609 1972 5657 p.
1992 5593 2048 5656 178,

394 5687 419 5720 a.
440 5671 496 5720 173.
576 5669 597 5734 c)
615 5670 709 5722 nobilis
726 5671 795 5723 deest
810 5673 839 5723 ia
857 5672 889 5722 B.
971 5671 994 5736 ¹¹)
1013 5674 1130 5742 Cunring
1147 5674 1180 5725 B.
