4596 6406
130 4105 155 4144 ³³

787 369 987 429 EPIS'l'Ode
1005 371 1194 429 SELEOTAE.
1231 373 1307 431 1240.
1807 381 1870 446 675

220 544 308 635 9999
331 569 405 612 999
427 565 533 634 nuper
554 545 640 612 1999
669 547 907 613 monasterium
935 548 1054 612 abbate
1078 547 1240 628 vacaret²,
1270 549 1356 615 1999
1380 550 1470 637 99199
1492 557 1525 616 91
1548 553 1700 619 monachi
1723 553 1872 620 eiusdem

220 652 412 716 monasterii
435 651 476 716 99
499 651 704 716 1999199999
734 651 775 716 99
805 652 906 716 191991
934 652 1166 716 substitutione
1194 652 1322 717 abbatis
1350 654 1383 718 in
1407 654 1550 741 capitulo
1574 664 1814 738 convenerunt,
1843 664 1876 722 et

220 757 268 820 eis
290 777 350 842 per
365 756 449 820 9199
471 755 618 820 99911911
637 755 902 840 procedentibus,
926 755 1026 820 iidem
1050 756 1150 841 prior,
1174 757 1372 821 camerarius
1396 764 1429 821 et
1453 764 1527 822 octo
1549 761 1615 840 alii,
1640 762 1695 846 qui
1718 762 1875 826 maiorem

220 867 347 946 partem
378 861 412 924 in
441 861 582 946 capitulo
614 859 793 938 faciebant,
826 859 1094 944 ..prepositum
1124 858 1272 924 eiusdem
1300 861 1507 939 monasterii,
1537 863 1643 928 virum
1673 865 1876 948 religiosum,

220 962 391 1049 99991999
420 969 453 1028 91
484 963 673 1042 honestum,
702 984 763 1049 per
789 964 881 1026 cuius
912 962 1105 1027 1999919199
1136 961 1222 1027 1999
1250 965 1487 1028 monasterium
1514 964 1554 1031 de
1584 965 1671 1032 bono
1701 969 1734 1032 19
1757 969 1875 1034 991199

217 1066 360 1131 99991199
374 1064 626 1144 reformandum,
642 1066 675 1129 in
692 1064 845 1130 abbatem
863 1067 1019 1130 canonice
1036 1066 1225 1150 clegerunt;
1249 1071 1339 1131 9199
1355 1066 1482 1151 991919
1498 1067 1686 1135 huiusmodi
1702 1071 1873 1136 electionis

218 1169 432 1256 prciudicium
454 1169 559 1240 119991,
583 1191 625 1233 ex
641 1175 733 1254 99919
750 1168 828 1233 91911
846 1169 943 1233 919911
959 1167 1002 1232 99
1026 1167 1139 1233 99999
1160 1169 1223 1233 1911
1245 1171 1460 1255 apostolicam
1483 1173 1695 1257 appellatum.
1740 1173 1873 1260 Reliqui

218 1294 311 1350 vcro,
339 1273 394 1358 qui
422 1280 516 1336 erant
545 1272 651 1336 minor
678 1292 769 1358 pars,
803 1291 941 1356 quorum
974 1268 1104 1355 quidam
1138 1271 1171 1335 19
1202 1271 1354 1356 eligendo
1388 1274 1511 1339 nullam
1545 1297 1660 1342 vocem
1695 1277 1872 1360 habebant,

217 1377 403 1442 Walterum
427 1374 575 1440 eiusdem
598 1375 787 1439 monasterii
810 1375 1015 1453 monachum,
1039 1374 1292 1440 insufficientem
1312 1377 1444 1462 penitus
1468 1385 1502 1443 et
1524 1379 1704 1465 indignum,
1727 1380 1872 1447 9919919

219 1483 342 1565 eligere
365 1485 651 1566 presumpserunt;
682 1499 747 1565 quo
777 1477 818 1542 ad
842 1477 1064 1542 venerabilem
1094 1478 1230 1544 fratrem
1256 1486 1402 1545 nostrum
1427 1530 1460 1548 ..
1485 1481 1773 1550 constantiensem
1803 1487 1873 1572 epi-

217 1583 373 1670 9999991
396 1585 601 1669 9999119919,
633 1583 719 1647 1999
745 1584 935 1669 991999999,
963 1590 1060 1667 99991
1090 1589 1162 1647 9991
1185 1583 1246 1646 sibi
1270 1585 1344 1669 plus
1368 1583 1479 1649 debito
1502 1587 1709 1672 favorabilis,
1737 1589 1872 1655 1199119

215 1687 303 1752 dicto
326 1687 524 1752 monasterio
547 1688 670 1751 nullam
693 1687 949 1752 iurisdietionem
973 1685 1107 1766 habeat,
1131 1686 1346 1772 appellationi
1368 1689 1529 1774 premisse
1553 1688 1868 1758 999991919919919

215 1812 280 1855 non
304 1791 465 1870 99199999,
489 1789 576 1854 91919
599 1790 767 1875 preposito
791 1796 825 1854 et
849 1790 919 1853 eius
944 1789 1141 1853 electoribus
1165 1789 1358 1854 absentibus
1375 1792 1577 1855 9999999119
1594 1799 1627 1857 91
1648 1816 1714 1859 999
1738 1797 1868 1881 cognito

215 1894 255 1959 99
285 1895 482 1960 electionum
510 1894 563 1958 991
592 1893 783 1978 eligentium
813 1892 954 1972 meritis,
984 1899 1096 1956 contra
1124 1893 1290 1977 antiquam
1320 1891 1505 1958 libertatem
1537 1895 1639 1980 199199
1670 1899 1870 1980 9999919911,

217 1996 302 2083 9999
325 1998 506 2083 9999191199
530 1995 601 2061 9991
624 2004 675 2060 991
697 2003 733 2060 91
755 2004 908 2061 99999991
929 1995 1117 2060 199991919
1142 1996 1337 2076 subiectum,
1360 1996 1402 2062 de
1425 1996 1523 2078 19919,
1547 2020 1620 2063 999
1645 2000 1685 2065 99
1708 2003 1779 2066 1999
1803 2025 1868 2067 999

214 2108 342 2188 999991,
373 2103 569 2166 electionem
597 2101 638 2165 de
661 2101 734 2188 ipso
756 2101 908 2166 Waltero
931 2107 1155 2187 presumptum
1177 2121 1352 2186 perperam
1375 2101 1595 2182 confirmarit,
1627 2111 1660 2168 91
1682 2108 1870 2190 procuravit

215 2205 355 2269 eundem
385 2227 451 2270 non
480 2205 604 2290 absque
634 2205 726 2290 gravi
756 2204 904 2269 eiusdem
937 2203 1127 2268 monasterii
1157 2202 1354 2268 detrimento
1382 2225 1403 2268 9
1431 2203 1574 2269 Conrado
1603 2212 1680 2271 nato
1711 2207 1869 2273 Friderioi

214 2307 294 2374 91911
321 2308 543 2396 imperatoris,
575 2309 630 2394 qui
659 2329 694 2372 se
722 2308 802 2371 sacit
830 2329 944 2392 regem
967 2307 1129 2372 Teutonie
1162 2307 1342 2393 appellari,
1372 2307 1412 2372 99
1442 2309 1609 2393 regalibus
1640 2311 1804 2390 investiri,
1837 2313 1870 2376 in

213 2412 469 2477 contradictores
493 2419 526 2476 91
547 2414 690 2477 rebelles
713 2412 754 2477 de
777 2413 864 2477 19919
882 2412 1232 2477 excommunicationis
1249 2412 1447 2476 sententiam
1464 2421 1500 2478 ut
1521 2412 1640 2478 dicitur
1659 2416 1868 2501 proferendo.

215 2517 279 2582 Pro
303 2525 396 2605 parte
416 2537 495 2581 vero
518 2515 596 2580 91911
617 2516 759 2581 Walteri
781 2516 842 2581 1911
865 2517 1068 2602 9999991199
1093 2538 1136 2581 ex
1158 2515 1311 2595 adverso,
1336 2514 1422 2601 quod
1447 2537 1519 2580 cum
1542 2539 1646 2603 nuper
1668 2520 1866 2583 monasterio

211 2619 283 2704 ipso
307 2621 448 2706 pastoris
472 2620 588 2685 solatio
612 2619 780 2700 destituto,
804 2621 909 2684 maior
931 2627 964 2685 et
988 2621 1096 2684 sanior
1120 2642 1196 2707 pars
1219 2627 1399 2685 conventus
1423 2621 1570 2685 eiusdem
1594 2623 1785 2687 9999919911
1809 2644 1868 2708 999

212 2724 409 2789 9919199999
431 2723 531 2789 191991
553 2724 682 2788 abbatis
706 2725 884 2805 electione,
915 2725 1038 2789 vocatis
1062 2725 1116 2810 qui
1139 2723 1309 2796 volebant,
1337 2723 1505 2789 debebant
1528 2731 1561 2790 91
1583 2732 1736 2811 99199991
1759 2727 1863 2791 inter-

211 2849 301 2908 esse,
335 2827 460 2914 pariter
488 2829 734 2907 conuenissent,
767 2829 879 2894 habito
908 2851 1007 2916 super
1035 2830 1098 2892 hoe
1126 2829 1212 2893 inter
1240 2849 1297 2892 eos
1325 2828 1472 2914 diligenti
1500 2836 1658 2912 tractatu,
1692 2853 1752 2918 per
1779 2832 1865 2896 9199

211 2932 358 2996 scmtinii
380 2937 510 2995 9999919
531 2931 635 2995 19999
658 2933 786 2997 99991111
802 2932 1033 3018 procedentes,
1050 2931 1235 2995 Waltcrum
1258 2930 1409 3012 eundem,
1432 2933 1535 2997 virum
1558 2935 1670 3019 utique
1687 2931 1865 3000 discretum

211 3034 558 3123 91999919999199
581 3037 645 3100 1991
667 3037 815 3121 regimen
839 3036 1009 3101 evidenter
1033 3035 1195 3114 idoneum,
1219 3035 1253 3098 in
1277 3055 1371 3099 suum
1393 3036 1549 3101 abbatem
1572 3038 1728 3103 canonice
1752 3039 1865 3124 elege-

209 3147 298 3216 runt;
321 3140 376 3225 991
399 3159 476 3203 mox
500 3139 653 3204 electioni
677 3140 717 3205 (19
742 3142 887 3206 9919919
911 3140 1132 3216 99999911999,
1156 3160 1197 3202 99
1221 3137 1867 3228 991991199919991991999919919199

208 3243 289 3308 iuris
313 3244 373 3324 sui,
397 3242 440 3307 ad
463 3241 638 3328 supradicti
663 3242 925 3307 Constantiensis
949 3242 1097 3329 episcopi
1120 3243 1183 3306 loci
1207 3242 1386 3323 diocesani,
1410 3244 1606 3308 991919199
1630 3245 1866 3310 99999199199

209 3346 345 3410 subesse
373 3345 542 3424 dicebant,
570 3345 625 3430 qui
653 3353 724 3410 erat
754 3347 786 3410 in
813 3346 1026 3431 possessione
1057 3344 1269 3409 confirmandi
1296 3344 1433 3409 abbates
1463 3348 1652 3412 monasterii
1680 3349 1866 3429 memorati,

207 3449 618 3535 99919911999999119911.
662 3447 811 3522 Quatuor
833 3456 945 3514 99199
968 3449 1009 3513 99
1033 3447 1201 3512 monachis
1225 3456 1403 3513 conventus
1435 3449 1583 3514 eiusdem
1613 3471 1687 3514 cum
1715 3473 1775 3517 sex
1799 3472 1865 3516 non

209 3553 380 3639 professis,
408 3573 522 3616 vocem
546 3553 579 3615 in
603 3552 763 3616 electione
786 3573 993 3637 nequaquam
1020 3551 1234 3632 habentibus,
1262 3551 1383 3616 dietum
1411 3552 1614 3638 prepositum
1646 3554 1680 3618 in
1711 3553 1865 3620 abbatem

208 3661 332 3721 temere
355 3655 572 3722 nominarunt.
619 3653 767 3742 Cumque
791 3677 891 3721 99999
913 3657 1084 3742 919199999
1109 3677 1285 3742 processus
1306 3654 1348 3720 ad
1365 3657 1528 3742 prelatum
1545 3657 1737 3743 episcopum
1754 3657 1866 3723 991919

208 3760 339 3840 1919991,
372 3758 459 3825 1999
490 3759 666 3845 991999999
701 3761 840 3844 cognitis
874 3761 999 3825 9991119
1039 3761 1207 3845 919199999
1242 3759 1439 3824 electionem
1474 3758 1514 3823 de
1552 3759 1678 3846 9991919
1703 3760 1864 3841 Waltero,

207 3870 304 3951 prout
327 3884 400 3928 eam
423 3863 547 3927 1999911
570 3864 631 3928 9119
655 3862 854 3928 celebratam
877 3885 915 3929 ac
938 3864 1105 3944 99999199,
1130 3863 1344 3944 confirmarit,
1368 3863 1589 3926 nominatione
1606 3860 1683 3926 dicti
1700 3865 1860 3951 prepositi

205 3963 296 4032 irrita
318 3968 476 4032 99911919.
526 3967 635 4040 Quare
658 3967 833 4053 petebatur
856 3989 876 4032 a
898 3967 1009 4049 nobis,
1037 3974 1074 4030 ut
1102 3988 1202 4053 super
1230 3967 1293 4030 hiis
1324 3966 1455 4030 salubre
1484 3965 1665 4030 remedium
1693 3987 1860 4054 apponere

209 4093 408 4136 curaremus.
453 4069 538 4144 Quia
552 4092 631 4136 9999
654 4072 749 4136 nobis
772 4093 838 4137 nou
861 4073 1008 4138 constitit
1031 4071 1071 4136 de
1095 4071 1275 4157 premissis,
1299 4070 1501 4152 mandamus,
1526 4070 1677 4156 quatinus
1702 4071 1858 4136 relaxatis

205 4175 377 4242 sententiis
401 4174 774 4239 excommunicationum
797 4177 890 4239 19919
913 4177 1050 4240 199999
1073 4175 1213 4238 99919919
1235 4173 1277 4236 99
1300 4174 1473 4252 cautelam,
1498 4173 1525 4237 91
1542 4193 1605 4257 999
1629 4181 1747 4238 sunta
1771 4173 1857 4238 (11919

205 4282 361 4368 99199999
396 4279 429 4342 19
465 4277 604 4342 999999
637 4277 840 4364 prepositum
876 4288 909 4344 et
943 4280 1105 4343 electores
1140 4277 1242 4362 ipsius
1278 4283 1334 4340 aut
1370 4277 1402 4340 in
1440 4277 1674 4342 ministeriales
1711 4277 1860 4343 9199999

205 4384 396 4450 9999919911
418 4383 592 4446 occasione
616 4380 803 4447 huiusmodi
825 4384 1042 4468 promulgate,
1066 4381 1253 4446 9199911919
1271 4380 1311 4446 99
1335 4381 1503 4466 premissis
1521 4381 1673 4445 omnibus
1696 4381 1859 4466 inquisita,

206 4489 233 4552 si
271 4488 393 4553 919199
425 4485 609 4550 Walterum
644 4485 687 4550 ad
720 4487 867 4570 regimen
906 4487 1047 4572 predicti
1085 4486 1274 4550 monasterii
1310 4492 1425 4550 999199
1460 4487 1634 4550 999991999
1671 4487 1857 4552 sanctiones

206 4597 409 4678 assumptum
433 4590 689 4655 coelestionem
717 4589 793 4654 dicti
821 4591 980 4678 prepositi
1010 4590 1051 4655 99
1080 4610 1222 4676 9999999
1247 4589 1366 4654 199999
1395 4590 1553 4654 99999199
1582 4589 1747 4654 199999919
1770 4589 1858 4654 9919-

204 4693 341 4774 199199,
365 4693 481 4778 ipsam,
506 4693 623 4758 99999
647 4692 798 4758 Waltero
821 4715 841 4758 9
862 4695 1021 4779 regimine
1039 4696 1144 4780 ipsius
1160 4693 1351 4758 monasterii
1367 4714 1503 4780 prorsus
1521 4699 1641 4768 amoto,
1665 4693 1859 4758 auctoritate

203 4803 316 4862 nostra
339 4796 528 4860 confirmare
551 4818 726 4883 procures,
756 4803 789 4861 et
816 4797 943 4883 prelato
974 4799 1142 4884 preposito
1171 4796 1272 4860 199199
1300 4818 1320 4860 9
1347 4797 1518 4862 999991ιί9
1552 4803 1587 4860 91
1618 4794 1691 4859 91119
1719 4794 1857 4859 subditis

203 4901 306 4986 ipsius
339 4900 528 4965 monasterii
563 4899 786 4964 obedientiam
821 4907 854 4965 et
888 4902 1107 4966 reverentiam
1140 4899 1285 4965 debitam
1322 4901 1482 4965 exbiberi.
1538 4898 1692 4983 Alioquin
1723 4918 1763 4962 ea
1798 4898 1858 4961 9119

204 5010 332 5069 9999919
354 5003 440 5067 91919
463 5001 633 5084 Walters,
657 5005 778 5068 aicius
803 5005 998 5069 9199119999
1022 5005 1212 5069 999991999
1236 5025 1310 5067 9999
1335 5009 1368 5067 91
1392 5002 1432 5067 99
1456 5023 1598 5088 persona
1620 5001 1738 5065 idonea
1762 5020 1857 5086 repe·

203 5108 284 5172 reris
308 5107 518 5186 celebratam,
541 5127 561 5170 9
583 5106 751 5170 monachis
775 5113 808 5172 et
831 5108 969 5173 subditis
993 5107 1148 5195 predictis
1172 5105 1393 5172 obedientiam
1415 5105 1684 5169 9199999991199
1708 5101 1857 5168 exbiberi

203 5209 348 5274 debitam
370 5217 404 5276 91
427 5231 544 5275 99999
567 5210 668 5274 199199
696 5210 934 5276 benedictionis
962 5209 1118 5299 impendi.
1168 5209 1315 5285 Quodsi
1343 5209 1513 5294 utriusque
1546 5207 1741 5272 9199119999
1773 5211 1857 5269 199-

204 5333 300 5398 9999
328 5315 435 5378 91999
464 5313 653 5377 999991999
686 5314 854 5400 reprobari
887 5315 1078 5400 contigerit,
1112 5322 1148 5380 19
1177 5314 1219 5379 99
1248 5334 1390 5401 9999999
1422 5311 1542 5378 199999
1574 5333 1633 5400 999
1662 5309 1856 5376 electionem

204 5417 393 5482 canonicam
415 5415 579 5504 provideri
601 5419 801 5483 monasterio
824 5419 927 5483 199199
950 5424 1141 5483 memorato.
1193 5417 1329 5482 Interim
1359 5422 1470 5480 autem
1497 5413 1727 5479 ministeriales
1751 5413 1855 5498 ipsius

587 5579 746 5586 Q,„.-—
1041 5577 1154 5584 ...--—-.
1162 5577 1204 5580 -—
1215 5577 1280 5582 η..-
1290 5578 1338 5582 —..
1358 5577 1452 5583 -..-.--
1465 5577 1541 5582 Ἠ..-

308 5675 332 5728 11
353 5674 498 5730 09999999
516 5677 549 5730 de
566 5677 717 5744 Baasncay
735 5675 824 5730 abtas
841 5695 867 5730 a.
887 5679 966 5736 1239.
986 5675 1054 5728 Dec.
1073 5679 1112 5728 20
1128 5678 1254 5726 99919999
1272 5679 1339 5727 erat.
1425 5675 1453 5742 2)
1473 5673 1625 5727 1199919999
1642 5671 1676 5724 99
1697 5671 1784 5726 Tarra.

1595 5767 1649 5821 850
