4604 6420
155 5473 182 5511 40

799 417 998 472 EPlS'l'OLAE
1016 419 1205 474 SELEC'I'AE.
1246 425 1319 476 1‘23‘2.
1823 437 1886 500 373

232 585 407 651 cuiuslibet
426 587 629 653 difficultatis
652 596 685 654 et
707 591 939 677 appellationis
959 591 1126 657 obstaculo
1150 593 1283 658 easdem
1307 596 1491 681 provincias
1514 620 1587 664 cum
1610 602 1761 668 omnibus
1785 605 1886 691 perti-

230 690 352 755 nentiis
377 697 410 756 et
432 691 557 756 iuribus
579 693 646 757 suis
664 694 845 760 restituatis
866 695 997 760 nemine
1013 694 1160 761 Romane
1182 697 1322 763 ecclesie
1342 699 1502 766 tenendas
1517 703 1674 791 episcopo
1696 713 1887 790 memorato,

233 793 524 860 nonobstantibus
545 795 665 860 litteris
688 818 709 861 a
731 796 810 864 sede
826 798 1006 884 apostolica
1024 798 1074 863 vel
1091 800 1261 866 carissimo
1284 802 1466 869 iuChrist'o
1489 805 1556 870 filio
1580 813 1691 873 nostro
1707 809 1886 890 Fridcrico,

233 895 353 960 illustri
368 895 589 963 Romanorum
613 900 810 986 imperatore
835 922 966 988 semper
988 900 1143 986 augusto,
1162 902 1344 970 Ierusalem
1367 913 1402 971 et
1425 906 1536 974 Sicilie
1560 932 1649 996 rege,
1672 932 1730 977 seu
1756 961 1785 977 ..
1809 919 1886 978 nato

234 999 361 1084 ipsius¹
391 999 433 1064 ad
462 1021 519 1065 vos
544 1002 597 1067 vel
625 1003 708 1067 alios
739 1003 933 1090 impetratis.
979 1005 1135 1090 Alioquin
1167 1005 1273 1072 eidem
1304 1010 1459 1097 episcopo
1482 1014 1604 1078 uostris
1627 1013 1742 1080 damus
1765 1015 1886 1080 litteris

233 1101 266 1164 in
288 1101 461 1182 mandatis,
484 1109 520 1168 ut
542 1126 600 1170 vos
623 1105 664 1169 ad
686 1105 749 1172 hec
772 1109 967 1172 anctoritate
990 1115 1102 1172 nostra
1125 1116 1277 1175 cessante
1300 1112 1521 1197 appellatione
1545 1119 1731 1204 compellat.

339 1222 428 1288 Data
449 1223 564 1308 Reate,
589 1225 641 1290 III
664 1225 739 1291 Kal.
762 1226 944 1307 Februarii,
968 1229 1177 1314 pontificatus
1202 1231 1306 1295 nostri
1328 1253 1413 1298 auno
1438 1233 1480 1298 V.

855 1489 1265 1500 a—..nm-*q-——m——ss

1019 1751 1107 1825 463.

341 1858 532 1970 &regmina
553 1885 609 1966 IX
631 1910 722 1970 papa
749 1889 913 1973 neophytis
940 1890 977 1954 dc
1002 1890 1143 1956 Ourania
1171 1891 1343 1968 libertates,
1375 1911 1455 1973 qnos
1476 1891 1697 1978 B[chtninns]
1729 1893 1888 1976 episcopans

232 1990 488 2074 Sanipaltienaia,
511 2011 580 2054 cnm
594 1993 631 2055 in
644 1993 761 2057 minari
775 1991 881 2078 afficio
893 1996 1078 2058 constitntns
1092 1995 1172 2060 virm
1189 1993 1346 2081 0[ttonis]
1360 1994 1485 2060 diaconi
1499 1997 1684 2075 cardinalia,
1699 1999 1887 2078 apostolicae

232 2093 315 2158 sedis
336 2093 439 2176 tapeti,
460 2097 587 2175 peraret,
609 2096 651 2159 iis
672 2098 860 2174 concesserit,
883 2099 1056 2178 confirmat,
1079 2101 1182 2161 tcnarc
1203 2098 1381 2163 litterarum
1402 2099 1529 2164 caineto.

1512 2205 1605 2281 1232,
1627 2203 1720 2270 Febr.
1746 2207 1798 2267 11.

336 2279 417 2348 Gaea.
436 2280 486 2334 IX
502 2280 572 2352 Req.
591 2281 654 2337 Lib.
678 2283 708 2350 V,
726 2286 791 2338 185.

336 2367 473 2436 Potinae,
490 2368 559 2440 Reg.
579 2372 666 2424 8875.

783 2528 1017 2623 Neophitis
1044 2532 1096 2605 de
1124 2530 1360 2616 Curonie„

320 2677 436 2756 Solet
458 2698 601 2743 annuere
626 2682 689 2741 etc.
712 2698 831 2763 usque:
857 2677 1028 2765 impertiri.
1073 2678 1155 2743 Cum
1179 2679 1343 2764 igiturex
1369 2688 1463 2767 parte
1486 2688 1596 2747 vestra
1619 2682 1716 2748 fuerit
1745 2703 1765 2748 a
1791 2683 1887 2747 nobis

111 2783 117 2792 ’
232 2782 400 2847 humiliter
421 2782 637 2868 postulatum,
659 2787 696 2845 ut
718 2780 890 2847 libertates
913 2788 947 2847 et
969 2783 1202 2864 immunitates,
1226 2799 1245 2847 a
1268 2785 1450 2850 venerabili
1472 2785 1572 2850 fratrc
1596 2791 1708 2851 nostro
1724 2785 1763 2851 B.
1781 2784 1887 2850 Semi-

232 2885 386 2970 galliensi
402 2885 567 2972 episcopo,
591 2885 772 2971 apostolice
788 2884 876 2950 sedis
892 2885 1014 2970 legato,
1037 2891 1113 2950 tnnc
1137 2887 1170 2950 in
1195 2886 1312 2951 minori
1333 2888 1441 2954 allicio
1458 2889 1646 2970 constituto,
1670 2889 1760 2954 vices
1775 2887 1888 2953 dilecti

232 2991 291 3054 filii
325 2991 429 3054 nostri
459 2988 496 3053 Ο.
529 2987 641 3053 Sancti
670 2987 799 3053 Nicolai
831 2989 864 3052 in
895 2988 1036 3055 Carcere
1070 2989 1221 3054 Tulliano
1256 2989 1386 3055 diaconi
1420 2992 1612 3076 cardinalis,
1644 2991 1722 3056 dum
1756 2991 1789 3056 in
1821 2991 1888 3055 illis

231 3092 381 3179 partibus
414 3091 590 3178 legationis
625 3091 770 3155 officium
806 3098 995 3166 exerceret,
1035 3091 1157 3159 ibidem
1191 3098 1347 3178 gerente,
1384 3095 1590 3161 universitati
1623 3101 1732 3161 vestre
1764 3095 1820 3182 pia
1856 3101 1890 3160 et

233 3195 370 3284 provida
383 3195 619 3261 deliberatione
635 3215 822 3278 concessas,
837 3196 1019 3282 apostolico
1035 3195 1245 3281 dignaremur
1266 3197 1446 3263 munimine
1466 3199 1638 3264 roborare:
1655 3220 1715 3264 nos
1731 3196 1890 3263 devotion

231 3303 341 3364 vestre
365 3298 542 3384 specialem
570 3299 709 3384 gratiam
739 3298 900 3385 impertiri
924 3299 1087 3379 volentes,
1120 3299 1206 3384 quod
1234 3299 1275 3382 ab
1306 3321 1346 3365 eo
1377 3322 1476 3387 super
1508 3300 1571 3367 hoc
1600 3301 1736 3388 provide
1766 3302 1889 3367 factum

232 3424 307 3468 esse
339 3401 519 3467 dinoscitur
554 3407 588 3467 ct
623 3401 657 3465 iu
687 3401 835 3466 eiusdem
866 3402 985 3467 litteris
1016 3401 1136 3480 exinde
1167 3402 1325 3469 conlectis
1355 3404 1486 3490 plenius
1516 3405 1717 3485 continetur,
1753 3424 1888 3489 quarum

231 3514 378 3571 tenorem
411 3505 452 3570 de
479 3505 580 3570 verbo
615 3505 656 3570 ad
684 3505 823 3571 verbum
851 3507 1061 3592 presentibus
1092 3506 1246 3571 iussimus
1276 3508 1442 3589 annotari,
1476 3508 1670 3573 auctoritate
1705 3505 1889 3592 apostolica

232 3609 459 3674 confirmamus
483 3615 545 3674 etc.
569 3628 693 3695 usque:
719 3610 968 3674 communimus.
1012 3608 1123 3674 Teuor
1145 3615 1254 3674 autern
1277 3610 1460 3675 litteramm
1482 3611 1627 3697 ipsarum
1650 3617 1702 3675 est
1724 3610 1816 3675 talis:

340 3713 457 3778 Frater
491 3711 529 3776 Β.
565 3732 720 3777 monacus
754 3710 966 3792 Alvensis⁸²,
1005 3711 1128 3778 domiui
1162 3712 1201 3777 Ο.
1236 3713 1410 3778 cardinalis
1447 3712 1536 3779 sedis
1573 3713 1752 3800 apostolice
1787 3695 1888 3797 legati

232 3816 482 3902 penitentiarius
511 3837 549 3880 ac
577 3815 729 3894 nuntius,
759 3814 910 3878 omuibus
940 3813 1061 3878 Christi
1092 3815 1244 3880 fidelibus
1271 3817 1306 3880 iu
1338 3822 1543 3903 perpetuum.
1596 3815 1678 3880 Cum
1707 3815 1889 3902 inspirante

232 3919 339 4003 gratia
362 3917 504 4004 Spiritus
528 3917 652 3997 sancti,
675 3916 751 3997 ubi,
774 3916 902 4001 quando
926 3922 1024 4002 atque
1048 3923 1203 4003 quantum
1227 3919 1297 3984 vult
1319 3919 1491 4006 spirantis,
1513 3917 1748 3984 Lammelrinus
1772 3937 1832 3982 rex
1856 3920 1890 3980 et

231 4021 351 4106 pagani
374 4020 415 4086 de
432 4019 584 4102 Ourania,
608 4020 648 4086 de
672 4021 768 4086 terris
784 4020 929 4086 Esestua
952 4021 1089 4103 scilicet,
1112 4021 1236 4108 Durpis
1260 4029 1294 4087 ct
1311 4020 1457 4108 Seggera
1480 4028 1514 4087 et
1530 4020 1728 4109 Kiligsmdis,
1752 4040 1888 4106 quarum

231 4127 294 4191 hec
325 4131 401 4190 sunt
429 4126 573 4190 nomina:
610 4124 792 4211 Thargole,
827 4125 936 4206 Osua,
969 4125 1110 4210 Langis,
1139 4125 1299 4207 Venetis,
1334 4125 1482 4206 Normis,
1520 4124 1687 4205 Kicmala,
1723 4123 1885 4209 Pygawas

234 4228 396 4309 Semitas,
422 4227 525 4312 Riwa,
554 4227 687 4309 Sacczc,
714 4227 865 4309 Edualia,
888 4229 1105 4313 Aliswanges,
1128 4226 1248 4307 Ardus,
1271 4227 1564 4308 Alostanotachos,
1587 4226 1683 4292 etde
1706 4227 1780 4291 aliis
1802 4224 1889 4290 Kili-

233 4331 350 4418 gundis
372 4331 460 4396 villis
484 4353 526 4397 ex
547 4340 685 4418 utraque
708 4337 800 4418 parte
814 4330 939 4397 Wiuda
962 4332 1044 4412 sitis,
1068 4331 1224 4397 offerrent
1247 4352 1283 4396 se
1308 4331 1348 4396 ad
1370 4331 1469 4396 fidem
1486 4331 1609 4397 Christi
1633 4329 1889 4416 suscipiendam,

233 4442 337 4501 terras
360 4456 448 4516 suas,
472 4458 507 4502 sc
531 4443 565 4502 et
587 4435 722 4501 obsides
744 4456 821 4501 suos
843 4457 903 4522 per
919 4456 1050 4500 manum
1066 4440 1210 4500 nostram
1233 4435 1274 4500 ed
1295 4455 1411 4501 manus
1427 4435 1551 4501 domiui
1566 4453 1650 4521 pape
1671 4432 1889 4511 conferentes,

233 4538 417 4604 omnimode
446 4539 593 4605 eiusdem
622 4539 818 4604 ordinationi
848 4544 935 4604 stare
966 4545 1127 4625 perpetuo
1157 4540 1387 4626 promiserunt.
1441 4539 1510 4604 Nos
1540 4558 1618 4603 vcro
1649 4535 1770 4602 domini
1803 4555 1888 4622 pape

232 4642 322 4706 vices
345 4643 379 4706 in
402 4643 463 4707 hac
493 4649 585 4730 parte
609 4649 762 4729 agentes,
793 4641 834 4707 de
863 4641 993 4707 comuni
1021 4642 1159 4706 consilio
1189 4643 1329 4707 ecclesie
1353 4641 1525 4727 Rigensis,
1555 4639 1686 4705 abbatis
1711 4638 1751 4704 de
1773 4637 1888 4702 Dune-

235 4743 386 4826 munde³,
415 4752 634 4811 mercatorum
664 4746 825 4826 omnium,
857 4746 998 4810 militum
1029 4745 1167 4824 Christi,
1196 4745 1442 4830 peregrinorum
1471 4765 1509 4809 ac
1538 4743 1659 4809 civium
1684 4740 1889 4825 Rigensium,

233 4847 299 4912 tale
322 4849 467 4913 cumeis
490 4855 622 4934 pactum
645 4848 798 4913 inivimus
823 4856 856 4913 et
883 4849 1083 4914 firmavimus
1111 4846 1350 4913 conditionem:
1380 4845 1535 4912 videlicet
1557 4844 1644 4931 quod
1673 4841 1887 4909 incontinenti

233 4950 423 5015 sacerdotes
453 4951 613 5038 recipient
640 4950 838 5016 auctoritate
866 4957 979 5015 nostra
1009 4951 1073 5016 sibi
1103 4951 1331 5027 destinandos;
1359 4949 1498 5014 honeste
1528 4950 1560 5012 in
1590 4945 1785 5013 necessariis
1808 4965 1889 5030 pro·

233 5052 393 5119 curabunt
416 5074 490 5133 ecs,
519 5060 552 5119 et
580 5052 705 5119 eisdem
728 5059 894 5138 tamquam
917 5055 987 5119 veri
1011 5053 1189 5118 Christiani
1212 5056 1245 5118 in
1268 5053 1419 5118 omuibus
1443 5050 1613 5130 obedient,
1646 5053 1679 5113 et
1708 5045 1888 5112 eorundem

232 5178 292 5242 per
314 5157 422 5221 omnia
444 5156 643 5222 salutaribus
667 5157 798 5221 monitis
823 5156 1053 5240 acquiescent;
1083 5153 1124 5219 ab
1154 5154 1304 5220 hostibus
1335 5177 1392 5221 eos
1422 5155 1506 5220 sicut
1536 5153 1664 5238 seipsos
1694 5147 1889 5224 defendens

340 5447 363 5516 ⁸)
381 5449 418 5500 ita
438 5448 483 5510 R.,·
502 5450 554 5516 lege
571 5449 701 5502 Alnensiu

336 5602 364 5670 1)
385 5600 427 5670 Os.
448 5601 562 5656 Hernici
583 5603 658 5672 repta
681 5600 802 5671 diploma
821 5604 906 5667 1228,
929 5599 985 5655 lul.
1003 5605 1019 5654 1
1040 5597 1147 5669 dnum,
1169 5615 1214 5669 cp.
1236 5596 1346 5668 Bnnpe,
1369 5597 1442 5652 laici.
1466 5595 1533 5652 ΠΒ.
1552 5601 1571 5650 t.
1590 5596 1620 5664 I,
1639 5612 1670 5666 p.
1694 5597 1756 5658 118,
1780 5609 1807 5648 n.
1828 5597 1890 5647 100.

231 5689 392 5756 aracaeum
408 5689 466 5742 nor
483 5689 558 5742 Alnc
576 5697 646 5742 anan.
667 5687 733 5742 Cist.
753 5687 811 5742 ard.
831 5686 993 5741 Lcadiensta
1012 5687 1080 5742 diac.
1096 5702 1187 5756 prope
1205 5686 1306 5740 Sabim.
1376 5683 1404 5752 3)
1428 5681 1588 5738 Theveste·
1604 5683 1649 5738 11.
