4590 6366
465 393 529 454 544
1045 383 1094 437 EX
1112 381 1288 436 GREGORII
1305 381 1344 434 IX
1362 375 1543 433 REGIS'I'RO

465 561 614 648 predicte
637 560 754 625 militie
769 557 913 623 Domino
936 556 1118 642 inspirante
1136 554 1345 634 contulerint,
1368 539 1461 617 iuirta
1483 552 1699 636 quantitatem
1720 550 1858 615 subsidii
1883 555 1919 614 et
1943 546 2139 612 devotionis

465 665 620 730 affectum
642 663 834 750 ampliorem
857 658 1068 725 concedimus
1091 658 1219 723 veniam
1242 663 1464 744 peccatorum.

573 785 650 852 Dat.
673 783 813 864 Perusii,
835 781 885 846 IV
907 779 982 847 Kal.
1005 779 1092 860 Iulii,
1116 799 1200 843 anno
1224 798 1321 842 nono.

572 903 612 968 In
636 902 776 968 eundem
807 900 938 965 modum
968 900 1125 985 scriptum
1155 905 1206 964 est
1229 897 1390 963 universis
1413 896 1672 982 archiepiscopis
1697 901 1730 960 et
1754 915 1867 958 eorum
1891 891 2139 976 suffraganeis.

1088 1144 1499 1154 --—...-..--—--.—--—--

1255 1388 1342 1460 647.

571 1505 689 1597 Duae
719 1529 866 1612 epistolae
895 1528 1042 1609 eaesi
1072 1528 1129 1593 rx
1151 1549 1259 1608 papae
1288 1527 1332 1591 aa
1361 1525 1601 1612 [mersurum
1628 1525 1687 1609 rr]
1720 1525 1992 1604 archiepiscopum
2025 1521 2136 1588 sate·
2185 1549 2196 1587 ι

467 1635 661 1717 burpcusem,
694 1631 895 1718 [Gourodum
922 1631 986 1714 II]
1018 1632 1192 1712 episcopum
1227 1629 1509 1710 Hildesbemensem
1541 1633 1571 1692 ct
1601 1629 1742 1693 abbatem
1775 1628 1812 1691 de
1848 1626 1943 1691 Bucb
1976 1626 2139 1690 directae:

468 1739 504 1817 1)
526 1737 686 1802 coemittit
703 1736 755 1814 iis,
777 1738 938 1799 utcontra
957 1732 1170 1818 interfectores
1190 1731 1329 1800 Ooaradi
1348 1731 1385 1796 de
1398 1730 1558 1814 Morburp
1575 1733 1666 1795 iuxta
1677 1730 1825 1816 sumata,
1846 1749 1943 1810 picam
1958 1729 2006 1792 iis
2028 1733 2139 1791 truns-

467 1840 580 1918 mittat,
597 1838 786 1920 procedunt·
808 1839 845 1918 2)
866 1836 983 1913 scribit,
1005 1856 1101 1917 quom
1118 1836 1343 1917 poeaitentiam
1355 1834 1526 1915 praedictis
1549 1832 1798 1919 interfectoribus
1818 1832 2018 1912 imposuerit,
2042 1851 2138 1895 morr-

466 1941 556 2019 dous,
578 1943 614 2004 ut
634 1942 684 2020 iis,
706 1942 736 2006 si
757 1942 902 2005 iniuncta
919 1938 1106 2021 peregerint,
1129 1939 1356 2004 absolutionem
1378 1937 1570 2018 impendant.
1663 1937 1756 2014 1235,
1780 1936 1842 2002 lut.
1866 1939 1910 2000 26
1934 1938 1964 1999 ct
1988 1939 2046 1998 31.

576 2062 659 2132 Grep.
679 2063 728 2116 IX
745 2061 814 2131 Rep.
835 2061 895 2116 Vol.
917 2060 949 2123 V,
969 2062 1095 2127 56-57,·
1113 2060 1176 2114 Lib.
1197 2061 1251 2120 IX.
1270 2063 1325 2113 167
1343 2064 1368 2112 et
1387 2061 1448 2112 168.
1502 2057 1586 2110 Aul
1602 2057 1707 2110 Pertrii
1723 2056 1864 2125 eeunplor
1881 2055 2081 2126 supplevimus
2100 2072 2137 2109 cc
2186 2067 2207 2103 ιιι

467 2146 582 2217 Reponi,
601 2148 676 2201 Bull.
695 2146 795 2202 Prced.
815 2151 833 2202 t.
851 2147 878 2212 Ι,
891 2163 921 2216 p.
942 2149 988 2211 78,
1004 2161 1030 2198 a.
1049 2148 1105 2197 133
1123 2149 1149 2198 et
1166 2145 1331 2214 Maurique,
1352 2145 1425 2196 Αιιιι.
1446 2143 1555 2198 (tatere.
1574 2147 1592 2196 t.
1612 2142 1666 2209 IV,
1683 2160 1713 2214 p.
1733 2146 1802 2210 500,
1827 2141 1876 2195 ubi
1892 2141 1947 2196 boe
1965 2141 2083 2196 litterae
2102 2158 2138 2196 ex

467 2233 536 2305 Ray.
554 2233 717 2304 deprompto
732 2235 867 2303 leguntur,
885 2246 993 2286 errores
1011 2231 1126 2286 alteriue
1144 2249 1178 2286 cx
1193 2232 1283 2285 orreo
1302 2229 1483 2284 rescatentes.

574 2319 712 2388 Pottbost,
730 2321 800 2390 Rep.
818 2323 893 2374 9977
911 2321 936 2372 et
954 2321 1038 2372 9978.

1282 2505 1308 2570 I.

896 2689 905 2706 .
934 2690 942 2707 .
973 2631 1313 2723 archiepiscopo
1341 2631 1694 2724 salzeburgensi

472 2760 514 2829 et
542 2810 551 2829 .
581 2810 590 2829 .
619 2755 829 2846 episcopo
857 2751 1192 2826 Hildeseruensi
1225 2757 1266 2825 et
1299 2809 1307 2825 .
1338 2809 1347 2826 .
1375 2752 1529 2826 abbati
1561 2753 1613 2825 de
1641 2746 1781 2826 Buch¹
1812 2750 2133 2826 Cistcrciensis
2182 2779 2201 2817 a

967 2871 1135 2944 ordinis
1160 2871 1400 2946 Misnensis
1428 2871 1627 2946 diocesis.

581 3024 687 3088 Viuee
710 3021 844 3086 Domini
872 3023 1013 3087 cultores
1040 3023 1119 3087 licet
1146 3023 1302 3087 immeriti
1331 3024 1499 3088 constituti
1527 3024 1612 3089 iuste
1639 3024 1675 3088 in
1702 3020 1867 3087 desiderio
1898 3022 2065 3106 gerimus,
2098 3026 2134 3084 ut

385 3111 388 3118 ’
470 3127 559 3191 illius
581 3124 787 3190 latitudinem
810 3126 1018 3210 gratitudinis
1041 3127 1148 3190 fructu
1172 3147 1303 3212 semper
1326 3133 1498 3191 venustam
1522 3127 1668 3192 existere
1690 3125 1942 3212 perpendamus,
1967 3125 2132 3189 turbatio-

471 3251 547 3295 nem
570 3250 636 3294 ιιοιι
651 3229 811 3294 modicam
831 3228 1021 3305 subeuntes,
1045 3231 1073 3294 si
1089 3229 1174 3294 forte
1192 3230 1302 3314 alique
1317 3229 1513 3316 plantarum,
1537 3251 1600 3316 que
1623 3231 1658 3293 in
1681 3229 1739 3294 illa
1754 3225 1962 3294 evidentibu's
1981 3229 2132 3292 existunt

471 3331 600 3397 indiciis
622 3332 824 3418 grandiores,
848 3335 913 3399 sint
937 3334 1109 3398 sterilitate
1125 3333 1289 3398 notabiles
1312 3335 1365 3398 vel
1388 3335 1579 3399 nocivorum
1594 3335 1808 3420 productione
1824 3333 1990 3399 fruetuum
2013 3332 2131 3418 displi-
2177 3353 2201 3392 a

471 3442 595 3502 centes.
641 3435 727 3501 Saue
751 3435 871 3502 dudum
894 3439 1052 3502 mirantes
1075 3437 1257 3502 audivimus
1281 3445 1314 3503 et
1336 3437 1507 3503 referimus
1524 3437 1721 3517 conturbati,
1745 3435 1927 3523 quodcum
1951 3437 2031 3501 olim
2055 3442 2131 3522 post

471 3539 598 3605 obitum
627 3539 802 3605 recolende
833 3542 990 3606 memorie
1020 3541 1168 3624 magistri
1191 3541 1332 3606 Conradi
1361 3541 1402 3606 de
1425 3541 1607 3606 Marbuch²
1636 3543 1853 3628 predicatoris
1881 3542 1975 3606 verbi
1999 3541 2067 3606 Dei
2089 3539 2130 3605 de

471 3642 674 3729 quibusdam,
697 3664 778 3728 quos
801 3643 938 3709 infectos
962 3645 1036 3708 labe
1059 3645 1229 3730 pravitatis
1254 3644 1399 3709 heretice
1423 3646 1557 3710 tenebat
1580 3647 1718 3710 assertio
1741 3646 1964 3732 plurimorum,
1989 3646 2131 3710 oriretur

471 3747 609 3812 materia
631 3747 828 3832 questionis,
860 3748 1055 3832 quibusdam
1078 3747 1339 3834 proponentibus
1362 3746 1448 3833 quod
1471 3769 1646 3835 processus
1670 3756 1783 3813 contra
1806 3749 1880 3813 illos
1903 3769 1963 3834 per
1987 3747 2129 3814 eundem

470 3850 662 3936 magistrum
684 3850 817 3915 habitus
841 3850 1022 3935 iniquitatis
1045 3852 1206 3916 maculam
1228 3852 1416 3930 habuisset,
1447 3852 1521 3915 aliis
1550 3873 1628 3924 vero
1660 3852 1880 3917 referentibus
1911 3873 1954 3916 ex
1987 3850 2127 3917 adverso
2177 3871 2189 3908 ι

471 3952 558 4038 quod
580 3953 653 4038 pius
676 3953 844 4018 extitisset
866 3961 899 4018 et
921 3952 1076 4039 providus
1099 3975 1138 4018 ac
1161 3955 1363 4020 incremento
1388 3955 1549 4019 catholice
1573 3954 1649 4020 fidei
1671 3956 1845 4041 plurimum
1869 3960 2064 4040 oportunus,
2087 3954 2128 4019 ad

471 4055 693 4121 dubitationes
716 4056 904 4121 huiusmodi
919 4055 1133 4122 declarandas
1157 4059 1238 4122 certi
1260 4060 1352 4121 locus
1377 4065 1411 4121 et
1434 4057 1593 4121 terminus
1618 4065 1694 4121 sunt
1716 4058 1844 4144 prefixi.
1888 4058 2031 4124 Demum
2049 4079 2128 4124 con-

471 4165 608 4244 gregato
637 4159 808 4240 concilic³,
840 4158 882 4223 ad
910 4160 996 4244 quod
1025 4162 1136 4246 plures
1167 4148 1381 4226 ecclesiarum
1412 4160 1531 4245 prelati
1555 4167 1588 4224 et
1614 4161 1779 4248 principes
1808 4162 1974 4227 seculares
1997 4184 2036 4228 ac
2061 4163 2128 4243 alii,

470 4284 609 4348 quorum
630 4264 798 4348 presentia
819 4269 910 4328 tanto
927 4263 1137 4349 competebat
1158 4265 1302 4350 negotio,
1327 4270 1560 4343 convenerunt,
1585 4271 1767 4350 exurgente
1790 4266 1879 4330 nullo
1903 4287 1962 4352 pro
1986 4266 2128 4331 tuitione

470 4365 566 4445 fidei,
598 4386 660 4450 que
684 4366 801 4431 saltem
830 4372 880 4430 tot
901 4367 1111 4452 presentibus
1141 4368 1201 4431 sub
1235 4367 1325 4431 nullo
1352 4365 1495 4430 debebat
1523 4367 1726 4451 negligentia
1755 4369 1922 4454 preteriri,
1952 4371 2129 4435 memorati

471 4469 594 4549 infecti,
617 4475 654 4533 nt
676 4469 795 4533 dicitur
816 4471 951 4534 rationis
974 4471 1158 4536 inconsulto
1182 4471 1326 4556 speculo,
1350 4470 1436 4554 quod
1458 4471 1629 4556 potissime
1652 4473 1685 4536 in
1708 4472 1829 4537 talibus
1851 4471 1966 4538 haberi
1990 4471 2130 4538 decebat

471 4594 529 4659 pre
553 4572 672 4652 oculis,
701 4577 777 4636 sunt
803 4573 1020 4638 absolutionis
1050 4573 1247 4639 heneficium
1269 4574 1423 4640 assecuti.
1468 4575 1522 4638 Illi
1545 4596 1622 4640 vero
1646 4575 1838 4661 perditionis
1861 4576 1941 4658 filii,
1971 4577 2028 4662 qui
2050 4576 2130 4642 dicti

471 4676 622 4761 magistri
648 4676 841 4761 sanguinem
868 4677 1038 4744 innoxium
1070 4677 1269 4760 effuderunt,
1307 4678 1437 4743 omissis
1471 4680 1654 4765 prolatione
1686 4680 1848 4745 sententie
1878 4701 1917 4745 ao
1947 4681 2129 4746 inflictione

470 4801 573 4866 pene,
602 4800 666 4865 que
695 4785 808 4844 contra
835 4781 925 4869 ipsos
953 4804 1013 4869 pro
1042 4803 1184 4848 excessu
1206 4788 1273 4847 tarn
1296 4781 1486 4848 detestabili
1516 4790 1550 4849 et
1576 4782 1674 4869 digno
1696 4806 1762 4850 non
1783 4784 1939 4850 brevibus
1963 4783 2131 4872 deplorari

470 4881 761 4948 lamentationibus
792 4881 986 4966 debehatur,
1015 4906 1053 4949 ac
1084 4886 1307 4952 satisfactione
1338 4887 1449 4972 aliqua
1477 4908 1544 4951 non
1570 4895 1720 4975 recepta,
1752 4895 1828 4953 sunt
1858 4886 1898 4952 ad
1926 4890 2130 4974 presentiam
2183 4914 2207 4953 u

471 4994 616 5053 nostram
639 5008 697 5072 pro
721 4985 938 5052 absolutionis
954 4987 1131 5053 obtinenda
1153 4991 1260 5074 gratia
1281 4990 1445 5055 destinati.
1492 4989 1601 5063 Quare
1624 4990 1719 5055 nobis
1743 4998 1776 5056 et
1798 4991 1872 5056 aliis
1895 4992 2055 5078 opinandi
2077 4995 2134 5059 vel

470 5092 579 5178 potius
594 5112 653 5178 pro
669 5091 763 5155 firmo
778 5090 913 5155 tenendi
928 5092 1066 5156 materia
1081 5093 1244 5175 tribuitur,
1269 5093 1355 5179 quod
1378 5095 1412 5158 iu
1434 5094 1496 5158 hoc
1520 5099 1554 5158 ct
1576 5092 1723 5158 modicus
1740 5094 1839 5159 fuerit
1856 5095 1947 5160 zelus
1966 5096 2132 5162 catholice

470 5195 547 5260 fidei
576 5202 609 5260 et
637 5195 735 5260 exilis
762 5194 902 5260 attentio
935 5192 1049 5259 sedem
1076 5199 1291 5282 apostolicam
1317 5198 1500 5263 reverendi.
1545 5197 1641 5263 Unde
1670 5197 1724 5278 fit,
1756 5197 1843 5283 quod
1871 5204 1905 5262 et
1935 5200 2134 5280 minoribus,

472 5319 609 5385 qnorum
632 5297 799 5362 affectioni
823 5299 955 5364 celebre
977 5298 1126 5366 redditur
1141 5301 1227 5387 qnod
1250 5323 1269 5365 a
1292 5303 1498 5388 superiorum
1516 5301 1723 5388 providentia
1737 5300 1915 5380 derivatur,
1938 5308 2135 5392 exemplum

469 5402 615 5484 validum
648 5401 861 5488 presumendi
893 5405 1057 5468 contraria
1091 5403 1258 5470 devotioni
1294 5404 1497 5486 conceditur,
1531 5413 1565 5470 et
1593 5405 1729 5492 perditis
1761 5404 1917 5470 hereticis
1945 5411 2138 5500 cumulatur
2187 5431 2214 5470 ιι

573 5658 601 5726 1)
620 5657 671 5713 Ec
683 5659 820 5714 occidente
832 5658 955 5714 acuatu
967 5660 1127 5720 Mirareris.
1176 5663 1204 5733 2)
1222 5679 1248 5716 a.
1261 5666 1342 5734 1233,
1355 5663 1411 5718 Iul.
1425 5665 1463 5717 30
1473 5661 1621 5730 interfecti.
1665 5662 1692 5730 3)
1711 5662 2137 5735 Froaccfurtio.1234‚Fcbr.
