<?xml version="1.0" encoding="UTF-8"?>
<!DOCTYPE html PUBLIC "-//W3C//DTD XHTML 1.0 Transitional//EN"
    "http://www.w3.org/TR/xhtml1/DTD/xhtml1-transitional.dtd">
<html xmlns="http://www.w3.org/1999/xhtml" xml:lang="en" lang="en">
 <head>
  <title>
</title>
<meta http-equiv="Content-Type" content="text/html;charset=utf-8" />
  <meta name='ocr-system' content='tesseract 3.04.00' />
  <meta name='ocr-capabilities' content='ocr_page ocr_carea ocr_par ocr_line ocrx_word'/>
</head>
<body>
  <div class='ocr_page' id='page_1' title='image "./monumentagerman00peipgoog/monumentagerman00peipgoog_0083.png"; bbox 0 0 4494 6426; ppageno 0'>
   <div class='ocr_carea' id='block_1_1' title="bbox 407 393 1468 466">
    <p class='ocr_par' dir='ltr' id='par_1_1' title="bbox 407 393 1468 466">
     <span class='ocr_line' id='line_1_1' title="bbox 407 393 1468 466; baseline -0.01 0"><span class='ocrx_word' id='word_1_1' title='bbox 407 405 447 466; x_wconf 80' lang='lat'><strong>60</strong></span> <span class='ocrx_word' id='word_1_2' title='bbox 990 397 1037 454; x_wconf 82' lang='lat' dir='ltr'><strong>EX</strong></span> <span class='ocrx_word' id='word_1_3' title='bbox 1056 399 1212 455; x_wconf 85' lang='lat' dir='ltr'><strong>HONORII</strong></span> <span class='ocrx_word' id='word_1_4' title='bbox 1230 397 1270 453; x_wconf 86' lang='grc' dir='ltr'><strong>ΙΙΙ</strong></span> <span class='ocrx_word' id='word_1_5' title='bbox 1288 393 1468 455; x_wconf 84' lang='lat' dir='ltr'><strong>REGISTRO</strong></span> 
     </span>
    </p>
   </div>
   <div class='ocr_carea' id='block_1_2' title="bbox 401 561 2133 3553">
    <p class='ocr_par' dir='ltr' id='par_1_2' title="bbox 401 561 2133 3553">
     <span class='ocr_line' id='line_1_2' title="bbox 407 561 2058 661; baseline 0.001 -23"><span class='ocrx_word' id='word_1_6' title='bbox 407 573 494 659; x_wconf 90' lang='lat' dir='ltr'><strong>quod</strong></span> <span class='ocrx_word' id='word_1_7' title='bbox 517 595 585 654; x_wconf 89' lang='lat' dir='ltr'><strong>vos,</strong></span> <span class='ocrx_word' id='word_1_8' title='bbox 608 574 666 638; x_wconf 88' lang='lat' dir='ltr'><strong>filii</strong></span> <span class='ocrx_word' id='word_1_9' title='bbox 694 574 929 660; x_wconf 80' lang='lat' dir='ltr'>crucesignati,</span> <span class='ocrx_word' id='word_1_10' title='bbox 963 575 1112 661; x_wconf 91' lang='lat' dir='ltr'><strong>proximo</strong></span> <span class='ocrx_word' id='word_1_11' title='bbox 1150 573 1267 638; x_wconf 89' lang='lat' dir='ltr'><strong>Martio</strong></span> <span class='ocrx_word' id='word_1_12' title='bbox 1295 574 1348 637; x_wconf 88' lang='lat' dir='ltr'><strong>vel</strong></span> <span class='ocrx_word' id='word_1_13' title='bbox 1385 575 1501 639; x_wconf 90' lang='lat' dir='ltr'><strong>saltem</strong></span> <span class='ocrx_word' id='word_1_14' title='bbox 1523 561 1632 638; x_wconf 86' lang='lat' dir='ltr'><strong>Madia</strong></span> <span class='ocrx_word' id='word_1_15' title='bbox 1656 573 1891 654; x_wconf 78' lang='lat' dir='ltr'><strong>transfretetis,</strong></span> <span class='ocrx_word' id='word_1_16' title='bbox 1924 595 2058 660; x_wconf 84' lang='lat' dir='ltr'><strong>vosque,</strong></span> 
     </span>
     <span class='ocr_line' id='line_1_3' title="bbox 406 679 2060 766; baseline -0.001 -24"><span class='ocrx_word' id='word_1_17' title='bbox 406 679 524 743; x_wconf 88' lang='lat' dir='ltr'><strong>fratres</strong></span> <span class='ocrx_word' id='word_1_18' title='bbox 550 679 797 766; x_wconf 79' lang='lat' dir='ltr'><strong>archiepiscope</strong></span> <span class='ocrx_word' id='word_1_19' title='bbox 829 701 866 743; x_wconf 90' lang='lat' dir='ltr'><strong>ac</strong></span> <span class='ocrx_word' id='word_1_20' title='bbox 895 680 1056 764; x_wconf 73' lang='lat' dir='ltr'><strong>episcopi,</strong></span> <span class='ocrx_word' id='word_1_21' title='bbox 1081 679 1201 762; x_wconf 86' lang='lat' dir='ltr'><strong>singuli</strong></span> <span class='ocrx_word' id='word_1_22' title='bbox 1232 679 1377 762; x_wconf 85' lang='lat' dir='ltr'><strong>signatos</strong></span> <span class='ocrx_word' id='word_1_23' title='bbox 1402 701 1460 744; x_wconf 90' lang='lat' dir='ltr'><strong>sue</strong></span> <span class='ocrx_word' id='word_1_24' title='bbox 1489 679 1630 744; x_wconf 87' lang='lat' dir='ltr'><strong>diocesis</strong></span> <span class='ocrx_word' id='word_1_25' title='bbox 1654 679 1867 743; x_wconf 81' lang='lat' dir='ltr'><strong>sollicitantes</strong></span> <span class='ocrx_word' id='word_1_26' title='bbox 1891 679 2060 756; x_wconf 87' lang='lat' dir='ltr'><strong>instanter,</strong></span> 
     </span>
     <span class='ocr_line' id='line_1_4' title="bbox 406 781 2059 867; baseline -0.002 -20"><span class='ocrx_word' id='word_1_27' title='bbox 406 804 463 847; x_wconf 90' lang='lat' dir='ltr'><strong>eos</strong></span> <span class='ocrx_word' id='word_1_28' title='bbox 496 783 537 847; x_wconf 89' lang='lat' dir='ltr'><strong>ad</strong></span> <span class='ocrx_word' id='word_1_29' title='bbox 572 783 619 857; x_wconf 90' lang='lat' dir='ltr'><strong>id,</strong></span> <span class='ocrx_word' id='word_1_30' title='bbox 654 785 680 847; x_wconf 91' lang='lat' dir='ltr'><strong>si</strong></span> <span class='ocrx_word' id='word_1_31' title='bbox 713 804 851 848; x_wconf 89' lang='lat' dir='ltr'><strong>necesse</strong></span> <span class='ocrx_word' id='word_1_32' title='bbox 886 782 999 863; x_wconf 88' lang='lat' dir='ltr'><strong>fuerit,</strong></span> <span class='ocrx_word' id='word_1_33' title='bbox 1034 802 1092 866; x_wconf 91' lang='lat' dir='ltr'><strong>per</strong></span> <span class='ocrx_word' id='word_1_34' title='bbox 1120 802 1289 844; x_wconf 87' lang='lat' dir='ltr'><strong>censuram</strong></span> <span class='ocrx_word' id='word_1_35' title='bbox 1325 782 1581 846; x_wconf 87' lang='lat' dir='ltr'><strong>ecclesiasticam</strong></span> <span class='ocrx_word' id='word_1_36' title='bbox 1621 781 1842 867; x_wconf 86' lang='lat' dir='ltr'><strong>appellatione</strong></span> <span class='ocrx_word' id='word_1_37' title='bbox 1875 783 2059 867; x_wconf 90' lang='lat' dir='ltr'><strong>postposita</strong></span> 
     </span>
     <span class='ocr_line' id='line_1_5' title="bbox 406 883 2057 971; baseline -0.001 -22"><span class='ocrx_word' id='word_1_38' title='bbox 406 886 626 971; x_wconf 89' lang='lat' dir='ltr'><strong>compellatis,</strong></span> <span class='ocrx_word' id='word_1_39' title='bbox 663 886 744 950; x_wconf 90' lang='lat' dir='ltr'><strong>alios</strong></span> <span class='ocrx_word' id='word_1_40' title='bbox 774 885 919 949; x_wconf 90' lang='lat' dir='ltr'><strong>subditos</strong></span> <span class='ocrx_word' id='word_1_41' title='bbox 952 892 1078 948; x_wconf 89' lang='lat' dir='ltr'><strong>vestros</strong></span> <span class='ocrx_word' id='word_1_42' title='bbox 1109 883 1151 947; x_wconf 90' lang='lat' dir='ltr'><strong>ad</strong></span> <span class='ocrx_word' id='word_1_43' title='bbox 1177 884 1345 948; x_wconf 90' lang='lat' dir='ltr'><strong>exercitus</strong></span> <span class='ocrx_word' id='word_1_44' title='bbox 1377 884 1515 970; x_wconf 86' lang='lat' dir='ltr'><strong>predicti</strong></span> <span class='ocrx_word' id='word_1_45' title='bbox 1543 905 1732 948; x_wconf 86' lang='lat' dir='ltr'><strong>succursum</strong></span> <span class='ocrx_word' id='word_1_46' title='bbox 1756 883 1878 948; x_wconf 90' lang='lat' dir='ltr'><strong>sedulis</strong></span> <span class='ocrx_word' id='word_1_47' title='bbox 1902 884 2057 948; x_wconf 89' lang='lat' dir='ltr'><strong>exhorta-</strong></span> 
     </span>
     <span class='ocr_line' id='line_1_6' title="bbox 405 987 2058 1076; baseline 0 -25"><span class='ocrx_word' id='word_1_48' title='bbox 405 989 547 1053; x_wconf 91' lang='lat' dir='ltr'><strong>tionibus</strong></span> <span class='ocrx_word' id='word_1_49' title='bbox 583 988 770 1062; x_wconf 88' lang='lat' dir='ltr'><strong>animando;</strong></span> <span class='ocrx_word' id='word_1_50' title='bbox 809 989 939 1076; x_wconf 89' lang='lat' dir='ltr'><strong>proviso</strong></span> <span class='ocrx_word' id='word_1_51' title='bbox 978 987 1064 1073; x_wconf 90' lang='lat' dir='ltr'><strong>quod</strong></span> <span class='ocrx_word' id='word_1_52' title='bbox 1102 987 1257 1052; x_wconf 86' lang='lat' dir='ltr'><strong>vicesima</strong></span> <span class='ocrx_word' id='word_1_53' title='bbox 1296 994 1329 1052; x_wconf 90' lang='lat' dir='ltr'><strong>et</strong></span> <span class='ocrx_word' id='word_1_54' title='bbox 1363 989 1428 1052; x_wconf 91' lang='lat' dir='ltr'><strong>alia</strong></span> <span class='ocrx_word' id='word_1_55' title='bbox 1466 989 1605 1073; x_wconf 89' lang='lat' dir='ltr'><strong>pecunia</strong></span> <span class='ocrx_word' id='word_1_56' title='bbox 1638 988 1757 1051; x_wconf 89' lang='lat' dir='ltr'><strong>collata</strong></span> <span class='ocrx_word' id='word_1_57' title='bbox 1792 993 1826 1050; x_wconf 90' lang='lat' dir='ltr'><strong>et</strong></span> <span class='ocrx_word' id='word_1_58' title='bbox 1860 987 2058 1052; x_wconf 88' lang='lat' dir='ltr'><strong>conferenda</strong></span> 
     </span>
     <span class='ocr_line' id='line_1_7' title="bbox 405 1090 2057 1176; baseline 0 -22"><span class='ocrx_word' id='word_1_59' title='bbox 405 1113 464 1176; x_wconf 92' lang='lat' dir='ltr'><strong>pro</strong></span> <span class='ocrx_word' id='word_1_60' title='bbox 487 1091 589 1156; x_wconf 86' lang='lat' dir='ltr'><strong>Terre</strong></span> <span class='ocrx_word' id='word_1_61' title='bbox 614 1091 733 1157; x_wconf 85' lang='lat' dir='ltr'><strong>Sancte</strong></span> <span class='ocrx_word' id='word_1_62' title='bbox 758 1092 904 1157; x_wconf 89' lang='lat' dir='ltr'><strong>subsidio</strong></span> <span class='ocrx_word' id='word_1_63' title='bbox 928 1091 1057 1155; x_wconf 87' lang='lat' dir='ltr'><strong>dilectis</strong></span> <span class='ocrx_word' id='word_1_64' title='bbox 1080 1091 1156 1154; x_wconf 91' lang='lat' dir='ltr'><strong>filiis</strong></span> <span class='ocrx_word' id='word_1_65' title='bbox 1182 1091 1350 1176; x_wconf 88' lang='lat' dir='ltr'><strong>Stephano</strong></span> <span class='ocrx_word' id='word_1_66' title='bbox 1372 1092 1523 1156; x_wconf 84' lang='lat' dir='ltr'><strong>familiari</strong></span> <span class='ocrx_word' id='word_1_67' title='bbox 1545 1098 1656 1154; x_wconf 91' lang='lat' dir='ltr'><strong>nostro</strong></span> <span class='ocrx_word' id='word_1_68' title='bbox 1678 1097 1711 1154; x_wconf 90' lang='lat' dir='ltr'><strong>et</strong></span> <span class='ocrx_word' id='word_1_69' title='bbox 1733 1090 1878 1154; x_wconf 89' lang='lat' dir='ltr'><strong>Henrico</strong></span> <span class='ocrx_word' id='word_1_70' title='bbox 1902 1091 2057 1155; x_wconf 90' lang='lat' dir='ltr'><strong>fratribus</strong></span> 
     </span>
     <span class='ocr_line' id='line_1_8' title="bbox 406 1194 2057 1282; baseline 0 -24"><span class='ocrx_word' id='word_1_71' title='bbox 406 1195 575 1259; x_wconf 90' lang='lat' dir='ltr'><strong>domorum</strong></span> <span class='ocrx_word' id='word_1_72' title='bbox 598 1196 782 1282; x_wconf 88' lang='lat' dir='ltr'><strong>Hospitalis</strong></span> <span class='ocrx_word' id='word_1_73' title='bbox 807 1203 841 1261; x_wconf 91' lang='lat' dir='ltr'><strong>et</strong></span> <span class='ocrx_word' id='word_1_74' title='bbox 863 1196 978 1259; x_wconf 87' lang='lat' dir='ltr'><strong>militie</strong></span> <span class='ocrx_word' id='word_1_75' title='bbox 1002 1195 1142 1280; x_wconf 82' lang='lat' dir='ltr'><strong>Templi,</strong></span> <span class='ocrx_word' id='word_1_76' title='bbox 1166 1196 1368 1280; x_wconf 89' lang='lat' dir='ltr'><strong>presentium</strong></span> <span class='ocrx_word' id='word_1_77' title='bbox 1391 1195 1615 1281; x_wconf 83' lang='lat' dir='ltr'><strong>portitoribus,</strong></span> <span class='ocrx_word' id='word_1_78' title='bbox 1639 1215 1720 1278; x_wconf 88' lang='lat' dir='ltr'><strong>quos</strong></span> <span class='ocrx_word' id='word_1_79' title='bbox 1744 1201 1877 1280; x_wconf 89' lang='lat' dir='ltr'><strong>propter</strong></span> <span class='ocrx_word' id='word_1_80' title='bbox 1898 1194 1959 1259; x_wconf 92' lang='lat' dir='ltr'><strong>hoc</strong></span> <span class='ocrx_word' id='word_1_81' title='bbox 1982 1216 2057 1281; x_wconf 92' lang='lat' dir='ltr'><strong>pro-</strong></span> 
     </span>
     <span class='ocr_line' id='line_1_9' title="bbox 404 1295 2057 1384; baseline 0.001 -24"><span class='ocrx_word' id='word_1_82' title='bbox 404 1298 543 1362; x_wconf 84' lang='lat' dir='ltr'><strong>vidimus</strong></span> <span class='ocrx_word' id='word_1_83' title='bbox 567 1298 790 1379; x_wconf 89' lang='lat' dir='ltr'><strong>destinandos,</strong></span> <span class='ocrx_word' id='word_1_84' title='bbox 815 1299 913 1362; x_wconf 85' lang='lat' dir='ltr'><strong>salvis</strong></span> <span class='ocrx_word' id='word_1_85' title='bbox 937 1298 1136 1384; x_wconf 88' lang='lat' dir='ltr'><strong>specialibus</strong></span> <span class='ocrx_word' id='word_1_86' title='bbox 1157 1298 1425 1362; x_wconf 85' lang='lat' dir='ltr'><strong>concessionibus</strong></span> <span class='ocrx_word' id='word_1_87' title='bbox 1441 1297 1481 1362; x_wconf 89' lang='lat' dir='ltr'><strong>ab</strong></span> <span class='ocrx_word' id='word_1_88' title='bbox 1497 1298 1678 1383; x_wconf 88' lang='lat' dir='ltr'><strong>apostolica</strong></span> <span class='ocrx_word' id='word_1_89' title='bbox 1701 1295 1777 1361; x_wconf 92' lang='lat' dir='ltr'><strong>sede</strong></span> <span class='ocrx_word' id='word_1_90' title='bbox 1800 1298 1906 1378; x_wconf 87' lang='lat' dir='ltr'><strong>factis,</strong></span> <span class='ocrx_word' id='word_1_91' title='bbox 1929 1298 2057 1381; x_wconf 89' lang='lat' dir='ltr'><strong>integre</strong></span> 
     </span>
     <span class='ocr_line' id='line_1_10' title="bbox 404 1400 2058 1488; baseline 0 -23"><span class='ocrx_word' id='word_1_92' title='bbox 404 1402 589 1486; x_wconf 84' lang='lat' dir='ltr'><strong>assignetur</strong></span> <span class='ocrx_word' id='word_1_93' title='bbox 611 1403 644 1466; x_wconf 94' lang='lat' dir='ltr'><strong>in</strong></span> <span class='ocrx_word' id='word_1_94' title='bbox 667 1403 769 1488; x_wconf 92' lang='lat' dir='ltr'><strong>ipsius</strong></span> <span class='ocrx_word' id='word_1_95' title='bbox 787 1410 873 1467; x_wconf 88' lang='lat' dir='ltr'><strong>terre</strong></span> <span class='ocrx_word' id='word_1_96' title='bbox 891 1401 1071 1466; x_wconf 89' lang='lat' dir='ltr'><strong>subsidium</strong></span> <span class='ocrx_word' id='word_1_97' title='bbox 1087 1400 1291 1481; x_wconf 88' lang='lat' dir='ltr'><strong>destinanda,</strong></span> <span class='ocrx_word' id='word_1_98' title='bbox 1314 1402 1348 1464; x_wconf 96' lang='lat' dir='ltr'><strong>in</strong></span> <span class='ocrx_word' id='word_1_99' title='bbox 1368 1400 1465 1486; x_wconf 90' lang='lat' dir='ltr'><strong>quod,</strong></span> <span class='ocrx_word' id='word_1_100' title='bbox 1489 1401 1566 1464; x_wconf 90' lang='lat' dir='ltr'><strong>licet</strong></span> <span class='ocrx_word' id='word_1_101' title='bbox 1589 1421 1647 1485; x_wconf 93' lang='lat' dir='ltr'><strong>pro</strong></span> <span class='ocrx_word' id='word_1_102' title='bbox 1664 1400 1794 1484; x_wconf 88' lang='lat' dir='ltr'><strong>navigio</strong></span> <span class='ocrx_word' id='word_1_103' title='bbox 1811 1406 1844 1464; x_wconf 91' lang='lat' dir='ltr'><strong>et</strong></span> <span class='ocrx_word' id='word_1_104' title='bbox 1866 1400 1930 1464; x_wconf 88' lang='lat' dir='ltr'><strong>alio</strong></span> <span class='ocrx_word' id='word_1_105' title='bbox 1947 1422 2058 1465; x_wconf 87' lang='lat' dir='ltr'><strong>cruce·</strong></span> 
     </span>
     <span class='ocr_line' id='line_1_11' title="bbox 405 1502 2054 1590; baseline -0.001 -22"><span class='ocrx_word' id='word_1_106' title='bbox 405 1506 604 1590; x_wconf 88' lang='lat' dir='ltr'><strong>signatorum</strong></span> <span class='ocrx_word' id='word_1_107' title='bbox 629 1506 791 1585; x_wconf 88' lang='lat' dir='ltr'><strong>subsidio,</strong></span> <span class='ocrx_word' id='word_1_108' title='bbox 822 1507 855 1569; x_wconf 94' lang='lat' dir='ltr'><strong>in</strong></span> <span class='ocrx_word' id='word_1_109' title='bbox 882 1525 944 1588; x_wconf 91' lang='lat' dir='ltr'><strong>quo</strong></span> <span class='ocrx_word' id='word_1_110' title='bbox 972 1512 1084 1590; x_wconf 91' lang='lat' dir='ltr'><strong>preter</strong></span> <span class='ocrx_word' id='word_1_111' title='bbox 1106 1504 1265 1568; x_wconf 90' lang='lat' dir='ltr'><strong>decimam</strong></span> <span class='ocrx_word' id='word_1_112' title='bbox 1287 1503 1424 1568; x_wconf 85' lang='lat' dir='ltr'><strong>fratrum</strong></span> <span class='ocrx_word' id='word_1_113' title='bbox 1447 1510 1632 1568; x_wconf 89' lang='lat' dir='ltr'><strong>nostrorum</strong></span> <span class='ocrx_word' id='word_1_114' title='bbox 1656 1510 1689 1568; x_wconf 88' lang='lat' dir='ltr'><strong>et</strong></span> <span class='ocrx_word' id='word_1_115' title='bbox 1712 1503 1883 1588; x_wconf 89' lang='lat' dir='ltr'><strong>pecuniam</strong></span> <span class='ocrx_word' id='word_1_116' title='bbox 1907 1524 1926 1566; x_wconf 90' lang='lat' dir='ltr'><strong>a</strong></span> <span class='ocrx_word' id='word_1_117' title='bbox 1948 1502 2054 1568; x_wconf 89' lang='lat' dir='ltr'><strong>felicis</strong></span> 
     </span>
     <span class='ocr_line' id='line_1_12' title="bbox 404 1605 2058 1694; baseline -0.001 -24"><span class='ocrx_word' id='word_1_118' title='bbox 404 1609 560 1672; x_wconf 89' lang='lat' dir='ltr'><strong>memorie</strong></span> <span class='ocrx_word' id='word_1_119' title='bbox 582 1605 801 1694; x_wconf 74' lang='lat' dir='ltr'><strong>Ilnnocentiol</strong></span> <span class='ocrx_word' id='word_1_120' title='bbox 831 1629 916 1694; x_wconf 91' lang='lat' dir='ltr'><strong>papa</strong></span> <span class='ocrx_word' id='word_1_121' title='bbox 943 1607 1178 1692; x_wconf 85' lang='lat' dir='ltr'><strong>predecessore</strong></span> <span class='ocrx_word' id='word_1_122' title='bbox 1207 1613 1318 1671; x_wconf 90' lang='lat' dir='ltr'><strong>nostro</strong></span> <span class='ocrx_word' id='word_1_123' title='bbox 1345 1607 1386 1670; x_wconf 89' lang='lat' dir='ltr'><strong>ad</strong></span> <span class='ocrx_word' id='word_1_124' title='bbox 1420 1629 1502 1693; x_wconf 91' lang='lat' dir='ltr'><strong>opus</strong></span> <span class='ocrx_word' id='word_1_125' title='bbox 1532 1607 1635 1692; x_wconf 91' lang='lat' dir='ltr'><strong>ipsius</strong></span> <span class='ocrx_word' id='word_1_126' title='bbox 1669 1613 1755 1672; x_wconf 88' lang='lat' dir='ltr'><strong>terre</strong></span> <span class='ocrx_word' id='word_1_127' title='bbox 1790 1607 1942 1670; x_wconf 90' lang='lat' dir='ltr'><strong>collatam</strong></span> <span class='ocrx_word' id='word_1_128' title='bbox 1971 1606 2058 1669; x_wconf 86' lang='lat' dir='ltr'><strong>ultra</strong></span> 
     </span>
     <span class='ocr_line' id='line_1_13' title="bbox 403 1709 2056 1797; baseline -0.001 -23"><span class='ocrx_word' id='word_1_129' title='bbox 403 1712 519 1796; x_wconf 81' lang='lat' dir='ltr'><strong>viginti</strong></span> <span class='ocrx_word' id='word_1_130' title='bbox 537 1713 627 1777; x_wconf 91' lang='lat' dir='ltr'><strong>milia</strong></span> <span class='ocrx_word' id='word_1_131' title='bbox 643 1713 846 1778; x_wconf 89' lang='lat' dir='ltr'><strong>marcharum</strong></span> <span class='ocrx_word' id='word_1_132' title='bbox 864 1710 1091 1797; x_wconf 86' lang='lat' dir='ltr'><strong>expendimus,</strong></span> <span class='ocrx_word' id='word_1_133' title='bbox 1107 1732 1172 1775; x_wconf 92' lang='lat' dir='ltr'><strong>non</strong></span> <span class='ocrx_word' id='word_1_134' title='bbox 1187 1709 1331 1774; x_wconf 88' lang='lat' dir='ltr'><strong>modicas</strong></span> <span class='ocrx_word' id='word_1_135' title='bbox 1352 1710 1471 1774; x_wconf 89' lang='lat' dir='ltr'><strong>fecisse</strong></span> <span class='ocrx_word' id='word_1_136' title='bbox 1488 1730 1661 1774; x_wconf 88' lang='lat' dir='ltr'><strong>noscamur</strong></span> <span class='ocrx_word' id='word_1_137' title='bbox 1681 1730 1856 1795; x_wconf 85' lang='lat' dir='ltr'><strong>expensas,</strong></span> <span class='ocrx_word' id='word_1_138' title='bbox 1872 1710 2056 1795; x_wconf 89' lang='lat' dir='ltr'><strong>presentia-</strong></span> 
     </span>
     <span class='ocr_line' id='line_1_14' title="bbox 404 1811 2056 1901; baseline 0 -25"><span class='ocrx_word' id='word_1_139' title='bbox 404 1815 480 1879; x_wconf 89' lang='lat' dir='ltr'><strong>liter</strong></span> <span class='ocrx_word' id='word_1_140' title='bbox 502 1821 611 1880; x_wconf 92' lang='lat' dir='ltr'><strong>tamen</strong></span> <span class='ocrx_word' id='word_1_141' title='bbox 635 1817 777 1901; x_wconf 89' lang='lat' dir='ltr'><strong>quinque</strong></span> <span class='ocrx_word' id='word_1_142' title='bbox 800 1815 890 1879; x_wconf 90' lang='lat' dir='ltr'><strong>milia</strong></span> <span class='ocrx_word' id='word_1_143' title='bbox 912 1814 1118 1878; x_wconf 89' lang='lat' dir='ltr'><strong>marcharum</strong></span> <span class='ocrx_word' id='word_1_144' title='bbox 1143 1813 1349 1893; x_wconf 90' lang='lat' dir='ltr'><strong>contulimus,</strong></span> <span class='ocrx_word' id='word_1_145' title='bbox 1373 1814 1512 1898; x_wconf 89' lang='lat' dir='ltr'><strong>amplius</strong></span> <span class='ocrx_word' id='word_1_146' title='bbox 1536 1813 1695 1892; x_wconf 88' lang='lat' dir='ltr'><strong>collaturi,</strong></span> <span class='ocrx_word' id='word_1_147' title='bbox 1723 1813 1751 1876; x_wconf 91' lang='lat' dir='ltr'><strong>si</strong></span> <span class='ocrx_word' id='word_1_148' title='bbox 1774 1814 1847 1897; x_wconf 91' lang='lat' dir='ltr'><strong>plus</strong></span> <span class='ocrx_word' id='word_1_149' title='bbox 1865 1811 2056 1876; x_wconf 88' lang='lat' dir='ltr'><strong>subtrahere</strong></span> 
     </span>
     <span class='ocr_line' id='line_1_15' title="bbox 403 1914 2056 2004; baseline -0.001 -24"><span class='ocrx_word' id='word_1_150' title='bbox 403 1917 488 1981; x_wconf 90' lang='lat' dir='ltr'><strong>forte</strong></span> <span class='ocrx_word' id='word_1_151' title='bbox 512 1919 691 2003; x_wconf 91' lang='lat' dir='ltr'><strong>poterimus</strong></span> <span class='ocrx_word' id='word_1_152' title='bbox 715 1918 870 2004; x_wconf 85' lang='lat' dir='ltr'><strong>expensis</strong></span> <span class='ocrx_word' id='word_1_153' title='bbox 894 1917 1108 1981; x_wconf 89' lang='lat' dir='ltr'><strong>familiaribus</strong></span> <span class='ocrx_word' id='word_1_154' title='bbox 1133 1923 1166 1980; x_wconf 88' lang='lat' dir='ltr'><strong>et</strong></span> <span class='ocrx_word' id='word_1_155' title='bbox 1189 1918 1262 1980; x_wconf 91' lang='lat' dir='ltr'><strong>aliis</strong></span> <span class='ocrx_word' id='word_1_156' title='bbox 1292 1938 1372 2001; x_wconf 91' lang='lat' dir='ltr'><strong>quas</strong></span> <span class='ocrx_word' id='word_1_157' title='bbox 1396 1917 1584 1980; x_wconf 89' lang='lat' dir='ltr'><strong>necessario</strong></span> <span class='ocrx_word' id='word_1_158' title='bbox 1607 1916 1717 1980; x_wconf 89' lang='lat' dir='ltr'><strong>facere</strong></span> <span class='ocrx_word' id='word_1_159' title='bbox 1739 1937 1799 1980; x_wconf 90' lang='lat' dir='ltr'><strong>nos</strong></span> <span class='ocrx_word' id='word_1_160' title='bbox 1826 1920 1964 2001; x_wconf 89' lang='lat' dir='ltr'><strong>oportet.</strong></span> <span class='ocrx_word' id='word_1_161' title='bbox 2002 1914 2056 1978; x_wconf 81' lang='lat' dir='ltr'><strong>Ad</strong></span> 
     </span>
     <span class='ocr_line' id='line_1_16' title="bbox 403 2019 2055 2107; baseline -0.002 -23"><span class='ocrx_word' id='word_1_162' title='bbox 403 2020 464 2084; x_wconf 90' lang='lat' dir='ltr'><strong>hec</strong></span> <span class='ocrx_word' id='word_1_163' title='bbox 487 2019 657 2107; x_wconf 88' lang='lat' dir='ltr'><strong>diligentis</strong></span> <span class='ocrx_word' id='word_1_164' title='bbox 679 2028 789 2085; x_wconf 84' lang='lat' dir='ltr'><strong>restra</strong></span> <span class='ocrx_word' id='word_1_165' title='bbox 811 2042 922 2086; x_wconf 90' lang='lat' dir='ltr'><strong>eorum</strong></span> <span class='ocrx_word' id='word_1_166' title='bbox 947 2042 1009 2105; x_wconf 91' lang='lat' dir='ltr'><strong>que</strong></span> <span class='ocrx_word' id='word_1_167' title='bbox 1033 2022 1097 2083; x_wconf 88' lang='lat' dir='ltr'><strong>ianr</strong></span> <span class='ocrx_word' id='word_1_168' title='bbox 1122 2021 1259 2084; x_wconf 89' lang='lat' dir='ltr'><strong>collecta</strong></span> <span class='ocrx_word' id='word_1_169' title='bbox 1282 2026 1372 2100; x_wconf 91' lang='lat' dir='ltr'><strong>sunt,</strong></span> <span class='ocrx_word' id='word_1_170' title='bbox 1397 2027 1430 2084; x_wconf 90' lang='lat' dir='ltr'><strong>et</strong></span> <span class='ocrx_word' id='word_1_171' title='bbox 1459 2041 1521 2104; x_wconf 90' lang='lat' dir='ltr'><strong>que</strong></span> <span class='ocrx_word' id='word_1_172' title='bbox 1546 2020 1741 2105; x_wconf 89' lang='lat' dir='ltr'><strong>colligentur</strong></span> <span class='ocrx_word' id='word_1_173' title='bbox 1762 2020 1795 2082; x_wconf 92' lang='lat' dir='ltr'><strong>in</strong></span> <span class='ocrx_word' id='word_1_174' title='bbox 1816 2026 1995 2105; x_wconf 89' lang='lat' dir='ltr'><strong>posterum,</strong></span> <span class='ocrx_word' id='word_1_175' title='bbox 2019 2023 2055 2082; x_wconf 88' lang='lat' dir='ltr'><strong>et</strong></span> 
     </span>
     <span class='ocr_line' id='line_1_17' title="bbox 403 2123 2056 2210; baseline -0.001 -23"><span class='ocrx_word' id='word_1_176' title='bbox 403 2145 467 2208; x_wconf 89' lang='lat' dir='ltr'><strong>que</strong></span> <span class='ocrx_word' id='word_1_177' title='bbox 491 2124 555 2187; x_wconf 87' lang='lat' dir='ltr'><strong>iam</strong></span> <span class='ocrx_word' id='word_1_178' title='bbox 579 2126 680 2188; x_wconf 91' lang='lat' dir='ltr'><strong>missa</strong></span> <span class='ocrx_word' id='word_1_179' title='bbox 696 2132 780 2204; x_wconf 89' lang='lat' dir='ltr'><strong>sunt,</strong></span> <span class='ocrx_word' id='word_1_180' title='bbox 805 2131 838 2189; x_wconf 91' lang='lat' dir='ltr'><strong>et</strong></span> <span class='ocrx_word' id='word_1_181' title='bbox 853 2145 915 2208; x_wconf 90' lang='lat' dir='ltr'><strong>que</strong></span> <span class='ocrx_word' id='word_1_182' title='bbox 933 2125 1135 2210; x_wconf 90' lang='lat' dir='ltr'><strong>presentium</strong></span> <span class='ocrx_word' id='word_1_183' title='bbox 1153 2124 1311 2188; x_wconf 88' lang='lat' dir='ltr'><strong>lateribus</strong></span> <span class='ocrx_word' id='word_1_184' title='bbox 1327 2124 1500 2207; x_wconf 88' lang='lat' dir='ltr'><strong>contigerit</strong></span> <span class='ocrx_word' id='word_1_185' title='bbox 1520 2123 1692 2207; x_wconf 88' lang='lat' dir='ltr'><strong>assignari,</strong></span> <span class='ocrx_word' id='word_1_186' title='bbox 1716 2123 1930 2207; x_wconf 88' lang='lat' dir='ltr'><strong>quantitatem</strong></span> <span class='ocrx_word' id='word_1_187' title='bbox 1949 2127 2056 2186; x_wconf 90' lang='lat' dir='ltr'><strong>atten-</strong></span> 
     </span>
     <span class='ocr_line' id='line_1_18' title="bbox 403 2223 2057 2311; baseline 0 -23"><span class='ocrx_word' id='word_1_188' title='bbox 403 2223 477 2289; x_wconf 66' lang='lat' dir='ltr'><strong>datr</strong></span> <span class='ocrx_word' id='word_1_189' title='bbox 505 2233 538 2290; x_wconf 90' lang='lat' dir='ltr'><strong>et</strong></span> <span class='ocrx_word' id='word_1_190' title='bbox 561 2247 633 2290; x_wconf 89' lang='lat' dir='ltr'><strong>eam</strong></span> <span class='ocrx_word' id='word_1_191' title='bbox 656 2227 751 2291; x_wconf 90' lang='lat' dir='ltr'><strong>nobis</strong></span> <span class='ocrx_word' id='word_1_192' title='bbox 776 2233 868 2291; x_wconf 90' lang='lat' dir='ltr'><strong>curet</strong></span> <span class='ocrx_word' id='word_1_193' title='bbox 889 2226 1029 2291; x_wconf 90' lang='lat' dir='ltr'><strong>fideliter</strong></span> <span class='ocrx_word' id='word_1_194' title='bbox 1053 2227 1212 2290; x_wconf 90' lang='lat' dir='ltr'><strong>intimare.</strong></span> <span class='ocrx_word' id='word_1_195' title='bbox 1264 2226 1351 2291; x_wconf 91' lang='lat' dir='ltr'><strong>Sane</strong></span> <span class='ocrx_word' id='word_1_196' title='bbox 1374 2225 1455 2289; x_wconf 93' lang='lat' dir='ltr'><strong>illud</strong></span> <span class='ocrx_word' id='word_1_197' title='bbox 1479 2225 1538 2290; x_wconf 91' lang='lat' dir='ltr'><strong>suh</strong></span> <span class='ocrx_word' id='word_1_198' title='bbox 1562 2225 1691 2290; x_wconf 90' lang='lat' dir='ltr'><strong>silentio</strong></span> <span class='ocrx_word' id='word_1_199' title='bbox 1715 2225 1969 2311; x_wconf 88' lang='lat' dir='ltr'><strong>pretereundum</strong></span> <span class='ocrx_word' id='word_1_200' title='bbox 1992 2246 2057 2290; x_wconf 90' lang='lat' dir='ltr'><strong>non</strong></span> 
     </span>
     <span class='ocr_line' id='line_1_19' title="bbox 402 2329 2056 2416; baseline 0.001 -24"><span class='ocrx_word' id='word_1_201' title='bbox 402 2329 565 2410; x_wconf 91' lang='lat' dir='ltr'><strong>duximus,</strong></span> <span class='ocrx_word' id='word_1_202' title='bbox 590 2330 677 2415; x_wconf 94' lang='lat' dir='ltr'><strong>quod</strong></span> <span class='ocrx_word' id='word_1_203' title='bbox 700 2331 904 2416; x_wconf 87' lang='lat' dir='ltr'><strong>patriarcha,</strong></span> <span class='ocrx_word' id='word_1_204' title='bbox 929 2332 1074 2416; x_wconf 87' lang='lat' dir='ltr'><strong>legatus,</strong></span> <span class='ocrx_word' id='word_1_205' title='bbox 1098 2331 1165 2394; x_wconf 88' lang='lat' dir='ltr'><strong>dux</strong></span> <span class='ocrx_word' id='word_1_206' title='bbox 1194 2336 1226 2395; x_wconf 91' lang='lat' dir='ltr'><strong>et</strong></span> <span class='ocrx_word' id='word_1_207' title='bbox 1247 2331 1401 2416; x_wconf 89' lang='lat' dir='ltr'><strong>princeps</strong></span> <span class='ocrx_word' id='word_1_208' title='bbox 1424 2330 1544 2414; x_wconf 90' lang='lat' dir='ltr'><strong>aliique</strong></span> <span class='ocrx_word' id='word_1_209' title='bbox 1568 2330 1686 2415; x_wconf 88' lang='lat' dir='ltr'><strong>prelati</strong></span> <span class='ocrx_word' id='word_1_210' title='bbox 1710 2337 1743 2394; x_wconf 90' lang='lat' dir='ltr'><strong>et</strong></span> <span class='ocrx_word' id='word_1_211' title='bbox 1765 2337 1935 2415; x_wconf 89' lang='lat' dir='ltr'><strong>magnates</strong></span> <span class='ocrx_word' id='word_1_212' title='bbox 1959 2352 2056 2395; x_wconf 92' lang='lat' dir='ltr'><strong>exer-</strong></span> 
     </span>
     <span class='ocr_line' id='line_1_20' title="bbox 402 2432 2057 2520; baseline 0.001 -24"><span class='ocrx_word' id='word_1_213' title='bbox 402 2434 486 2497; x_wconf 91' lang='lat' dir='ltr'><strong>citus</strong></span> <span class='ocrx_word' id='word_1_214' title='bbox 521 2433 588 2498; x_wconf 91' lang='lat' dir='ltr'><strong>suis</strong></span> <span class='ocrx_word' id='word_1_215' title='bbox 612 2433 706 2498; x_wconf 91' lang='lat' dir='ltr'><strong>nobis</strong></span> <span class='ocrx_word' id='word_1_216' title='bbox 729 2435 847 2498; x_wconf 87' lang='lat' dir='ltr'><strong>litteris</strong></span> <span class='ocrx_word' id='word_1_217' title='bbox 872 2435 1083 2514; x_wconf 90' lang='lat' dir='ltr'><strong>intimarunt,</strong></span> <span class='ocrx_word' id='word_1_218' title='bbox 1119 2434 1178 2498; x_wconf 81' lang='lat' dir='ltr'><strong>eab</strong></span> <span class='ocrx_word' id='word_1_219' title='bbox 1201 2456 1300 2520; x_wconf 89' lang='lat' dir='ltr'><strong>super</strong></span> <span class='ocrx_word' id='word_1_220' title='bbox 1323 2434 1442 2518; x_wconf 90' lang='lat' dir='ltr'><strong>quibus</strong></span> <span class='ocrx_word' id='word_1_221' title='bbox 1466 2433 1667 2498; x_wconf 89' lang='lat' dir='ltr'><strong>detractores</strong></span> <span class='ocrx_word' id='word_1_222' title='bbox 1690 2432 1762 2498; x_wconf 90' lang='lat' dir='ltr'><strong>Deo</strong></span> <span class='ocrx_word' id='word_1_223' title='bbox 1786 2433 1925 2498; x_wconf 87' lang='lat' dir='ltr'><strong>odibiles</strong></span> <span class='ocrx_word' id='word_1_224' title='bbox 1948 2434 2057 2498; x_wconf 90' lang='lat' dir='ltr'><strong>conati</strong></span> 
     </span>
     <span class='ocr_line' id='line_1_21' title="bbox 403 2534 2133 2623; baseline 0.003 -24"><span class='ocrx_word' id='word_1_225' title='bbox 403 2542 479 2600; x_wconf 91' lang='lat' dir='ltr'><strong>sunt</strong></span> <span class='ocrx_word' id='word_1_226' title='bbox 520 2536 729 2600; x_wconf 90' lang='lat' dir='ltr'><strong>karissimum</strong></span> <span class='ocrx_word' id='word_1_227' title='bbox 770 2538 803 2600; x_wconf 90' lang='lat' dir='ltr'><strong>in</strong></span> <span class='ocrx_word' id='word_1_228' title='bbox 846 2537 976 2601; x_wconf 81' lang='lat' dir='ltr'><strong>Christo</strong></span> <span class='ocrx_word' id='word_1_229' title='bbox 1026 2539 1129 2600; x_wconf 85' lang='lat' dir='ltr'><strong>filiurn</strong></span> <span class='ocrx_word' id='word_1_230' title='bbox 1170 2545 1316 2602; x_wconf 89' lang='lat' dir='ltr'><strong>nostrum</strong></span> <span class='ocrx_word' id='word_1_231' title='bbox 1358 2534 1564 2623; x_wconf 72' lang='lat' dir='ltr'><strong>llohannem]</strong></span> <span class='ocrx_word' id='word_1_232' title='bbox 1600 2538 1899 2602; x_wconf 88' lang='lat' dir='ltr'><strong>lerosolimitsnum</strong></span> <span class='ocrx_word' id='word_1_233' title='bbox 1942 2559 2056 2623; x_wconf 88' lang='lat' dir='ltr'><strong>regem</strong></span> <span class='ocrx_word' id='word_1_234' title='bbox 2108 2565 2133 2604; x_wconf 83' lang='lat' dir='ltr'><strong>rc</strong></span> 
     </span>
     <span class='ocr_line' id='line_1_22' title="bbox 403 2639 2057 2727; baseline 0.002 -26"><span class='ocrx_word' id='word_1_235' title='bbox 403 2639 561 2703; x_wconf 91' lang='lat' dir='ltr'><strong>illustrem</strong></span> <span class='ocrx_word' id='word_1_236' title='bbox 592 2645 625 2704; x_wconf 91' lang='lat' dir='ltr'><strong>et</strong></span> <span class='ocrx_word' id='word_1_237' title='bbox 649 2639 786 2705; x_wconf 90' lang='lat' dir='ltr'><strong>dilectos</strong></span> <span class='ocrx_word' id='word_1_238' title='bbox 816 2641 902 2705; x_wconf 90' lang='lat' dir='ltr'><strong>filios</strong></span> <span class='ocrx_word' id='word_1_239' title='bbox 926 2641 1130 2726; x_wconf 84' lang='lat' dir='ltr'><strong>Templarios</strong></span> <span class='ocrx_word' id='word_1_240' title='bbox 1154 2664 1191 2705; x_wconf 91' lang='lat' dir='ltr'><strong>ae</strong></span> <span class='ocrx_word' id='word_1_241' title='bbox 1220 2641 1461 2727; x_wconf 89' lang='lat' dir='ltr'><strong>Hospitalarios</strong></span> <span class='ocrx_word' id='word_1_242' title='bbox 1494 2641 1668 2722; x_wconf 89' lang='lat' dir='ltr'><strong>infamare,</strong></span> <span class='ocrx_word' id='word_1_243' title='bbox 1702 2641 1790 2705; x_wconf 87' lang='lat' dir='ltr'><strong>omni</strong></span> <span class='ocrx_word' id='word_1_244' title='bbox 1820 2641 1922 2706; x_wconf 89' lang='lat' dir='ltr'><strong>fuisse</strong></span> <span class='ocrx_word' id='word_1_245' title='bbox 1950 2662 2057 2706; x_wconf 82' lang='lat' dir='ltr'><strong>vacua</strong></span> 
     </span>
     <span class='ocr_line' id='line_1_23' title="bbox 403 2743 2056 2830; baseline 0.002 -26"><span class='ocrx_word' id='word_1_246' title='bbox 403 2743 551 2822; x_wconf 87' lang='lat' dir='ltr'><strong>veritate,</strong></span> <span class='ocrx_word' id='word_1_247' title='bbox 574 2744 628 2827; x_wconf 96' lang='lat' dir='ltr'><strong>qui</strong></span> <span class='ocrx_word' id='word_1_248' title='bbox 651 2764 716 2807; x_wconf 92' lang='lat' dir='ltr'><strong>non</strong></span> <span class='ocrx_word' id='word_1_249' title='bbox 740 2745 844 2808; x_wconf 91' lang='lat' dir='ltr'><strong>solum</strong></span> <span class='ocrx_word' id='word_1_250' title='bbox 868 2766 980 2808; x_wconf 90' lang='lat' dir='ltr'><strong>corurn</strong></span> <span class='ocrx_word' id='word_1_251' title='bbox 1010 2752 1169 2808; x_wconf 89' lang='lat' dir='ltr'><strong>excusant</strong></span> <span class='ocrx_word' id='word_1_252' title='bbox 1197 2745 1417 2809; x_wconf 86' lang='lat' dir='ltr'><strong>innocentiam</strong></span> <span class='ocrx_word' id='word_1_253' title='bbox 1448 2745 1482 2808; x_wconf 91' lang='lat' dir='ltr'><strong>in</strong></span> <span class='ocrx_word' id='word_1_254' title='bbox 1505 2744 1567 2808; x_wconf 91' lang='lat' dir='ltr'><strong>hac</strong></span> <span class='ocrx_word' id='word_1_255' title='bbox 1589 2752 1699 2830; x_wconf 88' lang='lat' dir='ltr'><strong>parte,</strong></span> <span class='ocrx_word' id='word_1_256' title='bbox 1724 2765 1836 2809; x_wconf 86' lang='lat' dir='ltr'><strong>verum</strong></span> <span class='ocrx_word' id='word_1_257' title='bbox 1860 2745 1959 2809; x_wconf 88' lang='lat' dir='ltr'><strong>etiarn</strong></span> <span class='ocrx_word' id='word_1_258' title='bbox 1980 2745 2056 2809; x_wconf 91' lang='lat' dir='ltr'><strong>illos</strong></span> 
     </span>
     <span class='ocr_line' id='line_1_24' title="bbox 402 2845 2056 2934; baseline 0.004 -27"><span class='ocrx_word' id='word_1_259' title='bbox 402 2845 626 2930; x_wconf 89' lang='lat' dir='ltr'><strong>multipliciter</strong></span> <span class='ocrx_word' id='word_1_260' title='bbox 661 2847 944 2926; x_wconf 87' lang='lat' dir='ltr'><strong>commendantes,</strong></span> <span class='ocrx_word' id='word_1_261' title='bbox 980 2848 1144 2913; x_wconf 88' lang='lat' dir='ltr'><strong>ascribere</strong></span> <span class='ocrx_word' id='word_1_262' title='bbox 1180 2848 1331 2912; x_wconf 88' lang='lat' dir='ltr'><strong>videntur</strong></span> <span class='ocrx_word' id='word_1_263' title='bbox 1361 2849 1518 2911; x_wconf 89' lang='lat' dir='ltr'><strong>miraculo</strong></span> <span class='ocrx_word' id='word_1_264' title='bbox 1547 2870 1710 2934; x_wconf 85' lang='lat' dir='ltr'><strong>expensas</strong></span> <span class='ocrx_word' id='word_1_265' title='bbox 1746 2869 1826 2932; x_wconf 89' lang='lat' dir='ltr'><strong>quas</strong></span> <span class='ocrx_word' id='word_1_266' title='bbox 1849 2847 2000 2912; x_wconf 90' lang='lat' dir='ltr'><strong>fecerunt</strong></span> <span class='ocrx_word' id='word_1_267' title='bbox 2022 2857 2056 2913; x_wconf 90' lang='lat' dir='ltr'><strong>et</strong></span> 
     </span>
     <span class='ocr_line' id='line_1_25' title="bbox 402 2947 2055 3036; baseline 0.004 -26"><span class='ocrx_word' id='word_1_268' title='bbox 402 2947 526 3011; x_wconf 88' lang='lat' dir='ltr'><strong>faciunt</strong></span> <span class='ocrx_word' id='word_1_269' title='bbox 548 2969 606 3033; x_wconf 91' lang='lat' dir='ltr'><strong>pro</strong></span> <span class='ocrx_word' id='word_1_270' title='bbox 630 2950 763 3034; x_wconf 86' lang='lat' dir='ltr'><strong>negotio</strong></span> <span class='ocrx_word' id='word_1_271' title='bbox 787 2949 887 3014; x_wconf 84' lang='lat' dir='ltr'><strong>Terre</strong></span> <span class='ocrx_word' id='word_1_272' title='bbox 913 2950 1042 3028; x_wconf 81' lang='lat' dir='ltr'><strong>Sancte,</strong></span> <span class='ocrx_word' id='word_1_273' title='bbox 1066 2951 1201 3015; x_wconf 87' lang='lat' dir='ltr'><strong>firmiter</strong></span> <span class='ocrx_word' id='word_1_274' title='bbox 1222 2959 1409 3016; x_wconf 87' lang='lat' dir='ltr'><strong>asserentes</strong></span> <span class='ocrx_word' id='word_1_275' title='bbox 1431 2950 1516 3036; x_wconf 92' lang='lat' dir='ltr'><strong>quod</strong></span> <span class='ocrx_word' id='word_1_276' title='bbox 1536 2950 1622 3015; x_wconf 94' lang='lat' dir='ltr'><strong>idem</strong></span> <span class='ocrx_word' id='word_1_277' title='bbox 1643 2952 1808 3016; x_wconf 90' lang='lat' dir='ltr'><strong>exercitus</strong></span> <span class='ocrx_word' id='word_1_278' title='bbox 1829 2951 1863 3014; x_wconf 90' lang='lat' dir='ltr'><strong>in</strong></span> <span class='ocrx_word' id='word_1_279' title='bbox 1886 2951 2055 3017; x_wconf 89' lang='lat' dir='ltr'><strong>obsidione</strong></span> 
     </span>
     <span class='ocr_line' id='line_1_26' title="bbox 402 3049 2132 3140; baseline 0.003 -29"><span class='ocrx_word' id='word_1_280' title='bbox 402 3049 556 3114; x_wconf 89' lang='lat' dir='ltr'><strong>iamdicta</strong></span> <span class='ocrx_word' id='word_1_281' title='bbox 578 3051 765 3116; x_wconf 89' lang='lat' dir='ltr'><strong>nullatenus</strong></span> <span class='ocrx_word' id='word_1_282' title='bbox 789 3061 902 3138; x_wconf 88' lang='lat' dir='ltr'><strong>posset</strong></span> <span class='ocrx_word' id='word_1_283' title='bbox 918 3054 988 3118; x_wconf 89' lang='lat' dir='ltr'><strong>sine</strong></span> <span class='ocrx_word' id='word_1_284' title='bbox 1007 3054 1136 3117; x_wconf 92' lang='lat' dir='ltr'><strong>illorum</strong></span> <span class='ocrx_word' id='word_1_285' title='bbox 1155 3055 1279 3118; x_wconf 84' lang='lat' dir='ltr'><strong>viribus</strong></span> <span class='ocrx_word' id='word_1_286' title='bbox 1298 3075 1476 3119; x_wconf 87' lang='lat' dir='ltr'><strong>remanere.</strong></span> <span class='ocrx_word' id='word_1_287' title='bbox 1499 3053 1596 3118; x_wconf 91' lang='lat' dir='ltr'><strong>Unde</strong></span> <span class='ocrx_word' id='word_1_288' title='bbox 1616 3055 1765 3118; x_wconf 83' lang='lat' dir='ltr'><strong>volumus</strong></span> <span class='ocrx_word' id='word_1_289' title='bbox 1789 3061 1822 3119; x_wconf 91' lang='lat' dir='ltr'><strong>et</strong></span> <span class='ocrx_word' id='word_1_290' title='bbox 1845 3055 2054 3140; x_wconf 91' lang='lat' dir='ltr'><strong>precipimus,</strong></span> <span class='ocrx_word' id='word_1_291' title='bbox 2107 3081 2132 3117; x_wconf 79' lang='lat' dir='ltr'><strong>rs</strong></span> 
     </span>
     <span class='ocr_line' id='line_1_27' title="bbox 401 3156 2056 3242; baseline 0.004 -26"><span class='ocrx_word' id='word_1_292' title='bbox 401 3159 438 3216; x_wconf 90' lang='lat' dir='ltr'><strong>ut</strong></span> <span class='ocrx_word' id='word_1_293' title='bbox 460 3174 517 3217; x_wconf 90' lang='lat' dir='ltr'><strong>eos</strong></span> <span class='ocrx_word' id='word_1_294' title='bbox 540 3160 706 3239; x_wconf 86' lang='lat' dir='ltr'><strong>tamquam</strong></span> <span class='ocrx_word' id='word_1_295' title='bbox 724 3177 819 3220; x_wconf 86' lang='lat' dir='ltr'><strong>veros</strong></span> <span class='ocrx_word' id='word_1_296' title='bbox 844 3157 966 3220; x_wconf 85' lang='lat' dir='ltr'><strong>Christi</strong></span> <span class='ocrx_word' id='word_1_297' title='bbox 989 3157 1130 3221; x_wconf 90' lang='lat' dir='ltr'><strong>athletas</strong></span> <span class='ocrx_word' id='word_1_298' title='bbox 1148 3164 1181 3221; x_wconf 92' lang='lat' dir='ltr'><strong>ct</strong></span> <span class='ocrx_word' id='word_1_299' title='bbox 1198 3158 1371 3242; x_wconf 90' lang='lat' dir='ltr'><strong>precipuos</strong></span> <span class='ocrx_word' id='word_1_300' title='bbox 1387 3156 1572 3221; x_wconf 84' lang='lat' dir='ltr'><strong>Christiane</strong></span> <span class='ocrx_word' id='word_1_301' title='bbox 1591 3157 1668 3221; x_wconf 89' lang='lat' dir='ltr'><strong>fidei</strong></span> <span class='ocrx_word' id='word_1_302' title='bbox 1689 3156 1879 3223; x_wconf 89' lang='lat' dir='ltr'><strong>defensores</strong></span> <span class='ocrx_word' id='word_1_303' title='bbox 1897 3158 2056 3223; x_wconf 89' lang='lat' dir='ltr'><strong>studeatis</strong></span> 
     </span>
     <span class='ocr_line' id='line_1_28' title="bbox 402 3254 2056 3345; baseline 0.005 -28"><span class='ocrx_word' id='word_1_304' title='bbox 402 3254 581 3337; x_wconf 88' lang='lat' dir='ltr'><strong>honorare,</strong></span> <span class='ocrx_word' id='word_1_305' title='bbox 612 3257 751 3344; x_wconf 89' lang='lat' dir='ltr'><strong>diligere</strong></span> <span class='ocrx_word' id='word_1_306' title='bbox 782 3280 820 3323; x_wconf 89' lang='lat' dir='ltr'><strong>ac</strong></span> <span class='ocrx_word' id='word_1_307' title='bbox 848 3259 976 3337; x_wconf 88' lang='lat' dir='ltr'><strong>fovere,</strong></span> <span class='ocrx_word' id='word_1_308' title='bbox 1010 3281 1121 3323; x_wconf 88' lang='lat' dir='ltr'><strong>corum</strong></span> <span class='ocrx_word' id='word_1_309' title='bbox 1150 3259 1355 3325; x_wconf 87' lang='lat' dir='ltr'><strong>declarantes</strong></span> <span class='ocrx_word' id='word_1_310' title='bbox 1389 3282 1488 3345; x_wconf 89' lang='lat' dir='ltr'><strong>super</strong></span> <span class='ocrx_word' id='word_1_311' title='bbox 1517 3260 1579 3324; x_wconf 90' lang='lat' dir='ltr'><strong>hoc</strong></span> <span class='ocrx_word' id='word_1_312' title='bbox 1607 3261 1827 3325; x_wconf 88' lang='lat' dir='ltr'><strong>innocentiam</strong></span> <span class='ocrx_word' id='word_1_313' title='bbox 1857 3268 1890 3326; x_wconf 88' lang='lat' dir='ltr'><strong>et</strong></span> <span class='ocrx_word' id='word_1_314' title='bbox 1918 3261 1994 3326; x_wconf 92' lang='lat' dir='ltr'><strong>fidei</strong></span> <span class='ocrx_word' id='word_1_315' title='bbox 2017 3283 2056 3325; x_wconf 87' lang='lat' dir='ltr'><strong>ac</strong></span> 
     </span>
     <span class='ocr_line' id='line_1_29' title="bbox 401 3359 1009 3448; baseline 0.008 -27"><span class='ocrx_word' id='word_1_316' title='bbox 401 3359 529 3423; x_wconf 88' lang='lat' dir='ltr'><strong>virtutis</strong></span> <span class='ocrx_word' id='word_1_317' title='bbox 553 3362 769 3426; x_wconf 89' lang='lat' dir='ltr'><strong>constantiam</strong></span> <span class='ocrx_word' id='word_1_318' title='bbox 793 3362 1009 3448; x_wconf 89' lang='lat' dir='ltr'><strong>predicantes.</strong></span> 
     </span>
     <span class='ocr_line' id='line_1_30' title="bbox 508 3462 1522 3553; baseline 0.002 -27"><span class='ocrx_word' id='word_1_319' title='bbox 508 3462 583 3528; x_wconf 90' lang='lat' dir='ltr'><strong>Dat.</strong></span> <span class='ocrx_word' id='word_1_320' title='bbox 606 3464 748 3530; x_wconf 88' lang='lat' dir='ltr'><strong>Lateran</strong></span> <span class='ocrx_word' id='word_1_321' title='bbox 752 3514 922 3532; x_wconf 88' lang='grc'><strong>......</strong></span> <span class='ocrx_word' id='word_1_322' title='bbox 945 3466 1154 3553; x_wconf 87' lang='lat' dir='ltr'><strong>pontificatus</strong></span> <span class='ocrx_word' id='word_1_323' title='bbox 1179 3466 1282 3530; x_wconf 90' lang='lat' dir='ltr'><strong>nostri</strong></span> <span class='ocrx_word' id='word_1_324' title='bbox 1305 3486 1390 3529; x_wconf 90' lang='lat' dir='ltr'><strong>anno</strong></span> <span class='ocrx_word' id='word_1_325' title='bbox 1414 3466 1522 3530; x_wconf 87' lang='lat' dir='ltr'><strong>tertio.</strong></span> 
     </span>
    </p>
   </div>
   <div class='ocr_carea' id='block_1_3' title="bbox 399 3619 2053 3810">
    <p class='ocr_par' dir='ltr' id='par_1_3' title="bbox 399 3619 2053 3810">
     <span class='ocr_line' id='line_1_31' title="bbox 507 3619 2053 3709; baseline 0.003 -27"><span class='ocrx_word' id='word_1_326' title='bbox 507 3619 546 3682; x_wconf 91' lang='lat' dir='ltr'><strong>In</strong></span> <span class='ocrx_word' id='word_1_327' title='bbox 570 3620 709 3685; x_wconf 87' lang='lat' dir='ltr'><strong>eundern</strong></span> <span class='ocrx_word' id='word_1_328' title='bbox 732 3622 863 3687; x_wconf 91' lang='lat' dir='ltr'><strong>modum</strong></span> <span class='ocrx_word' id='word_1_329' title='bbox 893 3623 1049 3709; x_wconf 89' lang='lat' dir='ltr'><strong>scripturn</strong></span> <span class='ocrx_word' id='word_1_330' title='bbox 1081 3628 1132 3686; x_wconf 89' lang='lat' dir='ltr'><strong>est</strong></span> <span class='ocrx_word' id='word_1_331' title='bbox 1162 3623 1322 3685; x_wconf 90' lang='lat' dir='ltr'><strong>universis</strong></span> <span class='ocrx_word' id='word_1_332' title='bbox 1351 3622 1607 3708; x_wconf 90' lang='lat' dir='ltr'><strong>archiepiscopis</strong></span> <span class='ocrx_word' id='word_1_333' title='bbox 1637 3631 1669 3686; x_wconf 92' lang='lat' dir='ltr'><strong>ct</strong></span> <span class='ocrx_word' id='word_1_334' title='bbox 1697 3644 1807 3687; x_wconf 87' lang='lat' dir='ltr'><strong>corarn</strong></span> <span class='ocrx_word' id='word_1_335' title='bbox 1836 3622 2053 3706; x_wconf 85' lang='lat' dir='ltr'><strong>suffraganeis</strong></span> 
     </span>
     <span class='ocr_line' id='line_1_32' title="bbox 399 3725 1685 3810; baseline 0.002 -25"><span class='ocrx_word' id='word_1_336' title='bbox 399 3742 459 3805; x_wconf 90' lang='lat' dir='ltr'><strong>per</strong></span> <span class='ocrx_word' id='word_1_337' title='bbox 481 3743 618 3808; x_wconf 86' lang='lat' dir='ltr'><strong>regnum</strong></span> <span class='ocrx_word' id='word_1_338' title='bbox 643 3725 781 3790; x_wconf 85' lang='lat' dir='ltr'><strong>Francis</strong></span> <span class='ocrx_word' id='word_1_339' title='bbox 806 3727 1001 3790; x_wconf 86' lang='lat' dir='ltr'><strong>constitutis.</strong></span> <span class='ocrx_word' id='word_1_340' title='bbox 1048 3726 1206 3789; x_wconf 84' lang='lat' dir='ltr'><strong>Similiter</strong></span> <span class='ocrx_word' id='word_1_341' title='bbox 1229 3732 1262 3788; x_wconf 90' lang='lat' dir='ltr'><strong>et</strong></span> <span class='ocrx_word' id='word_1_342' title='bbox 1284 3745 1343 3810; x_wconf 91' lang='lat' dir='ltr'><strong>per</strong></span> <span class='ocrx_word' id='word_1_343' title='bbox 1365 3745 1501 3808; x_wconf 90' lang='lat' dir='ltr'><strong>regnum</strong></span> <span class='ocrx_word' id='word_1_344' title='bbox 1526 3725 1655 3808; x_wconf 83' lang='lat' dir='ltr'><strong>Anglie.</strong></span> <span class='ocrx_word' id='word_1_345' title='bbox 1680 3740 1685 3749; x_wconf 86' lang='lat'><strong>·</strong></span> 
     </span>
    </p>
   </div>
   <div class='ocr_carea' id='block_1_4' title="bbox 1200 4333 1260 4407">
    <p class='ocr_par' dir='ltr' id='par_1_4' title="bbox 1200 4333 1260 4407">
     <span class='ocr_line' id='line_1_33' title="bbox 1200 4333 1260 4407; baseline 0.017 -2"><span class='ocrx_word' id='word_1_346' title='bbox 1200 4333 1260 4407; x_wconf 89' lang='lat'><strong>81.</strong></span> 
     </span>
    </p>
   </div>
   <div class='ocr_carea' id='block_1_5' title="bbox 350 4442 2129 4968">
    <p class='ocr_par' dir='ltr' id='par_1_5' title="bbox 395 4442 2052 4758">
     <span class='ocr_line' id='line_1_34' title="bbox 507 4442 2052 4558; baseline 0 -23"><span class='ocrx_word' id='word_1_347' title='bbox 507 4442 695 4535; x_wconf 79' lang='lat' dir='ltr'><strong>Honorius</strong></span> <span class='ocrx_word' id='word_1_348' title='bbox 711 4471 776 4536; x_wconf 84' lang='grc' dir='ltr'><strong>ΙΙΙ</strong></span> <span class='ocrx_word' id='word_1_349' title='bbox 792 4493 878 4553; x_wconf 79' lang='lat' dir='ltr'><strong>papa</strong></span> <span class='ocrx_word' id='word_1_350' title='bbox 901 4469 1106 4556; x_wconf 75' lang='lat' dir='ltr'><strong>[Theoderico</strong></span> <span class='ocrx_word' id='word_1_351' title='bbox 1121 4474 1180 4558; x_wconf 84' lang='lat' dir='ltr'><strong>II]</strong></span> <span class='ocrx_word' id='word_1_352' title='bbox 1201 4473 1429 4554; x_wconf 77' lang='lat' dir='ltr'><strong>archiepiscopo</strong></span> <span class='ocrx_word' id='word_1_353' title='bbox 1447 4471 1628 4537; x_wconf 81' lang='lat' dir='ltr'><strong>Trcccrcnsc&#39;</strong></span> <span class='ocrx_word' id='word_1_354' title='bbox 1649 4471 1889 4556; x_wconf 77' lang='lat' dir='ltr'><strong>[Hcrihertarn]</strong></span> <span class='ocrx_word' id='word_1_355' title='bbox 1910 4473 2052 4536; x_wconf 84' lang='lat' dir='ltr'><strong>abbatem</strong></span> 
     </span>
     <span class='ocr_line' id='line_1_35' title="bbox 403 4573 2052 4658; baseline -0.002 -17"><span class='ocrx_word' id='word_1_356' title='bbox 403 4576 613 4652; x_wconf 80' lang='lat' dir='ltr'><strong>Wcrdcnscm,</strong></span> <span class='ocrx_word' id='word_1_357' title='bbox 645 4575 700 4654; x_wconf 83' lang='lat' dir='ltr'><strong>qui</strong></span> <span class='ocrx_word' id='word_1_358' title='bbox 729 4593 797 4638; x_wconf 79' lang='lat' dir='ltr'><strong>canc</strong></span> <span class='ocrx_word' id='word_1_359' title='bbox 823 4574 1065 4658; x_wconf 79' lang='lat' dir='ltr'><strong>[Withctnrum]</strong></span> <span class='ocrx_word' id='word_1_360' title='bbox 1097 4576 1235 4640; x_wconf 80' lang='lat' dir='ltr'><strong>comitem</strong></span> <span class='ocrx_word' id='word_1_361' title='bbox 1264 4576 1458 4641; x_wconf 82' lang='lat' dir='ltr'><strong>Holtonctc&#39;oe</strong></span> <span class='ocrx_word' id='word_1_362' title='bbox 1489 4577 1526 4639; x_wconf 83' lang='lat' dir='ltr'><strong>dc</strong></span> <span class='ocrx_word' id='word_1_363' title='bbox 1555 4575 1704 4640; x_wconf 80' lang='lat' dir='ltr'><strong>nrcndoto</strong></span> <span class='ocrx_word' id='word_1_364' title='bbox 1735 4576 1879 4658; x_wconf 81' lang='lat' dir='ltr'><strong>rnapc&#39;stri</strong></span> <span class='ocrx_word' id='word_1_365' title='bbox 1910 4573 2052 4652; x_wconf 75' lang='lat' dir='ltr'><strong>Olieerii,</strong></span> 
     </span>
     <span class='ocr_line' id='line_1_36' title="bbox 395 4677 2052 4758; baseline -0.002 -16"><span class='ocrx_word' id='word_1_366' title='bbox 395 4679 571 4742; x_wconf 77' lang='lat' dir='ltr'><strong>scholastici</strong></span> <span class='ocrx_word' id='word_1_367' title='bbox 597 4677 803 4753; x_wconf 70' lang='lat' dir='ltr'><strong>Calontenses,</strong></span> <span class='ocrx_word' id='word_1_368' title='bbox 822 4677 1051 4758; x_wconf 78' lang='lat' dir='ltr'><strong>praedicatoris</strong></span> <span class='ocrx_word' id='word_1_369' title='bbox 1073 4679 1187 4757; x_wconf 82' lang='lat' dir='ltr'><strong>crucis,</strong></span> <span class='ocrx_word' id='word_1_370' title='bbox 1210 4680 1250 4743; x_wconf 86' lang='lat' dir='ltr'><strong>cb</strong></span> <span class='ocrx_word' id='word_1_371' title='bbox 1273 4679 1600 4744; x_wconf 74' lang='lat' dir='ltr'><strong>escornmcnc&#39;ccttcnis</strong></span> <span class='ocrx_word' id='word_1_372' title='bbox 1622 4679 1746 4743; x_wconf 83' lang='lat' dir='ltr'><strong>vincalo</strong></span> <span class='ocrx_word' id='word_1_373' title='bbox 1768 4679 1962 4754; x_wconf 77' lang='lat' dir='ltr'><strong>absolvisset,</strong></span> <span class='ocrx_word' id='word_1_374' title='bbox 1984 4677 2052 4756; x_wconf 78' lang='lat' dir='ltr'><strong>a&#39;psc</strong></span> 
     </span>
    </p>

    <p class='ocr_par' dir='ltr' id='par_1_6' title="bbox 350 4779 2129 4968">
     <span class='ocr_line' id='line_1_37' title="bbox 396 4779 2129 4861; baseline 0.001 -15"><span class='ocrx_word' id='word_1_375' title='bbox 396 4781 685 4861; x_wconf 69' lang='lat' dir='ltr'><strong>coarchiepiscopo</strong></span> <span class='ocrx_word' id='word_1_376' title='bbox 707 4781 763 4844; x_wconf 81' lang='lat' dir='ltr'><strong>aa</strong></span> <span class='ocrx_word' id='word_1_377' title='bbox 784 4782 1067 4844; x_wconf 69' lang='lat' dir='ltr'><strong>exommunicatus</strong></span> <span class='ocrx_word' id='word_1_378' title='bbox 1089 4786 1164 4860; x_wconf 81' lang='lat' dir='ltr'><strong>erat,</strong></span> <span class='ocrx_word' id='word_1_379' title='bbox 1187 4782 1317 4845; x_wconf 79' lang='lat' dir='ltr'><strong>rcrnitta‘t</strong></span> <span class='ocrx_word' id='word_1_380' title='bbox 1337 4781 1520 4846; x_wconf 82' lang='lat' dir='ltr'><strong>absolutum.</strong></span> <span class='ocrx_word' id='word_1_381' title='bbox 1716 4784 1809 4860; x_wconf 80' lang='lat'><strong>1218,</strong></span> <span class='ocrx_word' id='word_1_382' title='bbox 1831 4779 1906 4847; x_wconf 86' lang='lat' dir='ltr'><strong>Dec.</strong></span> <span class='ocrx_word' id='word_1_383' title='bbox 1930 4784 1961 4844; x_wconf 76' lang='lat'><strong>4.</strong></span> <span class='ocrx_word' id='word_1_384' title='bbox 2103 4808 2129 4847; x_wconf 80' lang='lat' dir='ltr'><strong>ss</strong></span> 
     </span>
     <span class='ocr_line' id='line_1_38' title="bbox 350 4881 1180 4968; baseline 0.001 -15"><span class='ocrx_word' id='word_1_385' title='bbox 350 4881 354 4890; x_wconf 83' lang='lat'><strong><em>&#39;</em></strong></span> <span class='ocrx_word' id='word_1_386' title='bbox 501 4901 574 4954; x_wconf 75' lang='lat' dir='ltr'><strong>Hoc.</strong></span> <span class='ocrx_word' id='word_1_387' title='bbox 593 4899 651 4953; x_wconf 83' lang='lat'><strong>111</strong></span> <span class='ocrx_word' id='word_1_388' title='bbox 665 4899 730 4968; x_wconf 66' lang='lat' dir='ltr'><strong>nep.</strong></span> <span class='ocrx_word' id='word_1_389' title='bbox 755 4898 812 4953; x_wconf 79' lang='lat' dir='ltr'><strong>Vct.</strong></span> <span class='ocrx_word' id='word_1_390' title='bbox 830 4901 871 4962; x_wconf 83' lang='grc' dir='ltr'><strong>Π,</strong></span> <span class='ocrx_word' id='word_1_391' title='bbox 893 4901 944 4952; x_wconf 78' lang='lat' dir='ltr'><strong>ss:</strong></span> <span class='ocrx_word' id='word_1_392' title='bbox 962 4899 1024 4952; x_wconf 70' lang='lat' dir='ltr'><strong>aaa</strong></span> <span class='ocrx_word' id='word_1_393' title='bbox 1044 4901 1180 4962; x_wconf 67' lang='lat'><strong>111,147.</strong></span> 
     </span>
    </p>
   </div>
   <div class='ocr_carea' id='block_1_6' title="bbox 867 5129 1585 5221">
    <p class='ocr_par' dir='ltr' id='par_1_7' title="bbox 867 5129 1585 5221">
     <span class='ocr_line' id='line_1_39' title="bbox 867 5129 1585 5221; baseline 0.001 -23"><span class='ocrx_word' id='word_1_394' title='bbox 867 5183 873 5198; x_wconf 94' lang='lat'><em>.</em></span> <span class='ocrx_word' id='word_1_395' title='bbox 906 5187 913 5201; x_wconf 92' lang='lat'>.</span> <span class='ocrx_word' id='word_1_396' title='bbox 942 5129 1279 5221; x_wconf 86' lang='lat' dir='ltr'><strong>archiepiscopo</strong></span> <span class='ocrx_word' id='word_1_397' title='bbox 1306 5129 1585 5204; x_wconf 85' lang='lat' dir='ltr'><strong>Treverensi.</strong></span> 
     </span>
    </p>
   </div>
   <div class='ocr_carea' id='block_1_7' title="bbox 393 5277 2128 5573">
    <p class='ocr_par' dir='ltr' id='par_1_8' title="bbox 393 5277 2128 5573">
     <span class='ocr_line' id='line_1_40' title="bbox 502 5277 2048 5366; baseline 0.001 -24"><span class='ocrx_word' id='word_1_398' title='bbox 502 5277 646 5343; x_wconf 87' lang='lat' dir='ltr'><strong>Rediens</strong></span> <span class='ocrx_word' id='word_1_399' title='bbox 679 5278 719 5343; x_wconf 88' lang='lat' dir='ltr'><strong>de</strong></span> <span class='ocrx_word' id='word_1_400' title='bbox 755 5280 902 5366; x_wconf 90' lang='lat' dir='ltr'><strong>partibus</strong></span> <span class='ocrx_word' id='word_1_401' title='bbox 938 5280 1162 5343; x_wconf 88' lang='lat' dir='ltr'><strong>transmarinis</strong></span> <span class='ocrx_word' id='word_1_402' title='bbox 1202 5279 1342 5343; x_wconf 91' lang='lat' dir='ltr'><strong>dilectus</strong></span> <span class='ocrx_word' id='word_1_403' title='bbox 1375 5279 1460 5344; x_wconf 89' lang='lat' dir='ltr'><strong>filius</strong></span> <span class='ocrx_word' id='word_1_404' title='bbox 1495 5329 1503 5345; x_wconf 93' lang='lat'><strong>.</strong></span> <span class='ocrx_word' id='word_1_405' title='bbox 1541 5331 1548 5346; x_wconf 87' lang='lat'>.</span> <span class='ocrx_word' id='word_1_406' title='bbox 1583 5280 1685 5345; x_wconf 91' lang='lat' dir='ltr'><strong>abbas</strong></span> <span class='ocrx_word' id='word_1_407' title='bbox 1720 5279 1916 5346; x_wconf 91' lang='lat' dir='ltr'><strong>Werdensis</strong></span> <span class='ocrx_word' id='word_1_408' title='bbox 1952 5280 2048 5344; x_wconf 94' lang='lat' dir='ltr'><strong>nobis</strong></span> 
     </span>
     <span class='ocr_line' id='line_1_41' title="bbox 393 5383 2048 5470; baseline 0.001 -24"><span class='ocrx_word' id='word_1_409' title='bbox 393 5403 560 5468; x_wconf 78' lang='lat' dir='ltr'><strong>exponere</strong></span> <span class='ocrx_word' id='word_1_410' title='bbox 583 5385 777 5469; x_wconf 83' lang='lat' dir='ltr'><strong>procuravit,</strong></span> <span class='ocrx_word' id='word_1_411' title='bbox 802 5385 976 5470; x_wconf 91' lang='lat' dir='ltr'><strong>quodcum</strong></span> <span class='ocrx_word' id='word_1_412' title='bbox 999 5385 1069 5470; x_wconf 93' lang='lat' dir='ltr'><strong>ipse</strong></span> <span class='ocrx_word' id='word_1_413' title='bbox 1086 5383 1206 5448; x_wconf 93' lang='lat' dir='ltr'><strong>dudum</strong></span> <span class='ocrx_word' id='word_1_414' title='bbox 1226 5384 1473 5468; x_wconf 87' lang='lat' dir='ltr'><strong>crucesignatus</strong></span> <span class='ocrx_word' id='word_1_415' title='bbox 1496 5386 1530 5448; x_wconf 94' lang='lat' dir='ltr'><strong>in</strong></span> <span class='ocrx_word' id='word_1_416' title='bbox 1553 5407 1611 5450; x_wconf 89' lang='lat' dir='ltr'><strong>sue</strong></span> <span class='ocrx_word' id='word_1_417' title='bbox 1634 5384 1906 5470; x_wconf 88' lang='lat' dir='ltr'><strong>peregrinationis</strong></span> <span class='ocrx_word' id='word_1_418' title='bbox 1929 5384 2048 5447; x_wconf 88' lang='lat' dir='ltr'><strong>itinere</strong></span> 
     </span>
     <span class='ocr_line' id='line_1_42' title="bbox 393 5485 2128 5573; baseline 0.002 -23"><span class='ocrx_word' id='word_1_419' title='bbox 393 5486 604 5566; x_wconf 88' lang='lat' dir='ltr'><strong>constitutus,</strong></span> <span class='ocrx_word' id='word_1_420' title='bbox 633 5486 776 5552; x_wconf 89' lang='lat' dir='ltr'><strong>nobilem</strong></span> <span class='ocrx_word' id='word_1_421' title='bbox 808 5489 912 5553; x_wconf 86' lang='lat' dir='ltr'><strong>virum</strong></span> <span class='ocrx_word' id='word_1_422' title='bbox 939 5536 979 5551; x_wconf 88' lang='lat'><strong>..</strong></span> <span class='ocrx_word' id='word_1_423' title='bbox 1010 5489 1162 5552; x_wconf 91' lang='lat' dir='ltr'><strong>comitem</strong></span> <span class='ocrx_word' id='word_1_424' title='bbox 1185 5486 1362 5552; x_wconf 86' lang='lat' dir='ltr'><strong>Hellandie</strong></span> <span class='ocrx_word' id='word_1_425' title='bbox 1391 5489 1652 5573; x_wconf 89' lang='lat' dir='ltr'><strong>crucesignatum</strong></span> <span class='ocrx_word' id='word_1_426' title='bbox 1683 5487 1723 5554; x_wconf 92' lang='lat' dir='ltr'><strong>de</strong></span> <span class='ocrx_word' id='word_1_427' title='bbox 1753 5487 1904 5552; x_wconf 87' lang='lat' dir='ltr'><strong>mandato</strong></span> <span class='ocrx_word' id='word_1_428' title='bbox 1934 5485 2048 5550; x_wconf 89' lang='lat' dir='ltr'><strong>dilecti</strong></span> <span class='ocrx_word' id='word_1_429' title='bbox 2102 5515 2128 5553; x_wconf 78' lang='lat' dir='ltr'><strong>rc</strong></span> 
     </span>
    </p>
   </div>
   <div class='ocr_carea' id='block_1_8' title="bbox 499 5611 1942 5620">
    <p class='ocr_par' dir='ltr' id='par_1_9' title="bbox 499 5611 1942 5620">
     <span class='ocr_line' id='line_1_43' title="bbox 499 5611 1942 5620; baseline 0.001 -3"><span class='ocrx_word' id='word_1_430' title='bbox 499 5612 534 5620; x_wconf 61' lang='lat'><strong>,—,</strong></span> <span class='ocrx_word' id='word_1_431' title='bbox 963 5612 1250 5618; x_wconf 70' lang='lat'><em>.——-.—-—-.---—--</em></span> <span class='ocrx_word' id='word_1_432' title='bbox 1260 5613 1418 5619; x_wconf 74' lang='lat'><em>——-.-—</em></span> <span class='ocrx_word' id='word_1_433' title='bbox 1886 5611 1942 5618; x_wconf 70' lang='lat'><strong>---</strong></span> 
     </span>
    </p>
   </div>
   <div class='ocr_carea' id='block_1_9' title="bbox 497 5693 925 5760">
    <p class='ocr_par' dir='ltr' id='par_1_10' title="bbox 497 5693 925 5760">
     <span class='ocr_line' id='line_1_44' title="bbox 497 5693 925 5760; baseline -0.005 -11"><span class='ocrx_word' id='word_1_434' title='bbox 497 5693 519 5758; x_wconf 82' lang='grc' dir='ltr'><strong>ι)</strong></span> <span class='ocrx_word' id='word_1_435' title='bbox 538 5695 669 5746; x_wconf 71' lang='lat' dir='ltr'><strong>cacumin</strong></span> <span class='ocrx_word' id='word_1_436' title='bbox 687 5695 718 5746; x_wconf 86' lang='lat' dir='ltr'><strong>It.</strong></span> <span class='ocrx_word' id='word_1_437' title='bbox 802 5693 826 5760; x_wconf 75' lang='lat' dir='ltr'><strong>b)</strong></span> <span class='ocrx_word' id='word_1_438' title='bbox 845 5713 874 5747; x_wconf 89' lang='lat' dir='ltr'><strong>so</strong></span> <span class='ocrx_word' id='word_1_439' title='bbox 893 5695 925 5747; x_wconf 78' lang='lat' dir='ltr'><strong>R.</strong></span> 
     </span>
    </p>
   </div>
   <div class='ocr_carea' id='block_1_10' title="bbox 0 0 2252 6424">
    <p class='ocr_par' dir='ltr' id='par_1_11' title="bbox 0 0 2252 6424">
     <span class='ocr_line' id='line_1_45' title="bbox 0 0 2252 6424; baseline 0 0"><span class='ocrx_word' id='word_1_440' title='bbox 0 0 2252 6424; x_wconf 95' lang='lat' dir='ltr'><strong> </strong></span> 
     </span>
    </p>
   </div>
  </div>
 </body>
</html>
