4590 6366
432 403 495 464 522
1012 395 1060 449 Ex
1079 393 1254 449 GREGORII
1272 393 1311 446 IX
1328 392 1509 447 andranno

539 571 686 651 Tertius,
720 571 796 655 quia
827 569 1051 655 spoliaverunt
1081 588 1208 632 sacrum
1236 565 1393 652 palatium
1418 565 1642 630 Laterauense
1665 575 1699 630 et
1728 573 1979 651 occupaverunt
2005 564 2101 638 illud,

435 681 469 746 et
492 674 647 759 quasdam
666 673 788 756 domus
812 671 1024 738 cardinalium
1050 672 1239 757 spoliarunt.

540 778 694 857 Quartus,
719 777 796 861 quia
819 781 952 839 senator
974 774 1052 839 fecit
1076 774 1284 859 privilegium
1307 771 1455 835 Rauucio
1481 779 1514 835 et
1536 770 1692 835 Romanis
1716 794 1774 859 pro
1799 794 1913 838 eorum
1937 773 2098 858 dampnis

433 902 532 966 super
553 880 649 944 bonis
674 881 888 944 ecclesiarum
911 877 1093 958 Ostiensis,
1125 877 1382 940 Tusculanensis
1407 882 1440 939 et
1462 875 1649 939 Penestrini
1674 877 1925 963 episcopatuum
1950 885 1987 941 et
2013 877 2097 940 alis-

430 1005 501 1047 rum
526 983 740 1047 ecclesiarum
764 990 797 1046 et
819 983 892 1046 aliis
916 981 1181 1067 possessionibus
1206 987 1239 1044 et
1261 981 1358 1044 terris
1381 978 1526 1042 fidelium
1550 980 1739 1064 patrimonii
1762 981 1851 1045 beati
1874 981 1981 1045 Petri.

539 1085 623 1150 Item
647 1087 722 1170 quia
745 1092 946 1165 statuerunt,
975 1085 1060 1170 quod
1083 1085 1251 1148 Romanus
1285 1083 1435 1169 pontifex
1463 1103 1528 1146 non
1560 1083 1764 1166 regrediatur
1793 1083 1834 1147 ad
1856 1084 2006 1164 Urbem,
2038 1105 2100 1147 seu

436 1187 522 1273 quod
546 1210 611 1251 non
634 1188 756 1252 faciant
779 1209 892 1273 pacem
917 1208 989 1250 cum
1015 1209 1064 1267 eo,
1088 1188 1153 1251 nisi
1176 1187 1266 1272 prius
1288 1186 1441 1250 restituat
1463 1185 1573 1247 omnia
1596 1184 1737 1271 dampna
1760 1188 1853 1251 illata
1874 1186 2054 1251 Romanis.

544 1290 650 1376 Super
673 1291 829 1378 predictis
854 1291 1004 1355 omnibus
1028 1290 1179 1358 satisfieri
1203 1290 1304 1353 debet
1326 1288 1368 1352 ad
1390 1286 1582 1352 mandatum
1605 1287 1728 1352 domini
1752 1312 1846 1378 pape.

896 1502 1148 1575 Petiliones
1176 1501 1366 1575 ecclesie
1393 1501 1478 1573 iste
1506 1507 1620 1573 sunt.

541 1650 665 1730 Prima,
697 1650 783 1735 quod
806 1671 920 1714 omues
946 1651 1057 1714 clerici
1080 1656 1113 1714 et
1136 1651 1360 1714 ecclesiastice
1384 1671 1541 1735 persone,
1572 1651 1627 1735 qui
1656 1657 1731 1714 sunt
1755 1650 1788 1712 in
1811 1649 1901 1715 Urbe
1926 1657 1962 1714 et
1988 1658 2098 1729 extra,

434 1759 467 1817 et
489 1743 611 1818 familie
635 1752 757 1817 domini
780 1776 864 1840 pape
899 1775 937 1817 ac
966 1752 1178 1816 cardinalium
1206 1754 1442 1817 conveniantur
1471 1761 1597 1818 tantum
1629 1754 1689 1817 sub
1720 1753 1826 1817 iudice
1853 1755 2100 1834 ecclesiastico,

434 1878 495 1922 nec
525 1855 566 1920 ad
596 1859 778 1922 secularem
807 1858 992 1936 trahantur,
1022 1879 1083 1921 nec
1113 1857 1153 1920 ad
1183 1857 1244 1920 hoc
1274 1865 1434 1941 cogantur
1462 1879 1521 1944 per
1548 1858 1710 1922 fossiones
1738 1857 1908 1921 domorum
1939 1865 2001 1922 aut
2031 1859 2099 1922 alio

435 1961 670 2045 compulsionis
694 1982 826 2045 genere,
850 1982 911 2025 neo
935 1961 1044 2045 aliqua
1067 1961 1241 2024 occasione
1264 1961 1498 2044 inquietentur.

542 2063 627 2128 Item
650 2065 731 2128 nulli
755 2065 865 2128 clerici
890 2064 942 2127 vel
966 2065 1113 2148 religiosi
1137 2065 1189 2128 vel
1212 2064 1287 2127 laici
1311 2064 1545 2146 cuiuscumque
1570 2063 1770 2127 condicionis
1794 2063 1847 2126 vel
1870 2062 2016 2142 ordinis,
2042 2065 2101 2148 qui

436 2168 570 2231 veniunt
592 2167 633 2231 ad
656 2168 869 2254 apostolicam
893 2168 1005 2231 sedem
1028 2169 1081 2231 val
1103 2167 1215 2230 limina
1236 2166 1327 2230 beati
1351 2166 1463 2246 Petri,
1487 2166 1657 2244 trahantur
1680 2166 1721 2230 ad
1744 2165 1882 2230 iudicem
1907 2167 2099 2232 secularem

437 2291 498 2334 nec
521 2271 629 2355 aliquo
653 2271 748 2335 modo
772 2279 942 2355 cogantur,
966 2277 1017 2334 set
1040 2291 1059 2334 a
1082 2277 1233 2334 senatore
1258 2277 1291 2333 et
1314 2276 1431 2334 senatu
1454 2271 1570 2355 potius.
1585 2269 1814 2334 defendantur.

542 2374 626 2438 Item
651 2374 737 2459 quod
759 2375 850 2439 nulla
873 2374 1012 2438 collecta
1034 2374 1088 2437 vel
1112 2373 1240 2437 exactio
1264 2374 1321 2436 fiat
1342 2374 1383 2436 ab
1408 2373 1573 2457 aliquibus
1597 2374 1759 2453 ecclesiis,
1785 2373 1913 2436 clericis
1939 2374 1995 2437 vel
2020 2395 2100 2458 per-

435 2478 525 2541 sonis
546 2477 709 2562 religiosis
732 2484 799 2540 tam
822 2478 854 2540 in
877 2475 968 2540 Urbe
992 2497 1089 2560 quam
1113 2482 1216 2541 extra.

541 2580 626 2644 Item
650 2579 737 2665 quod
759 2581 935 2645 restituant
956 2600 1069 2642 veram
1100 2584 1133 2641 et
1161 2584 1354 2663 perpetuam
1377 2599 1493 2662 pacem
1518 2584 1551 2641 et
1585 2585 1746 2664 perpetuo
1770 2577 1965 2642 servandam
1990 2579 2101 2665 impe-

434 2685 534 2748 ratori
558 2690 592 2748 et
615 2685 700 2762 suis,
724 2683 921 2767 Anagninis,
947 2681 1108 2766 Signinis,
1132 2681 1414 2760 Velletrensibus,
1438 2681 1722 2762 Viterbiensibus,
1748 2671 1939 2768 Campanis,
1964 2681 2101 2746 Mariti-
2154 2719 2165 2756 ··.

436 2788 559 2866 manis,
584 2786 840 2865 sabinensibus,
864 2787 973 2850 comiti
995 2785 1166 2849 Willclmo
1183 2788 1202 2865 ¹,
1235 2792 1268 2849 et
1291 2785 1442 2849 omnibus
1466 2786 1539 2848 aliis
1564 2785 1751 2850 hominibus
1775 2785 1815 2850 de
1839 2785 2041 2871 patrimonio
2067 2792 2103 2849 et

437 2892 588 2955 omnibus
613 2889 795 2968 fautoribus
819 2896 852 2953 et
874 2888 1077 2953 adiutoribus
1102 2888 1253 2953 ecclesie.

546 2991 661 3078 [Itema
682 2992 767 3077 quod
794 2993 843 3056 illi
866 2993 907 3058 de
929 2993 1124 3078 patrimonio
1149 2991 1189 3054 ad
1214 2991 1413 3076 Capitolium
1438 2991 1576 3056 ulterius
1601 3013 1666 3055 nou
1689 2992 1867 3056 trahantur.

542 3095 659 3159 Preter
681 3096 829 3182 predicta
849 3102 1049 3181 protestatur
1071 3095 1224 3174 ecclesia,
1248 3094 1334 3178 quod
1358 3096 1385 3159 si
1409 3095 1551 3159 Romani
1573 3095 1823 3159 molestaverint
1846 3094 2098 3180 patrimonium,

436 3220 501 3262 non
525 3197 668 3284 patietur
691 3206 741 3263 set
764 3199 834 3264 sine
858 3199 956 3264 dubio
980 3198 1060 3263 illud
1085 3196 1264 3286 defendet]

1226 3491 1289 3556 III.

545 3591 768 3704 R[omanns]
789 3619 949 3698 episcopas
964 3617 1158 3696 Portncnsia
1181 3619 1376 3705 I[ohanncs]
1398 3622 1484 3684 titali
1499 3621 1635 3686 Sanctae
1650 3620 1808 3684 Praaedis
1829 3624 1858 3683 et
1872 3617 2099 3704 Slteplranns]

439 3723 525 3787 titali
547 3724 682 3788 Sanctae
704 3721 837 3786 Mariae
865 3727 955 3785 trans
980 3721 1115 3786 Tiberim
1141 3723 1315 3804 presbyteri
1342 3724 1521 3811 cardina-les
1546 3724 1697 3805 Gregorio
1720 3723 1779 3786 IX
1801 3742 1903 3803 papae
1931 3722 2104 3801 nuntiant,

438 3845 471 3890 sc
492 3827 560 3890 cina
582 3826 705 3889 litteras
720 3845 782 3903 per
807 3823 994 3907 Grcporin'm
1015 3825 1070 3909 [de
1092 3827 1199 3890 Fusco
1221 3825 1258 3890 rte
1282 3826 1402 3912 Berta]
1423 3828 1544 3892 allatas
1565 3827 1714 3907 recepisse
1736 3830 1765 3888 et
1786 3825 1836 3888 die
1858 3825 1945 3889 Iovis
1967 3825 2103 3909 [April.

438 3931 495 4006 12,
519 3929 557 4008 cf.
580 3948 614 3991 n.
638 3928 663 3991 Ι
665 3928 709 4012 V]
730 3929 766 3990 in
791 3927 946 4006 Capitolio
967 3929 1158 3993 conditiones
1177 3931 1266 4008 iliacis
1289 3927 1427 3994 senatori
1449 3935 1479 3994 et
1494 3931 1613 4010 populo
1635 3929 1779 3994 Romano
1800 3929 1993 4007 capranicae,
2017 3949 2104 4009 qaas

437 4032 532 4095 ir'rlem
553 4032 796 4111 acceptioni-nh
818 4035 939 4112 repant,
961 4035 998 4094 nt
1019 4035 1152 4113 captiuis
1175 4033 1330 4097 Romanis
1350 4033 1388 4097 cle
1410 4034 1593 4097 liberatione
1608 4033 1782 4114 prandeat.

542 4167 568 4203 n.
588 4154 612 4204 4.
1619 4137 1713 4215 1235,
1729 4139 1805 4216 post
1824 4133 1932 4216 April.
1956 4136 2011 4198 12.

795 4327 960 4402 Littera
987 4330 1275 4404 cardinalium
1303 4351 1437 4422 super
1464 4331 1579 4405 facto
1607 4331 1738 4423 pacis

549 4473 762 4538 Sanctissimo
786 4475 819 4539 in
843 4476 974 4542 Christo
998 4481 1081 4566 patri
1105 4479 1236 4545 domino
1261 4479 1320 4560 Ga,
1351 4479 1415 4544 Dei
1445 4481 1552 4565 gratia
1585 4501 1710 4544 summo
1735 4479 1898 4566 pontifici,
1929 4476 1968 4543 R.
1993 4479 2099 4544 mise·

440 4577 567 4640 ratione
599 4575 718 4640 divina*
737 4577 930 4643 Portuensis
959 4589 992 4645 et
1024 4582 1143 4646 Sancte
1168 4583 1282 4646 Rufina
1315 4583 1505 4668 episeopus,
1535 4583 1561 4650 I.
1594 4583 1680 4647 tituli
1705 4582 1826 4646 Sancte
1848 4580 2027 4661 Praxedis,
2063 4581 2099 4648 S.

441 4679 527 4742 tituli
551 4687 661 4743 sancte
678 4680 781 4772 Maria
798 4682 1044 4770 Transtyberim
1068 4686 1254 4771 presbyteri
1278 4686 1472 4767 cardinales,
1498 4709 1570 4750 cum
1593 4687 1706 4750 osculo
1731 4684 1851 4770 pedum
1875 4685 2100 4748 reverentiam

441 4788 507 4845 tam
535 4779 678 4845 debitam
709 4803 805 4866 quam
834 4783 995 4852 devotam.
1041 4786 1126 4858 Quia
1155 4789 1264 4852 nullus
1288 4789 1379 4853 locus
1402 4791 1449 4854 ita
1472 4798 1566 4876 aptus
1591 4789 1835 4868 inveniebatur,
1866 4794 1900 4853 et
1923 4786 2102 4852 videbatur

440 4884 592 4948 fidelibus
616 4891 650 4948 et
672 4885 799 4950 devotis
823 4891 978 4968 ecclesie,
1011 4890 1096 4975 quod
1120 4893 1242 4956 firmior
1266 4900 1356 4957 esset
1378 4916 1459 4980 pax,
1493 4894 1520 4957 si
1552 4915 1624 4957 eam
1649 4892 1811 4956 Dominus
1834 4890 2031 4978 perduceret
2055 4892 2101 4956 ad

441 4988 603 5067 effectum,
627 4989 655 5051 si
676 4988 771 5054 fieret
794 4991 827 5054 in
843 4990 1006 5078 Capitolio
1029 5013 1123 5076 quam
1148 4996 1180 5058 in
1204 4997 1268 5060 alio
1292 4998 1364 5061 loco
1381 4997 1491 5078 Urbis,
1515 4997 1593 5060 licet
1616 5017 1681 5061 non
1705 4997 1843 5059 multum
1865 4996 2018 5074 libenter,
2042 4994 2101 5060 die

438 5090 528 5155 Iovis
557 5092 589 5154 in
618 5112 713 5156 mano
744 5093 953 5159 ascendimus
983 5095 1076 5177 illuc,
1108 5097 1264 5163 Romanis
1299 5099 1352 5164 die
1380 5100 1539 5164 Mercurii
1567 5099 1758 5183 precedenti
1788 5120 1848 5185 per
1873 5097 2034 5162 vexillum
2065 5107 2103 5163 et

444 5193 597 5275 bucinas,
629 5195 715 5258 sicut
740 5198 840 5260 moris
871 5204 935 5278 est,
966 5197 1008 5263 ad
1036 5199 1319 5287 audiendumque
1346 5223 1529 5289 proponere
1552 5202 1745 5266 volebamus
1769 5201 1996 5286 sollempniter
2019 5222 2100 5266 con-

549 5453 571 5520 ¹)
590 5429 635 5506 Ad
648 5453 723 5522 [Item
732 5484 767 5492 ·-
776 5456 905 5525 defendet]
923 5460 951 5509 in
963 5459 1025 5526 1209.
1038 5462 1128 5526 Vacat;
1147 5458 1182 5528 cf.
1191 5481 1220 5527 p.
1235 5465 1294 5525 521,
1305 5472 1356 5513 not.
1369 5464 1391 5514 b.
1427 5463 1466 5513 Hi
1477 5463 1581 5514 areima
1596 5463 1624 5522 in
1639 5464 1835 5520 instrumentum
1847 5462 1974 5518 senatori·
1987 5462 2020 5516 dc
2032 5479 2104 5532 pace

439 5543 504 5593 inita
523 5538 561 5607 [n.
588 5541 674 5610 VIII]
692 5545 786 5610 recepti
802 5562 856 5595 non
873 5554 939 5595 aunt.
1968 5581 1969 5586 ,

545 5661 570 5728 1)
595 5659 629 5714 Ut
646 5661 753 5718 ridetur
772 5662 864 5719 condi
877 5663 1004 5734 palatino
1026 5663 1152 5736 Tusciae,
1170 5665 1204 5720 de
1222 5682 1277 5744 qno
1295 5668 1331 5747 cf.
1346 5683 1371 5732 n,
1393 5670 1448 5721 590
1466 5670 1491 5721 et
1510 5669 1572 5730 597,

2156 4053 2183 4091 ³⁰
