4494 6426
1019 397 1065 451 EX
1084 397 1241 453 HONORII
1260 398 1299 452 Ill
1317 397 1498 453 REGISTRO

1218 697 1301 770 159.

536 806 724 901 Henetus
746 837 814 902 III
826 857 915 918 pepe
936 836 1138 922 [Pelopiam]
1159 839 1332 919 episcopam
1354 837 1566 902 Albanenaern
1585 834 1747 916 providere
1768 834 1859 910 iubet,
1880 834 1910 896 si
1932 839 2087 900 tractatas

432 962 530 1026 nsqnc
552 941 596 1006 ad
615 941 782 1005 adventurn
803 940 999 1025 reparata]
1020 939 1234 1006 Romanorum
1257 942 1455 1023 imperatoria
1477 961 1545 1005 carro
1568 939 1756 1004 Sarracenos
1777 938 1885 1002 babor-i
1904 939 2013 1018 possit.

1752 1043 1846 1119 1221,
1868 1042 1943 1108 Ian.
1965 1044 1997 1105 2.

537 1130 612 1186 Han.
630 1133 684 1184 III
698 1130 767 1198 Rep.
791 1129 847 1183 Vct.
866 1130 926 1194 III,
946 1133 979 1185 61
984 1149 994 1197 ;
1013 1130 1075 1184 Lib.
1100 1131 1129 1194 V,
1149 1133 1213 1184 304.

700 1361 916 1455 Episcopo
944 1362 1204 1451 Albanensi,
1232 1363 1480 1456 apostolice
1507 1361 1626 1436 sedis
1653 1362 1815 1454 legato.
2140 1379 2152 1417 ι

540 1511 694 1576 Firmiter
718 1510 879 1575 credimus
907 1517 940 1575 et
962 1513 1147 1577 nullatenus
1171 1511 1376 1592 dubitamus,
1403 1513 1515 1577 multis
1540 1508 1813 1577 sollicitudinibus
1835 1516 1868 1574 te
1892 1509 2002 1593 urgeri
2026 1529 2086 1595 pro

433 1614 567 1698 negotio
590 1613 668 1677 Iesu
691 1612 828 1688 Christe
858 1614 1020 1678 credimus
1044 1615 1159 1694 etiam,
1188 1614 1275 1699 quod
1298 1617 1331 1679 in
1354 1615 1486 1679 dubium
1510 1614 1683 1700 prudentia
1706 1620 1762 1677 tua
1783 1634 1848 1676 non
1870 1617 2004 1677 revocat
2025 1633 2086 1675 uos

433 1738 499 1781 non
522 1716 599 1781 dare
622 1723 771 1802 tempora
800 1717 881 1792 otio,
908 1717 986 1801 quin
1014 1719 1112 1781 immo
1143 1718 1293 1802 diligenti
1323 1740 1401 1783 cura
1433 1724 1467 1782 et
1495 1718 1668 1803 diligentia
1696 1718 1798 1781 multa
1820 1716 1974 1780 insistere
1999 1713 2088 1777 circa
2187 1749 2191 1755 -

434 1819 531 1885 idem.
576 1819 620 1882 Et
642 1817 772 1904 quidem
796 1820 857 1884 hec
880 1820 941 1884 fuit
963 1822 1053 1906 quasi
1079 1823 1250 1906 potissima
1272 1843 1383 1902 causa,
1405 1830 1541 1907 propter
1564 1842 1658 1905 quam
1683 1821 1774 1884 iuxta
1798 1819 1969 1883 consilium
1992 1823 2085 1882 tuum

434 1922 475 1987 ad
504 1923 746 1988 coronationem
775 1923 939 1988 karissimi
966 1925 999 1988 in
1027 1922 1158 1989 Christo
1187 1925 1245 1989 filii
1273 1925 1375 1989 nostri
1398 1926 1445 2004 F,
1468 1925 1691 1988 Romanorum
1720 1923 1926 2009 imperatoris
1955 1941 2087 2008 semper
2143 1933 2168 1972 ¹⁰

434 2027 566 2111 augusti
598 2033 631 2091 et
661 2026 749 2110 regis
777 2026 900 2106 Sicilie,
930 2027 1083 2091 festinum
1118 2034 1151 2092 et
1183 2029 1351 2093 efficacem
1379 2029 1563 2092 curavimus
1592 2027 1714 2092 habere
1744 2047 1943 2112 processum.
1999 2023 2087 2098 Quid

436 2135 546 2194 autem
562 2129 634 2215 ipse
658 2138 692 2196 et
707 2137 784 2195 ante
802 2132 1045 2196 coronationem
1062 2154 1154 2195 suam
1172 2134 1252 2197 etin
1277 2133 1328 2198 die
1345 2133 1449 2219 ipsius
1467 2131 1685 2196 coronationis
1702 2129 1899 2216 promiserit,
1923 2149 2086 2214 quamque

435 2233 660 2319 sollempniter
681 2235 931 2320 promissionem
955 2257 1045 2300 suam
1070 2236 1104 2299 in
1126 2237 1270 2300 omnium
1293 2236 1468 2300 astantium
1497 2234 1665 2298 audientia
1688 2233 1919 2319 publicaverit,
1949 2238 1982 2296 et
2004 2252 2088 2316 quos

436 2342 469 2400 et
500 2338 613 2422 quales
644 2343 677 2401 et
705 2344 842 2422 quantos
870 2339 1155 2402 sollicitaverimus
1186 2339 1227 2403 ad
1256 2339 1434 2403 subsidium
1459 2339 1561 2402 Terre
1586 2337 1723 2416 Sancte,
1757 2357 1816 2422 per
1848 2335 1928 2398 alias
1960 2335 2089 2400 litteras

435 2437 499 2502 iam
527 2439 567 2503 ad
595 2446 627 2504 te
655 2441 818 2506 credimus
850 2442 1052 2527 pervenisse.
1104 2442 1228 2506 Verum
1257 2444 1333 2526 quia
1359 2443 1469 2506 futura
1496 2441 1687 2525 frequenter
1715 2440 1813 2504 dubio
1843 2436 2090 2525 suspenduntur
2131 2430 2169 2487 ‘1⁵

437 2549 568 2624 eventu,
592 2543 840 2630 circumspectio
864 2552 921 2609 tua
943 2545 1131 2631 provideat,
1155 2547 1183 2609 si
1206 2546 1313 2610 medio
1337 2552 1485 2631 tempore
1509 2545 1615 2630 possit
1638 2544 1753 2609 haberi
1777 2548 1945 2620 tractatus,
1969 2541 2025 2626 qui
2047 2539 2091 2604 ad

436 2644 573 2730 gloriam
595 2645 660 2710 Dei
687 2653 721 2711 et
744 2646 1001 2712 Christianitatis
1029 2648 1124 2713 cedat
1152 2649 1326 2728 honorem,
1356 2656 1389 2714 et
1415 2648 1501 2734 quod
1531 2649 1710 2712 accurrerit
1738 2647 1852 2727 nohis,
1884 2651 1959 2710 ante
1991 2665 2091 2729 quam

436 2748 585 2813 stabilias
607 2748 745 2834 aliquid,
769 2751 832 2814 cito
856 2758 890 2816 et
913 2759 1007 2816 caute
1031 2753 1208 2833 rescribas,
1232 2760 1268 2816 ut
1290 2741 1376 2817 lacta
1401 2752 1575 2817 collatione
1600 2750 1640 2815 de
1663 2750 1745 2828 illis,
1770 2771 1832 2836 que
1855 2755 1970 2837 perte
1994 2747 2091 2812 nobis

435 2850 558 2916 fuerint
579 2851 738 2936 intimata,
763 2861 796 2919 et
817 2854 892 2934 hiis,
916 2876 979 2940 que
1002 2861 1078 2920 tune
1094 2862 1208 2941 parata
1230 2857 1408 2922 viderimus
1432 2856 1472 2921 ad
1489 2876 1691 2935 succursum,
1715 2853 1875 2940 dirigatur
1895 2850 2091 2939 prudentius

438 2955 606 3040 negotium
627 2955 706 3021 Iesu
729 2955 862 3036 Christi,
886 2963 919 3024 et
941 2959 1150 3045 provideatur
1172 2961 1335 3026 salubrius
1359 2960 1505 3026 subsidio
1529 2959 1631 3025 Terre
1656 2958 1787 3024 Sancte.
2145 2966 2170 3002 ²⁰

544 3075 620 3140 Dat.
642 3076 795 3142 Lateran.
818 3079 888 3144 IIII
909 3079 995 3145 Non.
1019 3081 1171 3164 Ianuarii,
1196 3083 1403 3170 pontificatus
1427 3083 1530 3148 nostri
1553 3103 1638 3147 anno
1661 3081 1784 3167 quinto.

1056 3360 1468 3368 ..Ἠ-

1222 3620 1304 3694 160.

547 3725 736 3820 Honorias
750 3756 816 3822 ΠΙ
832 3777 920 3838 papa
934 3757 1109 3843 [ilenrico]
1121 3759 1319 3826 Bononiensi
1340 3763 1478 3842 cyriscopo
1499 3761 1636 3838 nuntiat,
1659 3781 1690 3824 se
1711 3779 1814 3840 reaper
1836 3759 1872 3822 in
1893 3761 2091 3823 coronatione

434 3860 596 3926 Fridcricc'
625 3859 839 3924 Romanorum
866 3861 1066 3942 capenae
1094 3883 1197 3928 omncs
1230 3864 1398 3930 haereticos
1433 3883 1597 3944 corumque
1628 3863 1768 3943 sanctores
1795 3864 2090 3940 eaomvaaaiassa

437 3965 568 4029 mandat
588 3963 626 4042 ei,
647 3961 786 4028 etimne
807 3965 992 4029 sententiam
1008 3967 1170 4046 pccblicari
1190 3968 1291 4049 faeiat
1312 3973 1341 4032 et
1360 3967 1584 4032 invielabiliter
1605 3967 1772 4032 obseruari.

1759 4071 1852 4148 1221,
1874 4071 1949 4135 Ian.
1972 4072 2002 4133 4.
2139 4096 2163 4133 aa

543 4151 616 4206 Han.
635 4151 693 4205 III
708 4152 778 4222 Rep.
797 4151 859 4205 Lib.
883 4151 911 4216 V,
932 4155 993 4207 310.
1029 4153 1148 4207 Edlrnua
1165 4172 1199 4209 rc
1218 4154 1311 4228 Rapa.
1329 4157 1402 4211 Ann.
1422 4156 1484 4210 eccl.
1502 4172 1528 4210 α.
1546 4160 1626 4218 1220,
1645 4159 1661 4220 §
1678 4158 1724 4210 23.

542 4229 679 4302 Parnasi,
698 4238 767 4309 aeq.
787 4241 866 4292 ecee.

996 4400 1274 4476 Bononiensi
1310 4404 1534 4496 episcope.

524 4545 662 4610 Noverit
684 4546 871 4611 fraternitas
894 4552 959 4624 tua,
983 4547 1069 4632 quod
1091 4570 1151 4613 nos
1174 4571 1279 4634 nuper
1300 4550 1334 4613 in
1356 4550 1496 4615 basilica
1518 4551 1673 4637 principis
1690 4552 1912 4637 apestolorum
1935 4557 2088 4637 presente

439 4649 611 4714 karissimo
643 4650 674 4712 in
704 4649 834 4714 Christo
867 4651 934 4715 filio
967 4659 1077 4715 nostro
1107 4652 1298 4733 Frederico,
1333 4654 1451 4718 illustri
1482 4654 1702 4720 Romanorum
1735 4656 1931 4741 imperatore
1961 4675 2090 4740 semper
2138 4668 2163 4702 ,a

440 4758 577 4837 augusto
602 4760 636 4818 et
664 4774 740 4838 rege
765 4753 893 4834 Sicilie,
921 4755 955 4819 in
984 4754 1205 4819 celebratione
1234 4756 1426 4829 missarum,
1460 4764 1633 4844 postquam
1663 4758 1761 4843 capiti
1790 4779 1847 4822 suo
1876 4757 2090 4843 imposuimus

438 4857 568 4943 imperii
591 4855 755 4938 diadema,
787 4858 828 4923 de
856 4858 992 4922 consilio
1016 4859 1150 4922 fratrum
1181 4865 1365 4923 nostrorum
1389 4862 1537 4925 accensis
1566 4860 1711 4925 candelis
1735 4860 2090 4926 excommunicavimus

440 4983 483 5024 cx
507 4966 599 5046 parte
615 4960 681 5025 Dei
704 4962 947 5047 omnipotentis,
971 4962 1165 5025 auctoritate
1190 4983 1318 5047 quoque
1340 4963 1511 5026 beatorum
1534 4965 1757 5049 apostolorum
1772 4963 1862 5029 Petri
1886 4971 1920 5028 et
1941 4961 2037 5026 Pauli
2060 4968 2093 5036 ct

440 5069 567 5143 nostra,
597 5083 711 5128 ornnes
734 5063 896 5129 hereticos
920 5065 1090 5149 utriusque
1120 5084 1233 5142 sexus,
1257 5085 1450 5150 quocunque
1479 5067 1610 5130 nomine
1634 5074 1845 5146 censeantur,
1874 5073 1908 5131 ct
1936 5067 2092 5146 fautores,

439 5173 662 5254 receptatores
687 5173 720 5232 et
749 5167 938 5233 defensores
970 5190 1106 5246 eorum,
1127 5191 1256 5234 necnon
1285 5176 1319 5234 et
1346 5171 1401 5254 qui
1434 5170 1473 5234 de
1505 5177 1615 5234 cetero
1645 5171 1770 5235 servari
1800 5170 1940 5235 iecerint
1970 5174 2092 5233 statuta
2140 5183 2165 5222 ³⁵

439 5271 528 5336 edita
558 5277 591 5336 et
621 5270 890 5354 consuetudines,
919 5274 972 5338 vel
997 5275 1106 5360 potius
1133 5274 1309 5340 abusiones
1338 5273 1540 5339 introductas
1578 5280 1690 5338 contra
1723 5274 1864 5339 ecclesie
1894 5273 2092 5348 libertatem,

440 5381 473 5440 ct
505 5375 570 5438 nisi
603 5395 643 5439 ea
674 5374 715 5440 da
748 5375 982 5462 capitularibus
1017 5377 1084 5442 suis
1116 5378 1201 5442 iufra
1235 5378 1317 5443 duos
1349 5397 1480 5442 menses
1512 5382 1587 5463 post
1614 5376 1801 5441 huiusmodi
1835 5375 2093 5463 publicationem

440 5479 602 5545 sententie
619 5479 758 5544 iecerint
772 5479 926 5544 amoveri.
971 5479 1055 5544 Item
1072 5481 1426 5546 excommunicavimus
1443 5479 1633 5544 statutarios
1654 5485 1687 5544 et
1704 5479 1880 5565 scriptores
1897 5485 2093 5544 statutorum

438 5583 598 5670 ipsorum,
626 5579 755 5648 ne'cuon
778 5589 976 5670 potestates,
1000 5585 1167 5666 consules,
1196 5592 1340 5650 rectores
1363 5591 1397 5650 et
1420 5583 1623 5648 consiliarios
1646 5582 1807 5664 locorum,
1836 5583 1895 5648 ubi
1917 5583 1958 5649 de
1982 5590 2091 5649 cetero

440 5687 627 5753 huiusmodi
655 5695 779 5754 statuta
804 5686 858 5750 vel
887 5685 1141 5752 consuetudines
1169 5685 1257 5753 edite
1288 5688 1408 5754 fuerint
1434 5688 1488 5755 vel
1518 5691 1664 5766 servate,
1699 5690 1891 5754 necnou'et
1917 5686 2009 5769 illos,
2037 5685 2091 5774 qui
2142 5700 2166 5740 ⁴⁰
