4538 6426
716 391 916 448 urrsronan
935 392 1125 450 senseras.
1162 396 1237 450 rara.
1760 405 1800 466 53

147 569 470 656 archipresbyterum
486 567 598 632 Sancti
611 567 700 632 Xisti
715 575 749 632 et
766 616 773 632 .
794 616 802 631 .
822 566 934 632 Sancti
948 566 1057 633 Luem
1075 590 1112 633 ac
1130 617 1137 632 .
1157 567 1290 634 Sancti
1302 569 1424 654 Angeli
1440 577 1497 635 et.
1516 620 1523 634 .
1541 571 1652 637 Sancti
1668 573 1802 638 Martini

147 674 274 758 priores
295 694 355 758 per
378 672 528 737 consules
552 679 585 736 et
608 672 813 736 consiliarios
836 677 963 736 vestros
992 673 1063 736 fieri
1086 673 1300 759 permiseritis
1323 680 1357 738 et
1386 674 1432 737 sio
1459 674 1578 741 iecisse
1607 677 1801 762 probemini,

148 796 224 839 cnm
246 774 425 842 debueritis
449 781 483 840 et
504 775 676 861 potueritis
700 774 894 861 prohibere,
923 795 986 859 que
1010 775 1043 839 in
1066 774 1130 840 Dei
1160 775 1336 855 offensam,
1367 777 1467 841 totius
1497 777 1619 843 ordinis
1643 780 1801 846 clericalis

149 881 302 944 iniuriam
318 887 352 944 et
365 886 513 944 nostrum
535 877 720 942 redundant
744 879 955 964 obprobrium
978 883 1012 942 et
1033 884 1266 963 contemptum.
1312 877 1394 943 Cum
1418 881 1505 944 enim
1527 902 1586 945 nos
1610 889 1643 947 et
1668 889 1801 969 aposto·

150 986 248 1049 licam
263 983 375 1049 sedem
394 989 606 1048 revereantur
626 983 724 1047 etiam
746 982 883 1048 barbare
904 983 1066 1063 nationes,
1082 1004 1151 1062 ros,
1170 984 1225 1068 qui
1246 989 1278 1047 et
1298 985 1522 1070 temporaliter
1539 991 1572 1049 et
1590 985 1804 1071 spiritualiter

149 1088 245 1152 nobis
267 1087 347 1152 estis
370 1086 522 1166 subiecti,
544 1106 647 1170 usque
670 1085 753 1150 adeo
777 1092 921 1150 nostram
944 1087 1161 1150 reverentiam
1185 1087 1364 1167 abiecistis,
1387 1094 1423 1152 ut
1445 1093 1556 1174 preter
1578 1089 1652 1170 alia,
1676 1110 1739 1174 que
1762 1089 1803 1154 ad

149 1211 287 1276 presens
310 1189 370 1253 sub
395 1188 525 1252 silentio
548 1189 756 1274 preterimus,
779 1189 904 1274 priores
925 1187 1090 1274 predictos
1114 1190 1206 1273 qnasi
1229 1189 1262 1252 in
1286 1191 1389 1254 oculis
1411 1192 1531 1256 nostris
1555 1193 1801 1277 presumptione

151 1294 312 1377 sacrilega
333 1291 564 1378 permiseritis,
593 1292 691 1355 immo
720 1292 828 1356 verius
856 1290 1001 1356 feceritis
1027 1292 1208 1374 verberari,
1237 1291 1395 1378 quosdam
1425 1315 1538 1358 eorum
1569 1295 1663 1379 quasi
1686 1294 1802 1381 depre-

151 1397 273 1460 hensos
297 1395 330 1459 in
352 1393 439 1458 furto
463 1414 522 1480 per
543 1393 705 1457 civitatem
731 1393 817 1456 trabi
839 1415 904 1456 non
927 1393 1051 1477 absque
1075 1393 1279 1478 flagellorum
1306 1396 1485 1479 ignominia
1520 1398 1738 1478 sustinentes,
1772 1405 1805 1462 et

152 1498 240 1562 dicto
256 1498 364 1584 priore
382 1495 494 1560 Sancti
508 1495 599 1560 Luce
615 1496 754 1582 spoliato
769 1496 865 1560 bonis
885 1497 951 1560 suis
976 1503 1010 1560 et
1032 1496 1072 1560 ab
1090 1497 1233 1561 ecclesia
1248 1497 1411 1562 violenter
1426 1499 1542 1579 eiecto,
1566 1501 1643 1584 poni
1660 1501 1804 1565 sinentes

151 1623 224 1664 eam
247 1601 279 1663 in
302 1599 454 1663 manibus
476 1599 643 1678 laicomm,
675 1599 736 1662 sub
760 1597 962 1663 districtione
986 1599 1159 1663 iuramenti
1181 1599 1300 1663 balivis
1324 1601 1568 1685 parrochiarum
1591 1603 1746 1682 iniuncto,
1769 1609 1806 1666 ut

151 1709 178 1771 si
204 1705 259 1790 qui
282 1704 475 1767 clericorum
491 1723 665 1787 campanos
681 1704 813 1788 pulsare
828 1703 1097 1788 presumpserint,
1114 1702 1375 1768 animadvertant
1393 1705 1586 1770 verberibus
1602 1706 1636 1769 in
1653 1705 1805 1779 eosdem;

149 1830 211 1874 nec
245 1815 335 1872 tante
371 1807 487 1871 sevitie
515 1805 604 1870 alind
631 1826 764 1870 causam
791 1805 897 1886 dedit,
929 1807 993 1870 nisi
1021 1805 1107 1891 quod
1136 1806 1235 1870 iidem
1266 1806 1391 1892 priores
1416 1816 1637 1874 convenerant
1660 1809 1803 1873 civitatis

151 1911 276 1977 iudices
304 1917 338 1975 et
367 1909 552 1974 scriniarios
578 1910 749 1989 monituri,
785 1917 821 1973 ut
851 1911 1003 1974 consules
1047 1910 1136 1995 ipsos
1171 1910 1274 1996 culpis
1304 1910 1371 1974 suis
1407 1911 1618 1995 exigentibus
1652 1913 1804 1976 astrictos

156 2013 504 2081 excommunicationis
527 2013 658 2077 vinculo
682 2020 946 2092 commonerent,
973 2034 1014 2076 ne
1049 2013 1083 2077 in
1106 2035 1165 2076 sua
1194 2015 1398 2078 contumacia
1418 2016 1633 2100 perdurarent
1636 2064 1805 2082 ......

152 2166 645 2186 ................
690 2117 759 2181 Nos
785 2165 792 2180 .
811 2167 818 2181 .
837 2118 860 2180 ,ὴ
882 2118 1089 2202 precipimus,
1113 2118 1264 2202 quatinus
1279 2119 1431 2183 consules
1447 2119 1536 2204 ipsos
1553 2125 1587 2183 et
1603 2118 1806 2183 consiliarios

151 2245 190 2288 ac
213 2222 339 2287 iudices
363 2227 397 2286 et
420 2242 533 2286 omnes
557 2222 611 2306 qui
643 2221 834 2285 temerarias
868 2241 983 2284 manus
1012 2221 1196 2284 iniecerunt
1224 2221 1258 2286 in
1279 2223 1406 2307 priores
1435 2221 1617 2307 predictos,
1644 2222 1696 2285 rel
1730 2220 1807 2284 inici

152 2333 387 2414 preceperunt,
421 2325 506 2391 inira
538 2333 611 2391 octo
645 2326 715 2390 dies
748 2331 823 2412 post
853 2325 1094 2409 susceptionem
1123 2327 1326 2411 presentium
1355 2325 1395 2389 ad
1434 2331 1579 2390 nostram
1607 2325 1807 2411 presentiam

153 2433 393 2513 transmittatis,
416 2431 599 2517 superbiis
624 2429 783 2494 mandatis
807 2429 928 2493 nostris
952 2429 1102 2493 omnibus
1118 2431 1291 2516 parituros,
1314 2452 1351 2494 ac
1374 2428 1461 2494 dicto
1477 2429 1577 2515 priori
1594 2427 1706 2491 Sancti
1719 2427 1808 2491 Luce

72 2565 82 2600 e
152 2536 281 2599 restitui
304 2534 433 2599 faciatis
456 2536 628 2599 eeclesiam
653 2555 743 2597 suam
762 2540 795 2597 et
815 2533 879 2596 alia
895 2533 1011 2617 quibus
1027 2535 1173 2598 noscitur
1188 2535 1358 2620 spoliatus,
1383 2539 1504 2597 statuta
1522 2530 1662 2617 quedam
1685 2537 1808 2595 temere

150 2645 265 2702 eontra
286 2638 473 2702 libertatem
497 2638 754 2702 eeclesiasticam
778 2636 866 2700 edita
893 2636 1025 2722 penitus
1049 2637 1228 2701 abolentes.
1282 2637 1438 2722 Alioquin
1470 2656 1542 2699 cum
1572 2634 1723 2698 consules
1746 2633 1809 2720 ipsi

150 2761 189 2803 ac
224 2740 281 2803 alii
315 2739 505 2804 huiusmodi
539 2740 793 2826 presumptionis
836 2746 986 2803 auctores
1021 2741 1367 2805 excommunicationis
1402 2744 1578 2803 noscantur
1613 2737 1808 2802 sententiam

151 2843 346 2923 incurrisse,
380 2864 440 2907 nos
474 2844 562 2907 illam
601 2843 800 2929 precipimus
838 2864 942 2927 usque
977 2841 1017 2905 ad
1057 2842 1314 2907 satisfactionem
1351 2841 1543 2926 condignam
1577 2839 1810 2904 inviolabiliter

150 2947 332 3026 observari,
356 2953 391 3011 et
413 2953 533 3010 terram
556 2952 698 3009 vestram
723 2945 890 3009 subiacere
915 2945 1156 3009 districtissimo
1186 2945 1359 3010 interdicto
1384 2952 1446 3010 etc.

262 3049 338 3114 Dat.
361 3050 514 3114 Lateran.
537 3048 624 3112 VIII
646 3048 720 3115 Kal.
744 3049 830 3133 Aug.
851 3049 1060 3135 pontificatus
1084 3049 1188 3112 nostri
1210 3070 1295 3113 anno
1319 3048 1472 3112 secundo.

958 3794 1017 3866 74.

269 3906 457 4001 Honorias
489 3935 556 4000 Ill
582 3957 668 4016 papa
700 3933 885 4020 [Andreae]
925 3935 1064 4014 episcopo
1095 3930 1251 4013 Propensi
1278 3929 1463 4015 facultatem
1497 3924 1633 3991 concedit
1664 3921 1813 4004 quosdam

152 4043 322 4107 canonicos
340 4045 369 4105 et
383 4041 542 4121 praelatos
564 4038 693 4103 diocesis
714 4057 797 4116 suae,
821 4040 877 4118 qui
899 4036 1097 4102 interdictam
1118 4035 1320 4111 metaverant,
1343 4031 1499 4112 beneficiis
1520 4029 1588 4094 sais
1605 4025 1770 4110 privandi.

1469 4151 1564 4227 1218,
1587 4149 1652 4213 lac.
1674 4147 1727 4212 25.

262 4247 337 4300 Hoa.
356 4244 413 4299 111
429 4242 497 4312 Bep.
522 4244 578 4298 Vol.
597 4244 641 4306 ΙΙ,
659 4247 691 4306 2,·
710 4243 772 4296 Lib.
792 4242 854 4306 III,
874 4245 899 4296 3.

262 4332 398 4396 Potthest,
415 4330 484 4400 ch.
504 4333 586 4385 5881.

717 4614 726 4630 .
755 4614 764 4631 .
792 4553 1008 4647 Pragensi
1037 4553 1260 4644 episcopo.

270 4708 370 4788 Cum,
395 4710 533 4773 sicutte
558 4706 763 4792 significante
786 4706 991 4789 accepimns,
1020 4701 1150 4787 quidam
1175 4699 1323 4766 canonici
1347 4698 1533 4781 Pragenses
1556 4717 1594 4760 ao
1617 4694 1734 4780 prelati
1757 4700 1813 4756 tue

158 4813 303 4878 diocesis
326 4809 537 4875 interdictum
561 4831 580 4873 a
602 4816 635 4873 tc
658 4812 822 4895 prolatum
845 4809 879 4871 in
908 4808 1011 4893 ipsam
1038 4805 1197 4869 diocesim
1220 4802 1373 4867 violarint
1394 4801 1429 4864 in
1459 4798 1641 4863 interdictis
1665 4795 1814 4860 ecclesiis

158 4916 270 4980 divina
292 4922 416 4979 temere
448 4911 661 4990 celebrando,
690 4917 877 4995 contempta
904 4908 1097 4972 inhibitione
1119 4913 1185 4972 ate
1209 4906 1269 4970 sub
1293 4924 1377 4993 pena
1398 4901 1616 4967 anathematis
1640 4898 1703 4962 sibi
1718 4896 1816 4974 iacta,

161 5021 251 5106 ipsos
286 5017 353 5080 suis
387 5015 557 5080 beneficiis
591 5015 752 5102 spoliandi
786 5035 824 5078 ac
857 5013 937 5076 alias
972 5010 1130 5097 puniendi
1167 5008 1345 5074 seeundum
1379 5005 1535 5071 canonica
1569 5002 1720 5065 instituta
1754 4996 1813 5061 tibi

158 5121 355 5186 anctoritate
378 5119 581 5205 presentium
603 5117 741 5182 liberam
765 5115 972 5181 concedimus
996 5115 1198 5178 facultatem.

267 5223 344 5287 Dat.
365 5221 521 5288 Lateran.
544 5221 629 5285 VIII
652 5220 727 5286 Kal.
750 5219 902 5305 Augusti,
925 5217 1134 5305 pontificatus
1158 5214 1261 5278 nostri
1283 5234 1368 5278 anno
1391 5212 1498 5276 tertio.

267 5393 805 5407 *mad-m-——w—
813 5399 869 5404 ..-ι-
880 5397 967 5404 --u
977 5397 986 5402 -
1226 5382 1705 5398 ημ-η-ρ--ο--α---ν-

265 5499 287 5560 ·)
306 5499 371 5550 Luci
400 5499 429 5548 It.
542 5497 564 5562 δ’)
593 5499 664 5562 Quae
691 5498 731 5549 bic
758 5498 855 5558 decretu,
890 5505 1012 5559 termnum
1040 5513 1057 5543 o
1081 5493 1198 5558 plecteretis
1224 5492 1325 5557 inrperii
1354 5489 1461 5540 hicterio
1488 5487 1576 5537 alicam
1607 5482 1634 5532 in
1661 5478 1812 5546 oprprapbo

158 5587 253 5640 cariora
272 5595 339 5636 runt.
