4524 6412
440 409 502 474 308
1020 398 1067 458 EX
1087 397 1260 458 Gnnoosn
1279 399 1317 457 IX
1335 395 1515 458 REGISTRO

440 581 620 669 apostolice
644 579 732 645 sedis
754 579 894 664 legatus,
917 578 1052 665 provide
1073 569 1167 643 vobis
1190 576 1336 658 indulsit,
1359 577 1555 642 auctoritate
1579 574 1759 662 apostolica
1775 573 2004 642 confirmamus
2029 581 2092 640 etc.

439 705 562 771 usque:
596 683 848 758 communimus,
881 684 970 747 salvo
999 683 1033 746 in
1064 681 1215 746 omnibus
1243 681 1424 768 apostolice
1458 680 1545 745 sedis
1575 680 1739 744 mandato.
1801 679 1890 744 Nulli
1919 701 1999 764 ergo
2030 685 2093 742 etc.

440 794 551 852 nostre
574 786 787 873 protectionis
810 792 844 850 et
867 785 1091 851 concessionis
1114 784 1305 869 infringere.
1351 783 1387 848 si
1411 785 1481 869 quis
1505 789 1616 848 autem
1642 821 1691 847 —.

550 904 684 992 [Datum
706 905 844 985 Perusii,
867 904 972 969 XIIII
994 903 1162 969 Kalendas
1185 905 1282 986 Iunii,
1306 925 1391 968 anno
1414 901 1558 990 tertio]³.

1225 1461 1311 1534 389.

550 1571 741 1683 Grauius
765 1599 821 1664 IX
847 1622 934 1682 papa
955 1601 1050 1668 Petro
1076 1600 1200 1686 infanti
1222 1600 1427 1682 Portunaliac
1454 1600 1607 1682 iniuupit,
1638 1603 1675 1662 ui
1698 1599 1789 1663 iuxta
1818 1599 1901 1680 quod
1921 1599 2096 1664 liberaliter
2158 1631 2169 1666 s

443 1705 596 1784 obtulerit,
618 1724 687 1768 cum
708 1705 846 1784 equitum
867 1705 1067 1770 multitudino
1088 1706 1131 1770 ad
1152 1724 1283 1786 spamam
1308 1702 1427 1769 carna
1448 1703 1620 1766 subsidium
1643 1705 1828 1784 quantocius
1847 1708 2000 1785 properet.

1764 1809 1856 1885 1229,
1882 1807 1953 1870 lum
1976 1810 2009 1873 4.

549 1892 613 1959 [Ea
632 1891 713 1960 (iren.
731 1892 782 1945 IX
798 1891 881 1961 Rea]
890 1894 907 1946 ¹.
942 1893 1061 1946 Edimus
1079 1909 1114 1946 en
1132 1893 1222 1964 Ruyn.
1240 1893 1313 1946 Anu.
1331 1893 1392 1947 ccci.
1412 1909 1437 1946 a.
1458 1895 1534 1954 1229,
1552 1895 1568 1956 §
1588 1896 1631 1946 34.

547 1977 682 2042 Pattbast,
701 1978 769 2046 ch.
789 1982 863 2032 8411.

959 2112 1281 2230 Petro-infanti
1307 2156 1579 2248 Portugalie.
1755 2105 1758 2112 Ι
2149 2193 2171 2231 a

237 2293 239 2298 '
289 2329 353 2371 rmv.
375 2333 442 2380 auro.
552 2305 646 2380 Quod
667 2306 847 2392 inspirante
871 2304 986 2391 spiritu
1009 2305 1124 2368 salutis
1149 2311 1306 2389 concepto
1334 2306 1486 2390 cogItasti
1509 2305 1550 2370 nd
1577 2305 1675 2370 fortio
1697 2306 1828 2370 mittere
1850 2326 1982 2370 menum
2005 2311 2094 2369 tuam

443 2416 478 2475 et
499 2410 639 2474 militare
662 2411 696 2474 in
719 2409 913 2493 obsequium
936 2428 1056 2495 sponse
1080 2407 1221 2487 Christi,
1253 2429 1291 2471 oc
1315 2416 1405 2490 vota,
1437 2409 1497 2473 tibi
1520 2410 1591 2473 eius
1614 2416 1775 2495 preeunte
1798 2411 1903 2494 gratia
1925 2410 2095 2497 inspirata,

443 2519 475 2577 te
498 2517 750 2599 prosecuturum
772 2511 914 2596 gratuito
939 2511 1009 2597 ipso
1034 2508 1208 2574 adiuvante
1238 2511 1386 2575 obtulisti
1411 2510 1565 2593 devotus,
1595 2519 1630 2577 tu
1653 2533 1782 2598 quoque
1806 2512 1908 2578 debes
1932 2512 2096 2598 spirituali

445 2617 648 2681 exultatione
672 2615 815 2701 gaudere
839 2621 873 2679 et
894 2614 1054 2678 bonorum
1076 2615 1220 2678 omnium
1249 2615 1396 2700 largitori
1424 2616 1619 2681 sacrificium
1650 2617 1755 2681 laudis
1784 2617 1919 2698 offerre,
1951 2615 2095 2701 quodie

444 2720 529 2784 inter
552 2725 601 2783 tot
624 2739 719 2804 reges
744 2724 777 2782 et
800 2717 965 2804 principes
988 2738 1026 2780 ao
1050 2724 1220 2802 magnates
1251 2720 1392 2784 ecclesie
1416 2719 1530 2785 fideles
1554 2728 1588 2785 et
1609 2721 1694 2785 tilios
1718 2721 1860 2812 elegisse
1883 2720 2028 2799 videtur,
2059 2725 2095 2783 ut
2147 2740 2168 2776 u

444 2819 633 2886 choram²
657 2820 826 2886 sedentem
850 2821 911 2885 sub
935 2823 1053 2906 palma,
1077 2821 1175 2885 immo
1199 2823 1233 2886 in
1256 2823 1398 2908 palmam
1420 2824 1529 2909 potins
1553 2823 1797 2904 ascendentem,
1821 2830 1935 2889 contra
1951 2821 2096 2887 Sisenem

446 2925 594 3009 sequaris
618 2923 658 2987 ad
680 2925 836 3009 prelium,
868 2924 923 3008 qui
948 2924 1089 2988 exclusit
1111 2924 1267 3008 gaudium
1290 2947 1309 2990 n
1332 2947 1368 2990 se
1392 2948 1520 3005 verum,
1551 2927 1675 2991 utinam
1698 2948 1764 2990 non
1787 2928 1905 2991 inferni
1928 2926 2096 2989 doloribus

445 3027 663 3112 mancipatus!
710 3026 765 3090 Sic
788 3026 874 3091 enim
898 3027 963 3090 iam
975 3027 1090 3090 dactus
1114 3033 1164 3091 est
1181 3027 1342 3114 stupidus,
1366 3029 1452 3115 qnod
1470 3030 1554 3094 ictus
1571 3029 1671 3114 gladii
1687 3031 1866 3117 spiritualis
1882 3029 2096 3094 acerbitatem

326 3151 511 3204 nussunon
536 3131 649 3210 sentit,
679 3151 740 3194 nea
773 3130 872 3194 etiam
896 3130 1075 3210 erubescit,
1104 3137 1140 3194 ut
1167 3133 1289 3196 salubri
1319 3133 1510 3198 confusione
1539 3133 1694 3197 confusus
1723 3133 1764 3196 ad
1792 3133 2030 3218 percutientem
2060 3153 2095 3196 se

447 3232 560 3298 redcat
582 3239 616 3298 et
639 3238 787 3309 sanetum
818 3231 876 3297 sed
900 3233 934 3296 in
960 3233 1084 3296 molitis
1113 3233 1264 3299 indurato
1295 3241 1404 3299 mente
1433 3235 1590 3319 perdurat
1611 3235 1675 3300 Dei
1697 3236 1941 3301 miserationem
1965 3235 2096 3315 oblitus,
2147 3255 2152 3272 ⁶

446 3337 517 3401 sine
541 3357 604 3428 quo
627 3336 664 3400 fit
686 3337 861 3422 inglorius,
892 3337 990 3401 immo
1020 3336 1130 3402 nichil.
1175 3337 1301 3401 Interni
1325 3338 1423 3401 etiam
1446 3343 1479 3400 et
1502 3339 1609 3402 eterni
1631 3338 1743 3423 gaudii
1766 3337 1826 3403 hoc
1850 3337 2017 3403 devotioni
2040 3343 2096 3402 tue

444 3439 584 3503 letitiam
606 3439 744 3524 ingerit,
776 3439 862 3524 quod
885 3441 993 3504 levam
1015 3440 1205 3524 temporalis
1229 3440 1412 3504 substantie
1436 3438 1537 3504 divini
1559 3443 1703 3506 muneris
1727 3443 1880 3527 largitate
1908 3447 2097 3528 preventus,

445 3544 534 3606 illam
557 3543 590 3606 iu
614 3544 754 3608 ecclesie
778 3543 960 3608 subsidium
984 3542 1166 3624 offerendo,
1196 3543 1228 3606 in
1252 3542 1421 3608 dexteram
1446 3544 1651 3626 convertisti,
1676 3544 1717 3610 nd
1741 3543 1918 3609 eruendum
1941 3545 2097 3631 populum

445 3644 510 3710 Dei
533 3645 573 3710 de
597 3647 674 3731 iugo
697 3668 760 3732 quo
784 3648 895 3734 inique
925 3647 1085 3732 premitur
1114 3646 1347 3710 servitutis-
1371 3645 1436 3710 -¹³.
1492 3646 1573 3710 Tam
1595 3648 1656 3712 tibi
1680 3669 1777 3733 qnam
1800 3649 1856 3728 iis,
1889 3649 1944 3732 qui
1968 3649 2097 3712 venturi

447 3756 523 3812 sunt
544 3755 668 3829 tecum,
699 3751 732 3814 in
758 3750 988 3814 remissionem
1011 3749 1210 3834 iniungimus
1232 3755 1458 3836 peccatorum,
1490 3755 1665 3833 quatenus,
1691 3752 1784 3814 iuxta
1806 3749 1893 3836 quod
1915 3750 2096 3815 liberaliter
2146 3767 2170 3803 ‘⁵

447 3853 611 3932 obtulisti,
641 3874 715 3917 cum
739 3854 882 3937 equiturn
907 3851 1114 3916 multitudine
1142 3850 1184 3915 ad
1207 3872 1326 3936 sponse
1351 3851 1474 3916 Christi
1501 3852 1683 3916 subsidium
1706 3854 1898 3938 quantocius
1927 3876 2095 3942 properes,

446 3955 644 4019 militaturus
666 3953 807 4019 Domino
831 3955 892 4019 sub
916 3955 1012 4018 beato
1035 3953 1134 4019 Petro
1158 3955 1324 4019 exercitus
1349 3956 1419 4019 eius
1443 3954 1535 4020 duce.

553 4074 629 4139 Dat.
654 4075 792 4155 Perusii,
815 4074 850 4137 II
873 4073 956 4137 Non.
981 4074 1052 4138 Iun.
1076 4075 1285 4162 pontificatus
1309 4077 1412 4139 nostri
1435 4097 1520 4139 enno
1545 4075 1607 4139 III.

1228 4631 1315 4705 390.

553 4740 743 4852 (drepanius
763 4767 820 4834 IX
837 4789 925 4851 papa
939 4768 1114 4855 [Hmruo]
1127 4767 1605 4852 arabioniscopoModiolancnsi
1625 4775 1655 4836 ct
1668 4770 1881 4854 suffraganeis
1902 4773 1970 4838 aius
1990 4771 2096 4851 refert,

445 4873 646 4939 Fridcricum
677 4873 794 4938 dictum
832 4873 1065 4954 imporatorcm',
1101 4875 1181 4939 aad
1216 4875 1319 4954 ipsius
1354 4876 1383 4938 ei
1416 4871 1634 4958 [Hermanni]
1676 4876 1821 4956 magistri
1860 4875 2096 4940 Tartanicorum
2152 4919 2153 4922 κ

447 4977 568 5043 litterae
589 4977 651 5041 sibi
671 4976 904 5054 intimaverint,
935 4996 1004 5040 cunr
1025 4977 1155 5042 soldano
1176 4977 1375 5062 Babyloniae
1391 4976 1569 5056 pactionem
1591 4975 1717 5053 iniisse,
1739 4982 1775 5040 ut
1797 4979 1944 5058 templum
1964 4977 2099 5042 Domini

1054 5153 1210 5160 --.--..—
1216 5151 1452 5161 .—.—.....—-.
1459 5153 1479 5159 -,

550 5271 572 5336 ¹)
587 5274 681 5324 Datum
699 5299 732 5309 -
751 5272 825 5324 tortia
843 5272 911 5325 deest
928 5274 956 5324 in
973 5275 1048 5340 copia
1064 5282 1170 5334 nostra,·
1195 5273 1365 5340 apponimus
1382 5289 1414 5323 cu
1437 5271 1556 5336 Tbciacr,
1574 5272 1590 5321 l.
1609 5289 1629 5322 c,
1647 5279 1663 5322 t.
1683 5271 1749 5338 I,p.
1769 5273 1813 5336 89,
1830 5289 1856 5322 n.
1875 5275 1932 5324 153.
1985 5271 2011 5336 ¹⁸)
2029 5273 2097 5324 elcesi

446 5361 546 5427 aliquid
562 5377 606 5426 ap.
625 5358 709 5426 Bayn.

549 5511 576 5578 1)
595 5513 697 5580 Aperte
714 5510 821 5582 quidem
833 5511 1004 5581 Ruynuidus
1020 5527 1075 5565 nou
1092 5511 1161 5566 dicit
1178 5526 1207 5564 se
1224 5510 1294 5564 banc
1312 5509 1454 5578 epistolam
1473 5524 1507 5561 ea
1519 5507 1589 5578 Ray.
1607 5507 1762 5578 sumpsisse,
1779 5508 1826 5563 scd
1844 5525 1896 5564 nos
1913 5508 1944 5564 id
1961 5510 2097 5566 credimus

444 5597 559 5666 meoque
572 5597 686 5652 cambio
697 5599 851 5666 recipimus,
865 5613 925 5652 curu
938 5597 1067 5652 Pei-taius
1078 5598 1136 5665 ipse
1149 5614 1208 5651 eam
1223 5594 1254 5650 in
1265 5612 1345 5650 usum
1358 5595 1486 5649 editionis
1498 5611 1564 5648 suae
1577 5611 1611 5648 aa
1624 5594 1715 5666 Royn.
1731 5595 1935 5650 describendum
1947 5597 2094 5652 curaverit.
2148 5613 2172 5653 rr

444 5683 472 5754 2)
490 5682 554 5740 Iud.
572 5701 593 5738 o.
611 5688 628 5738 4
646 5689 671 5738 ct
689 5689 713 5740 5.
