4448 6420
714 345 914 400 saissonis
932 346 1122 405 senacula.
1160 349 1236 403 rasa.
1740 353 1801 416 153
1842 397 1845 402 .

149 516 278 604 quidem
301 518 462 604 agebatur
492 518 655 600 miraculi,
686 531 779 583 cum³
800 518 976 602 Dominus,
1000 522 1055 606 qui
1082 523 1183 608 elegit
1211 523 1339 587 infirma
1369 523 1497 603 mundi,
1529 530 1565 588 ut
1586 523 1804 589 confunderet
1821 539 1965 592 imeras.

148 622 272 702 fortiab,
305 623 470 688 civitatem
501 625 737 709 expugnationi
767 624 932 688 difficilem
961 645 1000 689 eo
1029 632 1177 713 tempore
1205 627 1337 691 tradidit
1360 628 1550 713 gerentibus
1572 627 1696 692 bellum
1720 630 1801 709 eius,

149 749 208 811 quo
243 728 426 790 invaluerat
459 728 596 791 multum
631 728 732 813 partis
766 726 903 792 adverse
937 730 1097 814 potentia,
1131 736 1164 795 et
1196 731 1406 796 abbreviatus
1443 737 1513 796 erat
1545 752 1610 795 non
1638 732 1800 797 modicum

148 838 332 896 nostrorum
362 853 517 896 numerus
547 831 754 896 bellatorum.
798 831 954 896 Habebat
982 840 1092 897 autem
1122 834 1156 897 in
1188 835 1229 898 iis
1257 835 1453 900 universitas
1484 833 1686 916 Christiana,
1715 835 1801 902 unde

147 936 359 1023 protenderet
382 938 474 1022 quasi
498 943 588 1002 certe
614 939 684 1024 spei
713 937 866 1001 fiduciam
889 938 921 1001 in
945 938 1102 1018 futurum,
1129 960 1242 1003 verum
1267 938 1519 1004 succedentibus
1542 941 1709 1025 prosperis
1732 942 1800 1004 vic-

147 1047 232 1105 tores
250 1040 343 1104 obliti
359 1062 478 1105 nonreu
495 1041 629 1105 Domini
644 1047 719 1126 post
734 1040 943 1126 triumphum,
967 1040 1043 1105 dato
1061 1043 1235 1106 virtutibus
1252 1044 1364 1107 libello
1381 1043 1519 1129 repudii,
1544 1044 1590 1107 sic
1608 1050 1800 1109 contraxere

147 1165 217 1208 oum
240 1145 347 1224 vitiis,
376 1144 462 1230 quod
486 1144 720 1209 detrahebatur
741 1143 832 1225 fidei,
864 1145 921 1208 ubi
952 1146 1163 1210 convertendi
1186 1147 1316 1211 fuerant
1343 1146 1509 1226 infideles,
1540 1153 1574 1212 et
1604 1148 1708 1211 maior
1730 1153 1801 1212 erat

147 1254 357 1334 peccatorum
373 1249 570 1327 commissio,
594 1249 651 1312 ubi
674 1249 777 1312 maior
794 1248 942 1312 remissio
959 1249 1159 1333 sperabatur.
1206 1248 1412 1336 Quapropter
1426 1257 1622 1336 provocatus
1638 1249 1799 1315 Dominus

147 1349 317 1416 dexteram
341 1353 375 1416 in
399 1351 564 1416 sinistram
587 1358 621 1415 et
642 1352 781 1436 gratiam
805 1351 942 1414 mutavit
964 1350 997 1414 in
1022 1351 1119 1432 iram,
1148 1352 1304 1416 citharam
1328 1353 1421 1416 nobis
1445 1354 1542 1418 vertit
1565 1355 1598 1417 in
1621 1356 1744 1418 luctum
1767 1361 1801 1419 et
1823 1375 1868 1416 ros.
1883 1379 1950 1427 soar.

147 1453 302 1538 gaudium
331 1456 497 1519 transtulit
525 1456 557 1518 in
585 1475 765 1532 merorem,
801 1475 874 1517 eum
908 1454 1028 1517 nostris
1063 1455 1096 1518 in
1130 1476 1227 1520 manu
1261 1456 1374 1520 hostili
1409 1458 1571 1521 conclusis
1607 1465 1640 1522 et
1673 1457 1801 1542 perdita

146 1557 314 1634 Damiata,
345 1559 438 1622 brevi
467 1557 592 1622 dierum
620 1579 754 1622 numero
786 1558 832 1620 sie
861 1558 1019 1620 exinaniti
1049 1566 1125 1622 sunt
1148 1561 1303 1644 temporis
1336 1560 1426 1643 longi
1448 1559 1594 1637 labores,
1623 1560 1709 1643 quod
1737 1582 1800 1625 non

146 1661 249 1723 solum
274 1660 540 1746 blasphemomm
564 1661 690 1725 iniuriis
713 1682 832 1724 nornen
856 1668 907 1724 est
930 1662 1116 1746 expositum
1141 1661 1379 1738 Christianum,
1413 1664 1664 1741 verumetiam,
1695 1663 1800 1747 quoad

146 1762 272 1848 aliquos
297 1765 351 1848 qui
367 1764 540 1850 aliquando
558 1765 876 1827 communicaverant
892 1763 979 1842 fidei,
1004 1765 1207 1850 contemptui
1223 1763 1318 1828 datus
1335 1772 1386 1828 est
1411 1765 1481 1850 ipse
1499 1764 1659 1830 Christus.
1705 1765 1801 1830 Unde

147 1867 231 1930 facta
267 1874 319 1931 est
351 1867 461 1932 durior
494 1873 570 1955 post
604 1868 854 1953 prosperitatem
896 1866 1078 1931 adversitas
1116 1875 1149 1930 ot
1186 1889 1225 1931 eo
1260 1869 1366 1932 minus
1400 1869 1533 1932 babuit⁰
1569 1869 1801 1934 consolationis

150 1971 294 2050 afflictio,
319 1992 382 2056 quo
405 1971 513 2035 minus
537 1977 731 2056 argumenta
753 1972 981 2056 prosperitatis
1006 1971 1165 2056 preterito
1191 1971 1368 2035 subsecuta
1393 1971 1516 2036 iaeture
1540 1974 1607 2057 pati
1630 1970 1800 2058 poterant(¹

147 2075 378 2138 coniecturam.
425 2073 491 2138 sed
515 2075 592 2138 lieet
614 2075 803 2158 iniquitates
829 2080 939 2137 nostro
963 2073 1158 2159 quandoque
1184 2073 1355 2138 diviserint
1377 2075 1462 2138 inter
1490 2095 1549 2138 nos
1579 2081 1612 2139 et
1635 2074 1800 2140 dominum

147 2184 308 2257 nostrum,
332 2199 396 2241 non
421 2185 604 2243 esttamen
628 2185 806 2262 aggravata
829 2178 900 2240 eius
924 2179 1022 2258 auris,
1045 2185 1168 2241 utnon
1192 2178 1363 2257 exaudiat,
1386 2198 1447 2241 nec
1470 2177 1662 2243 abbreviata
1685 2200 1799 2242 manus
1818 2204 1855 2246 ss.
1871 2209 1924 2256 son.

148 2281 231 2360 eius,
255 2287 293 2344 ut
316 2283 441 2345 salvare
465 2302 530 2345 non
552 2282 667 2367 possit.
713 2280 973 2345 Misericordiam
997 2283 1117 2367 quippe
1142 2303 1207 2345 non
1232 2281 1413 2344 continebit
1436 2281 1469 2343 in
1492 2282 1553 2359 ira,
1581 2282 1658 2366 quin
1682 2283 1799 2346 saltem

150 2391 283 2470 propter
305 2406 424 2449 nomeu
448 2407 553 2466 suum,
576 2408 618 2450 ne
641 2386 776 2449 ulterius
800 2385 1048 2471 blasphemetur
1072 2386 1288 2470 ingentibus,
1312 2391 1466 2470 potenter
1489 2405 1654 2469 exurgens
1678 2385 1801 2450 iudicet

46 2509 63 2544 ε
150 2507 280 2550 eausam
313 2508 423 2566 suam,
457 2495 490 2552 et
520 2491 669 2552 exaltans
699 2488 856 2552 humilem
880 2488 913 2551 iu
943 2489 1096 2562 salutem,
1128 2489 1259 2572 iniquos
1280 2487 1393 2571 abigat
1416 2493 1449 2551 et
1474 2495 1661 2552 consternat
1684 2490 1798 2553 elatos.

149 2589 232 2654 Ilcee
265 2591 369 2676 ipsius
402 2591 630 2677 inspiratione,
669 2598 705 2655 ut
738 2592 875 2656 tirmiter
908 2591 1087 2670 eredimus,
1121 2593 1311 2656 carissimus
1348 2593 1380 2654 in
1413 2589 1542 2656 Christo
1571 2592 1657 2656 filius
1688 2599 1801 2657 noster

149 2692 353 2772 fridericus,
383 2695 519 2759 illustris
549 2695 769 2759 Romanorum
802 2696 979 2780 imperator
1007 2717 1136 2781 semper
1166 2703 1324 2780 augustus
1357 2701 1390 2758 et
1419 2714 1479 2758 rex
1509 2692 1634 2774 Sicilie,
1668 2695 1799 2759 omissis

150 2797 257 2861 multis
285 2797 460 2884 arduisque
489 2800 645 2884 negotiis,
675 2821 812 2884 quorum
849 2821 931 2863 onus
960 2799 1115 2863 honorem
1146 2799 1323 2885 imperialis
1357 2796 1562 2862 celsitudinis
1592 2798 1798 2882 sequebatur,

150 2901 236 2966 venit
263 2900 306 2965 ad
335 2923 393 2965 nos
422 2902 456 2965 in
480 2901 690 2988 Campaniam
719 2903 889 2967 nobiscum
917 2903 958 2967 de
990 2902 1134 2988 predicte
1165 2909 1251 2967 terre
1276 2902 1420 2966 subsidio
1444 2907 1656 2982 tractaturus,
1688 2901 1798 2986 ibique

29 3020 71 3054 ’τι
150 3004 356 3090 presentibus
385 3006 565 3070 venerabili
597 3007 696 3070 fratre
729 3013 840 3070 nostro
871 3007 1077 3092 patriarcba¹
1106 3015 1140 3070 et
1169 3007 1336 3070 carissimo
1367 3007 1401 3070 in
1435 3004 1564 3070 Christo
1591 3005 1660 3068 filio
1686 3012 1799 3069 nostro

150 3107 293 3173 Iohanne
325 3108 443 3172 illustri
472 3131 550 3195 rege
573 3109 850 3190 ierosolimitano,
881 3110 1146 3174 Bethleenritano
1175 3111 1369 3196 episcopo²,
1399 3109 1556 3194 magistro
1584 3107 1798 3193 Hospitalis⁸,

150 3219 341 3298 preceptore
372 3211 502 3298 Templi
541 3222 574 3277 et
603 3214 760 3297 magistro
791 3213 906 3277 domus
937 3212 1237 3277 Theutonicorum⁴
1268 3235 1306 3276 ae
1341 3213 1429 3292 aliis,
1461 3232 1542 3296 quos
1572 3209 1613 3274 ad
1642 3217 1799 3275 tractatus

150 3314 334 3380 huiusmodi
371 3338 388 3380 e
420 3315 560 3381 diversis
593 3316 705 3381 mundi
738 3317 886 3402 partibus
922 3315 1120 3380 credidimus
1153 3315 1377 3393 adhibendos,
1415 3315 1552 3399 singulis
1586 3335 1650 3398 que
1683 3319 1800 3377 natura

150 3419 270 3503 negotii
300 3420 490 3504 requirebat
518 3420 667 3505 diligenti
699 3420 910 3484 meditatione
938 3421 1103 3506 pensatis,
1134 3419 1221 3484 idem
1252 3420 1429 3505 imperator
1457 3417 1498 3482 ad
1526 3425 1674 3482 nostrum
1696 3418 1797 3482 benc·

13 3553 18 3562 ·
50 3537 58 3570 '³
151 3522 304 3606 placitum
339 3530 372 3586 et
406 3524 576 3587 eonsilium
610 3523 830 3609 predictorum
866 3521 1101 3587 transfretandi
1132 3523 1305 3586 terminum
1341 3523 1374 3584 in
1408 3521 1492 3585 festo
1525 3521 1614 3584 beati
1642 3519 1798 3584 Iohannis

149 3621 289 3710 baptiste
313 3632 388 3710 post
411 3627 579 3690 biennium
603 3627 751 3718 proximo
776 3635 929 3690 secuturo
953 3632 1104 3711 prompta
1127 3626 1295 3689 voluntate
1321 3625 1479 3711 suscepit,
1508 3623 1675 3709 corporale
1701 3643 1800 3706 super

150 3725 208 3790 hoe
239 3727 402 3792 exhibens
432 3735 632 3813 spontaneus
661 3730 888 3793 iuramentum.
933 3728 1084 3813 Denique
1110 3735 1146 3792 ut
1177 3727 1217 3791 ad
1248 3727 1281 3790 id
1304 3727 1433 3812 plenius
1457 3748 1551 3790 suum
1573 3725 1800 3789 manifestaret

151 3831 300 3895 affectum
337 3838 370 3895 et
411 3832 484 3917 plus
522 3832 597 3896 fidei
632 3833 763 3898 daretur
798 3833 931 3917 negotio
966 3853 1003 3896 ae
1038 3831 1170 3894 omnino
1207 3831 1397 3916 suspitionis
1432 3828 1592 3892 contrarie
1628 3829 1798 3913 scrupulus

150 3934 336 4012 tolleretur,
375 3934 415 3998 ad
454 3935 641 3999 instantiam
678 3935 861 4021 patriarche
895 3935 1035 4020 predicti
1069 3941 1102 3998 et
1137 3936 1274 3997 aliorum
1308 3933 1514 3998 orientalium
1549 3932 1582 3995 in
1619 3937 1730 3995 nostra
1766 3938 1799 3995 et

152 4035 285 4100 fratrum
308 4044 492 4102 nostrorum
516 4040 684 4124 presentia
707 4046 740 4103 et
762 4038 980 4102 multitudinis
1004 4038 1187 4117 bominum,
1211 4038 1265 4122 qui
1288 4036 1329 4100 ad
1352 4037 1548 4122 colloquium
1571 4040 1738 4108 venerant,
1762 4055 1798 4098 se

150 4140 319 4205 ducturum
349 4143 382 4204 in
413 4164 549 4207 uxorem
579 4145 759 4228 legitimam
793 4143 892 4207 filiam
929 4143 1017 4227 regis
1048 4141 1195 4206 eiusdem
1226 4140 1434 4205 iurisiurandi
1463 4140 1621 4223 religione
1650 4137 1799 4202 firmavit.

151 4243 234 4308 Sane
268 4244 431 4330 probabili
461 4248 707 4332 presumptione
744 4254 910 4327 tenemus,
949 4244 1034 4330 quod
1064 4267 1084 4308 a
1109 4243 1251 4308 Domino
1282 4243 1402 4308 facturn
1431 4248 1481 4306 est
1512 4239 1612 4318 istud,
1648 4247 1689 4336 ut
1714 4241 1798 4305 votis

149 4347 294 4412 fidelium
317 4354 427 4434 optate
451 4349 499 4413 rei
523 4371 694 4415 successus
718 4351 865 4428 exolvat,
896 4348 982 4434 quod
1006 4355 1224 4434 preconccpte
1249 4347 1320 4432 spei
1344 4345 1492 4431 preludia
1516 4345 1736 4431 promiserunt
1758 4342 1799 4408 ad

151 4451 196 4515 sui
219 4452 495 4516 restaurationem
519 4453 658 4537 negotii;
687 4458 778 4516 tuum
807 4459 841 4517 et
870 4453 1007 4516 aliorum
1037 4471 1150 4536 regum
1177 4471 1215 4514 ao
1242 4449 1426 4535 principum
1455 4448 1581 4512 animos
1611 4448 1683 4533 ipse
1713 4447 1799 4511 filius

151 4555 266 4618 summi
290 4555 379 4640 regis
402 4555 574 4636 accendet,
606 4557 662 4641 qui
691 4556 731 4620 de
755 4564 882 4621 secreto
906 4556 1007 4641 patris
1030 4556 1064 4618 in
1087 4554 1251 4640 publicum
1276 4574 1429 4637 egressus
1453 4551 1493 4614 ad
1518 4571 1647 4630 servos,
1671 4549 1712 4614 ad
1734 4548 1799 4614 ima

150 4656 333 4735 deseendit,
370 4666 406 4723 ut
440 4659 579 4724 subditis
611 4659 652 4724 ad
685 4680 812 4722 summa
846 4665 976 4744 pararet
1012 4679 1201 4737 ascensum,
1241 4655 1300 4720 sub
1332 4660 1419 4719 testa
1449 4659 1560 4718 nostre
1594 4654 1799 4717 mortalitatis

150 4761 267 4846 figulus
290 4762 324 4826 in
347 4763 443 4826 terris
467 4761 556 4825 visus
580 4769 613 4828 et
637 4783 711 4825 cum
734 4762 919 4826 hominibus
943 4769 1164 4824 conversatus.
1211 4759 1316 4823 'fuum
1347 4757 1460 4844 procul
1488 4756 1587 4820 dubio
1618 4756 1744 4842 expetit
1767 4763 1801 4820 et
1884 4769 1891 4783 ·

151 4871 302 4950 expectat
330 4865 489 4928 auxilium
520 4886 620 4930 eausa
643 4864 779 4947 Christi,
813 4872 845 4930 et
868 4865 1037 4951 probatam
1067 4864 1181 4928 domus
1215 4871 1270 4928 tue
1300 4862 1480 4949 potentiam
1511 4859 1676 4924 desiderat
1699 4859 1801 4924 Terra

152 4965 279 5031 Sancta.
325 4967 491 5053 Numquid
514 4969 568 5053 qui
584 4969 699 5033 habuit
737 4969 777 5034 de
797 4970 973 5034 iuventutis
996 4975 1051 5033 tue
1073 4967 1237 5055 primitiis,
1263 4975 1296 5031 st
1319 4966 1359 5030 de
1382 4965 1513 5030 maioris
1531 4964 1626 5027 etatis
1643 4964 1800 5048 reliquiis,

51 5095 54 5098 ·
153 5071 241 5154 quasi
266 5069 307 5134 do
329 5071 405 5150 vite,
428 5071 606 5136 decimamf
626 5093 691 5136 non
715 5072 866 5137 babebit?
911 5073 939 5138 O
963 5079 1118 5158 quantum
1136 5077 1342 5136 accresceret
1365 5067 1512 5133 eiusdem
1536 5072 1620 5130 terre
1644 5066 1799 5148 subsidio,

154 5173 179 5236 si
205 5172 247 5237 de
282 5181 462 5259 propagata
494 5173 669 5241 devotione
702 5177 804 5262 patris
835 5177 869 5240 in
902 5177 987 5240 tilios
1020 5198 1078 5262 per
1108 5197 1207 5240 unum
1237 5197 1280 5240 ex
1308 5173 1388 5259 ipsis
1424 5170 1616 5236 subvenires
1646 5170 1680 5233 in
1711 5176 1800 5234 tante

253 5431 276 5498 ¹)
296 5441 325 5484 ut
344 5432 429 5500 Roya-
497 5431 519 5498 b)
538 5436 642 5486 fortiora
658 5435 744 5503 naen.
811 5435 832 5502 ‘)
851 5437 970 5489 babuerit
1004 5435 1090 5504 Rapo.
1160 5433 1184 5502 θ)
1203 5443 1301 5503 proterat
1317 5433 1402 5500 Roga.
1472 5429 1493 5496 ⁸)
1513 5447 1564 5482 nou
1581 5429 1700 5483 babuerit
1716 5431 1801 5500 Rapa.

154 5519 173 5582 t)
189 5521 286 5573 decima
304 5519 389 5587 Repu.

252 5641 277 5706 1)
296 5637 434 5706 Rudulfo.
504 5641 531 5706 2)
550 5639 702 5712 Remuria.
771 5642 798 5710 3)
819 5641 935 5696 Garine.
1004 5639 1032 5708 4>
1051 5639 1217 5694 Hernmnno.

251 5748 312 5797 Rea.
330 5748 410 5796 Ponr.
429 5747 448 5796 l.
1562 5727 1598 5780 20
