4576 6390
710 322 717 334 ’
780 376 981 440 nersroma
998 376 1186 441 sonneras.
1224 377 1298 440 usa
1806 383 1868 452 453

216 583 298 645 sum,
321 568 432 651 potest
455 557 495 626 de
529 557 672 645 graviori
702 555 855 623 scandalo
887 559 1064 626 formidari.
1120 558 1216 624 Unde
1243 559 1323 646 ipsis
1353 559 1474 624 nostris
1505 556 1656 625 dedimus
1687 559 1807 627 litteris
1835 562 1868 626 in

214 667 395 754 preceptis,
426 671 462 729 ut
492 663 597 728 dictos
628 661 776 746 captivos
799 663 859 727 sub
883 671 1001 728 exacta
1023 685 1101 728 curs
1124 668 1293 727 servarent
1318 668 1351 727 et
1376 663 1482 748 ipsos,
1513 685 1555 728 ne
1579 665 1743 731 evasionis
1767 665 1867 730 surri-

216 776 333 856 perent
356 769 555 848 facultatem,
578 765 683 830 donec
707 765 755 829 eis
777 766 855 850 quid
879 788 978 854 super
992 768 1054 832 hoc
1071 768 1166 831 nobis
1183 767 1330 853 placeret
1346 767 1575 847 scriberemus,
1599 767 1755 833 custodiri
1777 768 1867 833 face-

217 879 289 937 rent
311 870 495 956 diligenter.
544 868 613 933 Nos
643 868 754 953 itaque
784 877 939 953 gerentes
966 870 1006 935 de
1041 877 1096 935 tua
1122 870 1414 956 circumspectione
1437 870 1603 952 fiduciam,
1634 892 1672 936 ac
1696 873 1868 958 cupientes

153 997 165 1034 s
216 976 325 1062 potius
349 975 553 1060 intempore
577 993 749 1037 occurrere
774 993 871 1057 quam
894 974 1074 1038 remedium
1097 981 1173 1060 post
1196 995 1327 1038 causam
1357 996 1497 1060 querere
1525 977 1747 1057 vulneratam,
1775 997 1868 1040 man-

215 1079 339 1159 damus,
363 1078 516 1162 quatinus
532 1075 751 1162 personaliter
774 1075 814 1140 ad
831 1077 997 1141 civitatem
1017 1076 1197 1162 predictam
1214 1077 1384 1159 accedens,
1408 1079 1553 1163 inquiras
1577 1101 1677 1166 super
1697 1081 1868 1166 premissis

215 1182 366 1246 omnibus
396 1201 462 1244 una
490 1201 563 1244 cunr
595 1178 776 1243 venerabili
807 1178 905 1244 lratre
934 1186 1045 1244 nostro
1069 1227 1077 1244 .
1101 1229 1109 1244 .
1133 1181 1288 1267 episcopo
1316 1181 1534 1246 Placentino²
1564 1182 1752 1269 diligentius
1781 1184 1867 1248 veri·

213 1293 333 1366 tatem,
363 1283 458 1348 nobis
487 1281 572 1368 qued
600 1282 764 1347 inveneris
796 1281 938 1348 fideliter
959 1285 1195 1370 rescripturus,
1229 1292 1263 1349 et
1286 1306 1327 1350 ne
1350 1285 1539 1350 incivitate
1563 1285 1627 1350 iam
1651 1286 1738 1351 dicta
1759 1289 1811 1353 vel
1833 1288 1867 1350 in
1942 1299 1947 1306 '

213 1388 384 1475 provincia
405 1384 604 1451 Lcmbardie
628 1386 772 1449 scissura
795 1386 846 1450 vel
870 1386 1058 1451 scandalum
1083 1388 1216 1472 aliquod
1238 1396 1433 1473 generetur,
1464 1388 1542 1454 dare
1572 1390 1705 1455 studeas
1734 1412 1867 1477 operam

139 1523 163 1561 ιο
216 1493 399 1572 efficacem,
434 1490 521 1576 quod
546 1489 758 1577 provideatur
785 1491 911 1555 civitati
940 1491 1086 1577 predicte
1116 1490 1157 1556 de
1189 1499 1317 1556 rectore
1348 1491 1466 1557 idoneo
1491 1499 1524 1557 et
1555 1494 1695 1559 ecclesie
1719 1493 1865 1560 Romane

214 1596 319 1676 fideli,
351 1616 413 1681 per
438 1595 530 1658 cuius
559 1593 814 1659 sollicitudinem
844 1602 878 1659 et
906 1594 1112 1681 prudentium
1140 1596 1212 1682 ipsa
1239 1596 1355 1660 civitas
1383 1597 1424 1662 ab
1451 1596 1669 1661 hereticomm
1697 1598 1867 1664 fraudibus

214 1707 248 1765 et
272 1720 503 1786 perversorum
535 1697 664 1762 astutiis
695 1696 906 1779 defendatur,
942 1705 975 1762 et
1008 1699 1171 1784 recipiens
1200 1719 1220 1762 a
1249 1699 1397 1785 sepefato
1424 1698 1463 1765 L.
1493 1700 1694 1766 sufficientes
1722 1702 1866 1788 obsides,

214 1802 300 1888 quod
324 1824 423 1889 super
444 1800 616 1889 premissis
640 1801 761 1866 nostris
779 1801 899 1867 debeat
922 1801 1055 1867 obedire
1076 1802 1249 1884 mandatis,
1273 1803 1379 1889 ipsum
1403 1809 1437 1868 et
1458 1802 1615 1869 familiam
1635 1805 1747 1871 habito
1769 1829 1868 1894 super

212 1907 276 1972 hoc
298 1906 435 1972 consilio
459 1927 533 1970 cum
555 1910 736 1970 memorato
760 1905 917 1992 episcopo
940 1905 1042 1971 facias
1068 1906 1212 1971 liberari.

138 2057 161 2094 rs
321 2026 398 2092 Dat.
421 2027 584 2112 Anagnia,
607 2025 659 2089 XI
680 2023 757 2089 Kal.
779 2024 987 2109 Novembris,
1011 2027 1219 2114 pontificatus
1242 2029 1347 2094 nostri
1368 2050 1453 2094 anno
1478 2031 1630 2117 septimo.

833 2304 1245 2314 ———---..-.-—-.

993 2586 1080 2658 560.

320 2695 510 2808 (imperius
529 2723 586 2788 IX
600 2745 690 2804 popu
707 2722 956 2803 archiepiscopis,
978 2724 1138 2804 episcopis,
1160 2723 1325 2788 abbatibus
1347 2729 1376 2788 et
1397 2726 1473 2789 aliis
1495 2725 1692 2790 molesiarum
1707 2729 1866 2808 praeustis

208 2849 265 2908 per
290 2827 474 2892 Teutonrbm
500 2827 676 2892 constitutis
703 2826 848 2904 mutiat,
875 2831 911 2890 ut
932 2845 996 2904 eos,
1025 2829 1081 2908 qui
1102 2828 1285 2910 sarapistruru
1312 2827 1492 2894 Conradum
1513 2829 1550 2892 do
1573 2829 1744 2913 Murburp,
1769 2853 1865 2912 prae-

209 2952 315 2998 conem
339 2932 415 3013 fide-i
444 2930 660 3009 Claristiuuoa,
682 2930 796 3013 ferina
823 2935 922 2995 mente
947 2930 1100 3010 perimere
1122 2933 1406 3012 praesumpserint,
1440 2934 1717 3000 exommunicatos
1741 2936 1866 3016 publico

209 3037 366 3102 uuutieut.
478 3069 482 3076 ·
1519 3037 1613 3115 1233,
1638 3034 1702 3104 Oct.
1724 3041 1777 3105 23.

132 3176 158 3215 aa
312 3155 393 3223 (ἔτερ.
412 3154 461 3207 IX
487 3154 551 3222 ch.
573 3153 632 3208 vot.
650 3156 670 3207 1
674 3153 702 3217 V,
730 3155 851 3219 95-96;
879 3153 942 3207 Lib.
968 3155 1035 3219 VII,
1064 3156 1128 3206 337.
1174 3153 1340 3224 Apoprcpbi
1364 3156 1462 3220 uestri,
1489 3155 1604 3209 librarii
1630 3173 1714 3211 amau
1739 3159 1866 3228 consecti,

210 3257 317 3296 errores
334 3240 495 3307 raonisestos
514 3240 685 3295 correximus
703 3255 754 3311 ope
772 3239 897 3293 Baliarii
914 3239 1151 3304 Procuratorem,
1173 3240 1243 3294 Tora.
1262 3241 1287 3304 1,
1302 3257 1332 3308 p.
1350 3243 1521 3306 63,a.102.

314 3325 450 3396 Pottbast,
467 3327 533 3395 Rep.
554 3329 638 3393 9316;
656 3325 715 3380 sub.
738 3325 796 3379 Oct.
813 3329 856 3380 21.

677 3536 1040 3628 archiepiscopis
1067 3542 1109 3610 et
1135 3535 1378 3627 episcopie,

507 3657 749 3732 abbatibus
776 3662 818 3730 et
845 3657 945 3730 aliis
973 3657 1262 3731 ecclesiarum
1289 3654 1470 3746 prelatis
1496 3678 1572 3747 per

750 3776 1015 3850 Teutoniam
1043 3775 1318 3849 constitutis

313 3930 391 3995 Vox
420 3930 453 3994 in
483 3929 605 4010 Rama,
637 3928 670 3992 id
702 3935 753 3992 cst
783 3928 938 4008 tonitruo,
967 3947 1072 4013 nuper
1098 3926 1255 4007 intonuit,
1289 3947 1352 4010 que
1376 3925 1562 3990 Christiane
1595 3926 1861 3992 sanctificationis
1880 3952 2021 4004 mauars.

207 4056 367 4100 concusso
391 4034 517 4123 pariete
530 4034 620 4097 velut
642 4032 752 4117 fulgur
774 4031 997 4096 reverberavit
1019 4031 1172 4094 intuitum
1194 4029 1326 4093 fortium
1342 4036 1375 4094 et
1389 4035 1554 4114 tamquam
1574 4029 1697 4094 fulmen
1714 4030 1861 4095 auditum

205 4139 345 4223 perculit
377 4137 591 4216 infirmorum,
630 4136 707 4220 quia
739 4135 817 4198 licet
849 4141 1036 4198 sanctorum
1069 4153 1156 4196 mors
1188 4133 1230 4195 sit
1265 4132 1298 4195 in
1329 4138 1508 4218 conspectu
1540 4130 1674 4196 Domini
1705 4134 1860 4220 pretiosa,

207 4247 316 4304 tamen
340 4241 503 4304 catholica
524 4246 630 4304 mater
654 4238 796 4303 ecclesia
818 4236 858 4302 de
883 4239 1013 4302 illorum
1037 4237 1177 4300 filiorum
1200 4235 1422 4299 subtractione
1446 4235 1551 4320 magis
1574 4234 1687 4300 dolore
1710 4235 1859 4316 allicitur,

130 4367 156 4405 so
207 4342 248 4406 de
272 4365 409 4428 quorum
431 4344 545 4432 preliis
568 4348 601 4407 et
623 4341 797 4427 triumphis
820 4341 960 4426 amplius
983 4340 1159 4405 letabatur.
1203 4338 1272 4402 Nec
1295 4339 1421 4418 mirum,
1446 4339 1473 4402 si
1496 4338 1631 4420 Rachel,
1655 4340 1725 4403 ovis
1747 4345 1860 4404 verbm
1878 4349 1932 4392 lbid·

204 4445 320 4512 videns
343 4454 514 4512 mansueta
536 4446 751 4532 principium,
777 4445 817 4510 de
840 4446 972 4509 illorum
995 4464 1077 4509 nece
1102 4441 1287 4522 condoluit,
1320 4461 1400 4525 quos
1424 4441 1496 4528 ipsa
1518 4440 1640 4506 doloris
1665 4443 1730 4524 sui,
1760 4443 1860 4508 Pater

205 4551 341 4616 dextere
370 4551 455 4615 filios
481 4551 694 4636 nuncupavit,
722 4569 796 4613 cum
818 4547 984 4633 Egyptus,
1018 4567 1081 4630 que
1106 4545 1199 4611 sedet
1227 4545 1260 4608 in
1288 4545 1434 4610 tenebris
1464 4551 1497 4610 et
1526 4546 1658 4610 celestis
1688 4548 1782 4634 panis
1811 4547 1859 4610 af·

204 4655 328 4740 {ligitur
351 4661 514 4739 egestate,
548 4653 758 4740 septuaginta
785 4649 902 4714 diebus
925 4650 1113 4715 defunctum
1137 4649 1237 4714 Iacob
1260 4654 1387 4736 patrem
1410 4648 1537 4714 fleverit
1560 4652 1778 4715 accrescentis
1810 4651 1860 4714 sui
1879 4671 1934 4713 oon.
1949 4677 2003 4722 sos.

204 4758 300 4822 famis
323 4766 470 4844 tempore
494 4757 677 4821 salvatoris.
723 4754 789 4820 Sed
805 4761 839 4818 et
855 4755 1057 4819 Israeliticus
1081 4754 1222 4842 populus
1246 4752 1380 4837 triginta
1398 4751 1516 4818 diebus
1534 4753 1644 4818 Aaron
1668 4760 1701 4820 et
1724 4754 1860 4819 totidem
1879 4774 1945 4816 nour.
1960 4779 2014 4826 us.

127 4883 152 4920 ss
205 4861 313 4947 Moysi
336 4863 420 4926 luxit
447 4861 646 4941 occubitum,
680 4881 741 4945 per
761 4880 843 4944 quos
867 4881 903 4923 se
926 4857 967 4922 de
991 4859 1163 4945 temporali
1187 4857 1343 4922 servitute
1366 4865 1503 4922 noverat
1524 4857 1709 4923 liberatum.
1753 4857 1859 4922 Habi-

205 4972 328 5030 tutores
351 4966 449 5031 Iabes
473 4965 615 5030 Galaath
642 4964 704 5028 viri
733 4963 917 5042 fortissimi,
949 4962 1061 5026 audito
1094 4961 1179 5047 quod
1209 4982 1318 5026 coram
1339 4960 1504 5024 Philistim
1535 4983 1595 5026 rex
1618 4961 1698 5026 Saul
1726 4969 1759 5028 et
1787 4963 1859 5026 eius
1888 4989 1906 5028 1.
1923 4981 2025 5034 marr,

204 5070 262 5133 filii
286 5068 496 5150 cecidissent,
531 5075 600 5133 tota
630 5075 726 5132 nocte
755 5089 814 5153 per
843 5074 961 5152 gentes
984 5067 1130 5131 tulerunt
1152 5073 1355 5130 mortuorum
1379 5064 1539 5130 cadavera
1562 5064 1602 5130 de
1634 5065 1765 5130 civitate
1789 5066 1857 5128 vic·
1915 5039 1999 5078 Μ’

204 5179 327 5253 torum,
360 5179 394 5239 et
424 5175 456 5236 in
487 5173 636 5258 exequiis
668 5173 833 5258 sepulture
863 5171 989 5235 dierum
1024 5169 1206 5234 ebdomada
1243 5169 1427 5234 ieiunantes
1457 5190 1477 5232 a
1508 5168 1616 5233 David
1645 5169 1795 5235 benedici
1826 5177 1858 5234 et
1876 5193 1896 5232 a.
1915 5187 1969 5238 aar.
1990 5194 2034 5240 arr

204 5276 297 5360 diligi
321 5283 528 5356 meruerunt,
558 5275 614 5359 qui
641 5275 754 5338 scissis
782 5275 930 5339 vestibus
960 5295 1034 5338 cum
1057 5274 1208 5338 omnibus
1239 5273 1317 5338 viris
1341 5273 1409 5338 suis
1431 5272 1549 5358 lugens
1582 5273 1733 5338 similiter
1761 5295 1859 5360 super
1903 5245 2001 5292 (πω

126 5403 153 5442 ro
205 5403 279 5444 cunr
303 5387 337 5444 et
366 5380 514 5444 ieiunans
537 5400 642 5464 usque
665 5377 707 5441 ad
729 5399 917 5464 vesperam,
952 5379 1050 5442 etiam
1082 5378 1168 5441 filios
1191 5376 1319 5464 Isdrael
1342 5377 1532 5463 provocavit
1553 5376 1594 5441 ad
1617 5377 1759 5456 luctum,
1794 5400 1857 5443 non

307 5673 332 5744 1)
355 5671 537 5728 Vioedomiao.
