4604 6420
768 376 967 432 EPIS'I'OLAE
984 377 1173 433 SELECTAE.
1208 379 1284 433 1232.
1792 376 1850 438 391

249 619 493 710 Friderico,
520 623 820 698 Romanorum
846 625 1102 717 imperatori
1130 649 1306 719 semper
1332 631 1540 719 auguste,
1568 627 1811 702 Ierusalem

759 750 801 819 et
829 746 979 820 Sicilie
1006 748 1096 839 regi
1121 747 1298 821 illustri.

312 893 541 978 Cogitantibus
562 895 657 961 nobis
674 895 891 980 cogitationes
912 896 1003 982 pacis
1023 903 1057 960 et
1076 919 1141 961 non
1163 897 1360 976 afflictionis,
1384 917 1423 961 eo
1445 895 1531 981 quod
1552 895 1663 960 nubilo
1686 895 1854 982 pulchrius
1873 913 1948 954 ream.
1961 920 2020 966 ran

204 997 246 1060 sit
270 991 439 1075 serendm,
467 999 668 1084 prosperitas
691 999 888 1063 adversitate
912 1000 1035 1084 gratior
1057 1006 1090 1064 et
1113 1021 1240 1065 merore
1263 1001 1370 1066 letitia
1392 999 1518 1064 dulcior
1540 1005 1732 1079 censeatur,
1763 1005 1853 1062 tanto

140 1123 152 1158 s
205 1099 351 1180 illorum,
385 1101 441 1186 qui
475 1110 551 1167 sunt
582 1125 640 1188 pre
670 1103 794 1168 foribus
827 1105 968 1169 ecclesie
998 1104 1183 1184 constituti,
1217 1102 1369 1190 displicet
1399 1101 1572 1168 dissidium
1606 1109 1638 1168 et
1667 1101 1853 1182 discrimen,

204 1210 324 1289 quanto
354 1204 568 1271 sollicitudini
597 1215 707 1273 nostre
737 1209 882 1294 ipsorum
911 1230 990 1274 cura
1009 1209 1172 1294 »specialis
1201 1209 1364 1288 imminet,
1393 1208 1470 1272 lieet
1492 1205 1638 1271 fidelium
1660 1207 1854 1292 populorum

203 1305 298 1370 nobis
322 1308 365 1371 sit
387 1307 519 1374 dilectio
543 1312 718 1396 generalis.
764 1310 850 1376 Sane
874 1310 951 1397 quid
976 1312 1123 1397 periculi,
1147 1311 1224 1397 quid
1247 1311 1368 1376 doloris
1390 1310 1431 1377 de
1449 1310 1670 1376 Romanorum
1693 1317 1727 1374 et
1741 1309 1853 1374 Vitar-

204 1409 367 1475 hiensium
395 1411 558 1478 discordia
587 1415 629 1510 ¹sit
656 1422 822 1508 exortum,
854 1413 932 1500 quid
958 1435 1018 1501 per
1045 1415 1135 1479 illam
1158 1414 1390 1479 destructionis
1414 1415 1513 1479 etiam
1536 1413 1605 1478 fere
1629 1411 1690 1478 toti
1713 1412 1853 1477 ecelesia

148 1541 150 1544 ·
204 1513 398 1599 patrimonio
422 1516 465 1581 sit
488 1517 629 1599 illatum,
660 1518 774 1583 existit
796 1518 906 1582 multis
934 1517 1110 1603 liquidum,
1142 1525 1192 1582 set
1223 1519 1318 1584 nobis
1344 1517 1569 1603 multiplieiter
1594 1523 1646 1581 est
1667 1516 1853 1596 molestum,

206 1625 275 1681 tum
298 1619 374 1704 quia
395 1620 488 1684 multi
511 1620 553 1685 ad
575 1620 742 1686 interitum
759 1621 973 1702 deducuntur,
996 1623 1107 1708 plures
1130 1623 1238 1687 anima
1259 1627 1409 1708 pereunt,
1431 1619 1513 1685 fides
1532 1621 1681 1706 preclara
1700 1617 1855 1683 minuitur

207 1728 241 1786 et
273 1721 420 1807 heretica
453 1723 652 1808 perversitas
686 1723 938 1810 dampnabiliter
972 1724 1170 1810 adaugetur,
1206 1747 1270 1810 qua
1304 1723 1443 1811 quedam
1476 1723 1626 1789 civitates
1661 1721 1853 1809 perditionis

206 1833 401 1910 procurante
439 1826 587 1892 ministro
625 1827 736 1893 taliter
773 1834 849 1892 sunt
886 1827 1022 1909 infecte,
1067 1835 1104 1892 ut
1140 1828 1341 1893 habitatores
1378 1828 1523 1913 ipsarum
1561 1824 1691 1892 sentina
1727 1824 1854 1912 possint

206 1928 424 2013 corruptionis
462 1930 601 2015 exprimi
639 1940 673 1996 et
718 1931 941 1996 habitaculum
976 1931 1111 2017 perfidie
1149 1932 1305 2017 reputari.
1364 1930 1489 1995 Verum
1523 1929 1601 2014 quia
1636 1929 1731 1993 bonis
1765 1929 1854 1993 lente

206 2030 429 2096 crescentibus
452 2033 539 2096 mala
565 2036 718 2100 celeriter
744 2037 946 2113 inolescunt,
978 2043 1011 2099 et
1034 2056 1072 2100 eo
1096 2034 1238 2100 firmiora
1261 2035 1456 2121 persistunt,
1487 2055 1550 2120 quo
1574 2035 1679 2119 magis
1707 2035 1772 2098 illis
1795 2054 1853 2098 ne·

206 2134 307 2219 quitis
331 2135 473 2220 spatium
496 2135 699 2223 indulgetur:
724 2139 765 2202 ad
788 2141 997 2225 tranquillam
1020 2121 1228 2205 devotionem
1252 2140 1391 2205 ecclesie
1415 2136 1640 2219 obtinendam,
1664 2144 1698 2202 et
1719 2142 1756 2200 ut
1777 2133 1855 2199 fidei

203 2238 371 2323 negotium
401 2261 474 2304 cum
503 2241 576 2306 aliis
608 2243 855 2308 imminentibus
887 2265 1043 2330 prospere
1081 2243 1256 2330 dirigatur,
1290 2241 1377 2329 quod
1411 2249 1488 2307 tunc
1519 2247 1695 2326 augmenta
1725 2239 1855 2324 potiora

204 2339 342 2426 suscipit
363 2363 435 2406 cum
459 2342 674 2411 dissensionis
697 2347 835 2412 materia
858 2346 1044 2428 delitescit,
1068 2348 1101 2410 in
1125 2346 1297 2412 desideriis
1320 2346 1464 2432 gerimus
1488 2351 1521 2410 et
1543 2343 1717 2424 habemus,
1739 2349 1776 2407 ut
1799 2349 1855 2406 tua

202 2441 373 2527 diligentia
391 2454 596 2531 procurante,
618 2470 678 2535 per
700 2471 796 2535 quam
819 2449 977 2515 indomita
996 2456 1167 2516 mansueta
1189 2450 1345 2516 constitui
1367 2456 1401 2514 et
1422 2448 1456 2513 in
1479 2449 1578 2534 plana
1592 2447 1717 2512 debent
1738 2467 1855 2533 aspera

204 2550 414 2629 commutari,
452 2551 533 2615 tanti
569 2553 703 2617 tollatur
735 2574 835 2618 eausa
867 2553 1065 2619 discriminis
1099 2561 1133 2619 et
1169 2555 1363 2619 afflictorum
1397 2552 1568 2639 dispositio
1602 2549 1788 2616 miseranda
1820 2550 1854 2614 in

128 2672 154 2710 ro
207 2657 328 2715 statum
362 2675 556 2740 prosperum
589 2654 774 2722 reducatur.
832 2657 994 2731 Quocirca
1027 2659 1240 2723 serenitatem
1273 2664 1363 2721 tuam
1405 2677 1574 2742 rogamus,
1612 2675 1782 2719 monemus
1821 2659 1855 2718 et

92 2801 94 2806 -
205 2754 372 2819 hortamur
394 2762 538 2838 attente,
571 2761 723 2844 quatinus
748 2762 967 2848 ..potestati
999 2768 1033 2826 et
1063 2763 1185 2848 populo
1208 2760 1412 2826 Vitarbiensi
1435 2781 1495 2846 per
1516 2759 1705 2844 imperiales
1727 2758 1853 2822 litteras

206 2857 345 2922 suadeas
382 2865 415 2924 et
449 2859 618 2946 iniungas,
656 2870 692 2927 ut
726 2863 855 2929 dilectis
888 2865 964 2929 filiis
998 2863 1118 2929 nostris
1153 2863 1192 2928 Τ.
1224 2863 1310 2928 tituli
1346 2863 1465 2928 Sancte
1498 2861 1621 2926 Sabine
1658 2860 1852 2947 presbytero

205 2958 361 3024 cardinali
385 2968 418 3024 et
442 2960 482 3026 R.
507 2962 654 3029 Ostiensi
682 2966 802 3048 electo,
833 2988 914 3052 quos
946 2966 987 3032 ad
1018 2987 1074 3032 eos
1104 2989 1162 3052 pro
1192 2967 1337 3053 ipsorum
1364 2963 1534 3030 tractanda
1565 2963 1671 3029 salute
1701 2962 1854 3026 duximus

206 3059 433 3144 destinandos,
465 3087 565 3151 super
592 3068 682 3152 pacis
711 3070 850 3154 negocio
881 3076 1018 3155 pareant
1046 3067 1238 3154 diligenter,
1270 3070 1444 3155 presertim
1467 3088 1540 3133 curn
1569 3066 1650 3132 illud
1673 3065 1779 3131 omitti
1801 3064 1854 3128 vel

129 3187 154 3226 rs
207 3167 375 3250 prorogari
397 3176 540 3252 nequeat
563 3171 632 3235 sine
656 3171 801 3258 ipsorum
825 3179 858 3237 et
880 3172 1018 3237 aliorum
1034 3171 1206 3258 multiplici
1222 3170 1429 3249 detrimento,
1453 3168 1538 3254 quod
1561 3177 1651 3235 tanto
1670 3177 1726 3234 tuo
1747 3167 1855 3232 studio

208 3269 308 3334 debet
331 3270 488 3336 libentius
505 3273 630 3352 evitari,
653 3281 774 3360 quante
796 3275 853 3340 dat
868 3275 1012 3340 officium
1029 3295 1185 3340 concesse
1209 3273 1269 3338 tibi
1292 3273 1408 3338 celitus
1431 3274 1616 3359 potestatis,
1639 3273 1717 3338 dare
1739 3292 1855 3358 pacem

205 3373 360 3456 gentibus
385 3382 419 3440 et
441 3383 575 3442 auctore
598 3377 672 3442 Deo
697 3379 823 3443 salvum
846 3377 983 3444 reddere
1006 3379 1164 3465 populum
1187 3376 1376 3441 Salvatoris.

314 3495 401 3560 Data
423 3495 585 3582 Anagnia,
608 3497 677 3563 XII
699 3497 773 3564 Kal.
796 3499 956 3565 Novemb.
979 3519 1065 3563 anno
1088 3504 1194 3563 sexto.

990 4019 1077 4092 487.

315 4134 505 4245 Gregorius
529 4161 585 4226 IX
607 4183 694 4243 papa
723 4161 892 4226 rectoribus
917 4160 1136 4245 fraternitatis
1164 4161 1257 4227 Urbis
1285 4162 1429 4240 currerint,
1457 4167 1491 4226 at
1515 4161 1751 4246 fraternitates,
1779 4177 1858 4239 qaas

131 4290 157 4328 so
207 4267 337 4350 qudam
358 4265 434 4330 laici
456 4268 565 4328 temera
587 4264 816 4342 adiaoawriat,
834 4265 963 4345 penitas
985 4284 1049 4328 aaa
1070 4264 1242 4328 servandas
1264 4266 1418 4329 alemant.
1514 4267 1608 4342 1232,
1634 4262 1697 4327 Oct.
1719 4265 1771 4326 26.

312 4384 393 4453 Grec.
411 4385 460 4438 IX
477 4385 544 4455 Rep.
569 4383 625 4438 Vol.
644 4385 703 4452 III,
722 4387 845 4451 47-485
863 4384 924 4438 Lib.
949 4386 994 4449 VI,
1012 4387 1073 4439 148.

311 4472 447 4536 Pattlrast
465 4471 534 4540 Ray.
552 4474 635 4525 9026.

654 4665 922 4740 Rectoribus
948 4662 1246 4751 fraternitatis
1275 4661 1419 4736 Urnis.

316 4818 369 4883 Ad
391 4823 535 4883 nostram
551 4817 708 4882 noveritis
723 4815 923 4881 audientiam
939 4813 1142 4900 pervenisse,
1166 4812 1252 4898 quod
1267 4812 1341 4876 laici
1357 4810 1489 4897 quidam
1504 4810 1545 4877 de
1561 4810 1663 4892 Urbe,
1685 4810 1858 4888 habentes,
1875 4831 1937 4873 nom.
1952 4832 2005 4880 aa.

132 4950 157 4988 n
211 4922 269 4987 sed
302 4944 367 4986 non
404 4920 582 4987 secundum
617 4921 804 5000 scientiam,
840 4918 945 4983 zelum
969 4916 1049 4998 Dei,
1087 4917 1158 4982 sine
1190 4917 1370 5003 apostolice
1409 4914 1497 4980 sadis
1533 4914 1667 4979 licentia
1701 4912 1859 5000 quasdam

209 5026 431 5091 fraternitates
469 5023 659 5088 adinvenire
697 5023 760 5086 sibi
796 5021 983 5086 temeritate
1021 5021 1152 5106 propria
1189 5023 1475 5106 presumpserunt,
1513 5038 1649 5102 quarum
1687 5017 1859 5082 occasione

210 5128 470 5215 sollempnitates
501 5125 659 5212 quasdam
692 5127 780 5190 circa
809 5146 947 5211 corpora
975 5125 1202 5189 defunctorum
1233 5130 1343 5209 preter
1371 5121 1560 5206 generalem
1591 5118 1860 5185 consuetudinem

209 5233 368 5297 hactenus
402 5232 436 5296 in
468 5230 591 5295 talibus
627 5229 832 5295 observatam
869 5249 928 5315 pro
967 5250 1026 5294 sua
1059 5228 1183 5292 faciunt
1216 5227 1400 5306 voluntate,
1438 5223 1578 5310 propriis
1612 5221 1794 5288 rectoribus
1828 5228 1862 5286 et

209 5335 423 5402 thesaurariis
456 5335 520 5400 sibi
549 5335 667 5400 creatis
696 5332 813 5419 quibus
844 5331 1018 5410 obediunt,
1048 5330 1239 5414 frequenter
1260 5329 1494 5393 convenientes
1516 5333 1553 5392 ut
1584 5331 1706 5390 statuta
1730 5333 1862 5390 servent

132 5463 159 5502 a
211 5461 339 5520 eorum,
364 5438 513 5503 convivia
536 5439 634 5504 cartis
657 5435 861 5523 temporibus
883 5432 1081 5500 celebrando
1103 5435 1137 5496 in
1161 5431 1409 5516 derogationem
1431 5430 1645 5496 fraternitatis
1669 5427 1861 5494 clericorum

210 5541 310 5607 Urbis
333 5563 353 5606 a
374 5540 481 5626 longis
504 5549 589 5606 retro
612 5539 816 5626 temporibus
838 5537 1028 5625 approbate.
1067 5535 1153 5609 Quia
1174 5556 1252 5600 vero
1275 5539 1410 5622 propter
1432 5535 1652 5599 fraternitates
1675 5531 1861 5598 huiusmodi

210 5647 385 5728 laicorum,
414 5646 491 5711 licet
514 5644 756 5738 superficialem
778 5641 1009 5734 apparenciam
1031 5639 1175 5706 habeant
1196 5638 1396 5720 honestatis,
1424 5644 1475 5706 est
1496 5637 1613 5703 merito
1637 5633 1861 5716 dubitandum,
