<?xml version="1.0" encoding="UTF-8"?>
<!DOCTYPE html PUBLIC "-//W3C//DTD XHTML 1.0 Transitional//EN"
    "http://www.w3.org/TR/xhtml1/DTD/xhtml1-transitional.dtd">
<html xmlns="http://www.w3.org/1999/xhtml" xml:lang="en" lang="en">
 <head>
  <title>
</title>
<meta http-equiv="Content-Type" content="text/html;charset=utf-8" />
  <meta name='ocr-system' content='tesseract 3.04.00' />
  <meta name='ocr-capabilities' content='ocr_page ocr_carea ocr_par ocr_line ocrx_word'/>
</head>
<body>
  <div class='ocr_page' id='page_1' title='image "./monumentagerman00peipgoog/monumentagerman00peipgoog_0329.png"; bbox 0 0 4524 6412; ppageno 0'>
   <div class='ocr_carea' id='block_1_1' title="bbox 436 377 1510 449">
    <p class='ocr_par' dir='ltr' id='par_1_1' title="bbox 436 377 1510 449">
     <span class='ocr_line' id='line_1_1' title="bbox 436 377 1510 449; baseline -0.016 0"><span class='ocrx_word' id='word_1_1' title='bbox 436 387 499 449; x_wconf 86' lang='grc'><strong>306</strong></span> <span class='ocrx_word' id='word_1_2' title='bbox 1013 377 1060 430; x_wconf 84' lang='lat' dir='ltr'><strong>EX</strong></span> <span class='ocrx_word' id='word_1_3' title='bbox 1079 378 1255 434; x_wconf 82' lang='lat' dir='ltr'>GREGORII</span> <span class='ocrx_word' id='word_1_4' title='bbox 1273 379 1311 432; x_wconf 82' lang='lat' dir='ltr'><strong>IX</strong></span> <span class='ocrx_word' id='word_1_5' title='bbox 1330 377 1510 433; x_wconf 82' lang='lat' dir='ltr'><strong>REGISTRO</strong></span> 
     </span>
    </p>
   </div>
   <div class='ocr_carea' id='block_1_2' title="bbox 303 549 2166 2501">
    <p class='ocr_par' dir='ltr' id='par_1_2' title="bbox 303 549 2166 2501">
     <span class='ocr_line' id='line_1_2' title="bbox 438 549 2091 642; baseline -0.005 -21"><span class='ocrx_word' id='word_1_6' title='bbox 438 556 645 632; x_wconf 78' lang='lat' dir='ltr'>vendicaret,</span> <span class='ocrx_word' id='word_1_7' title='bbox 676 555 704 618; x_wconf 91' lang='lat' dir='ltr'><strong>si</strong></span> <span class='ocrx_word' id='word_1_8' title='bbox 728 551 981 636; x_wconf 90' lang='lat' dir='ltr'><strong>sanguinolenta</strong></span> <span class='ocrx_word' id='word_1_9' title='bbox 1002 553 1142 616; x_wconf 89' lang='lat' dir='ltr'><strong>servitus</strong></span> <span class='ocrx_word' id='word_1_10' title='bbox 1165 552 1213 616; x_wconf 91' lang='lat' dir='ltr'><strong>sic</strong></span> <span class='ocrx_word' id='word_1_11' title='bbox 1236 551 1385 616; x_wconf 81' lang='lat' dir='ltr'><strong>serviret.</strong></span> <span class='ocrx_word' id='word_1_12' title='bbox 1432 550 1624 642; x_wconf 71' lang='lat' dir='ltr'><strong>(tamenim</strong></span> <span class='ocrx_word' id='word_1_13' title='bbox 1647 573 1721 615; x_wconf 90' lang='lat' dir='ltr'><strong>reos</strong></span> <span class='ocrx_word' id='word_1_14' title='bbox 1745 553 1914 637; x_wconf 81' lang='lat' dir='ltr'><strong>sanguinis</strong></span> <span class='ocrx_word' id='word_1_15' title='bbox 1935 549 2091 615; x_wconf 88' lang='lat' dir='ltr'><strong>defendat</strong></span> 
     </span>
     <span class='ocr_line' id='line_1_3' title="bbox 303 653 2089 754; baseline -0.006 -29"><span class='ocrx_word' id='word_1_16' title='bbox 303 659 417 754; x_wconf 46' lang='lat' dir='ltr'><strong>¹³52ss3·</strong></span> <span class='ocrx_word' id='word_1_17' title='bbox 440 658 593 737; x_wconf 89' lang='lat' dir='ltr'><strong>ecclesia,</strong></span> <span class='ocrx_word' id='word_1_18' title='bbox 617 677 679 742; x_wconf 92' lang='lat' dir='ltr'><strong>que</strong></span> <span class='ocrx_word' id='word_1_19' title='bbox 696 656 795 721; x_wconf 90' lang='lat' dir='ltr'><strong>debet</strong></span> <span class='ocrx_word' id='word_1_20' title='bbox 818 676 892 720; x_wconf 88' lang='lat' dir='ltr'><strong>esse</strong></span> <span class='ocrx_word' id='word_1_21' title='bbox 909 655 1055 720; x_wconf 90' lang='lat' dir='ltr'><strong>liberans</strong></span> <span class='ocrx_word' id='word_1_22' title='bbox 1078 677 1143 719; x_wconf 92' lang='lat' dir='ltr'><strong>non</strong></span> <span class='ocrx_word' id='word_1_23' title='bbox 1159 655 1340 740; x_wconf 90' lang='lat' dir='ltr'><strong>flagellans,</strong></span> <span class='ocrx_word' id='word_1_24' title='bbox 1364 655 1457 720; x_wconf 83' lang='lat' dir='ltr'><strong>iuxta</strong></span> <span class='ocrx_word' id='word_1_25' title='bbox 1473 653 1658 719; x_wconf 84' lang='lat' dir='ltr'><strong>Salomonis</strong></span> <span class='ocrx_word' id='word_1_26' title='bbox 1674 656 1838 742; x_wconf 89' lang='lat' dir='ltr'><strong>eloquium</strong></span> <span class='ocrx_word' id='word_1_27' title='bbox 1863 658 1909 720; x_wconf 90' lang='lat' dir='ltr'><strong>sic</strong></span> <span class='ocrx_word' id='word_1_28' title='bbox 1932 655 2089 720; x_wconf 89' lang='lat' dir='ltr'><strong>dicentis:</strong></span> 
     </span>
     <span class='ocr_line' id='line_1_4' title="bbox 438 758 2090 847; baseline -0.004 -19"><span class='ocrx_word' id='word_1_29' title='bbox 438 764 543 828; x_wconf 85' lang='lat' dir='ltr'><strong>‘Erue</strong></span> <span class='ocrx_word' id='word_1_30' title='bbox 574 783 647 842; x_wconf 91' lang='lat' dir='ltr'><strong>eos,</strong></span> <span class='ocrx_word' id='word_1_31' title='bbox 679 761 735 847; x_wconf 92' lang='lat' dir='ltr'><strong>qui</strong></span> <span class='ocrx_word' id='word_1_32' title='bbox 763 760 925 824; x_wconf 89' lang='lat' dir='ltr'><strong>ducuntur</strong></span> <span class='ocrx_word' id='word_1_33' title='bbox 954 759 995 823; x_wconf 92' lang='lat' dir='ltr'><strong>ad</strong></span> <span class='ocrx_word' id='word_1_34' title='bbox 1025 765 1184 838; x_wconf 90' lang='lat' dir='ltr'><strong>mortem,</strong></span> <span class='ocrx_word' id='word_1_35' title='bbox 1217 765 1251 824; x_wconf 92' lang='lat' dir='ltr'><strong>et</strong></span> <span class='ocrx_word' id='word_1_36' title='bbox 1281 759 1338 844; x_wconf 94' lang='lat' dir='ltr'><strong>qui</strong></span> <span class='ocrx_word' id='word_1_37' title='bbox 1366 758 1541 823; x_wconf 90' lang='lat' dir='ltr'><strong>trahuntur</strong></span> <span class='ocrx_word' id='word_1_38' title='bbox 1568 759 1608 823; x_wconf 89' lang='lat' dir='ltr'><strong>ad</strong></span> <span class='ocrx_word' id='word_1_39' title='bbox 1639 759 1821 840; x_wconf 91' lang='lat' dir='ltr'><strong>interitum,</strong></span> <span class='ocrx_word' id='word_1_40' title='bbox 1853 761 1995 825; x_wconf 88' lang='lat' dir='ltr'><strong>liberare</strong></span> <span class='ocrx_word' id='word_1_41' title='bbox 2025 780 2090 822; x_wconf 93' lang='lat' dir='ltr'><strong>non</strong></span> 
     </span>
     <span class='ocr_line' id='line_1_5' title="bbox 438 862 2091 950; baseline -0.004 -18"><span class='ocrx_word' id='word_1_42' title='bbox 438 889 569 941; x_wconf 83' lang='lat' dir='ltr'><strong>cesses3</strong></span> <span class='ocrx_word' id='word_1_43' title='bbox 592 871 626 930; x_wconf 90' lang='lat' dir='ltr'><strong>et</strong></span> <span class='ocrx_word' id='word_1_44' title='bbox 648 866 677 930; x_wconf 90' lang='lat' dir='ltr'><strong>si</strong></span> <span class='ocrx_word' id='word_1_45' title='bbox 699 863 839 944; x_wconf 84' lang='lat' dir='ltr'><strong>dixeris,</strong></span> <span class='ocrx_word' id='word_1_46' title='bbox 863 862 948 926; x_wconf 91' lang='lat' dir='ltr'><strong>vires</strong></span> <span class='ocrx_word' id='word_1_47' title='bbox 971 883 1036 926; x_wconf 90' lang='lat' dir='ltr'><strong>non</strong></span> <span class='ocrx_word' id='word_1_48' title='bbox 1060 868 1254 948; x_wconf 89' lang='lat' dir='ltr'><strong>suppetunt,</strong></span> <span class='ocrx_word' id='word_1_49' title='bbox 1276 862 1332 947; x_wconf 92' lang='lat' dir='ltr'><strong>qui</strong></span> <span class='ocrx_word' id='word_1_50' title='bbox 1355 863 1523 948; x_wconf 90' lang='lat' dir='ltr'><strong>inspector</strong></span> <span class='ocrx_word' id='word_1_51' title='bbox 1545 869 1596 927; x_wconf 90' lang='lat' dir='ltr'><strong>est</strong></span> <span class='ocrx_word' id='word_1_52' title='bbox 1619 863 1743 942; x_wconf 88' lang='lat' dir='ltr'><strong>cordis,</strong></span> <span class='ocrx_word' id='word_1_53' title='bbox 1768 865 1839 950; x_wconf 86' lang='lat' dir='ltr'><strong>ipse</strong></span> <span class='ocrx_word' id='word_1_54' title='bbox 1863 864 2034 947; x_wconf 88' lang='lat' dir='ltr'><strong>intelligit,</strong></span> <span class='ocrx_word' id='word_1_55' title='bbox 2057 869 2091 926; x_wconf 89' lang='lat' dir='ltr'><strong>et</strong></span> 
     </span>
     <span class='ocr_line' id='line_1_6' title="bbox 437 964 2163 1051; baseline -0.004 -16"><span class='ocrx_word' id='word_1_56' title='bbox 437 976 638 1035; x_wconf 88' lang='lat' dir='ltr'><strong>servatorem</strong></span> <span class='ocrx_word' id='word_1_57' title='bbox 661 968 768 1033; x_wconf 90' lang='lat' dir='ltr'><strong>anime</strong></span> <span class='ocrx_word' id='word_1_58' title='bbox 792 973 847 1031; x_wconf 95' lang='lat' dir='ltr'><strong>tue</strong></span> <span class='ocrx_word' id='word_1_59' title='bbox 869 965 970 1029; x_wconf 81' lang='lat' dir='ltr'><strong>nichil</strong></span> <span class='ocrx_word' id='word_1_60' title='bbox 994 964 1089 1046; x_wconf 91' lang='lat' dir='ltr'><strong>fallit,</strong></span> <span class='ocrx_word' id='word_1_61' title='bbox 1113 970 1147 1030; x_wconf 92' lang='lat' dir='ltr'><strong>et</strong></span> <span class='ocrx_word' id='word_1_62' title='bbox 1169 966 1293 1030; x_wconf 90' lang='lat' dir='ltr'><strong>homini</strong></span> <span class='ocrx_word' id='word_1_63' title='bbox 1315 966 1409 1030; x_wconf 86' lang='lat' dir='ltr'><strong>iuxta</strong></span> <span class='ocrx_word' id='word_1_64' title='bbox 1432 986 1532 1051; x_wconf 89' lang='lat' dir='ltr'><strong>opera</strong></span> <span class='ocrx_word' id='word_1_65' title='bbox 1556 987 1615 1030; x_wconf 88' lang='lat' dir='ltr'><strong>sua</strong></span> <span class='ocrx_word' id='word_1_66' title='bbox 1637 966 1777 1032; x_wconf 80' lang='lat' dir='ltr'><strong>reddct&#39;:</strong></span> <span class='ocrx_word' id='word_1_67' title='bbox 1808 967 1913 1048; x_wconf 89' lang='lat' dir='ltr'><strong>absit,</strong></span> <span class='ocrx_word' id='word_1_68' title='bbox 1936 973 1973 1031; x_wconf 89' lang='lat' dir='ltr'><strong>ut</strong></span> <span class='ocrx_word' id='word_1_69' title='bbox 1995 966 2090 1043; x_wconf 89' lang='lat' dir='ltr'><strong>filios,</strong></span> <span class='ocrx_word' id='word_1_70' title='bbox 2153 989 2163 1022; x_wconf 70' lang='lat' dir='ltr'><strong>a</strong></span> 
     </span>
     <span class='ocr_line' id='line_1_7' title="bbox 437 1068 2091 1160; baseline -0.004 -22"><span class='ocrx_word' id='word_1_71' title='bbox 437 1094 518 1160; x_wconf 90' lang='lat' dir='ltr'><strong>quos</strong></span> <span class='ocrx_word' id='word_1_72' title='bbox 542 1072 603 1137; x_wconf 90' lang='lat' dir='ltr'><strong>sub</strong></span> <span class='ocrx_word' id='word_1_73' title='bbox 625 1071 687 1136; x_wconf 92' lang='lat' dir='ltr'><strong>alis</strong></span> <span class='ocrx_word' id='word_1_74' title='bbox 710 1068 924 1156; x_wconf 90' lang='lat' dir='ltr'><strong>protectionis</strong></span> <span class='ocrx_word' id='word_1_75' title='bbox 948 1090 1006 1132; x_wconf 89' lang='lat' dir='ltr'><strong>sue</strong></span> <span class='ocrx_word' id='word_1_76' title='bbox 1030 1068 1142 1133; x_wconf 88' lang='lat' dir='ltr'><strong>fovere</strong></span> <span class='ocrx_word' id='word_1_77' title='bbox 1165 1075 1297 1133; x_wconf 88' lang='lat' dir='ltr'><strong>tenetur</strong></span> <span class='ocrx_word' id='word_1_78' title='bbox 1312 1068 1460 1132; x_wconf 84' lang='lat' dir='ltr'><strong>Romana</strong></span> <span class='ocrx_word' id='word_1_79' title='bbox 1483 1070 1635 1150; x_wconf 88' lang='lat' dir='ltr'><strong>ecclesia,</strong></span> <span class='ocrx_word' id='word_1_80' title='bbox 1658 1091 1721 1154; x_wconf 90' lang='lat' dir='ltr'><strong>quc</strong></span> <span class='ocrx_word' id='word_1_81' title='bbox 1739 1069 1932 1156; x_wconf 85' lang='lat' dir='ltr'><strong>disponente</strong></span> <span class='ocrx_word' id='word_1_82' title='bbox 1949 1069 2091 1134; x_wconf 89' lang='lat' dir='ltr'><strong>Domino</strong></span> 
     </span>
     <span class='ocr_line' id='line_1_8' title="bbox 436 1171 2092 1257; baseline -0.004 -16"><span class='ocrx_word' id='word_1_83' title='bbox 436 1183 543 1241; x_wconf 87' lang='lat' dir='ltr'><strong>mater</strong></span> <span class='ocrx_word' id='word_1_84' title='bbox 565 1181 616 1240; x_wconf 91' lang='lat' dir='ltr'><strong>est</strong></span> <span class='ocrx_word' id='word_1_85' title='bbox 631 1175 775 1240; x_wconf 89' lang='lat' dir='ltr'><strong>omnium</strong></span> <span class='ocrx_word' id='word_1_86' title='bbox 799 1178 833 1237; x_wconf 91' lang='lat' dir='ltr'><strong>et</strong></span> <span class='ocrx_word' id='word_1_87' title='bbox 848 1171 1016 1255; x_wconf 89' lang='lat' dir='ltr'><strong>magistra,</strong></span> <span class='ocrx_word' id='word_1_88' title='bbox 1040 1171 1145 1235; x_wconf 92' lang='lat' dir='ltr'><strong>occidi</strong></span> <span class='ocrx_word' id='word_1_89' title='bbox 1167 1173 1220 1235; x_wconf 80' lang='lat' dir='ltr'><strong>rel</strong></span> <span class='ocrx_word' id='word_1_90' title='bbox 1244 1172 1343 1236; x_wconf 89' lang='lat' dir='ltr'><strong>etiam</strong></span> <span class='ocrx_word' id='word_1_91' title='bbox 1366 1172 1511 1236; x_wconf 91' lang='lat' dir='ltr'><strong>mutilari</strong></span> <span class='ocrx_word' id='word_1_92' title='bbox 1528 1173 1711 1257; x_wconf 88' lang='lat' dir='ltr'><strong>permittat;</strong></span> <span class='ocrx_word' id='word_1_93' title='bbox 1734 1174 1781 1236; x_wconf 90' lang='lat' dir='ltr'><strong>sic</strong></span> <span class='ocrx_word' id='word_1_94' title='bbox 1799 1173 1885 1236; x_wconf 92' lang='lat' dir='ltr'><strong>enirn</strong></span> <span class='ocrx_word' id='word_1_95' title='bbox 1909 1179 1942 1236; x_wconf 93' lang='lat' dir='ltr'><strong>et</strong></span> <span class='ocrx_word' id='word_1_96' title='bbox 1957 1173 2092 1237; x_wconf 90' lang='lat' dir='ltr'><strong>libertas</strong></span> 
     </span>
     <span class='ocr_line' id='line_1_9' title="bbox 438 1273 2093 1359; baseline -0.005 -15"><span class='ocrx_word' id='word_1_97' title='bbox 438 1279 590 1345; x_wconf 89' lang='lat' dir='ltr'><strong>servituti</strong></span> <span class='ocrx_word' id='word_1_98' title='bbox 613 1276 760 1356; x_wconf 90' lang='lat' dir='ltr'><strong>cederet,</strong></span> <span class='ocrx_word' id='word_1_99' title='bbox 791 1281 824 1339; x_wconf 91' lang='lat' dir='ltr'><strong>et</strong></span> <span class='ocrx_word' id='word_1_100' title='bbox 845 1273 1009 1338; x_wconf 82' lang='lat' dir='ltr'><strong>libertatis</strong></span> <span class='ocrx_word' id='word_1_101' title='bbox 1032 1274 1236 1359; x_wconf 90' lang='lat' dir='ltr'><strong>propositum</strong></span> <span class='ocrx_word' id='word_1_102' title='bbox 1258 1274 1293 1338; x_wconf 92' lang='lat' dir='ltr'><strong>ia</strong></span> <span class='ocrx_word' id='word_1_103' title='bbox 1315 1275 1507 1340; x_wconf 92' lang='lat' dir='ltr'><strong>revocandis</strong></span> <span class='ocrx_word' id='word_1_104' title='bbox 1540 1276 1725 1340; x_wconf 89' lang='lat' dir='ltr'><strong>errantibus</strong></span> <span class='ocrx_word' id='word_1_105' title='bbox 1750 1275 1890 1340; x_wconf 89' lang='lat' dir='ltr'><strong>servitus</strong></span> <span class='ocrx_word' id='word_1_106' title='bbox 1913 1275 2093 1339; x_wconf 88' lang='lat' dir='ltr'><strong>abdicaret.</strong></span> 
     </span>
     <span class='ocr_line' id='line_1_10' title="bbox 438 1375 2093 1464; baseline -0.005 -16"><span class='ocrx_word' id='word_1_107' title='bbox 438 1383 598 1457; x_wconf 86' lang='lat' dir='ltr'><strong>Quocirca</strong></span> <span class='ocrx_word' id='word_1_108' title='bbox 630 1379 868 1444; x_wconf 76' lang='lat' dir='ltr'><strong>fraternitatem</strong></span> <span class='ocrx_word' id='word_1_109' title='bbox 903 1383 992 1440; x_wconf 90' lang='lat' dir='ltr'><strong>tuam</strong></span> <span class='ocrx_word' id='word_1_110' title='bbox 1025 1375 1202 1461; x_wconf 85' lang='lat' dir='ltr'><strong>rogandam</strong></span> <span class='ocrx_word' id='word_1_111' title='bbox 1237 1376 1389 1442; x_wconf 84' lang='lat' dir='ltr'><strong>duximus</strong></span> <span class='ocrx_word' id='word_1_112' title='bbox 1426 1385 1459 1443; x_wconf 91' lang='lat' dir='ltr'><strong>et</strong></span> <span class='ocrx_word' id='word_1_113' title='bbox 1493 1378 1701 1458; x_wconf 72' lang='lat' dir='ltr'><strong>hortandam,</strong></span> <span class='ocrx_word' id='word_1_114' title='bbox 1734 1400 1794 1464; x_wconf 91' lang='lat' dir='ltr'><strong>per</strong></span> <span class='ocrx_word' id='word_1_115' title='bbox 1824 1379 2005 1464; x_wconf 89' lang='lat' dir='ltr'><strong>apostolica</strong></span> <span class='ocrx_word' id='word_1_116' title='bbox 2032 1377 2093 1440; x_wconf 92' lang='lat' dir='ltr'><strong>tibi</strong></span> 
     </span>
     <span class='ocr_line' id='line_1_11' title="bbox 438 1479 2165 1573; baseline -0.006 -23"><span class='ocrx_word' id='word_1_117' title='bbox 438 1488 559 1573; x_wconf 88' lang='lat' dir='ltr'><strong>scripta</strong></span> <span class='ocrx_word' id='word_1_118' title='bbox 580 1484 717 1548; x_wconf 90' lang='lat' dir='ltr'><strong>firmiter</strong></span> <span class='ocrx_word' id='word_1_119' title='bbox 738 1479 948 1568; x_wconf 83' lang='lat' dir='ltr'><strong>precipiendo</strong></span> <span class='ocrx_word' id='word_1_120' title='bbox 972 1480 1182 1560; x_wconf 81' lang='lat' dir='ltr'><strong>mandantes,</strong></span> <span class='ocrx_word' id='word_1_121' title='bbox 1216 1483 1368 1568; x_wconf 87' lang='lat' dir='ltr'><strong>quatinus</strong></span> <span class='ocrx_word' id='word_1_122' title='bbox 1392 1484 1481 1560; x_wconf 90' lang='lat' dir='ltr'><strong>illos,</strong></span> <span class='ocrx_word' id='word_1_123' title='bbox 1512 1504 1593 1567; x_wconf 91' lang='lat' dir='ltr'><strong>quos</strong></span> <span class='ocrx_word' id='word_1_124' title='bbox 1621 1483 1654 1546; x_wconf 91' lang='lat' dir='ltr'><strong>in</strong></span> <span class='ocrx_word' id='word_1_125' title='bbox 1686 1504 1801 1547; x_wconf 89' lang='lat' dir='ltr'><strong>manus</strong></span> <span class='ocrx_word' id='word_1_126' title='bbox 1824 1484 1990 1548; x_wconf 82' lang='lat' dir='ltr'><strong>exercitus</strong></span> <span class='ocrx_word' id='word_1_127' title='bbox 2014 1482 2092 1546; x_wconf 87' lang='lat' dir='ltr'><strong>Iesu</strong></span> <span class='ocrx_word' id='word_1_128' title='bbox 2154 1503 2165 1540; x_wconf 84' lang='lat' dir='ltr'><strong>o</strong></span> 
     </span>
     <span class='ocr_line' id='line_1_12' title="bbox 439 1584 2094 1666; baseline -0.004 -11"><span class='ocrx_word' id='word_1_129' title='bbox 439 1589 562 1655; x_wconf 78' lang='lat' dir='ltr'><strong>Christi</strong></span> <span class='ocrx_word' id='word_1_130' title='bbox 584 1587 625 1652; x_wconf 90' lang='lat' dir='ltr'><strong>de</strong></span> <span class='ocrx_word' id='word_1_131' title='bbox 648 1593 760 1652; x_wconf 91' lang='lat' dir='ltr'><strong>cetero</strong></span> <span class='ocrx_word' id='word_1_132' title='bbox 783 1584 920 1649; x_wconf 85' lang='lat' dir='ltr'><strong>dextera</strong></span> <span class='ocrx_word' id='word_1_133' title='bbox 944 1586 1120 1650; x_wconf 84' lang='lat' dir='ltr'><strong>exaltantis</strong></span> <span class='ocrx_word' id='word_1_134' title='bbox 1138 1586 1348 1665; x_wconf 77' lang='lat' dir='ltr'><strong>concluserit,</strong></span> <span class='ocrx_word' id='word_1_135' title='bbox 1373 1586 1444 1650; x_wconf 91' lang='lat' dir='ltr'><strong>sine</strong></span> <span class='ocrx_word' id='word_1_136' title='bbox 1468 1587 1556 1650; x_wconf 92' lang='lat' dir='ltr'><strong>omni</strong></span> <span class='ocrx_word' id='word_1_137' title='bbox 1574 1587 1747 1666; x_wconf 90' lang='lat' dir='ltr'><strong>occisione,</strong></span> <span class='ocrx_word' id='word_1_138' title='bbox 1771 1586 2017 1651; x_wconf 84' lang='lat' dir='ltr'><strong>detruncatione</strong></span> <span class='ocrx_word' id='word_1_139' title='bbox 2041 1585 2094 1648; x_wconf 89' lang='lat' dir='ltr'><strong>vol</strong></span> 
     </span>
     <span class='ocr_line' id='line_1_13' title="bbox 438 1688 2094 1774; baseline -0.004 -18"><span class='ocrx_word' id='word_1_140' title='bbox 438 1692 642 1757; x_wconf 90' lang='lat' dir='ltr'><strong>mutilatione</strong></span> <span class='ocrx_word' id='word_1_141' title='bbox 666 1688 902 1768; x_wconf 88' lang='lat' dir='ltr'><strong>membrorum,</strong></span> <span class='ocrx_word' id='word_1_142' title='bbox 930 1709 992 1772; x_wconf 89' lang='lat' dir='ltr'><strong>que</strong></span> <span class='ocrx_word' id='word_1_143' title='bbox 1021 1690 1151 1773; x_wconf 89' lang='lat' dir='ltr'><strong>penitus</strong></span> <span class='ocrx_word' id='word_1_144' title='bbox 1184 1689 1412 1767; x_wconf 87' lang='lat' dir='ltr'><strong>abhorremus,</strong></span> <span class='ocrx_word' id='word_1_145' title='bbox 1443 1691 1490 1754; x_wconf 91' lang='lat' dir='ltr'><strong>sic</strong></span> <span class='ocrx_word' id='word_1_146' title='bbox 1514 1697 1607 1754; x_wconf 90' lang='lat' dir='ltr'><strong>caute</strong></span> <span class='ocrx_word' id='word_1_147' title='bbox 1631 1690 1732 1754; x_wconf 90' lang='lat' dir='ltr'><strong>facias</strong></span> <span class='ocrx_word' id='word_1_148' title='bbox 1756 1691 1929 1770; x_wconf 91' lang='lat' dir='ltr'><strong>custodiri,</strong></span> <span class='ocrx_word' id='word_1_149' title='bbox 1958 1696 1994 1753; x_wconf 91' lang='lat' dir='ltr'><strong>ut</strong></span> <span class='ocrx_word' id='word_1_150' title='bbox 2020 1688 2094 1774; x_wconf 91' lang='lat' dir='ltr'><strong>plus</strong></span> 
     </span>
     <span class='ocr_line' id='line_1_14' title="bbox 438 1789 2095 1879; baseline -0.004 -21"><span class='ocrx_word' id='word_1_151' title='bbox 438 1794 600 1859; x_wconf 89' lang='lat' dir='ltr'><strong>libertatis</strong></span> <span class='ocrx_word' id='word_1_152' title='bbox 631 1793 753 1857; x_wconf 92' lang='lat' dir='ltr'><strong>habere</strong></span> <span class='ocrx_word' id='word_1_153' title='bbox 784 1811 819 1854; x_wconf 90' lang='lat' dir='ltr'><strong>se</strong></span> <span class='ocrx_word' id='word_1_154' title='bbox 850 1789 1014 1874; x_wconf 88' lang='lat' dir='ltr'><strong>gaudeant</strong></span> <span class='ocrx_word' id='word_1_155' title='bbox 1042 1792 1089 1856; x_wconf 90' lang='lat' dir='ltr'><strong>sic</strong></span> <span class='ocrx_word' id='word_1_156' title='bbox 1120 1793 1258 1879; x_wconf 88' lang='lat' dir='ltr'><strong>captivi,</strong></span> <span class='ocrx_word' id='word_1_157' title='bbox 1291 1814 1388 1878; x_wconf 91' lang='lat' dir='ltr'><strong>quam</strong></span> <span class='ocrx_word' id='word_1_158' title='bbox 1416 1793 1477 1857; x_wconf 91' lang='lat' dir='ltr'><strong>sub</strong></span> <span class='ocrx_word' id='word_1_159' title='bbox 1501 1793 1687 1878; x_wconf 81' lang='lat' dir='ltr'><strong>Egyptiaca</strong></span> <span class='ocrx_word' id='word_1_160' title='bbox 1718 1794 1874 1858; x_wconf 90' lang='lat' dir='ltr'><strong>servitute</strong></span> <span class='ocrx_word' id='word_1_161' title='bbox 1901 1793 1934 1856; x_wconf 91' lang='lat' dir='ltr'><strong>in</strong></span> <span class='ocrx_word' id='word_1_162' title='bbox 1968 1790 2095 1856; x_wconf 92' lang='lat' dir='ltr'><strong>servilis</strong></span> 
     </span>
     <span class='ocr_line' id='line_1_15' title="bbox 438 1885 2099 1982; baseline -0.004 -20"><span class='ocrx_word' id='word_1_163' title='bbox 438 1897 602 1962; x_wconf 84' lang='lat' dir='ltr'><strong>libertatis</strong></span> <span class='ocrx_word' id='word_1_164' title='bbox 625 1897 719 1962; x_wconf 87' lang='lat' dir='ltr'><strong>titulo</strong></span> <span class='ocrx_word' id='word_1_165' title='bbox 742 1915 832 1958; x_wconf 90' lang='lat' dir='ltr'><strong>more</strong></span> <span class='ocrx_word' id='word_1_166' title='bbox 857 1894 952 1958; x_wconf 89' lang='lat' dir='ltr'><strong>solito</strong></span> <span class='ocrx_word' id='word_1_167' title='bbox 976 1896 1099 1959; x_wconf 88' lang='lat' dir='ltr'><strong>servire</strong></span> <span class='ocrx_word' id='word_1_168' title='bbox 1122 1897 1259 1960; x_wconf 90' lang='lat' dir='ltr'><strong>ulterius</strong></span> <span class='ocrx_word' id='word_1_169' title='bbox 1273 1896 1456 1970; x_wconf 90' lang='lat' dir='ltr'><strong>Pharaoni;</strong></span> <span class='ocrx_word' id='word_1_170' title='bbox 1480 1897 1637 1960; x_wconf 88' lang='lat' dir='ltr'><strong>ministris</strong></span> <span class='ocrx_word' id='word_1_171' title='bbox 1660 1903 1694 1960; x_wconf 90' lang='lat' dir='ltr'><strong>et</strong></span> <span class='ocrx_word' id='word_1_172' title='bbox 1716 1896 1800 1972; x_wconf 91' lang='lat' dir='ltr'><strong>aliis,</strong></span> <span class='ocrx_word' id='word_1_173' title='bbox 1823 1897 1879 1981; x_wconf 91' lang='lat' dir='ltr'><strong>qui</strong></span> <span class='ocrx_word' id='word_1_174' title='bbox 1901 1900 2039 1982; x_wconf 89' lang='lat' dir='ltr'><strong>presunt</strong></span> <span class='ocrx_word' id='word_1_175' title='bbox 2062 1885 2099 1956; x_wconf 90' lang='lat' dir='ltr'><strong>in</strong></span> 
     </span>
     <span class='ocr_line' id='line_1_16' title="bbox 440 1997 2166 2087; baseline -0.003 -21"><span class='ocrx_word' id='word_1_176' title='bbox 440 2001 598 2080; x_wconf 86' lang='lat' dir='ltr'><strong>exercitu,</strong></span> <span class='ocrx_word' id='word_1_177' title='bbox 621 1998 681 2064; x_wconf 90' lang='lat' dir='ltr'><strong>sub</strong></span> <span class='ocrx_word' id='word_1_178' title='bbox 704 1997 841 2063; x_wconf 89' lang='lat' dir='ltr'><strong>obtentu</strong></span> <span class='ocrx_word' id='word_1_179' title='bbox 856 1999 960 2082; x_wconf 89' lang='lat' dir='ltr'><strong>gratie</strong></span> <span class='ocrx_word' id='word_1_180' title='bbox 985 2005 1096 2064; x_wconf 87' lang='lat' dir='ltr'><strong>nostre</strong></span> <span class='ocrx_word' id='word_1_181' title='bbox 1120 2021 1181 2064; x_wconf 93' lang='lat' dir='ltr'><strong>nec</strong></span> <span class='ocrx_word' id='word_1_182' title='bbox 1204 2021 1269 2064; x_wconf 92' lang='lat' dir='ltr'><strong>non</strong></span> <span class='ocrx_word' id='word_1_183' title='bbox 1292 2007 1325 2064; x_wconf 92' lang='lat' dir='ltr'><strong>et</strong></span> <span class='ocrx_word' id='word_1_184' title='bbox 1347 2021 1433 2087; x_wconf 87' lang='lat' dir='ltr'><strong>pena</strong></span> <span class='ocrx_word' id='word_1_185' title='bbox 1448 2001 1647 2086; x_wconf 91' lang='lat' dir='ltr'><strong>pecuniaria,</strong></span> <span class='ocrx_word' id='word_1_186' title='bbox 1672 2021 1768 2085; x_wconf 90' lang='lat' dir='ltr'><strong>quarn</strong></span> <span class='ocrx_word' id='word_1_187' title='bbox 1785 1999 1906 2064; x_wconf 90' lang='lat' dir='ltr'><strong>videris</strong></span> <span class='ocrx_word' id='word_1_188' title='bbox 1925 1997 2094 2083; x_wconf 87' lang='lat' dir='ltr'><strong>expedire,</strong></span> <span class='ocrx_word' id='word_1_189' title='bbox 2157 2017 2166 2050; x_wconf 81' lang='lat'><strong>:.</strong></span> 
     </span>
     <span class='ocr_line' id='line_1_17' title="bbox 440 2098 2095 2191; baseline -0.004 -23"><span class='ocrx_word' id='word_1_190' title='bbox 440 2104 619 2169; x_wconf 89' lang='lat' dir='ltr'><strong>districtius</strong></span> <span class='ocrx_word' id='word_1_191' title='bbox 642 2098 830 2180; x_wconf 92' lang='lat' dir='ltr'><strong>inhibendo,</strong></span> <span class='ocrx_word' id='word_1_192' title='bbox 854 2123 896 2166; x_wconf 93' lang='lat' dir='ltr'><strong>ne</strong></span> <span class='ocrx_word' id='word_1_193' title='bbox 920 2102 1040 2166; x_wconf 88' lang='lat' dir='ltr'><strong>similia</strong></span> <span class='ocrx_word' id='word_1_194' title='bbox 1062 2102 1217 2189; x_wconf 84' lang='lat' dir='ltr'><strong>deinceps</strong></span> <span class='ocrx_word' id='word_1_195' title='bbox 1241 2105 1274 2167; x_wconf 94' lang='lat' dir='ltr'><strong>in</strong></span> <span class='ocrx_word' id='word_1_196' title='bbox 1296 2105 1369 2191; x_wconf 92' lang='lat' dir='ltr'><strong>ipso</strong></span> <span class='ocrx_word' id='word_1_197' title='bbox 1386 2105 1535 2167; x_wconf 85' lang='lat' dir='ltr'><strong>exercitu</strong></span> <span class='ocrx_word' id='word_1_198' title='bbox 1557 2105 1675 2189; x_wconf 91' lang='lat' dir='ltr'><strong>aliquis</strong></span> <span class='ocrx_word' id='word_1_199' title='bbox 1699 2109 1894 2189; x_wconf 91' lang='lat' dir='ltr'><strong>attemptare</strong></span> <span class='ocrx_word' id='word_1_200' title='bbox 1917 2107 2095 2187; x_wconf 90' lang='lat' dir='ltr'><strong>presumat.</strong></span> 
     </span>
     <span class='ocr_line' id='line_1_18' title="bbox 443 2203 2098 2288; baseline -0.004 -17"><span class='ocrx_word' id='word_1_201' title='bbox 443 2206 498 2271; x_wconf 83' lang='lat' dir='ltr'><strong>Sic</strong></span> <span class='ocrx_word' id='word_1_202' title='bbox 522 2207 608 2271; x_wconf 91' lang='lat' dir='ltr'><strong>enim</strong></span> <span class='ocrx_word' id='word_1_203' title='bbox 631 2206 672 2270; x_wconf 90' lang='lat' dir='ltr'><strong>ab</strong></span> <span class='ocrx_word' id='word_1_204' title='bbox 704 2203 968 2270; x_wconf 85' lang='lat' dir='ltr'><strong>oblocutionibus</strong></span> <span class='ocrx_word' id='word_1_205' title='bbox 991 2204 1210 2269; x_wconf 89' lang='lat' dir='ltr'><strong>detractorum</strong></span> <span class='ocrx_word' id='word_1_206' title='bbox 1233 2205 1352 2270; x_wconf 91' lang='lat' dir='ltr'><strong>famam</strong></span> <span class='ocrx_word' id='word_1_207' title='bbox 1376 2206 1516 2270; x_wconf 90' lang='lat' dir='ltr'><strong>ecclesie</strong></span> <span class='ocrx_word' id='word_1_208' title='bbox 1541 2228 1580 2270; x_wconf 94' lang='lat' dir='ltr'><strong>ac</strong></span> <span class='ocrx_word' id='word_1_209' title='bbox 1603 2214 1750 2271; x_wconf 90' lang='lat' dir='ltr'><strong>nostram</strong></span> <span class='ocrx_word' id='word_1_210' title='bbox 1774 2205 1974 2271; x_wconf 89' lang='lat' dir='ltr'><strong>intendimus</strong></span> <span class='ocrx_word' id='word_1_211' title='bbox 1999 2223 2098 2288; x_wconf 89' lang='lat' dir='ltr'><strong>super</strong></span> 
     </span>
     <span class='ocr_line' id='line_1_19' title="bbox 440 2307 2099 2396; baseline -0.003 -22"><span class='ocrx_word' id='word_1_212' title='bbox 440 2308 626 2374; x_wconf 90' lang='lat' dir='ltr'><strong>huiusmodi</strong></span> <span class='ocrx_word' id='word_1_213' title='bbox 644 2328 839 2373; x_wconf 87' lang='lat' dir='ltr'><strong>conservare</strong></span> <span class='ocrx_word' id='word_1_214' title='bbox 855 2308 994 2388; x_wconf 88' lang='lat' dir='ltr'><strong>illesam,</strong></span> <span class='ocrx_word' id='word_1_215' title='bbox 1018 2307 1104 2394; x_wconf 93' lang='lat' dir='ltr'><strong>quod</strong></span> <span class='ocrx_word' id='word_1_216' title='bbox 1121 2331 1182 2373; x_wconf 91' lang='lat' dir='ltr'><strong>noc</strong></span> <span class='ocrx_word' id='word_1_217' title='bbox 1198 2310 1399 2374; x_wconf 89' lang='lat' dir='ltr'><strong>conscientia</strong></span> <span class='ocrx_word' id='word_1_218' title='bbox 1415 2310 1535 2374; x_wconf 90' lang='lat' dir='ltr'><strong>famam</strong></span> <span class='ocrx_word' id='word_1_219' title='bbox 1551 2312 1708 2396; x_wconf 88' lang='lat' dir='ltr'><strong>negligat,</strong></span> <span class='ocrx_word' id='word_1_220' title='bbox 1731 2333 1793 2376; x_wconf 91' lang='lat' dir='ltr'><strong>neo</strong></span> <span class='ocrx_word' id='word_1_221' title='bbox 1811 2311 1947 2374; x_wconf 89' lang='lat' dir='ltr'><strong>infamia</strong></span> <span class='ocrx_word' id='word_1_222' title='bbox 1964 2307 2099 2372; x_wconf 90' lang='lat' dir='ltr'><strong>odorem</strong></span> 
     </span>
     <span class='ocr_line' id='line_1_20' title="bbox 441 2411 2099 2501; baseline -0.003 -24"><span class='ocrx_word' id='word_1_223' title='bbox 441 2414 507 2479; x_wconf 89' lang='lat' dir='ltr'><strong>vite</strong></span> <span class='ocrx_word' id='word_1_224' title='bbox 530 2434 568 2477; x_wconf 92' lang='lat' dir='ltr'><strong>ac</strong></span> <span class='ocrx_word' id='word_1_225' title='bbox 592 2413 789 2477; x_wconf 89' lang='lat' dir='ltr'><strong>suavitatem</strong></span> <span class='ocrx_word' id='word_1_226' title='bbox 813 2411 1005 2492; x_wconf 90' lang='lat' dir='ltr'><strong>absorbens,</strong></span> <span class='ocrx_word' id='word_1_227' title='bbox 1024 2412 1157 2476; x_wconf 91' lang='lat' dir='ltr'><strong>titulum</strong></span> <span class='ocrx_word' id='word_1_228' title='bbox 1180 2414 1383 2478; x_wconf 88' lang='lat' dir='ltr'><strong>conscientie</strong></span> <span class='ocrx_word' id='word_1_229' title='bbox 1409 2413 1470 2478; x_wconf 91' lang='lat' dir='ltr'><strong>sub</strong></span> <span class='ocrx_word' id='word_1_230' title='bbox 1494 2414 1576 2479; x_wconf 90' lang='lat' dir='ltr'><strong>false</strong></span> <span class='ocrx_word' id='word_1_231' title='bbox 1593 2414 1756 2501; x_wconf 91' lang='lat' dir='ltr'><strong>opinionis</strong></span> <span class='ocrx_word' id='word_1_232' title='bbox 1779 2412 1928 2499; x_wconf 90' lang='lat' dir='ltr'><strong>rubigine</strong></span> <span class='ocrx_word' id='word_1_233' title='bbox 1953 2411 2099 2497; x_wconf 90' lang='lat' dir='ltr'><strong>captiosa</strong></span> 
     </span>
    </p>
   </div>
   <div class='ocr_carea' id='block_1_3' title="bbox 441 2517 1753 2724">
    <p class='ocr_par' dir='ltr' id='par_1_3' title="bbox 441 2517 1753 2724">
     <span class='ocr_line' id='line_1_21' title="bbox 441 2517 600 2583; baseline -0.006 -2"><span class='ocrx_word' id='word_1_234' title='bbox 441 2517 517 2583; x_wconf 92' lang='lat' dir='ltr'><strong>deni</strong></span> <span class='ocrx_word' id='word_1_235' title='bbox 557 2523 600 2582; x_wconf 89' lang='lat' dir='ltr'><strong>et.</strong></span> 
     </span>
     <span class='ocr_line' id='line_1_22' title="bbox 518 2539 1753 2724; baseline -0.002 -22"><span class='ocrx_word' id='word_1_236' title='bbox 518 2539 672 2702; x_wconf 81' lang='lat' dir='ltr'><strong>grDaturrr</strong></span> <span class='ocrx_word' id='word_1_237' title='bbox 693 2635 833 2706; x_wconf 80' lang='lat' dir='ltr'><strong>Perusii,</strong></span> <span class='ocrx_word' id='word_1_238' title='bbox 856 2635 940 2700; x_wconf 88' lang='lat' dir='ltr'><strong>XIV</strong></span> <span class='ocrx_word' id='word_1_239' title='bbox 962 2633 1103 2704; x_wconf 88' lang='lat' dir='ltr'><strong>Kalend.</strong></span> <span class='ocrx_word' id='word_1_240' title='bbox 1126 2637 1199 2701; x_wconf 90' lang='lat' dir='ltr'><strong>Iun.</strong></span> <span class='ocrx_word' id='word_1_241' title='bbox 1222 2639 1431 2724; x_wconf 88' lang='lat' dir='ltr'><strong>pontificatus</strong></span> <span class='ocrx_word' id='word_1_242' title='bbox 1456 2637 1559 2702; x_wconf 84' lang='lat' dir='ltr'><strong>nostri</strong></span> <span class='ocrx_word' id='word_1_243' title='bbox 1581 2657 1667 2701; x_wconf 92' lang='lat' dir='ltr'><strong>anno</strong></span> <span class='ocrx_word' id='word_1_244' title='bbox 1690 2636 1753 2700; x_wconf 92' lang='lat' dir='ltr'><strong>III.</strong></span> 
     </span>
    </p>
   </div>
   <div class='ocr_carea' id='block_1_4' title="bbox 1226 3179 1311 3250">
    <p class='ocr_par' dir='ltr' id='par_1_4' title="bbox 1226 3179 1311 3250">
     <span class='ocr_line' id='line_1_23' title="bbox 1226 3179 1311 3250; baseline 0 0"><span class='ocrx_word' id='word_1_245' title='bbox 1226 3179 1311 3250; x_wconf 85' lang='lat'><strong>387.</strong></span> 
     </span>
    </p>
   </div>
   <div class='ocr_carea' id='block_1_5' title="bbox 442 3285 2101 3604">
    <p class='ocr_par' dir='ltr' id='par_1_5' title="bbox 442 3285 2101 3604">
     <span class='ocr_line' id='line_1_24' title="bbox 552 3285 2100 3398; baseline -0.003 -20"><span class='ocrx_word' id='word_1_246' title='bbox 552 3285 742 3395; x_wconf 72' lang='lat' dir='ltr'><strong>Grcpcrics</strong></span> <span class='ocrx_word' id='word_1_247' title='bbox 763 3314 820 3378; x_wconf 88' lang='lat' dir='ltr'><strong>IX</strong></span> <span class='ocrx_word' id='word_1_248' title='bbox 833 3335 923 3394; x_wconf 65' lang='lat' dir='ltr'><strong>porra</strong></span> <span class='ocrx_word' id='word_1_249' title='bbox 942 3316 1088 3395; x_wconf 78' lang='lat' dir='ltr'><strong>potestati</strong></span> <span class='ocrx_word' id='word_1_250' title='bbox 1109 3321 1138 3380; x_wconf 90' lang='lat' dir='ltr'><strong>ct</strong></span> <span class='ocrx_word' id='word_1_251' title='bbox 1164 3319 1280 3398; x_wconf 81' lang='lat' dir='ltr'><strong>populo</strong></span> <span class='ocrx_word' id='word_1_252' title='bbox 1309 3317 1445 3382; x_wconf 82' lang='lat' dir='ltr'><strong>civitatis</strong></span> <span class='ocrx_word' id='word_1_253' title='bbox 1471 3316 1669 3381; x_wconf 71' lang='lat' dir='ltr'><strong>Omfctlarrrtc</strong></span> <span class='ocrx_word' id='word_1_254' title='bbox 1698 3315 1734 3377; x_wconf 85' lang='lat' dir='ltr'><strong>dc</strong></span> <span class='ocrx_word' id='word_1_255' title='bbox 1763 3335 1868 3378; x_wconf 77' lang='lat' dir='ltr'><strong>corana</strong></span> <span class='ocrx_word' id='word_1_256' title='bbox 1896 3314 2100 3377; x_wconf 76' lang='lat' dir='ltr'><strong>subrutas-ione</strong></span> 
     </span>
     <span class='ocr_line' id='line_1_25' title="bbox 442 3417 2101 3500; baseline -0.002 -19"><span class='ocrx_word' id='word_1_257' title='bbox 442 3418 624 3500; x_wconf 76' lang='lat' dir='ltr'><strong>prolatatur</strong></span> <span class='ocrx_word' id='word_1_258' title='bbox 646 3435 809 3498; x_wconf 81' lang='lat' dir='ltr'><strong>coramque</strong></span> <span class='ocrx_word' id='word_1_259' title='bbox 830 3417 984 3480; x_wconf 72' lang='lat' dir='ltr'><strong>civitatens</strong></span> <span class='ocrx_word' id='word_1_260' title='bbox 1005 3420 1034 3481; x_wconf 88' lang='lat' dir='ltr'><strong>ct</strong></span> <span class='ocrx_word' id='word_1_261' title='bbox 1049 3439 1204 3498; x_wconf 79' lang='lat' dir='ltr'><strong>personas</strong></span> <span class='ocrx_word' id='word_1_262' title='bbox 1226 3441 1294 3484; x_wconf 75' lang='lat' dir='ltr'><strong>acm</strong></span> <span class='ocrx_word' id='word_1_263' title='bbox 1321 3421 1462 3483; x_wconf 80' lang='lat' dir='ltr'><strong>omuibus</strong></span> <span class='ocrx_word' id='word_1_264' title='bbox 1485 3419 1573 3482; x_wconf 79' lang='lat' dir='ltr'><strong>bortis</strong></span> <span class='ocrx_word' id='word_1_265' title='bbox 1598 3419 1655 3482; x_wconf 86' lang='lat' dir='ltr'><strong>sub</strong></span> <span class='ocrx_word' id='word_1_266' title='bbox 1672 3420 1861 3498; x_wconf 80' lang='lat' dir='ltr'><strong>protectione</strong></span> <span class='ocrx_word' id='word_1_267' title='bbox 1887 3437 1948 3480; x_wconf 86' lang='lat' dir='ltr'><strong>saa</strong></span> <span class='ocrx_word' id='word_1_268' title='bbox 1971 3417 2101 3496; x_wconf 60' lang='lat' dir='ltr'><strong>succurit</strong></span> 
     </span>
     <span class='ocr_line' id='line_1_26' title="bbox 445 3519 2013 3604; baseline -0.002 -18"><span class='ocrx_word' id='word_1_269' title='bbox 445 3526 474 3586; x_wconf 89' lang='lat' dir='ltr'><strong>ct</strong></span> <span class='ocrx_word' id='word_1_270' title='bbox 495 3522 647 3602; x_wconf 76' lang='lat' dir='ltr'><strong>antiquas</strong></span> <span class='ocrx_word' id='word_1_271' title='bbox 667 3541 772 3584; x_wconf 83' lang='lat' dir='ltr'><strong>corum</strong></span> <span class='ocrx_word' id='word_1_272' title='bbox 795 3521 952 3586; x_wconf 77' lang='lat' dir='ltr'><strong>libertates</strong></span> <span class='ocrx_word' id='word_1_273' title='bbox 973 3527 1002 3584; x_wconf 87' lang='lat' dir='ltr'><strong>ct</strong></span> <span class='ocrx_word' id='word_1_274' title='bbox 1024 3522 1259 3586; x_wconf 79' lang='lat' dir='ltr'><strong>consuetudines</strong></span> <span class='ocrx_word' id='word_1_275' title='bbox 1281 3525 1453 3604; x_wconf 73' lang='lat' dir='ltr'><strong>confimat.</strong></span> <span class='ocrx_word' id='word_1_276' title='bbox 1739 3523 1831 3598; x_wconf 85' lang='lat'><strong>1229,</strong></span> <span class='ocrx_word' id='word_1_277' title='bbox 1853 3519 1937 3584; x_wconf 85' lang='lat' dir='ltr'><strong>Mai.</strong></span> <span class='ocrx_word' id='word_1_278' title='bbox 1961 3521 2013 3583; x_wconf 88' lang='grc'><strong>19.</strong></span> 
     </span>
    </p>
   </div>
   <div class='ocr_carea' id='block_1_6' title="bbox 548 3635 1217 3796">
    <p class='ocr_par' dir='ltr' id='par_1_6' title="bbox 548 3635 1217 3796">
     <span class='ocr_line' id='line_1_27' title="bbox 548 3635 1217 3711; baseline -0.001 -16"><span class='ocrx_word' id='word_1_279' title='bbox 548 3639 631 3708; x_wconf 68' lang='lat' dir='ltr'><strong>(irco.</strong></span> <span class='ocrx_word' id='word_1_280' title='bbox 649 3640 700 3693; x_wconf 88' lang='lat' dir='ltr'><strong>IX</strong></span> <span class='ocrx_word' id='word_1_281' title='bbox 716 3635 797 3711; x_wconf 53' lang='lat' dir='ltr'><strong>Rea</strong></span> <span class='ocrx_word' id='word_1_282' title='bbox 810 3639 866 3695; x_wconf 87' lang='lat' dir='ltr'><strong>Vol.</strong></span> <span class='ocrx_word' id='word_1_283' title='bbox 885 3639 910 3701; x_wconf 86' lang='grc' dir='ltr'><strong>Ι,</strong></span> <span class='ocrx_word' id='word_1_284' title='bbox 928 3645 994 3706; x_wconf 84' lang='grc'><em>115;</em></span> <span class='ocrx_word' id='word_1_285' title='bbox 1012 3638 1076 3693; x_wconf 83' lang='lat' dir='ltr'><strong>Lib.</strong></span> <span class='ocrx_word' id='word_1_286' title='bbox 1094 3640 1156 3705; x_wconf 86' lang='grc' dir='ltr'><strong><em>ΙΙΙ,</em></strong></span> <span class='ocrx_word' id='word_1_287' title='bbox 1176 3646 1217 3694; x_wconf 84' lang='lat'><strong>15.</strong></span> 
     </span>
     <span class='ocr_line' id='line_1_28' title="bbox 548 3727 877 3796; baseline -0.003 -15"><span class='ocrx_word' id='word_1_288' title='bbox 548 3727 686 3791; x_wconf 82' lang='lat' dir='ltr'><strong>Potttast,</strong></span> <span class='ocrx_word' id='word_1_289' title='bbox 704 3727 774 3796; x_wconf 75' lang='lat' dir='ltr'><strong>Ray.</strong></span> <span class='ocrx_word' id='word_1_290' title='bbox 794 3729 877 3780; x_wconf 72' lang='lat'><strong><em>8402.</em></strong></span> 
     </span>
    </p>
   </div>
   <div class='ocr_carea' id='block_1_7' title="bbox 733 3937 1809 4031">
    <p class='ocr_par' dir='ltr' id='par_1_7' title="bbox 733 3937 1809 4031">
     <span class='ocr_line' id='line_1_29' title="bbox 733 3937 1809 4031; baseline 0 -19"><span class='ocrx_word' id='word_1_291' title='bbox 733 3993 742 4012; x_wconf 92' lang='lat'><strong>.</strong></span> <span class='ocrx_word' id='word_1_292' title='bbox 772 3992 781 4011; x_wconf 93' lang='lat'><strong>.</strong></span> <span class='ocrx_word' id='word_1_293' title='bbox 809 3937 1024 4028; x_wconf 86' lang='lat' dir='ltr'><strong>potestati</strong></span> <span class='ocrx_word' id='word_1_294' title='bbox 1052 3943 1094 4011; x_wconf 89' lang='lat' dir='ltr'><strong>et</strong></span> <span class='ocrx_word' id='word_1_295' title='bbox 1120 3939 1284 4031; x_wconf 90' lang='lat' dir='ltr'><strong>populo</strong></span> <span class='ocrx_word' id='word_1_296' title='bbox 1312 3938 1516 4012; x_wconf 86' lang='lat' dir='ltr'><strong>civitatis</strong></span> <span class='ocrx_word' id='word_1_297' title='bbox 1543 3937 1809 4012; x_wconf 86' lang='lat' dir='ltr'><strong>Castellane.</strong></span> 
     </span>
    </p>
   </div>
   <div class='ocr_carea' id='block_1_8' title="bbox 348 4084 2170 5732">
    <p class='ocr_par' dir='ltr' id='par_1_8' title="bbox 446 4084 2100 4377">
     <span class='ocr_line' id='line_1_30' title="bbox 556 4084 2099 4174; baseline -0.003 -22"><span class='ocrx_word' id='word_1_298' title='bbox 556 4087 638 4152; x_wconf 81' lang='lat' dir='ltr'><strong>Cum</strong></span> <span class='ocrx_word' id='word_1_299' title='bbox 662 4086 829 4151; x_wconf 88' lang='lat' dir='ltr'><strong>civitatem</strong></span> <span class='ocrx_word' id='word_1_300' title='bbox 852 4092 994 4150; x_wconf 89' lang='lat' dir='ltr'><strong>vestram</strong></span> <span class='ocrx_word' id='word_1_301' title='bbox 1017 4085 1058 4150; x_wconf 90' lang='lat' dir='ltr'><strong>de</strong></span> <span class='ocrx_word' id='word_1_302' title='bbox 1081 4086 1170 4152; x_wconf 90' lang='lat' dir='ltr'><strong>beati</strong></span> <span class='ocrx_word' id='word_1_303' title='bbox 1187 4087 1277 4152; x_wconf 90' lang='lat' dir='ltr'><strong>Petri</strong></span> <span class='ocrx_word' id='word_1_304' title='bbox 1299 4087 1495 4174; x_wconf 87' lang='lat' dir='ltr'><strong>patrimonio</strong></span> <span class='ocrx_word' id='word_1_305' title='bbox 1519 4107 1593 4152; x_wconf 87' lang='lat' dir='ltr'><strong>esse</strong></span> <span class='ocrx_word' id='word_1_306' title='bbox 1618 4093 1756 4164; x_wconf 89' lang='lat' dir='ltr'><strong>constet,</strong></span> <span class='ocrx_word' id='word_1_307' title='bbox 1780 4087 1864 4151; x_wconf 91' lang='lat' dir='ltr'><strong>sicut</strong></span> <span class='ocrx_word' id='word_1_308' title='bbox 1885 4107 1928 4150; x_wconf 88' lang='lat' dir='ltr'><strong>ex</strong></span> <span class='ocrx_word' id='word_1_309' title='bbox 1950 4084 2099 4173; x_wconf 89' lang='lat' dir='ltr'><strong>pluribus</strong></span> 
     </span>
     <span class='ocr_line' id='line_1_31' title="bbox 446 4187 2100 4277; baseline -0.002 -23"><span class='ocrx_word' id='word_1_310' title='bbox 446 4191 628 4277; x_wconf 90' lang='lat' dir='ltr'><strong>privilegiis</strong></span> <span class='ocrx_word' id='word_1_311' title='bbox 659 4190 830 4256; x_wconf 88' lang='lat' dir='ltr'><strong>evidenter</strong></span> <span class='ocrx_word' id='word_1_312' title='bbox 859 4196 1011 4276; x_wconf 88' lang='lat' dir='ltr'><strong>apparet,</strong></span> <span class='ocrx_word' id='word_1_313' title='bbox 1047 4191 1125 4254; x_wconf 89' lang='lat' dir='ltr'><strong>licet</strong></span> <span class='ocrx_word' id='word_1_314' title='bbox 1158 4189 1333 4275; x_wconf 90' lang='lat' dir='ltr'><strong>aliquando</strong></span> <span class='ocrx_word' id='word_1_315' title='bbox 1367 4191 1547 4275; x_wconf 89' lang='lat' dir='ltr'><strong>imperialis</strong></span> <span class='ocrx_word' id='word_1_316' title='bbox 1579 4191 1727 4276; x_wconf 90' lang='lat' dir='ltr'><strong>potentia</strong></span> <span class='ocrx_word' id='word_1_317' title='bbox 1755 4190 1913 4254; x_wconf 91' lang='lat' dir='ltr'><strong>iustitiam</strong></span> <span class='ocrx_word' id='word_1_318' title='bbox 1942 4187 2100 4254; x_wconf 89' lang='lat' dir='ltr'><strong>violentia</strong></span> 
     </span>
     <span class='ocr_line' id='line_1_32' title="bbox 447 4291 2100 4377; baseline -0.001 -22"><span class='ocrx_word' id='word_1_319' title='bbox 447 4294 584 4374; x_wconf 91' lang='lat' dir='ltr'><strong>violans,</strong></span> <span class='ocrx_word' id='word_1_320' title='bbox 608 4293 641 4356; x_wconf 94' lang='lat' dir='ltr'><strong>in</strong></span> <span class='ocrx_word' id='word_1_321' title='bbox 662 4293 756 4356; x_wconf 92' lang='lat' dir='ltr'><strong>vobis</strong></span> <span class='ocrx_word' id='word_1_322' title='bbox 780 4291 963 4356; x_wconf 91' lang='lat' dir='ltr'><strong>indebitum</strong></span> <span class='ocrx_word' id='word_1_323' title='bbox 984 4293 1193 4377; x_wconf 88' lang='lat' dir='ltr'><strong>usurpaverit</strong></span> <span class='ocrx_word' id='word_1_324' title='bbox 1215 4291 1434 4356; x_wconf 89' lang='lat' dir='ltr'><strong>dominatum:</strong></span> <span class='ocrx_word' id='word_1_325' title='bbox 1459 4293 1536 4377; x_wconf 89' lang='lat' dir='ltr'><strong>quia</strong></span> <span class='ocrx_word' id='word_1_326' title='bbox 1560 4299 1670 4356; x_wconf 90' lang='lat' dir='ltr'><strong>tamen</strong></span> <span class='ocrx_word' id='word_1_327' title='bbox 1693 4293 1778 4356; x_wconf 90' lang='lat' dir='ltr'><strong>sicut</strong></span> <span class='ocrx_word' id='word_1_328' title='bbox 1799 4298 1909 4357; x_wconf 81' lang='lat' dir='ltr'><strong>restra</strong></span> <span class='ocrx_word' id='word_1_329' title='bbox 1932 4298 1966 4358; x_wconf 91' lang='lat' dir='ltr'><strong>et</strong></span> <span class='ocrx_word' id='word_1_330' title='bbox 1988 4297 2100 4356; x_wconf 89' lang='lat' dir='ltr'><strong>nostra</strong></span> 
     </span>
    </p>

    <p class='ocr_par' dir='ltr' id='par_1_9' title="bbox 348 4394 2170 5732">
     <span class='ocr_line' id='line_1_33' title="bbox 348 4394 2100 4483; baseline -0.003 -20"><span class='ocrx_word' id='word_1_331' title='bbox 348 4409 349 4412; x_wconf 76' lang='grc'>’</span> <span class='ocrx_word' id='word_1_332' title='bbox 448 4400 594 4463; x_wconf 88' lang='lat' dir='ltr'><strong>noscitur</strong></span> <span class='ocrx_word' id='word_1_333' title='bbox 617 4398 797 4476; x_wconf 90' lang='lat' dir='ltr'><strong>interesse,</strong></span> <span class='ocrx_word' id='word_1_334' title='bbox 820 4402 1096 4482; x_wconf 88' lang='lat' dir='ltr'><strong>recognoscentes</strong></span> <span class='ocrx_word' id='word_1_335' title='bbox 1119 4396 1299 4483; x_wconf 90' lang='lat' dir='ltr'><strong>prudenter</strong></span> <span class='ocrx_word' id='word_1_336' title='bbox 1320 4419 1378 4461; x_wconf 88' lang='lat' dir='ltr'><strong>vos</strong></span> <span class='ocrx_word' id='word_1_337' title='bbox 1401 4397 1543 4462; x_wconf 88' lang='lat' dir='ltr'><strong>ecclesie</strong></span> <span class='ocrx_word' id='word_1_338' title='bbox 1566 4396 1713 4461; x_wconf 88' lang='lat' dir='ltr'><strong>Romane</strong></span> <span class='ocrx_word' id='word_1_339' title='bbox 1737 4395 1874 4460; x_wconf 87' lang='lat' dir='ltr'><strong>subesse</strong></span> <span class='ocrx_word' id='word_1_340' title='bbox 1897 4394 2035 4476; x_wconf 89' lang='lat' dir='ltr'><strong>debere,</strong></span> <span class='ocrx_word' id='word_1_341' title='bbox 2058 4394 2100 4458; x_wconf 90' lang='lat' dir='ltr'><strong>ad</strong></span> 
     </span>
     <span class='ocr_line' id='line_1_34' title="bbox 449 4498 2101 4580; baseline -0.002 -14"><span class='ocrx_word' id='word_1_342' title='bbox 449 4523 509 4566; x_wconf 90' lang='lat' dir='ltr'><strong>nos</strong></span> <span class='ocrx_word' id='word_1_343' title='bbox 533 4501 612 4566; x_wconf 92' lang='lat' dir='ltr'><strong>estis</strong></span> <span class='ocrx_word' id='word_1_344' title='bbox 635 4498 699 4563; x_wconf 90' lang='lat' dir='ltr'><strong>fide</strong></span> <span class='ocrx_word' id='word_1_345' title='bbox 723 4520 761 4563; x_wconf 94' lang='lat' dir='ltr'><strong>ac</strong></span> <span class='ocrx_word' id='word_1_346' title='bbox 784 4498 958 4564; x_wconf 89' lang='lat' dir='ltr'><strong>devotione</strong></span> <span class='ocrx_word' id='word_1_347' title='bbox 976 4501 1136 4580; x_wconf 90' lang='lat' dir='ltr'><strong>conversi,</strong></span> <span class='ocrx_word' id='word_1_348' title='bbox 1160 4499 1328 4565; x_wconf 86' lang='lat' dir='ltr'><strong>fidelitatis</strong></span> <span class='ocrx_word' id='word_1_349' title='bbox 1351 4501 1446 4565; x_wconf 92' lang='lat' dir='ltr'><strong>nobis</strong></span> <span class='ocrx_word' id='word_1_350' title='bbox 1463 4501 1621 4565; x_wconf 84' lang='lat' dir='ltr'><strong>exhibitis</strong></span> <span class='ocrx_word' id='word_1_351' title='bbox 1637 4501 1840 4580; x_wconf 88' lang='lat' dir='ltr'><strong>iuramentis,</strong></span> <span class='ocrx_word' id='word_1_352' title='bbox 1863 4522 1923 4565; x_wconf 93' lang='lat' dir='ltr'><strong>nos</strong></span> <span class='ocrx_word' id='word_1_353' title='bbox 1940 4501 2101 4574; x_wconf 85' lang='lat' dir='ltr'><strong>volentes,</strong></span> 
     </span>
     <span class='ocr_line' id='line_1_35' title="bbox 449 4603 2100 4690; baseline -0.001 -21"><span class='ocrx_word' id='word_1_354' title='bbox 449 4606 533 4669; x_wconf 89' lang='lat' dir='ltr'><strong>sicut</strong></span> <span class='ocrx_word' id='word_1_355' title='bbox 556 4611 589 4669; x_wconf 91' lang='lat' dir='ltr'><strong>et</strong></span> <span class='ocrx_word' id='word_1_356' title='bbox 611 4604 715 4680; x_wconf 91' lang='lat' dir='ltr'><strong>decet,</strong></span> <span class='ocrx_word' id='word_1_357' title='bbox 738 4624 797 4667; x_wconf 82' lang='lat' dir='ltr'><strong>ros</strong></span> <span class='ocrx_word' id='word_1_358' title='bbox 819 4610 985 4689; x_wconf 89' lang='lat' dir='ltr'><strong>tamquam</strong></span> <span class='ocrx_word' id='word_1_359' title='bbox 1009 4604 1170 4690; x_wconf 89' lang='lat' dir='ltr'><strong>speciales</strong></span> <span class='ocrx_word' id='word_1_360' title='bbox 1193 4604 1278 4668; x_wconf 89' lang='lat' dir='ltr'><strong>filios</strong></span> <span class='ocrx_word' id='word_1_361' title='bbox 1303 4612 1337 4668; x_wconf 90' lang='lat' dir='ltr'><strong>et</strong></span> <span class='ocrx_word' id='word_1_362' title='bbox 1357 4604 1474 4669; x_wconf 89' lang='lat' dir='ltr'><strong>fideles</strong></span> <span class='ocrx_word' id='word_1_363' title='bbox 1490 4605 1601 4669; x_wconf 89' lang='lat' dir='ltr'><strong>fovere</strong></span> <span class='ocrx_word' id='word_1_364' title='bbox 1624 4604 1849 4669; x_wconf 86' lang='lat' dir='ltr'><strong>favorabiliter</strong></span> <span class='ocrx_word' id='word_1_365' title='bbox 1871 4604 1904 4667; x_wconf 92' lang='lat' dir='ltr'><strong>in</strong></span> <span class='ocrx_word' id='word_1_366' title='bbox 1927 4603 2100 4669; x_wconf 89' lang='lat' dir='ltr'><strong>dulcedine</strong></span> 
     </span>
     <span class='ocr_line' id='line_1_36' title="bbox 448 4706 2101 4791; baseline -0.002 -19"><span class='ocrx_word' id='word_1_367' title='bbox 448 4708 620 4787; x_wconf 91' lang='lat' dir='ltr'><strong>libertatis,</strong></span> <span class='ocrx_word' id='word_1_368' title='bbox 644 4707 812 4771; x_wconf 90' lang='lat' dir='ltr'><strong>civitatem</strong></span> <span class='ocrx_word' id='word_1_369' title='bbox 827 4715 970 4772; x_wconf 90' lang='lat' dir='ltr'><strong>vestram</strong></span> <span class='ocrx_word' id='word_1_370' title='bbox 995 4713 1028 4772; x_wconf 90' lang='lat' dir='ltr'><strong>et</strong></span> <span class='ocrx_word' id='word_1_371' title='bbox 1051 4729 1209 4791; x_wconf 87' lang='lat' dir='ltr'><strong>personas</strong></span> <span class='ocrx_word' id='word_1_372' title='bbox 1232 4728 1304 4770; x_wconf 85' lang='lat' dir='ltr'><strong>cunr</strong></span> <span class='ocrx_word' id='word_1_373' title='bbox 1329 4709 1480 4772; x_wconf 89' lang='lat' dir='ltr'><strong>omnibus</strong></span> <span class='ocrx_word' id='word_1_374' title='bbox 1503 4709 1599 4772; x_wconf 90' lang='lat' dir='ltr'><strong>bonis</strong></span> <span class='ocrx_word' id='word_1_375' title='bbox 1623 4716 1657 4772; x_wconf 90' lang='lat' dir='ltr'><strong>et</strong></span> <span class='ocrx_word' id='word_1_376' title='bbox 1680 4707 1803 4771; x_wconf 90' lang='lat' dir='ltr'><strong>iuribus</strong></span> <span class='ocrx_word' id='word_1_377' title='bbox 1826 4707 1954 4786; x_wconf 89' lang='lat' dir='ltr'><strong>vestris,</strong></span> <span class='ocrx_word' id='word_1_378' title='bbox 1977 4712 2044 4770; x_wconf 89' lang='lat' dir='ltr'><strong>tarn</strong></span> <span class='ocrx_word' id='word_1_379' title='bbox 2067 4706 2101 4769; x_wconf 93' lang='lat' dir='ltr'><strong>in</strong></span> 
     </span>
     <span class='ocr_line' id='line_1_37' title="bbox 450 4809 2170 4897; baseline -0.001 -20"><span class='ocrx_word' id='word_1_380' title='bbox 450 4813 580 4877; x_wconf 88' lang='lat' dir='ltr'><strong>civitate</strong></span> <span class='ocrx_word' id='word_1_381' title='bbox 612 4831 709 4896; x_wconf 87' lang='lat' dir='ltr'><strong>quam</strong></span> <span class='ocrx_word' id='word_1_382' title='bbox 737 4815 846 4890; x_wconf 79' lang='lat' dir='ltr'><strong>extra,</strong></span> <span class='ocrx_word' id='word_1_383' title='bbox 880 4811 1036 4874; x_wconf 89' lang='lat' dir='ltr'><strong>comitatu</strong></span> <span class='ocrx_word' id='word_1_384' title='bbox 1066 4809 1222 4875; x_wconf 89' lang='lat' dir='ltr'><strong>videlicet</strong></span> <span class='ocrx_word' id='word_1_385' title='bbox 1251 4817 1285 4875; x_wconf 89' lang='lat' dir='ltr'><strong>et</strong></span> <span class='ocrx_word' id='word_1_386' title='bbox 1315 4812 1507 4897; x_wconf 88' lang='lat' dir='ltr'><strong>episcopatu</strong></span> <span class='ocrx_word' id='word_1_387' title='bbox 1535 4818 1568 4876; x_wconf 94' lang='lat' dir='ltr'><strong>et</strong></span> <span class='ocrx_word' id='word_1_388' title='bbox 1598 4812 1685 4890; x_wconf 90' lang='lat' dir='ltr'><strong>aliis,</strong></span> <span class='ocrx_word' id='word_1_389' title='bbox 1719 4831 1783 4896; x_wconf 90' lang='lat' dir='ltr'><strong>que</strong></span> <span class='ocrx_word' id='word_1_390' title='bbox 1815 4811 2101 4897; x_wconf 86' lang='lat' dir='ltr'><strong>impresentiarum</strong></span> <span class='ocrx_word' id='word_1_391' title='bbox 2166 4867 2170 4876; x_wconf 89' lang='lat'><em>.</em></span> 
     </span>
     <span class='ocr_line' id='line_1_38' title="bbox 451 4911 2103 5001; baseline -0.002 -22"><span class='ocrx_word' id='word_1_392' title='bbox 451 4915 689 4980; x_wconf 89' lang='lat' dir='ltr'><strong>rationabiliter</strong></span> <span class='ocrx_word' id='word_1_393' title='bbox 708 4912 888 5001; x_wconf 90' lang='lat' dir='ltr'><strong>possidetis</strong></span> <span class='ocrx_word' id='word_1_394' title='bbox 911 4920 967 4977; x_wconf 90' lang='lat' dir='ltr'><strong>aut</strong></span> <span class='ocrx_word' id='word_1_395' title='bbox 989 4912 1183 4977; x_wconf 90' lang='lat' dir='ltr'><strong>infuturum</strong></span> <span class='ocrx_word' id='word_1_396' title='bbox 1208 4914 1302 4978; x_wconf 88' lang='lat' dir='ltr'><strong>iustis</strong></span> <span class='ocrx_word' id='word_1_397' title='bbox 1318 4913 1423 4978; x_wconf 91' lang='lat' dir='ltr'><strong>modis</strong></span> <span class='ocrx_word' id='word_1_398' title='bbox 1438 4921 1606 5000; x_wconf 89' lang='lat' dir='ltr'><strong>prestante</strong></span> <span class='ocrx_word' id='word_1_399' title='bbox 1622 4913 1763 4978; x_wconf 92' lang='lat' dir='ltr'><strong>Domino</strong></span> <span class='ocrx_word' id='word_1_400' title='bbox 1779 4914 1930 4998; x_wconf 90' lang='lat' dir='ltr'><strong>poteritis</strong></span> <span class='ocrx_word' id='word_1_401' title='bbox 1953 4911 2103 5000; x_wconf 88' lang='lat' dir='ltr'><strong>adipisci,</strong></span> 
     </span>
     <span class='ocr_line' id='line_1_39' title="bbox 450 5015 2103 5103; baseline -0.002 -20"><span class='ocrx_word' id='word_1_402' title='bbox 450 5019 511 5084; x_wconf 91' lang='lat' dir='ltr'><strong>sub</strong></span> <span class='ocrx_word' id='word_1_403' title='bbox 535 5018 624 5083; x_wconf 90' lang='lat' dir='ltr'><strong>beati</strong></span> <span class='ocrx_word' id='word_1_404' title='bbox 646 5018 737 5083; x_wconf 90' lang='lat' dir='ltr'><strong>Petri</strong></span> <span class='ocrx_word' id='word_1_405' title='bbox 761 5024 794 5082; x_wconf 89' lang='lat' dir='ltr'><strong>et</strong></span> <span class='ocrx_word' id='word_1_406' title='bbox 817 5021 930 5080; x_wconf 91' lang='lat' dir='ltr'><strong>nostra</strong></span> <span class='ocrx_word' id='word_1_407' title='bbox 952 5016 1156 5102; x_wconf 90' lang='lat' dir='ltr'><strong>protectione</strong></span> <span class='ocrx_word' id='word_1_408' title='bbox 1181 5016 1377 5102; x_wconf 90' lang='lat' dir='ltr'><strong>suscipimus</strong></span> <span class='ocrx_word' id='word_1_409' title='bbox 1402 5016 1553 5103; x_wconf 89' lang='lat' dir='ltr'><strong>speciali,</strong></span> <span class='ocrx_word' id='word_1_410' title='bbox 1585 5021 1766 5082; x_wconf 88' lang='lat' dir='ltr'><strong>statuentes</strong></span> <span class='ocrx_word' id='word_1_411' title='bbox 1790 5021 1826 5079; x_wconf 95' lang='lat' dir='ltr'><strong>ut</strong></span> <span class='ocrx_word' id='word_1_412' title='bbox 1848 5015 1964 5081; x_wconf 90' lang='lat' dir='ltr'><strong>eadem</strong></span> <span class='ocrx_word' id='word_1_413' title='bbox 1987 5017 2103 5080; x_wconf 86' lang='lat' dir='ltr'><strong>civitas</strong></span> 
     </span>
     <span class='ocr_line' id='line_1_40' title="bbox 449 5118 2103 5210; baseline -0.004 -21"><span class='ocrx_word' id='word_1_414' title='bbox 449 5129 609 5210; x_wconf 88' lang='lat' dir='ltr'><strong>perpetuo</strong></span> <span class='ocrx_word' id='word_1_415' title='bbox 642 5123 675 5186; x_wconf 90' lang='lat' dir='ltr'><strong>ia</strong></span> <span class='ocrx_word' id='word_1_416' title='bbox 703 5121 845 5186; x_wconf 89' lang='lat' dir='ltr'><strong>ecclesie</strong></span> <span class='ocrx_word' id='word_1_417' title='bbox 869 5119 1016 5185; x_wconf 89' lang='lat' dir='ltr'><strong>Romane</strong></span> <span class='ocrx_word' id='word_1_418' title='bbox 1046 5119 1198 5185; x_wconf 90' lang='lat' dir='ltr'><strong>demanio</strong></span> <span class='ocrx_word' id='word_1_419' title='bbox 1227 5124 1396 5199; x_wconf 90' lang='lat' dir='ltr'><strong>teneatur,</strong></span> <span class='ocrx_word' id='word_1_420' title='bbox 1426 5123 1460 5182; x_wconf 92' lang='lat' dir='ltr'><strong>et</strong></span> <span class='ocrx_word' id='word_1_421' title='bbox 1488 5124 1555 5182; x_wconf 88' lang='lat' dir='ltr'><strong>tara</strong></span> <span class='ocrx_word' id='word_1_422' title='bbox 1586 5118 1619 5181; x_wconf 90' lang='lat' dir='ltr'><strong>in</strong></span> <span class='ocrx_word' id='word_1_423' title='bbox 1652 5119 1749 5184; x_wconf 87' lang='lat' dir='ltr'><strong>rebus</strong></span> <span class='ocrx_word' id='word_1_424' title='bbox 1773 5140 1869 5203; x_wconf 91' lang='lat' dir='ltr'><strong>quam</strong></span> <span class='ocrx_word' id='word_1_425' title='bbox 1892 5119 1925 5183; x_wconf 91' lang='lat' dir='ltr'><strong>in</strong></span> <span class='ocrx_word' id='word_1_426' title='bbox 1952 5119 2103 5205; x_wconf 90' lang='lat' dir='ltr'><strong>personis</strong></span> 
     </span>
     <span class='ocr_line' id='line_1_41' title="bbox 451 5211 2103 5310; baseline -0.001 -20"><span class='ocrx_word' id='word_1_427' title='bbox 451 5226 536 5290; x_wconf 91' lang='lat' dir='ltr'><strong>sicut</strong></span> <span class='ocrx_word' id='word_1_428' title='bbox 558 5225 615 5291; x_wconf 88' lang='lat' dir='ltr'><strong>alii</strong></span> <span class='ocrx_word' id='word_1_429' title='bbox 636 5224 752 5289; x_wconf 91' lang='lat' dir='ltr'><strong>fideles</strong></span> <span class='ocrx_word' id='word_1_430' title='bbox 775 5223 964 5310; x_wconf 90' lang='lat' dir='ltr'><strong>patrimonii</strong></span> <span class='ocrx_word' id='word_1_431' title='bbox 987 5245 1046 5310; x_wconf 88' lang='lat' dir='ltr'><strong>per</strong></span> <span class='ocrx_word' id='word_1_432' title='bbox 1060 5223 1243 5288; x_wconf 89' lang='lat' dir='ltr'><strong>Romanam</strong></span> <span class='ocrx_word' id='word_1_433' title='bbox 1260 5222 1436 5288; x_wconf 89' lang='lat' dir='ltr'><strong>ecclesiam</strong></span> <span class='ocrx_word' id='word_1_434' title='bbox 1451 5221 1655 5300; x_wconf 88' lang='lat' dir='ltr'><strong>defendatur,</strong></span> <span class='ocrx_word' id='word_1_435' title='bbox 1678 5224 1767 5287; x_wconf 92' lang='lat' dir='ltr'><strong>nullo</strong></span> <span class='ocrx_word' id='word_1_436' title='bbox 1789 5243 1933 5306; x_wconf 90' lang='lat' dir='ltr'><strong>unquam</strong></span> <span class='ocrx_word' id='word_1_437' title='bbox 1955 5211 2103 5308; x_wconf 74' lang='lat' dir='ltr'><strong>te&#39;mpore</strong></span> 
     </span>
     <span class='ocr_line' id='line_1_42' title="bbox 451 5325 2102 5412; baseline -0.003 -18"><span class='ocrx_word' id='word_1_438' title='bbox 451 5329 512 5394; x_wconf 92' lang='lat' dir='ltr'><strong>sub</strong></span> <span class='ocrx_word' id='word_1_439' title='bbox 536 5329 661 5394; x_wconf 90' lang='lat' dir='ltr'><strong>ditione</strong></span> <span class='ocrx_word' id='word_1_440' title='bbox 685 5329 820 5392; x_wconf 92' lang='lat' dir='ltr'><strong>alterius</strong></span> <span class='ocrx_word' id='word_1_441' title='bbox 844 5327 996 5392; x_wconf 89' lang='lat' dir='ltr'><strong>reditura.</strong></span> <span class='ocrx_word' id='word_1_442' title='bbox 1040 5327 1228 5392; x_wconf 88' lang='lat' dir='ltr'><strong>Libertates</strong></span> <span class='ocrx_word' id='word_1_443' title='bbox 1258 5348 1386 5412; x_wconf 92' lang='lat' dir='ltr'><strong>quoque</strong></span> <span class='ocrx_word' id='word_1_444' title='bbox 1417 5333 1450 5391; x_wconf 91' lang='lat' dir='ltr'><strong>et</strong></span> <span class='ocrx_word' id='word_1_445' title='bbox 1480 5325 1663 5390; x_wconf 90' lang='lat' dir='ltr'><strong>laudabiles</strong></span> <span class='ocrx_word' id='word_1_446' title='bbox 1690 5325 1945 5390; x_wconf 89' lang='lat' dir='ltr'><strong>consuetudines</strong></span> <span class='ocrx_word' id='word_1_447' title='bbox 1974 5333 2102 5389; x_wconf 88' lang='lat' dir='ltr'><strong>vestras</strong></span> 
     </span>
     <span class='ocr_line' id='line_1_43' title="bbox 451 5427 2104 5517; baseline -0.003 -20"><span class='ocrx_word' id='word_1_448' title='bbox 451 5435 616 5498; x_wconf 90' lang='lat' dir='ltr'><strong>hactenus.</strong></span> <span class='ocrx_word' id='word_1_449' title='bbox 633 5431 843 5510; x_wconf 79' lang='lat' dir='ltr'><strong>observatas,</strong></span> <span class='ocrx_word' id='word_1_450' title='bbox 871 5429 987 5515; x_wconf 91' lang='lat' dir='ltr'><strong>quibus</strong></span> <span class='ocrx_word' id='word_1_451' title='bbox 1010 5430 1155 5516; x_wconf 90' lang='lat' dir='ltr'><strong>gaudent</strong></span> <span class='ocrx_word' id='word_1_452' title='bbox 1177 5431 1241 5496; x_wconf 89' lang='lat' dir='ltr'><strong>alie</strong></span> <span class='ocrx_word' id='word_1_453' title='bbox 1263 5430 1452 5517; x_wconf 92' lang='lat' dir='ltr'><strong>patrimonii</strong></span> <span class='ocrx_word' id='word_1_454' title='bbox 1475 5429 1641 5509; x_wconf 89' lang='lat' dir='ltr'><strong>civitates,</strong></span> <span class='ocrx_word' id='word_1_455' title='bbox 1671 5427 1798 5492; x_wconf 88' lang='lat' dir='ltr'><strong>scilicet</strong></span> <span class='ocrx_word' id='word_1_456' title='bbox 1828 5428 1862 5491; x_wconf 92' lang='lat' dir='ltr'><strong>in</strong></span> <span class='ocrx_word' id='word_1_457' title='bbox 1885 5427 2046 5512; x_wconf 89' lang='lat' dir='ltr'><strong>eligendis</strong></span> <span class='ocrx_word' id='word_1_458' title='bbox 2070 5435 2104 5492; x_wconf 93' lang='lat' dir='ltr'><strong>et</strong></span> 
     </span>
     <span class='ocr_line' id='line_1_44' title="bbox 451 5527 2104 5623; baseline -0.005 -21"><span class='ocrx_word' id='word_1_459' title='bbox 451 5534 610 5602; x_wconf 88' lang='lat' dir='ltr'><strong>faciendis</strong></span> <span class='ocrx_word' id='word_1_460' title='bbox 639 5533 859 5623; x_wconf 88' lang='lat' dir='ltr'><strong>potestatibus</strong></span> <span class='ocrx_word' id='word_1_461' title='bbox 893 5554 952 5598; x_wconf 89' lang='lat' dir='ltr'><strong>scu</strong></span> <span class='ocrx_word' id='word_1_462' title='bbox 986 5534 1193 5611; x_wconf 90' lang='lat' dir='ltr'><strong>consulibus,</strong></span> <span class='ocrx_word' id='word_1_463' title='bbox 1225 5533 1406 5614; x_wconf 91' lang='lat' dir='ltr'><strong>iudicibus,</strong></span> <span class='ocrx_word' id='word_1_464' title='bbox 1442 5531 1631 5596; x_wconf 89' lang='lat' dir='ltr'><strong>camerariis</strong></span> <span class='ocrx_word' id='word_1_465' title='bbox 1663 5534 1696 5594; x_wconf 90' lang='lat' dir='ltr'><strong>et</strong></span> <span class='ocrx_word' id='word_1_466' title='bbox 1725 5527 1879 5611; x_wconf 89' lang='lat' dir='ltr'><strong>notariis,</strong></span> <span class='ocrx_word' id='word_1_467' title='bbox 1914 5530 2104 5595; x_wconf 91' lang='lat' dir='ltr'><strong>consulibus</strong></span> 
     </span>
     <span class='ocr_line' id='line_1_45' title="bbox 452 5633 2105 5732; baseline -0.007 -24"><span class='ocrx_word' id='word_1_468' title='bbox 452 5647 670 5708; x_wconf 91' lang='lat' dir='ltr'><strong>mercatorum</strong></span> <span class='ocrx_word' id='word_1_469' title='bbox 693 5645 726 5706; x_wconf 92' lang='lat' dir='ltr'><strong>et</strong></span> <span class='ocrx_word' id='word_1_470' title='bbox 749 5637 900 5709; x_wconf 89' lang='lat' dir='ltr'><strong>omnibus</strong></span> <span class='ocrx_word' id='word_1_471' title='bbox 923 5637 996 5706; x_wconf 89' lang='lat' dir='ltr'><strong>aliis</strong></span> <span class='ocrx_word' id='word_1_472' title='bbox 1013 5638 1207 5708; x_wconf 87' lang='lat' dir='ltr'><strong>officialibus</strong></span> <span class='ocrx_word' id='word_1_473' title='bbox 1231 5638 1369 5724; x_wconf 91' lang='lat' dir='ltr'><strong>singulis</strong></span> <span class='ocrx_word' id='word_1_474' title='bbox 1393 5644 1427 5702; x_wconf 92' lang='lat' dir='ltr'><strong>et</strong></span> <span class='ocrx_word' id='word_1_475' title='bbox 1442 5635 1615 5715; x_wconf 87' lang='lat' dir='ltr'><strong>universis,</strong></span> <span class='ocrx_word' id='word_1_476' title='bbox 1638 5634 1895 5732; x_wconf 82' lang='lat' dir='ltr'><strong>quibuscumque</strong></span> <span class='ocrx_word' id='word_1_477' title='bbox 1917 5633 2105 5708; x_wconf 85' lang='lat' dir='ltr'><strong>nominibus</strong></span> 
     </span>
    </p>
   </div>
   <div class='ocr_carea' id='block_1_9' title="bbox 0 0 2286 6410">
    <p class='ocr_par' dir='ltr' id='par_1_10' title="bbox 0 0 2286 6410">
     <span class='ocr_line' id='line_1_46' title="bbox 0 0 2286 6410; baseline 0 0"><span class='ocrx_word' id='word_1_478' title='bbox 0 0 2286 6410; x_wconf 95' lang='lat' dir='ltr'><strong> </strong></span> 
     </span>
    </p>
   </div>
  </div>
 </body>
</html>
