4596 6406
796 357 1203 418 99199099999999999.
1237 364 1311 418 1240.

338 715 671 800 (1999991991119999
687 720 785 783 eidem
800 743 863 802 pra
887 725 984 788 99919
1006 726 1504 796 999199199919919191199999999
1527 733 1686 813 obligandi
1704 738 1884 814 potestatem

228 818 371 882 9991999111.
1539 839 1633 914 1240,
1658 835 1721 903 oa.
1747 843 1796 903 13.

979 920 1138 994 Eidem.

337 1035 381 1099 Ut
416 1039 582 1121 negotium
618 1041 675 1104 tibi
711 1040 921 1106 commissum
956 1043 1084 1107 facilius
1119 1050 1152 1108 ct
1188 1045 1308 1108 melius
1340 1047 1452 1112 valeas
1488 1049 1682 1135 expedire⁸‚
1715 1052 1881 1138 obligandi

228 1138 409 1204 Romanam
443 1144 619 1213 eeclesiam
654 1166 710 1230 pro
745 1147 885 1231 pecnnia
919 1148 1008 1210 nauli
1042 1149 1188 1225 navium,
1217 1149 1385 1232 galearum
1416 1159 1448 1216 91
1475 1155 1695 1233 uscerierum,
1727 1179 1790 1242 que
1823 1179 1881 1242 pro

227 1243 362 1328 prelatis
386 1245 513 1308 9191119
538 1247 594 1331 qui
617 1247 656 1310 ad
682 1250 855 1312 concilium
885 1257 959 1313 sunt
989 1253 1120 1315 venturi
1151 1251 1308 1316 ducendis
1342 1260 1376 1318 91
1407 1255 1602 1321 reducendis
1632 1259 1730 1322 suerit
1754 1262 1881 1346 persol-

228 1346 344 1426 venda,
368 1347 506 1412 liberam
530 1350 587 1413 tibi
611 1351 652 1416 de
676 1353 813 1417 oonsilio
837 1355 973 1418 fratrum
997 1363 1182 1420 nostrerum
1207 1359 1432 1422 concessimus
1456 1367 1663 1446 potestatem.

336 1467 413 1534 Dat.
436 1475 473 1533 ut
497 1493 605 1556 supra.

233 1705 235 1708 ¹
338 1713 510 1794 Grepmins
533 1713 588 1777 IX
603 1717 1131 1796 9999991931919999199991199
1158 1719 1316 1783 Irnrncnsc
1348 1719 1385 1784 de
1412 1720 1504 1785 rebus
1529 1725 1562 1786 in
1591 1742 1624 1789 n.
1652 1724 1706 1788 IV
1732 1727 1882 1788 contentis

226 1817 385 1879 certiorem
406 1817 494 1897 119911.
1536 1830 1629 1905 1210,
1655 1825 1718 1890 091.
1744 1831 1794 1890 13.

492 1999 641 2072 Nobili
668 2000 762 2071 viro
791 2057 830 2073 ..
860 2001 1075 2091 potestati
1103 2007 1145 2073 et
1172 2002 1364 2074 consilio
1393 2004 1613 2078 laonensi.

335 2119 379 2182 Ut
403 2119 541 2186 dilectus
570 2125 654 2188 filius
688 2124 727 2187 G.
756 2123 797 2187 do
827 2123 987 2186 Romania
1020 2123 1240 2186 subdiaconus
1270 2131 1303 2186 et
1334 2127 1524 2212 capellanus
1547 2135 1669 2208 noster,
1697 2131 1880 2214 apostolice

228 2221 316 2287 sedis
341 2224 480 2309 legatus,
506 2228 673 2313 negotium
698 2228 758 2292 sibi
784 2229 991 2293 commissum
1017 2235 1079 2292 919.
1104 2234 1270 2312 utsupra.

1022 2485 1081 2550 vl.

335 2587 507 2669 Gregorius
529 2588 585 2652 IX
603 2609 688 2669 papa
713 2589 901 2673 G[reperio]
923 2589 960 2653 dc
981 2589 1143 2654 Romania
1164 2589 1310 2668 91999191,
1337 2596 1372 2653 91
1399 2593 1554 2674 crepationi
1575 2594 1612 2658 de
1633 2594 1881 2658 scandanaviam

228 2689 296 2752 siae
320 2710 408 2753 99999
429 2696 602 2771 exequatur
623 2693 780 2756 utstatim
802 2693 839 2756 dc
862 2693 964 2757 cedern
986 2693 1146 2759 rescribat.
1535 2699 1628 2773 1210,
1653 2695 1718 2761 091.
1741 2700 1794 2760 13.

307 2866 350 2939 G.
377 2867 429 2940 de
457 2868 673 2946 Romania
700 2871 988 2946 subdiacono
1017 2876 1059 2944 ct
1085 2872 1320 2962 capellano
1350 2878 1530 2962 nestro,
1557 2873 1803 2966 apostolice

896 2992 1021 3066 sedis
1047 2992 1210 3084 legato.

333 3111 541 3178 Presentium
573 3115 634 3180 tibi
665 3117 858 3180 auctoritate
893 3114 1103 3190 mandemus,
1146 3117 1300 3201 quatinus
1338 3117 1507 3200 negotium
1540 3141 1638 3205 super
1670 3118 1756 3182 facto
1791 3117 1880 3181 nauli

227 3215 374 3296 navium,
396 3218 564 3301 galearum
589 3227 622 3283 91
644 3221 845 3284 uscerierum
869 3241 927 3306 pro
951 3221 1087 3306 prelatis
1110 3221 1151 3285 ad
1175 3222 1347 3285 concilium
1370 3219 1527 3285 ducendis
1551 3229 1585 3286 91
1606 3221 1801 3286 reducendis
1824 3230 1879 3284 tue

148 3357 158 3372 .
226 3317 416 3384 discretioni
439 3323 649 3387 commissum
673 3323 761 3388 omni
790 3345 880 3387 more
908 3325 1091 3410 postposita
1121 3325 1242 3410 exequi
1271 3329 1305 3388 91
1327 3322 1421 3388 nobis
1444 3323 1529 3407 qnod
1553 3346 1653 3410 super
1673 3325 1735 3389 hoe
1759 3323 1878 3388 feceris

225 3423 334 3486 statim
359 3426 540 3491 rescribere
564 3449 630 3490 non
653 3429 795 3492 emittas.

330 3543 406 3609 Dat.
430 3553 466 3610 ut
489 3570 588 3635 snpra
602 3550 622 3612 ¹.

1013 3633 1089 3698 VII.

332 3733 518 3798 Mercuriale
531 3736 632 3817 fratri
646 3736 778 3802 Nicolao
796 3739 1012 3804 Cislcrciensis
1028 3738 1150 3802 ordinis
1171 3737 1215 3801 ad
1231 3737 1418 3819 Grcparium
1439 3735 1476 3799 919
1493 3735 1650 3798 Bouiania
1668 3735 1880 3814 proficiscenti

224 3859 245 3900 9
271 3837 422 3919 Gregorio
445 3839 501 3903 IX
519 3861 606 3920 papa
628 3841 752 3920 9191999,
779 3841 815 3904 in
836 3861 897 3924 quo
918 3841 1069 3923 scriptam
1091 3847 1144 3921 cst,
1166 3863 1245 3922 puae
1266 3861 1317 3905 res
1339 3841 1374 3904 in
1396 3839 1530 3904 9991099
1551 3837 1757 3903 conducendis
1779 3838 1879 3902 obscr-

146 3971 158 4009 9
224 3941 296 4004 uari
317 3941 456 4006 (labeant.

328 4059 636 4134 nautam-Brennum,
655 4065 672 4120 l.
691 4081 714 4120 9.
732 4067 750 4119 1.
773 4064 805 4134 V,
820 4082 851 4135 p.
869 4069 947 4120 1051.

453 4225 717 4300 Memoriale
745 4229 900 4302 fratris
927 4227 1097 4302 Nicolai
1123 4227 1443 4301 Cisterciensis
1469 4223 1650 4298 ordinis.

332 4349 441 4413 Primo
477 4349 638 4435 Gregorio
675 4350 715 4415 de
749 4351 909 4416 Romania
944 4373 1058 4416 omnes
1085 4352 1211 4416 litteras
1244 4352 1470 4440 presentabis‚
1498 4357 1532 4414 et
1562 4349 1691 4435 tuipse
1715 4368 1877 4412 unacum

224 4453 322 4518 Petro
357 4454 398 4518 de
432 4453 597 4520 Guareino
632 4464 759 4520 secreto
795 4478 867 4520 cum
902 4463 1065 4543 potestate
1103 4453 1329 4534 Ianuensium,
1357 4456 1539 4519 iuramento
1569 4461 1701 4539 recepto
1731 4452 1772 4517 ab
1805 4451 1877 4537 ipsa

225 4564 391 4642 potestate
420 4559 460 4623 de
488 4567 616 4624 secrete
647 4559 790 4625 tenendo
820 4559 906 4645 quod
937 4558 1071 4624 avobis
1103 4559 1134 4623 ei
1156 4558 1254 4622 fuerit
1278 4556 1542 4646 proponendum,
1572 4557 1754 4622 tractabitis
1779 4578 1877 4643 super

224 4663 406 4727 imminenti
437 4665 570 4748 negotio
599 4663 686 4750 quod
714 4666 747 4728 in
769 4664 889 4728 nostris
917 4663 1036 4727 litteris
1068 4669 1119 4728 est
1148 4683 1342 4748 expressum
1373 4684 1413 4728 ea
1436 4683 1499 4746 que
1532 4661 1677 4725 videritis
1708 4659 1875 4746 expedire,

225 4767 404 4830 secundum
435 4769 571 4833 formam
600 4790 663 4853 qne
689 4769 720 4831 in
752 4767 870 4831 litteris
902 4767 1091 4852 apostolicis
1115 4773 1166 4831 est
1190 4787 1360 4851 expressa.
1417 4766 1460 4830 Et
1484 4767 1512 4831 si
1537 4764 1694 4852 expedire
1718 4764 1876 4845 videritis,

225 4868 263 4933 G.
298 4869 338 4934 de
373 4870 498 4955 Nigr0²
533 4871 592 4935 sub
628 4871 744 4936 eadem
778 4871 907 4935 9991919
940 4869 1143 4956 propositum
1177 4875 1326 4932 nostrum
1359 4869 1507 4954 poteritis
1539 4869 1701 4948 revelare,
1735 4876 1769 4932 et
1802 4891 1876 4932 cum

225 4971 404 5037 eorundem
438 4974 573 5038 consilio
609 4975 683 5038 aliis
716 4972 844 5039 devotis
875 4974 1015 5038 ecclesie
1050 4972 1111 5037 sub
1145 4972 1260 5037 eadem
1296 4973 1424 5036 cautela
1457 4973 1696 5036 communicare
1726 4972 1875 5056 poteritis

146 5097 170 5133 n
224 5078 391 5162 negotium
416 5078 648 5164 supradictum,
672 5079 718 5142 ita
741 5077 828 5164 quod
851 5075 967 5142 horum
991 5077 1095 5142 adiuti
1127 5077 1271 5140 consiliis
1296 5083 1329 5139 91
1352 5075 1484 5140 auxiliis
1508 5075 1649 5140 ecclesie
1670 5076 1875 5161 propesitum

329 5303 358 5370 ¹).
370 5306 483 5371 expediri
501 5303 533 5354 R.

327 5425 352 5490 1)
372 5422 564 5476 Dubitandum
582 5438 637 5476 999
655 5429 708 5488 991,
736 5425 804 5493 quin
825 5423 891 5477 1999
914 5421 1156 5492 9999999991919
1176 5421 1445 5486 0911391919911,
1472 5421 1580 5474 1199119
1598 5419 1666 5488 ch.
1686 5421 1758 5476 inter
1775 5440 1835 5476 9991
1851 5427 1877 5478 91

219 5509 413 5578 praecedentes
432 5527 473 5580 ep.
487 5509 548 5564 VH
562 5510 706 5565 lectalecta
725 5511 770 5566 sit.
857 5513 884 5576 2)
902 5511 985 5564 11999
1001 5525 1058 5563 esse
1075 5509 1209 5562 eredimus
1228 5509 1401 5562 Guillclmnm
1417 5509 1538 5578 Nigrum
1553 5505 1739 5576 Embrlacam,
1760 5511 1878 5564 9119999

224 5596 376 5664 legatorum
393 5595 573 5650 1999999199
591 5597 639 5665 qui
659 5598 760 5664 foedus
778 5598 1019 5670 19199199999999
1039 5602 1064 5650 91
1082 5593 1317 5649 1999199119999
1337 5611 1363 5648 a.
1385 5598 1465 5661 1238,
1483 5595 1554 5648 Neu.
1574 5599 1612 5648 30
1629 5595 1768 5664 fecerunt·
1789 5598 1825 5664 cs.
1845 5597 1878 5652 de

146 5701 172 5744 aa
224 5681 314 5736 eedem
332 5687 404 5736 Ana.
423 5685 484 5738 Ian.
502 5699 528 5740 9.
546 5687 628 5748 1210,
647 5683 695 5742 SS.
713 5687 731 5739 t.
749 5685 867 5752 XVIII,
881 5701 910 5758 p.
930 5687 989 5741 192.
