4596 6406
791 389 989 446 EPISTOLAE
1006 390 1194 446 SELEC'FAE.
1228 392 1302 444 1238.
1809 397 1871 458 623

225 561 438 648 irreparabile
473 585 685 652 personarum
718 573 751 629 et
785 587 891 629 rerum
925 565 1072 629 imminet
1099 565 1343 646 detrimentum,
1382 565 1479 629 immo
1509 565 1672 630 universis
1703 567 1871 631 catholicis

229 666 375 730 confusio
401 673 433 731 et
456 668 666 753 opprobrium
692 671 936 756 sempiternum.
981 669 1067 742 Quia
1089 690 1166 734 vero
1190 671 1286 734 nimis
1310 678 1400 734 esset
1431 691 1494 734 nou
1523 671 1628 734 solum
1657 672 1791 758 impium
1822 679 1872 735 set

226 770 325 834 etiam
358 770 587 846 inhumanum,
620 775 646 836 si
669 775 824 858 reliquias
846 773 1057 854 Latinorum,
1089 795 1151 858 que
1175 781 1402 838 remanserunt
1425 773 1556 853 ibidem,
1580 775 1621 839 ab
1645 775 1785 840 inimicis
1808 775 1872 840 Dei

227 885 259 942 et
276 878 415 941 ecclesie
433 877 549 962 perire,
573 875 648 940 dum
665 885 758 962 potes
775 899 975 956 succurrere,
998 879 1168 964 patereris,
1193 878 1365 963 presertim
1385 899 1456 943 cum
1474 878 1670 942 excellentie
1694 880 1872 967 imperialis

226 982 354 1056 intersit
378 980 562 1044 huiusmodi
586 981 800 1066 superborum
824 981 995 1046 humiliare
1021 981 1216 1067 superbiam,
1249 982 1302 1066 qui
1327 989 1439 1046 contra
1462 981 1568 1046 Deum
1593 981 1817 1069 principaliter
1840 991 1873 1048 et

224 1083 406 1148 Romanam
447 1085 619 1150 ecelesiam
660 1087 848 1151 calcaneum
886 1086 1137 1172 dampnabiliter
1173 1092 1365 1151 erexerunt:
1407 1087 1610 1172 imperialem
1645 1087 1872 1152 celsitudinem

226 1208 392 1272 regamus,
426 1209 596 1253 monemus
631 1195 665 1254 et
686 1187 854 1254 hortamur
877 1191 1050 1270 attentius,
1081 1189 1268 1254 adiurantes
1292 1211 1352 1276 per
1373 1189 1538 1255 domiuum
1562 1190 1672 1255 Iesum
1697 1190 1872 1274 Christum,

227 1293 379 1376 quatinus
404 1291 526 1357 Christi
548 1292 711 1372 fidelibus,
735 1295 790 1377 qui
814 1293 968 1358 divinitus
991 1294 1138 1380 inspirati
1162 1293 1204 1358 ad
1227 1295 1510 1358 commonitionem
1538 1302 1682 1360 nostram
1706 1304 1873 1384 assumpto

226 1395 354 1460 vivifice
391 1397 495 1462 crucis
531 1398 623 1482 signo
660 1419 695 1462 se
724 1404 837 1462 contra
861 1398 1025 1484 predictos
1049 1399 1253 1464 scismaticos
1277 1405 1310 1463 et
1332 1399 1495 1464 hereticos
1519 1400 1552 1462 in
1576 1399 1723 1465 ciusdem
1746 1401 1874 1488 imperii

227 1498 408 1564 subsidium
444 1502 696 1586 magnanimiter
730 1502 952 1581 accinxerunt,
989 1507 1021 1567 te
1052 1502 1264 1566 favorabilem
1298 1501 1475 1582 exhibens,
1511 1504 1559 1569 eis
1597 1511 1664 1568 tam
1694 1505 1727 1568 in
1758 1527 1873 1572 securo

226 1602 398 1684 conductu,
423 1605 450 1668 si
468 1627 549 1691 opus
567 1605 675 1684 fuerit,
699 1627 794 1690 quarn
811 1606 892 1669 alias
908 1606 1001 1669 iuxta
1016 1605 1275 1690 magnitudinem
1298 1612 1387 1671 tuam
1410 1614 1563 1692 tanquam
1587 1609 1738 1695 princeps
1761 1609 1874 1674 cathe-

225 1709 309 1773 licus
332 1707 502 1795 impendas
527 1708 708 1787 consilium,
732 1709 890 1772 auxilium
912 1717 944 1773 et
967 1710 1126 1780 favorem;
1161 1708 1202 1772 ad
1234 1708 1320 1794 quod
1347 1711 1464 1774 melius
1494 1718 1528 1776 ct
1555 1710 1719 1776 efficacius
1743 1733 1873 1799 premo-

226 1811 367 1878 vendum
400 1812 555 1877 dilectum
588 1814 688 1877 filium
725 1814 916 1898 magistrum
953 1813 1147 1898 Gregorium
1180 1813 1414 1879 subdiaconum
1454 1823 1486 1880 et
1524 1816 1685 1880 noterium
1717 1823 1873 1894 uestrum,

227 1918 332 1982 virum
366 1919 479 2002 utique
517 1917 687 2004 providum
725 1926 758 1983 et
790 1926 974 2003 expertum,
1022 1917 1063 1981 ad
1097 1925 1185 1981 tuam
1217 1918 1419 2003 presentiam
1449 1919 1600 1984 duximus
1634 1918 1873 2000 destinandum,

229 2005 384 2106 rogantes
419 2023 574 2086 attentius
609 2028 646 2086 ut
678 2023 786 2107 ipsum
820 2022 915 2085 oculo
949 2042 1065 2085 sereno
1102 2022 1295 2107 respiciens,
1330 2023 1400 2086 eius
1438 2023 1583 2104 monitis,
1622 2025 1719 2088 immo
1754 2023 1873 2088 nostris

226 2127 336 2213 potius
371 2126 577 2211 acquiescas,
611 2132 645 2189 et
677 2147 740 2210 que
770 2125 829 2188 tibi
853 2147 895 2189 ex
918 2132 1010 2212 parte
1034 2133 1147 2189 nostra
1169 2125 1299 2206 dixerit,
1323 2126 1457 2192 credere
1479 2149 1517 2192 ac
1541 2127 1719 2192 efficaciter
1741 2127 1873 2192 studeas

227 2228 419 2316 adimplere.

334 2349 413 2417 Dat.
436 2349 589 2416 Lateran.
613 2349 684 2414 IIII
707 2349 785 2415 Idus
809 2349 929 2429 Martii,
953 2369 1038 2414 anno
1061 2349 1244 2416 undecimo.

1004 2889 1089 2964 7e5.

335 3000 526 3115 Greporius
548 3031 604 3096 IX
620 3051 710 3110 papa
724 3031 888 3096 Frater-ico
904 3031 1118 3095 Rorruraerum
1142 3031 1325 3111 irrrpcratori
1346 3030 1461 3107 scribit,
1484 3051 1579 3110 quara
1600 3033 1692 3096 errrr'rs¹
1714 3034 1875 3098 emartihes

228 3141 341 3204 articus
360 3137 471 3222 feccrit,
493 3141 529 3200 ut
553 3136 689 3201 Graecos
711 3133 920 3198 schismaticos
941 3134 985 3198 art
1005 3136 1157 3199 unitatem
1180 3134 1360 3199 catholicam
1383 3133 1548 3211 reduceret,
1571 3155 1699 3216 cunque
1720 3141 1817 3219 repat,
1840 3143 1875 3202 ut

227 3242 464 3325 crucesignatis,
499 3260 563 3304 cea
591 3245 654 3304 tam
679 3259 741 3320 pre
769 3239 907 3304 subsidio
934 3240 1059 3320 irnperii
1084 3238 1426 3319 constantinopolitana
1448 3259 1542 3319 quam
1560 3258 1620 3319 pre
1639 3239 1702 3320 lide
1723 3240 1874 3306 catholiea

227 3346 422 3432 defelldeadu
444 3345 598 3422 (iacinctis,
622 3343 753 3408 liberem
775 3344 945 3408 transitum
966 3364 1022 3424 per
1044 3347 1161 3408 terram
1183 3361 1273 3405 suurn
1295 3339 1466 3424 iadutpeat.

1492 3448 1586 3523 1238,
1609 3444 1711 3510 Mart.
1735 3452 1785 3512 17.

334 3571 413 3636 Grep.
434 3569 484 3622 IX
501 3568 568 3636 Rep.
590 3568 648 3623 Vel.
671 3567 702 3632 V,
722 3572 788 3635 361;
807 3568 869 3622 Lib.
889 3568 943 3636 XI,
961 3570 1022 3622 413.
1058 3566 1164 3621 Pertrii
1189 3566 1329 3635 exscriptas·
1350 3564 1537 3636 supplevimus
1560 3582 1594 3618 ar
1612 3564 1706 3636 Rapa.
1723 3567 1796 3620 Ana.
1814 3569 1875 3621 ecel.

229 3676 256 3712 a.
276 3661 356 3719 1:33⁸,
374 3660 390 3720 9¹
408 3660 453 3709 25.

332 3761 467 3828 Petttreat,
487 3759 555 3829 ch.
574 3763 672 3813 10542.

408 3975 647 4063 Friderico,
675 3973 975 4047 Romanorum
1002 3971 1260 4064 imperatori
1286 3990 1460 4061 semper
1486 3973 1694 4061 auguste,

660 4096 897 4168 Ierusalem
925 4100 967 4169 et
993 4094 1138 4168 Sicilie
1167 4094 1260 4184 regi
1285 4092 1460 4165 illustri.

339 4263 594 4328 Considerantes
631 4264 708 4348 olim
742 4261 828 4348 quod
863 4261 1042 4326 Grecorum
1077 4259 1219 4325 eeclesia
1252 4259 1293 4324 ab
1331 4257 1519 4322 obedientia
1540 4257 1652 4322 matris
1681 4279 1750 4336 suc,
1786 4260 1874 4325 sedis

173 4397 175 4402 ·
233 4370 425 4456 apostolice,
445 4375 596 4456 separata
613 4390 655 4432 cx
679 4388 719 4432 eo
744 4368 840 4431 vitam
864 4365 1037 4431 videbatur
1059 4365 1209 4428 amittere
1233 4360 1392 4428 catholice
1415 4360 1502 4442 fidei,
1525 4360 1610 4446 quod
1633 4382 1654 4424 a
1675 4363 1781 4448 capite
1804 4387 1874 4444 suo,

231 4474 372 4538 ccclesia
389 4475 515 4538 scilicet
527 4473 686 4552 Romana,
711 4472 744 4534 in
761 4493 824 4558 qua
835 4470 998 4535 Dominus
1014 4468 1091 4533 fidei
1114 4474 1147 4533 et
1163 4468 1263 4532 totius
1284 4473 1388 4530 status
1412 4465 1627 4530 ecelesiastici
1650 4467 1874 4551 magisterium

230 4579 349 4664 posuit,
373 4601 438 4642 non
462 4579 569 4643 timuit
593 4577 776 4662 segregari,
801 4577 877 4661 quia
898 4596 959 4640 nee
981 4595 1092 4637 ramus
1115 4573 1204 4649 vivit,
1229 4572 1283 4656 qui
1306 4593 1325 4635 a
1346 4570 1456 4635 radice
1473 4571 1664 4655 seiungitur,
1688 4593 1749 4636 nec
1771 4595 1873 4638 mem-

231 4681 324 4745 brum
349 4683 449 4746 vitam
473 4683 602 4760 retinet,
626 4678 711 4765 quod
735 4702 754 4743 a
778 4699 911 4760 corpore
936 4685 1117 4763 separatur,
1143 4675 1389 4740 considerantes
1406 4673 1582 4760 quodcum
1599 4676 1876 4762 ecclesiasponsa

233 4784 355 4850 Christi
379 4787 421 4850 sit
443 4785 549 4864 unica,
572 4808 635 4871 que
659 4787 692 4850 in
716 4785 813 4850 beato
827 4785 926 4848 Petro
950 4783 1171 4869 apostolomm
1195 4779 1340 4867 principe
1364 4800 1429 4844 non
1452 4779 1621 4845 dubitatur
1643 4802 1716 4845 esse
1731 4781 1875 4862 fundata,

233 4889 380 4974 quisquis
404 4889 501 4953 aliam
526 4890 700 4954 ecclesiam
724 4897 819 4952 extra
842 4889 938 4952 istam
963 4886 1131 4952 constituit
1154 4907 1213 4950 seu
1237 4883 1340 4948 credit
1362 4904 1460 4969 posse
1483 4883 1648 4961 constitui,
1676 4893 1800 4950 certum
1825 4895 1875 4950 est

231 5013 305 5056 eum
329 5013 348 5055 a
371 4991 438 5056 rita
462 5013 537 5056 rere
561 4992 637 5057 lidei
661 4992 694 5056 in
717 4998 854 5056 mortem
878 4989 1006 5055 heresis
1030 4987 1191 5074 separari:
1222 4985 1358 5072 provida
1373 4984 1610 5050 deliberatione
1632 4987 1809 5068 timuimus,
1832 5011 1873 5054 ue

231 5094 308 5159 dieti
326 5094 434 5174 Greci,
459 5117 539 5180 quos
562 5095 603 5160 ab
621 5097 762 5160 ccclesia
776 5095 840 5160 Dei
863 5093 1095 5179 transportavit
1118 5092 1152 5155 in
1175 5111 1376 5176 synagogam
1399 5089 1535 5152 sathane
1558 5089 1677 5164 alluvio
1702 5091 1874 5167 scismatis,

230 5199 354 5285 impetu
378 5198 530 5263 torrentis
559 5199 667 5264 obruti
689 5200 722 5263 in
754 5199 907 5284 abyssum
937 5196 1211 5285 precipitarentur
1236 5193 1381 5259 heretice
1404 5192 1585 5278 pravitatis.
1630 5192 1769 5280 Propter
1790 5196 1875 5280 quod

231 5302 385 5387 exemplo
418 5301 535 5366 summi
569 5305 709 5389 pastoris
748 5325 841 5367 ovem
881 5301 1041 5388 perditam
1081 5299 1122 5363 ad
1159 5299 1244 5364 ovile
1279 5297 1485 5362 Dominicum
1524 5297 1663 5384 propriis
1703 5298 1873 5385 cupientes
1895 5329 1948 5372 nuc.
1964 5337 2017 5382 Μ,

153 5427 180 5466 so
232 5405 376 5470 humeris
400 5413 578 5491 reportare,
607 5405 650 5474 ad
670 5405 862 5486 Vatacium‚
893 5405 1015 5472 dictum
1046 5401 1265 5490 patriarcham
1287 5401 1483 5481 Nicenurn¹‚
1514 5402 1658 5487 prelatos
1689 5409 1723 5466 et
1753 5403 1876 5468 elerum

337 5582 528 5588 --—-—.-—-----
536 5583 848 5590 ..-...——..t-.-.—m--—-—-—--
864 5583 980 5590 ..μ-...η
992 5578 1136 5586 -.....-·---.—.
1144 5579 1155 5582 -
1166 5575 1244 5582 ’.-
1581 5577 1713 5582 .--—----
1724 5577 1749 5582 --
1757 5577 1764 5582 .

335 5701 361 5768 1)
382 5698 554 5754 Germeuura.
