4538 6426
430 384 449 446 8
1018 379 1065 434 EX
1083 376 1241 434 HCNORII
1259 376 1299 430 lll
1317 375 1498 430 REGISTRO

427 554 460 618 in
482 575 581 618 manu
613 553 689 618 forti
719 561 752 618 et
779 559 915 618 extento
949 552 1084 617 brachio
1112 552 1245 616 dimicet
1279 557 1391 615 contra
1422 548 1534 616 hostes
1570 549 1611 614 ad
1640 550 1826 616 faciendum
1853 550 2012 615 vindictas
2049 548 2083 612 in

427 657 615 722 nationibus
638 656 913 742 blasphemorum,
938 657 993 741 qui
1008 656 1189 720 Ierusalem
1205 660 1348 718 nostram
1365 652 1521 738 inclytam
1538 652 1703 717 civitatem
1720 654 1754 717 in
1769 654 1881 740 populi
1906 653 2084 719 Christiani

427 759 639 846 opprobrium
663 781 780 824 suase
803 761 925 824 iactant
948 757 1095 824 detinere
1119 757 1308 822 fortitudine
1340 763 1541 841 occupatam.
1579 756 1738 821 Videntes
1754 757 1864 842 itaquo
1880 757 1945 823 Dei
1967 764 2083 844 poten-

427 865 506 928 tiam
527 863 722 944 venientem,
746 884 861 927 vocem
884 863 1072 928 extollimus
1096 869 1129 926 et
1152 863 1345 939 clamamus,
1375 865 1412 923 ut
1436 859 1541 923 eidem
1566 858 1695 922 obviam
1718 861 1905 942 occurratis,
1930 863 2082 947 quoniam

426 967 491 1031 etsi
512 967 572 1031 filii
594 967 694 1031 alieni
717 965 758 1031 ad
780 974 909 1052 tempus
934 970 1176 1051 occupaverunt
1206 964 1276 1028 eius
1305 983 1442 1048 regnum
1465 962 1673 1048 exigentibus
1703 965 1807 1051 culpis
1836 966 1973 1046 nostris,
2007 965 2079 1050 ipse
2135 982 2147 1020 ⁶

427 1077 537 1136 tamen
560 1076 611 1136 est
644 1070 678 1135 in
705 1070 889 1135 Israelitico
927 1070 1048 1156 populo
1084 1073 1280 1152 regnaturus
1320 1067 1376 1151 qui
1413 1073 1525 1130 nostra
1556 1067 1691 1131 crimina
1718 1069 1877 1153 sanguine
1907 1089 1965 1133 suo
1994 1067 2085 1132 lavit.

427 1172 504 1238 Fuit
527 1173 614 1238 enim
636 1173 795 1238 hactenus
818 1173 1034 1259 dispositione
1061 1170 1197 1257 provida
1220 1167 1420 1252 ordinatum,
1451 1177 1488 1233 ut
1515 1167 1591 1234 dum
1620 1170 1684 1235 iter
1705 1171 1979 1257 peregrinationis
2002 1171 2085 1236 arri-

427 1297 506 1361 pere
530 1276 828 1362 crucesignatorum
853 1277 1017 1342 exercitus
1040 1274 1255 1354 retardarent,
1278 1295 1389 1353 naves,
1412 1293 1503 1337 arma
1526 1281 1558 1338 et
1581 1275 1646 1339 alia
1668 1276 1857 1340 necessaria
1881 1282 2085 1361 pararentur,

429 1379 487 1444 sed
511 1400 588 1444 ecce
611 1379 662 1443 his
687 1380 838 1446 omnibus
862 1401 920 1465 pro
943 1378 1059 1442 maiori
1082 1383 1174 1463 parte
1199 1375 1320 1462 paratis
1344 1376 1578 1440 transfretandi
1606 1379 1765 1444 terminus
1789 1380 2028 1464 appropinquat
2051 1379 2085 1442 in

429 1505 521 1547 sacro
545 1483 693 1567 generali
716 1483 853 1547 concilio
877 1483 1085 1562 constitutus,
1109 1480 1165 1566 qui
1187 1501 1251 1544 non
1271 1479 1370 1544 debet
1388 1481 1527 1565 amplius
1547 1483 1723 1566 prorogari.
1759 1481 1821 1546 Eia
1838 1483 1946 1567 igitur,
1964 1482 2083 1546 sumite
2140 1497 2164 1535 10
2244 1517 2247 1522 ·

428 1606 529 1663 arma,
552 1585 624 1666 viri,
648 1585 754 1650 acuite
777 1583 913 1670 gladios,
937 1585 1090 1648 festinate
1112 1583 1235 1646 milites
1251 1582 1329 1646 Iesu
1351 1581 1484 1662 Christi,
1507 1589 1543 1646 ut
1563 1584 1758 1649 adveniente
1774 1591 1922 1670 ternpore
1939 1585 2085 1670 passagii

428 1688 592 1773 generalis
616 1689 650 1752 in
672 1687 800 1774 prefato
824 1689 961 1753 concilio
986 1687 1158 1766 denotato,
1193 1685 1302 1748 divino
1332 1686 1508 1750 comitante
1539 1688 1662 1752 auxilio
1686 1688 1920 1762 transfretetis,
1947 1693 1981 1752 et
2009 1708 2086 1751 con-

427 1797 564 1876 gregato
588 1792 736 1856 exercitu
766 1791 949 1876 sequamini
973 1811 1085 1875 regem
1109 1789 1182 1870 coli,
1217 1789 1309 1852 cuius
1337 1809 1396 1852 vos
1420 1788 1578 1874 obsequio
1607 1789 1806 1867 devovistis,
1839 1790 1978 1855 firmiter
2006 1812 2083 1855 con-

283 1912 359 1955 rorem.
374 1915 414 1964 aa.
428 1893 576 1974 fidentes,
594 1893 675 1980 'quia
697 1895 783 1980 ipse,
807 1894 861 1980 qui
885 1915 979 1958 suum
1003 1893 1149 1958 traduxit
1171 1891 1327 1977 populum
1351 1913 1409 1976 per
1439 1890 1622 1972 desertum,
1656 1895 1763 1958 salvos
1792 1892 1906 1959 reddet
1934 1893 2084 1959 homines

429 2003 462 2061 et
492 1997 651 2078 iumenta,
685 2005 719 2062 et
740 2019 816 2077 vos,
850 1998 878 2060 si
917 2017 993 2061 ennr
1027 1997 1131 2060 secuti
1170 1994 1298 2059 fueritis
1333 2015 1413 2080 puro
1448 1995 1561 2074 corde,
1596 2018 1660 2060 nou
1692 2000 1798 2061 solum
1838 1998 1936 2062 faciet
1969 1998 2083 2061 trium·
2139 2013 2163 2049 ¹⁵

427 2098 540 2184 phare,
563 2121 678 2164 verum
708 2101 808 2165 etiam
835 2101 926 2184 regio
951 2099 1122 2165 coronabit
1144 2096 1330 2163 diademate
1365 2103 1439 2182 post
1462 2098 1670 2183 triumphum.
1721 2099 1775 2164 Ad
1802 2100 1960 2165 heccum
1982 2121 2083 2164 vene-

428 2203 524 2266 rabili
556 2201 647 2267 fratri
681 2209 792 2268 nostro
823 2203 964 2268 Tureusi
1003 2202 1273 2286 archiepiscopol
1307 2198 1493 2266 dederimus
1527 2203 1561 2265 in
1594 2203 1770 2284 mandatis,
1801 2210 1837 2268 ut
1878 2225 1936 2269 vos
1976 2203 2018 2267 ad
2052 2203 2086 2267 id

427 2312 560 2370 moneat
581 2312 615 2371 et
637 2307 779 2389 inducat,
802 2307 1009 2371 universitati
1027 2312 1134 2371 vestre
1158 2325 1217 2390 per
1232 2304 1412 2388 apostolica
1436 2304 1558 2390 scripta
1583 2306 1784 2388 mandamus,
1809 2307 1960 2392 quatinus
1978 2306 2086 2372 eidem

429 2409 610 2495 predicanti
632 2410 767 2474 verbum
783 2409 916 2474 Domini
938 2432 997 2497 pro
1022 2431 1176 2474 succursu
1197 2407 1299 2472 Terre
1322 2407 1442 2472 Sancte
1467 2415 1631 2494 tamquam
1652 2410 1740 2476 fideli
1763 2411 1882 2475 nuncio
1905 2409 2023 2475 devote
2047 2431 2086 2474 ac

429 2512 594 2577 humiliter
615 2511 803 2576 intendatis.
2138 2527 2164 2565 ‘20

536 2613 612 2679 Dat.
635 2614 740 2680 Rome
763 2617 851 2703 apud
874 2616 1029 2681 Sanctum
1052 2614 1198 2694 Petrum,
1221 2613 1305 2678 Non.
1331 2612 1490 2678 Decemb.
1514 2615 1723 2700 pontificatus
1741 2616 1844 2682 nostri
1866 2636 1952 2680 anuo
1968 2615 2084 2700 primo.

535 2783 575 2848 In
609 2786 750 2852 eundem
783 2788 913 2852 modum
948 2786 1219 2872 archiepiscopis,
1257 2786 1438 2872 episcopis,
1477 2787 1652 2852 abbatibus
1688 2794 1722 2851 et
1762 2788 1835 2852 aliis
1871 2786 2084 2852 ecclesiarum

430 2888 576 2973 prelatis,
599 2890 812 2977 principibus,
835 2892 1013 2956 baronibus
1037 2897 1070 2956 et
1092 2890 1245 2954 universo
1268 2890 1390 2974 populo
1413 2911 1472 2974 per
1494 2889 1690 2955 Teutoniam
1714 2891 1901 2955 constituto.

1236 3271 1293 3342 10.

543 3370 611 3462 Η
604 3403 732 3467 onor-ias
749 3401 815 3466 ΠΙ
829 3423 915 3483 papo
931 3401 1164 3466 Beneuentanis
1186 3420 1278 3464 suam
1300 3420 1374 3482 erpa
1396 3401 1552 3463 ciuitatem
1573 3422 1678 3465 eorum
1700 3402 1925 3467 berrcoolcatiac
1946 3403 2086 3466 studium

427 3507 599 3587 profitetur.
1749 3510 1843 3585 1216,
1866 3508 1940 3573 Dec.
1965 3507 1993 3571 5.
2136 3537 2162 3575 a

534 3623 609 3678 Hoc.
628 3625 685 3678 ΙΙΙ
700 3625 767 3695 ch.
786 3624 848 3677 Lib.
867 3623 893 3690 I,
912 3628 957 3676 93.
996 3622 1114 3676 Edirrrus
1133 3640 1166 3676 aa
1185 3623 1277 3692 Rapa.
1295 3623 1366 3676 Aac.
1386 3623 1451 3676 eccl.
1471 3640 1496 3676 a.
1517 3628 1591 3684 1216,
1609 3628 1626 3689 §
1643 3629 1689 3678 28.

534 3709 672 3774 ΡοιιΙιαεί,
690 3709 756 3777 Rea,
775 3709 847 3764 auu.
866 3709 891 3774 I,
911 3711 1139 3762 trata-moer.

1091 3885 1427 3960 Beneventanis.

541 4033 623 4098 Cum
646 4054 712 4096 non
743 4032 848 4117 possit
876 4040 980 4098 mater
1008 4035 1157 4100 oblivisci
1187 4036 1246 4100 filii
1267 4036 1355 4114 uteri
1378 4035 1444 4115 sui,
1473 4056 1549 4114 uos,
1578 4035 1634 4119 qui
1662 4040 1782 4098 statum
1811 4034 1952 4098 civitatis
1976 4041 2084 4098 vestre

432 4137 580 4223 cupimus
613 4134 817 4222 prosperari,
849 4141 1003 4220 tanquam
1037 4139 1121 4203 filios
1154 4160 1213 4202 vos
1242 4139 1408 4224 diligimus
1438 4138 1600 4224 speciales
1624 4144 1657 4202 et
1680 4139 1713 4200 in
1736 4137 1916 4202 visceribus
1940 4137 2084 4220 gerimus
2137 4156 2165 4194 co

431 4239 509 4304 Iesu
533 4238 670 4314 Christi,
701 4237 816 4302 dantes
847 4259 981 4324 operam
1009 4242 1195 4322 efficacem,
1230 4249 1266 4306 ut
1295 4243 1411 4306 civitas
1441 4248 1552 4306 vestra
1575 4239 1767 4305 desiderata
1789 4262 1879 4326 paco
1903 4239 2088 4325 respirate

432 4340 573 4406 assiduis
596 4339 746 4426 proficiat
769 4341 995 4424 incrementis,
1020 4368 1081 4431 que
1106 4346 1267 4410 continuis
1290 4344 1574 4410 molestationibus
1599 4351 1650 4408 cst
1673 4344 1804 4408 afflicta.

540 4442 616 4507 Dat.
639 4441 743 4508 Romo
766 4442 853 4530 apud
876 4444 1032 4512 Sanctum
1055 4447 1199 4529 Petrum,
1220 4448 1305 4513 Non.
1321 4447 1480 4514 Decemb.
1505 4449 1714 4535 pontificatus
1737 4449 1840 4513 nostri
1863 4469 1947 4512 anno
1967 4447 2085 4532 primo.

1235 4833 1292 4906 11.

542 4927 730 5022 Honorius
760 4955 826 5020 ΙΙΙ
848 4977 939 5038 papo
969 4959 1155 5044 [Andreae]
1186 4961 1342 5044 Prapccsi
1378 4965 1406 5026 ct
1439 4961 1608 5046 [Robcrto]
1644 4963 1838 5028 olomucensi
1870 4963 2021 5043 episcopis
2054 4965 2085 5026 et

435 5055 620 5142 [Gotfrido]
636 5059 816 5139 praeposito
837 5058 1063 5142 Rattspoacasc'
1083 5063 1192 5128 scribit
1213 5063 1250 5129 dc
1268 5064 1476 5149 Tlhcobaldo]
1493 5064 1662 5149 O[tulcuri]
1680 5065 1851 5130 Rohcmioc
1873 5066 1955 5148 repis
1979 5069 2086 5146 nepotc
2138 5107 2165 5145 3,

435 5159 491 5241 qui
513 5180 601 5225 mccc
621 5161 772 5244 emacitas,
795 5165 862 5226 voto
883 5181 939 5227 sua
961 5164 1072 5229 omisso
1094 5165 1248 5247 quoddam
1269 5171 1406 5233 castrum
1422 5167 1595 5248 proditorie
1613 5172 1822 5249 occupaverat.

1729 5273 1822 5350 1217,
1846 5272 1922 5336 Ian.
1946 5273 1997 5335 18.

535 5349 608 5403 Hoc.
627 5348 686 5402 111
701 5348 771 5419 ch.
795 5348 852 5404 Vol.
870 5350 896 5416 I,
914 5354 964 5413 44‚·
982 5353 1046 5407 Lib.
1064 5353 1165 5419 I,180.

536 5433 675 5502 Potttast,
694 5433 763 5503 ch.
783 5439 860 5490 5421.

537 5675 564 5746 1)
584 5673 691 5730 Sicuoni
710 5674 827 5746 Tyrcnar'
844 5677 1060 5750 arclrtepiscopo,
1079 5681 1246 5751 apostoticae
1264 5680 1340 5736 sedis
1358 5680 1454 5750 leuato.
