4576 6390
761 400 962 466 hrtsroush
979 402 1169 464 suasores
1207 403 1283 464 1233.
1787 403 1849 472 435

193 577 357 649 hereticos
388 578 596 672 predicantes
626 582 780 649 continue
808 582 945 648 verbum
979 583 1100 664 crucis,
1136 581 1284 648 subditos
1313 587 1459 662 vestros,
1490 588 1558 644 tam
1586 580 1722 646 clericos
1752 602 1849 668 qnam

193 689 311 767 laicos,
344 688 468 754 crebris
490 687 725 752 monitionibus
750 694 783 753 et
806 687 930 753 sedulis
953 686 1235 754 exhortationibus
1259 685 1437 752 efficaciter
1459 683 1636 765 inducatis,
1666 689 1703 750 ut
1725 685 1753 749 si
1776 685 1847 770 quis

193 789 260 856 Dei
287 797 356 872 cst,
386 791 499 876 iungat
528 812 563 856 se
593 790 686 855 vobis
718 797 752 856 et
779 799 880 878 ponat
909 791 1055 878 gladium
1078 813 1178 879 super
1200 791 1306 856 lemur
1327 788 1369 853 ad
1391 786 1596 854 ulciscendas
1619 786 1686 854 Dei
1707 787 1847 853 virentis
1866 801 1936 845 thod-
1954 805 2022 854 sast-

193 894 329 960 iniurias
352 901 418 960 tarn
443 902 582 974 atroces,
605 900 642 959 ut
657 895 837 961 auxiliante
853 894 996 962 Domino
1020 897 1232 962 eliminentur
1254 893 1295 959 de
1318 893 1440 979 templo
1456 890 1573 978 perfidi
1596 897 1631 957 et
1652 890 1848 957 fermentum
1867 911 1885 950 1.
1900 903 1949 948 eor.
1963 909 2005 957 sc.

196 997 341 1063 heretice
364 999 534 1084 pravitatis
558 997 598 1064 de
626 1019 735 1063 messa
761 999 1005 1085 conspersionis
1028 999 1201 1065 Dominice
1231 996 1407 1063 salubriter
1435 1002 1653 1082 expurgetur,
1687 996 1734 1060 ita
1763 995 1849 1082 quod

194 1101 356 1188 premisse
379 1102 583 1189 indulgentie
605 1103 783 1190 participes
807 1123 882 1168 esse
904 1103 1033 1190 possint
1056 1110 1090 1169 ct
1119 1105 1153 1168 in
1176 1100 1391 1169 retributione
1415 1099 1574 1165 iustorum
1597 1099 1713 1164 salutis
1736 1107 1850 1166 eterne

195 1211 438 1290 consequantur
459 1213 681 1292 augmentum.

302 1324 379 1390 Det.
401 1326 556 1395 Lateran.
577 1325 695 1391 XVIII
717 1325 791 1392 Kal.
814 1324 902 1407 Iulii,
925 1346 1011 1392 anno
1035 1327 1186 1414 septimo.

993 1549 1056 1616 III.

300 1675 532 1765 Frideric0,
560 1674 721 1750 illustri
748 1676 1043 1751 Romanorum
1068 1678 1322 1770 imperatori
1350 1697 1520 1770 semper
1547 1680 1747 1770 auguste,

719 1797 956 1872 Ierusalem
983 1804 1026 1872 et
1052 1799 1199 1873 Sicilie
1226 1799 1325 1892 regi.

282 1942 359 2008 Vox
392 1943 426 2008 in
459 1943 564 2009 Rama
599 1951 661 2011 etc.
695 1952 731 2010 ut
763 1967 862 2033 supra
893 1968 1012 2033 usque:
1048 1947 1083 2011 in
1114 1947 1216 2013 Terre
1252 1946 1371 2013 Sancte
1405 1947 1588 2013 subsidium
1621 1945 1852 2013 conceduntur.

195 2046 340 2132 Ideoque
363 2048 567 2135 imperialem
583 2050 815 2115 excellentiam
837 2050 1017 2118 affectuose
1040 2072 1194 2137 rogamus
1218 2059 1251 2118 ct
1274 2073 1294 2116 a
1315 2059 1348 2118 te
1371 2053 1533 2117 instanter
1548 2051 1769 2138 exposcimus,
1792 2049 1851 2114 ob-

197 2157 364 2216 secrantes
395 2173 455 2238 per
476 2152 609 2218 Patrem
638 2159 672 2217 et
693 2153 815 2218 Filium
845 2161 879 2219 et
910 2153 1068 2241 Spiritum
1101 2163 1249 2220 sanctum
1282 2162 1316 2221 et
1341 2177 1402 2242 per
1430 2154 1656 2241 aspersionem
1683 2152 1852 2239 sanguinis

197 2254 369 2339 crucifixi,
398 2264 450 2338 ut,
481 2257 566 2321 siout
595 2258 739 2342 reputari
770 2257 862 2344 cupis
887 2264 921 2323 et
943 2257 1059 2324 haberi
1080 2258 1205 2342 fidelis,
1236 2259 1271 2324 in
1294 2257 1485 2324 defensione
1508 2258 1585 2322 fidei
1609 2263 1642 2323 et
1663 2254 1855 2322 ulciscenda

197 2366 289 2425 tanta
311 2360 429 2425 iniuria
449 2358 528 2425 Iesu
552 2360 692 2441 Christi,
716 2362 771 2447 qui
793 2383 852 2448 pro
878 2369 911 2427 te
934 2363 1004 2449 pati
1025 2363 1129 2428 voluit
1152 2371 1185 2429 et
1207 2363 1327 2448 occidi,
1349 2385 1415 2428 nou
1438 2362 1580 2428 dormias
1603 2383 1665 2428 nec
1687 2360 1853 2442 dormites,

197 2471 248 2529 set
281 2485 446 2550 exurgens
482 2463 523 2528 ad
555 2465 800 2531 internitionem
832 2467 975 2532 nationis
1009 2489 1110 2554 prave
1143 2475 1241 2555 etque
1276 2490 1446 2556 perverse,
1478 2489 1541 2554 que
1571 2467 1683 2532 multis
1717 2466 1854 2531 insultat

197 2567 381 2654 opprobriis
412 2567 486 2633 Deo
513 2568 653 2651 viventi,
687 2570 851 2635 universis
881 2577 915 2636 et
944 2571 1082 2656 singulis
1110 2573 1315 2659 principibus
1345 2579 1379 2638 et
1411 2571 1485 2636 aliis
1516 2570 1669 2638 fidelibus
1699 2569 1765 2634 tuis
1792 2591 1853 2656 per

197 2671 403 2736 Alamaniam
427 2672 612 2736 constitutis
635 2679 702 2737 tem
725 2672 891 2750 ferventer
914 2673 1037 2738 scribes
1061 2680 1095 2740 et
1116 2675 1281 2762 precipias
1304 2682 1371 2740 tam
1394 2674 1558 2754 ardenter,
1580 2679 1618 2739 ut
1640 2673 1669 2739 si
1691 2674 1764 2761 quis
1786 2672 1852 2740 Dei
1869 2692 1940 2738 axos
1958 2696 2025 2746 aare

197 2781 264 2855 est,
298 2780 401 2862 ponat
433 2774 580 2860 gladium
614 2797 713 2862 super
746 2775 853 2842 femur
886 2776 928 2843 ad
958 2778 1154 2844 fermentum
1184 2778 1332 2844 heretice
1362 2779 1532 2866 prauitatis
1563 2776 1605 2844 de
1634 2798 1743 2843 massa
1772 2797 1851 2842 con·
1870 2803 1889 2844 r.
1903 2796 1952 2839 cor.
1966 2800 2008 2849 ss.

199 2879 378 2966 spersionis
408 2877 582 2944 Dominice
614 2878 790 2945 salubriter
820 2880 1084 2967 expurgandum,
1115 2882 1202 2968 quod
1231 2883 1302 2948 veri
1324 2882 1390 2949 Dei
1421 2883 1581 2948 cultorem
1610 2887 1644 2948 et
1673 2881 1851 2946 zelatorem

198 2983 359 3048 catholice
387 2982 465 3048 fidei
492 2989 525 3048 te
553 2983 718 3048 ostendas.
762 2983 880 3050 Nonne
912 2984 1020 3050 illatas
1050 2985 1111 3050 tibi
1135 2984 1277 3050 offensas
1301 2992 1335 3050 ct
1357 2985 1422 3051 tuis
1444 2986 1632 3069 ulcisceris,
1661 2991 1696 3051 et
1716 2983 1781 3050 Dei
1803 2985 1853 3049 tui

198 3086 379 3152 sustinebis
402 3086 537 3151 iniurias
561 3092 627 3151 tam
650 3092 802 3153 atroces?
847 3086 965 3153 Nonne
988 3087 1030 3152 ed
1050 3087 1253 3154 hereditates
1276 3095 1406 3153 tuorum
1428 3110 1561 3154 manum
1583 3089 1771 3154 invasorum
1795 3108 1855 3152 ex-

198 3191 290 3257 tendi
323 3212 389 3256 non
423 3191 563 3277 pateris,
598 3197 631 3256 ct
663 3190 882 3258 hereditatem
916 3190 1055 3274 Christi,
1092 3193 1249 3279 populum
1281 3191 1437 3259 videlicet
1470 3213 1568 3279 quem
1601 3190 1759 3278 sanguine
1795 3211 1855 3256 suo

198 3292 349 3374 redemit,
372 3294 479 3359 teneri
495 3295 658 3381 captivum
676 3315 695 3358 a
710 3294 841 3360 diabolo
856 3295 1017 3381 patieris?
1051 3294 1195 3383 ‘Pungat
1217 3318 1274 3362 cor
1295 3303 1387 3362 tuum
1409 3297 1457 3361 tui
1473 3296 1672 3362 contumelia
1687 3294 1855 3376 creatoris,

200 3395 358 3462 accendat
380 3401 412 3462 te
436 3397 526 3462 zelus
548 3395 626 3463 fidei
650 3396 852 3480 Christiane,
883 3404 919 3462 ut
950 3399 997 3463 sic
1027 3407 1141 3464 contra
1173 3400 1319 3486 prefatos
1342 3399 1504 3465 hereticos
1532 3398 1740 3480 accendaris,
1771 3395 1858 3484 quod

198 3498 359 3586 premisse
389 3497 593 3585 indulgentie
622 3500 788 3587 particeps
823 3522 897 3568 esse
927 3502 1051 3588 possis,
1086 3508 1120 3568 et
1155 3525 1216 3568 nos
1249 3504 1283 3568 in
1316 3502 1381 3566 tuis
1411 3502 1563 3568 laudibus
1591 3501 1790 3588 gloriantes,
1824 3505 1857 3564 te

198 3603 365 3667 fructuose
387 3622 547 3688 ponamus
571 3604 742 3690 exemplar
764 3610 840 3669 ante
863 3604 983 3670 faciem
1006 3605 1156 3670 aliorum.

285 3720 362 3786 Dat.
385 3720 551 3805 Laterani,
573 3721 626 3786 ΙΠ
647 3721 727 3788 Idus
750 3722 848 3806 Iunii,
871 3746 957 3791 anno
981 3726 1130 3812 septimo.

1001 3949 1062 4017 IV.
1130 3943 1131 3946 '

315 4072 459 4147 Nobili
484 4073 579 4146 viso
607 4072 812 4163 Henric0,
840 4079 946 4148 nato
974 4073 1190 4150 carissimi
1215 4074 1260 4146 in
1292 4073 1465 4147 Christo
1492 4072 1574 4145 filii
1602 4071 1742 4145 nostri

245 4194 486 4284 FrederIci,
513 4194 810 4268 Romanorum
836 4195 1123 4288 Imperatoris
1151 4216 1326 4288 semper
1352 4193 1546 4288 augusti,
1573 4193 1816 4266 Ierusalem

734 4320 776 4390 et
802 4316 949 4391 Sitilie
975 4317 1092 4412 regIs
1118 4316 1321 4392 illustrIs.

309 4465 387 4530 Vox
418 4465 453 4530 in
481 4463 586 4529 Rama
614 4472 677 4532 etc.
706 4471 743 4530 ut
776 4486 876 4552 snpra
908 4487 1029 4553 usqne:
1063 4467 1297 4534 conceduntur.
1349 4466 1495 4551 Ideoque
1530 4465 1738 4530 nobilitatem
1770 4467 1859 4526 tuam

201 4567 382 4634 affectuose
404 4588 559 4654 rogamus
583 4573 617 4634 et
642 4589 663 4632 a
689 4574 722 4634 te
751 4569 913 4634 Instanter
941 4571 1168 4656 exposcImus,
1202 4569 1413 4635 obsecrantes
1443 4587 1504 4654 per
1525 4567 1658 4633 Patrem
1682 4572 1717 4632 et
1737 4565 1859 4632 Filium

203 4677 237 4739 et
260 4670 419 4758 Spiritum
442 4678 589 4738 sanctum
613 4678 648 4737 et
668 4693 728 4758 per
750 4672 976 4759 aspersionem
999 4673 1167 4759 sanguinis
1191 4672 1346 4738 Orucifixi
1369 4677 1431 4736 etc.
1455 4691 1575 4756 nsque:
1605 4691 1667 4738 nec
1689 4669 1859 4736 dormites.

203 4776 404 4861 Accingere,
434 4775 498 4856 fili,
526 4774 636 4861 gladio
659 4781 716 4840 tuo
739 4777 826 4842 circo
848 4776 954 4844 femur
975 4777 1219 4866 potentissime,
1247 4776 1382 4862 arripiat
1403 4773 1562 4839 indicium
1584 4794 1699 4839 manus
1722 4779 1795 4854 tua,
1825 4779 1859 4838 et

202 4879 238 4944 in
266 4884 430 4965 potestate
463 4878 524 4943 tibi
552 4877 672 4944 tradita
699 4885 834 4946 contere
869 4882 1030 4949 inImicos.
1075 4879 1212 4966 Exurge
1242 4880 1284 4946 ad
1313 4878 1557 4945 Intemitionem
1586 4877 1728 4944 nationis
1758 4897 1858 4963 prave

202 4989 300 5068 atque
323 5003 495 5070 perverse,
525 5002 588 5069 que
610 4983 722 5048 multis
744 4983 880 5049 insultat
902 4985 1086 5071 opprobriis
1112 4983 1186 5051 Deo
1215 4983 1349 5049 viventi.
1392 4979 1511 5046 Nonne
1540 4981 1649 5046 illatas
1672 4979 1733 5044 tibi
1755 4977 1859 5044 offan-

203 5107 258 5152 sas
282 5093 344 5152 etc.
367 5105 485 5172 usque:
509 5093 546 5152 ut
568 5086 615 5151 sio
638 5093 753 5151 contra
774 5087 919 5173 prefatos
942 5086 1108 5152 hereticos
1131 5087 1165 5150 in
1188 5085 1265 5152 torti
1290 5107 1388 5151 manu
1411 5090 1444 5150 ct
1465 5082 1600 5148 brachio
1624 5084 1759 5147 extento
1781 5101 1859 5168 pro-

203 5188 319 5270 cedas,
342 5188 428 5275 quod
450 5189 611 5276 premisse
633 5188 836 5275 indulgentie
859 5189 1026 5275 particeps
1051 5210 1125 5255 asse
1148 5189 1275 5276 possis,
1299 5195 1333 5254 et
1355 5209 1415 5253 nos
1438 5187 1473 5251 in
1495 5186 1560 5251 tuis
1584 5184 1735 5251 laudibus
1758 5183 1859 5270 glori·
1930 5267 1931 5270 Ἴ

126 5333 153 5372 ,0
205 5298 310 5374 antes,
332 5293 530 5358 sinceritatis
553 5300 609 5360 tue
632 5293 740 5360 zelum
762 5292 926 5379 possimus
949 5291 985 5356 in
1005 5291 1148 5358 Domino
1170 5293 1288 5358 merito
1311 5290 1552 5356 commendare.

312 5411 401 5477 Data
422 5420 458 5478 ut
481 5435 590 5500 supra.
641 5475 645 5490 ,
