4524 6412
422 385 485 450 aaa
1003 381 1050 440 rx
1069 381 1244 441 cnecon-11
1263 383 1300 438 m
1320 381 1500 441 nucrsrao
1538 341 1539 344 Ὺ

422 557 594 623 marchiam
621 557 859 624 Aucouo'tauum
888 558 1057 638 invasoria
1091 563 1154 624 orto
1183 560 1249 628 dios
1276 559 1320 625 ad
1345 558 1603 645 sotisfuubuduur
1632 559 1795 644 quoefipit,
1838 561 1982 645 atr'oquiu
2012 579 2081 627 curu

419 681 478 742 per
503 659 672 743 Cynthium
694 661 917 728 subdiaconum
939 665 1330 744 oscuuuruuicor·tot1mr
1353 662 1391 727 P.
1417 663 1588 728 Tboodnldi
1608 664 1755 746 diffidari
1777 665 1902 732 iubebit.

527 865 608 935 Grau.
627 866 676 920 IX
693 866 761 939 Ray.
786 867 842 921 Vol.
863 869 887 937 Ι,
906 871 952 930 85,
972 871 1025 934 86,·
1042 867 1103 922 Lib,
1124 871 1164 932 η,
1183 873 1199 921 4
1203 873 1247 922 3⁸·
1742 787 1835 863 1228,
1859 784 1937 852 Nou.
1961 790 1992 850 7,

525 951 663 1018 Pontou,
682 952 750 1023 aen.
770 957 853 1008 aare.

1078 1146 1224 1220 Nobili
1251 1147 1346 1220 viro
1374 1146 1420 1220 R.

729 1284 838 1351 nato
866 1277 1090 1369 quondam
1119 1276 1157 1348 C.
1185 1276 1314 1349 ducis
1342 1276 1590 1368 Spoletani‚
1618 1277 1824 1369 spiritum

1045 1404 1222 1479 consilii
1249 1405 1457 1478 sanioris.

535 1555 623 1621 Satis
658 1556 789 1621 domino
822 1561 879 1619 tuo
910 1555 1062 1619 sufficere
1093 1559 1238 1640 poterat,
1272 1553 1358 1638 quod
1392 1552 1465 1618 Deo
1501 1560 1534 1618 et
1564 1555 1749 1621 hominibus
1784 1557 1887 1641 gratis
1920 1557 2079 1642 ingratus,

424 1657 606 1723 Romanam
636 1659 808 1725 ecelesiam
839 1665 975 1724 matrem
1007 1679 1098 1722 suam
1130 1658 1287 1722 haetenus
1318 1657 1446 1722 acerbis
1472 1658 1661 1723 amaricavit
1691 1657 1877 1742 doloribus,
1910 1663 2078 1727 atrocibus

426 1762 596 1827 lacescivit
610 1764 737 1827 iniuriis
760 1771 794 1828 et
816 1763 914 1827 variis
930 1762 1092 1827 molestiis
1108 1761 1322 1847 perturbavit,
1346 1762 1374 1824 si
1398 1783 1463 1825 non
1487 1768 1520 1826 et
1543 1769 1590 1841 tu,
1612 1762 1685 1826 eius
1701 1762 1841 1827 vicarius
1866 1771 1900 1829 et
1918 1766 2080 1844 minister,

410 1865 585 1950 -patientie
609 1873 720 1931 nostre
743 1865 866 1930 abusor
888 1863 1105 1951 improvidus,
1129 1885 1188 1928 nos
1213 1864 1388 1927 cumulatis
1412 1864 1632 1929 exacerbares
1655 1865 1804 1946 offensis,
1829 1868 1876 1930 ita
1897 1888 2080 1953 provocans

427 1988 486 2032 nos
509 1967 681 2050 audacter,
712 1970 806 2054 quasi
827 1989 893 2032 non
916 1969 958 2031 sit
980 1967 1157 2047 auxilium,
1189 1988 1252 2051 quo
1275 1972 1331 2030 tua
1355 1966 1461 2052 possit
1483 1965 1619 2030 audacia
1642 1967 1799 2032 cohiberi.
1846 1968 1905 2034 Set
1927 1971 1955 2034 si
1979 1971 2081 2057 sapis,

425 2077 462 2136 ut
485 2072 638 2154 crederis,
661 2071 704 2136 ad
719 2071 916 2158 frangendos
933 2077 1070 2136 conatus
1087 2077 1160 2135 tuos
1181 2092 1241 2134 nos
1264 2091 1328 2133 nou
1349 2075 1479 2155 oportet
1495 2069 1704 2136 considerare
1720 2071 1877 2153 laborem,
1901 2071 1975 2157 quib
1993 2073 2082 2160 quod

425 2195 490 2239 non
513 2177 731 2261 processimus
755 2176 915 2240 hactenus
938 2174 978 2238 ad
1002 2174 1154 2237 iniuriam
1177 2173 1297 2236 iniuria
1311 2172 1576 2258 propulsandam,
1600 2181 1769 2238 mansuete
1792 2176 1950 2260 patientie
1973 2177 2079 2241 virtus

425 2277 517 2358 iecit,
547 2300 606 2364 per
628 2300 726 2364 quam
755 2300 820 2344 non
843 2277 883 2343 ad
906 2277 1100 2342 insolentias
1124 2297 1335 2362 prorumpere
1360 2275 1419 2340 sed
1441 2275 1482 2341 ad
1507 2278 1698 2342 celeriorem
1723 2279 1959 2343 correctionem
1983 2285 2016 2344 tc
2041 2300 2080 2343 ac

426 2381 508 2445 alios
539 2381 701 2448 debueras
731 2402 904 2454 revocare;
937 2385 987 2444 set
1018 2378 1138 2444 exinde
1171 2377 1212 2442 ad
1241 2379 1501 2465 imperitantium
1524 2379 1713 2461 abduceris,
1743 2388 1779 2445 ut
1801 2381 1959 2446 videmus.
2005 2381 2081 2447 Non

427 2484 514 2548 enim
545 2491 718 2550 contentus
747 2483 834 2569 quod
864 2483 1015 2547 Castrum
1046 2481 1171 2567 Stupizi
1206 2483 1375 2568 occupasti
1403 2489 1437 2546 et
1460 2481 1597 2546 Turrem
1628 2481 1669 2547 de
1692 2482 1818 2547 Arnata
1846 2482 2000 2549 obsidens
2029 2485 2080 2550 iu-

425 2587 551 2667 vasisti,
575 2608 648 2652 eam
672 2588 706 2651 in
728 2592 874 2651 nostram
898 2586 1127 2650 contumeliam
1151 2584 1382 2666 comburendo,
1406 2584 1492 2671 quod
1516 2584 1708 2650 destruxisti
1732 2585 1884 2650 Castrum
1899 2587 2023 2653 Leonis
2047 2595 2081 2652 et

425 2689 576 2754 homines
599 2696 729 2754 nostros
751 2688 792 2752 de
816 2687 943 2751 Arrone
968 2709 1006 2750 ae
1030 2687 1189 2772 quosdam
1221 2687 1262 2752 de
1285 2687 1402 2752 Oassia
1429 2689 1490 2752 tibi
1519 2688 1628 2753 iecisti
1658 2689 1781 2770 iurare,
1813 2697 1845 2755 et
1867 2692 2079 2776 quamplures

426 2795 508 2858 alios
531 2815 552 2857 a
573 2792 730 2858 fidelitate
753 2791 934 2877 apostolice
959 2790 1047 2855 sedis
1070 2798 1242 2871 avertens,
1275 2791 1395 2856 multos
1426 2792 1599 2879 corrupisti
1629 2792 1818 2857 muneribus
1843 2800 1876 2858 et
1897 2796 2081 2881 promissis,

427 2894 513 2981 quod
545 2897 745 2981 Arquatam,
782 2916 879 2980 quarn
916 2895 1090 2980 aliquando
1129 2895 1281 2961 dominus
1315 2902 1390 2960 tuus
1427 2918 1589 2982 occupans
1624 2896 1665 2960 ad
1702 2899 1989 2963 commonitionem
2024 2901 2080 2987 pie

426 2999 582 3064 memorie
605 2997 771 3086 Hlonorii]
797 2997 1040 3084 predecessoris
1063 2999 1166 3064 nostri
1190 3006 1307 3086 sponte
1331 3001 1485 3079 restituit,
1508 3001 1714 3086 reoccupasti
1737 2999 1777 3065 de
1801 3021 1895 3082 novo,
1925 3009 1968 3083 et,
1992 3002 2080 3087 quod

428 3124 494 3180 uon
518 3109 569 3167 est
591 3101 775 3182 tacendum,
799 3101 885 3165 sicut
906 3101 1035 3182 dicitur,
1059 3102 1270 3189 presbyteros
1294 3110 1327 3168 et
1356 3103 1439 3168 alios
1463 3102 1600 3166 clericos
1624 3122 1706 3166 cusu
1729 3103 1890 3188 sacrilego
1913 3105 2080 3186 mutilans,

428 3227 485 3271 eos
509 3206 607 3270 variis
632 3205 830 3270 eruciatibus
846 3205 1004 3284 afflixisti,
1028 3204 1186 3291 quosdam
1202 3227 1261 3291 per
1276 3205 1530 3271 Sarracencrum
1547 3205 1762 3271 ministerium
1785 3208 1891 3272 crucis
1914 3207 2079 3293 affigendo
2147 3242 2158 3278 r.

427 3309 586 3396 patibulo,
609 3309 771 3394 quosdam·
789 3309 943 3387 secando,
967 3311 1102 3394 reliquis
1126 3311 1256 3375 afflictis
1280 3311 1380 3375 talliis
1404 3317 1438 3375 et
1461 3311 1617 3390 collectis,
1642 3319 1676 3375 et
1699 3310 1846 3395 spoliatis
1871 3312 2022 3376 ecclesiis
2045 3312 2079 3375 in

428 3413 636 3479 manifestam
652 3411 898 3478 subversionem
915 3414 1140 3478 ecclesiastice
1156 3412 1328 3494 libertatis,
1351 3435 1437 3479 nunc
1453 3415 1630 3479 marchiam
1646 3414 1885 3478 Anconitanum
1900 3415 2080 3499 ingressus,

429 3517 592 3582 hostiliter
621 3515 661 3582 ad
693 3517 915 3602 occupandam
946 3517 1082 3582 eandem
1111 3516 1243 3581 fraudes
1268 3525 1301 3581 ct
1324 3518 1411 3581 vires
1435 3539 1589 3599 exerces,
1619 3525 1651 3581 te
1675 3516 1885 3581 manifestum
1909 3524 2079 3583 ostentans

426 3620 514 3686 sedis
537 3620 718 3707 apostolice
741 3621 938 3685 inimicum².
983 3621 1107 3686 Verum
1134 3622 1223 3686 licet,
1242 3642 1307 3685 non
1330 3628 1395 3685 tam
1418 3642 1461 3684 ex
1484 3621 1740 3706 longanimitatis
1761 3621 1881 3685 virtute
1909 3641 2005 3705 quarn
2036 3644 2080 3688 ex

425 3724 704 3810 pusillanimitatis
720 3723 800 3788 vitio
823 3725 908 3789 forte
931 3724 1110 3810 procedere
1125 3724 1284 3805 videatur,
1307 3723 1394 3809 quod
1410 3724 1630 3809 promittimus
1652 3725 1785 3804 monita,
1809 3745 1882 3788 cum
1904 3725 1969 3789 iam
1992 3747 2080 3812 pena

426 3827 578 3892 debuerit
610 3829 832 3913 precessisse,
871 3829 949 3912 quia
981 3833 1091 3892 tamen
1124 3849 1163 3891 eo
1198 3828 1360 3914 potiorem
1393 3826 1585 3912 patientiam
1616 3825 1738 3890 habere
1773 3848 1832 3890 nos
1866 3825 1980 3908 decet,
2014 3849 2079 3914 quo

425 3931 611 3996 uberiorem
632 3932 814 4017 potentiam
837 3931 931 3995 nobis
955 3930 1116 3995 Dominus
1140 3932 1376 4010 amministrat,
1408 3929 1612 3994 nobilitatem
1636 3936 1725 3993 tuam
1749 3949 1919 3995 monemus
1942 3937 2080 4016 attente,

425 4055 484 4119 per
506 4035 687 4120 apostolica
709 4035 769 4098 tibi
793 4034 915 4119 scripta
930 4033 1066 4098 firmiter·
1087 4033 1300 4121 precipiendo
1323 4032 1526 4113 mandantes,
1550 4033 1703 4117 quatinus
1727 4030 1769 4095 ad
1791 4033 2022 4118 corrigendum
2045 4042 2079 4099 te

426 4138 562 4201 consilio
592 4139 727 4202 salutari
757 4157 942 4216 recurrens,
973 4138 1120 4223 protinus
1144 4138 1326 4202 biarchiam
1358 4159 1458 4202 exeas
1491 4143 1525 4201 et
1554 4136 1715 4216 dimittas,
1747 4143 1781 4200 et
1802 4136 1888 4200 infra
1910 4144 1983 4202 octo
2007 4137 2079 4203 dies

2135 2209 2156 2246 ln

2132 2723 2157 2763 tu

425 4246 501 4325 post
535 4242 778 4327 susceptionem
810 4241 1013 4326 presentium
1048 4247 1207 4327 occupata
1240 4247 1273 4305 et
1310 4241 1420 4305 ablata
1452 4241 1607 4304 restituas
1642 4239 1812 4318 universa,
1849 4246 1882 4304 et
1915 4240 1955 4305 de
1990 4239 2077 4305 datis
2132 4271 2156 4306 κ’,

425 4342 573 4430 dampnis
595 4351 628 4409 et
650 4344 802 4429 irrogatis
819 4343 945 4408 iniuriis
962 4343 1145 4408 satisfacias
1163 4351 1398 4430 competenter,
1421 4344 1474 4408 vel
1498 4363 1597 4429 super
1619 4343 1682 4406 hiis
1706 4349 1740 4406 et
1762 4343 1834 4406 aliis
1859 4343 2077 4410 sufficientem

426 4447 585 4510 exhibeas
608 4447 804 4512 cautionem.
849 4447 1012 4531 Alioquin·
1028 4446 1150 4512 dilecto
1173 4448 1240 4512 filio
1261 4448 1392 4512 Cinthio
1416 4447 1617 4512 subdiacono
1641 4452 1675 4510 et
1697 4446 1868 4532 capellano
1890 4453 2012 4528 nostro,
2036 4447 2078 4513 de

427 4551 518 4614 euius
547 4549 611 4615 fide
641 4573 679 4616 ac
706 4551 881 4638 prudentia
902 4550 1119 4615 indubitatam
1141 4550 1292 4615 fiduciam
1317 4551 1516 4632 obtinemus,
1546 4557 1583 4615 ut
1605 4557 1638 4614 te
1662 4571 1700 4615 ac
1723 4549 1868 4614 fautores
1892 4557 1980 4631 tuos,
2009 4557 2077 4615 tam

426 4651 466 4716 de
490 4674 592 4738 regno
616 4675 713 4739 quam
736 4655 835 4734 alios,
864 4655 1164 4720 excommunicatos
1189 4654 1318 4740 publice
1343 4655 1485 4735 nuntiet,
1518 4659 1551 4719 et
1573 4660 1695 4735 terras,
1726 4653 1768 4717 ad
1791 4673 1872 4737 quas
1895 4662 1930 4718 tu
1953 4654 2005 4719 vel
2028 4657 2077 4718 tui

425 4756 629 4838 devenerint,
654 4764 816 4844 supponat
839 4757 1065 4823 eeclesiastico
1089 4756 1280 4839 interdicto,
1305 4764 1338 4823 et
1360 4757 1464 4822 nobili
1485 4757 1555 4821 viro
1578 4757 1615 4820 P.
1638 4755 1819 4822 Theodsldi
1842 4757 1930 4822 fideli
1953 4745 2076 4840 nostro,

424 4867 461 4924 ut
484 4881 526 4927 ex
550 4867 643 4946 parte
666 4867 778 4925 nostra
809 4868 842 4926 te
866 4862 1039 4927 manifeste
1063 4861 1206 4942 diffidet,
1236 4861 1385 4926 dedimus
1415 4861 1552 4926 firmiter
1579 4862 1613 4924 in
1642 4862 1823 4947 preceptis;
1853 4863 1934 4926 alias
1964 4870 2078 4927 eontra

425 4963 591 5028 domiuum
614 4970 704 5028 tuum
729 4971 762 5029 et
785 4970 818 5031 te
841 4965 1071 5029 nichilominus
1087 4972 1220 5031 auctore
1235 4965 1377 5030 Domino
1395 4965 1608 5051 spiritualiter
1630 4971 1663 5028 et
1685 4965 1908 5050 temporaliter
1930 4968 2077 5031 severius

424 5089 620 5153 processum.

533 5188 620 5254 Data
642 5189 784 5270 Perusii‚
808 5188 875 5252 VII
897 5189 977 5256 Idus
1000 5190 1160 5256 Novemb.
1183 5191 1391 5277 pontificatus
1413 5191 1516 5255 nostri
1539 5211 1624 5255 anno
1649 5189 1804 5255 secundo.

532 5383 553 5388 ..-
560 5383 739 5388 -—-—-—··——-
749 5383 1633 5391 m———m———u
1639 5385 1970 5390 ---—---v-—--—--·--—

531 5520 553 5585 ⁸)
571 5520 627 5571 Lib.
645 5522 679 5587 Il,
696 5517 731 5571 43
748 5522 919 5588 suppleamus
937 5537 967 5570 aa
989 5520 1106 5586 fiheiner,
1126 5521 1185 5573 Ood.
1205 5523 1268 5588 dipl.
1288 5523 1354 5574 dom.
1373 5530 1445 5588 unp.
1464 5531 1480 5572 t.
1500 5521 1566 5587 I,p.
1587 5524 1629 5584 87,
1646 5540 1671 5572 u.
1690 5526 1749 5573 150.
1830 5520 1854 5587 ὴ)
1873 5539 1907 5571 aar
1926 5523 2005 5588 quia?

527 5674 553 5740 1)
571 5671 607 5742 es.
626 5671 712 5744 Bura.
731 5673 765 5729 de
782 5675 809 5729 S.
830 5673 920 5730 Germ.
939 5691 964 5730 a.
983 5677 1069 5744 122&
1086 5673 1135 5729 SS.
1153 5679 1171 5728 t.
1191 5674 1277 5744 XIX,
1292 5692 1323 5744 p.
1344 5678 1408 5729 350.

2127 5541 2155 5580 db
