4538 6426
541 418 594 472 XII
1272 417 1485 472 PRAEFATIO.

541 639 572 686 a.
605 618 719 703 1239,
756 615 873 706 April.
908 618 978 706 28,
1020 617 1060 683 66
1102 615 1193 685 6666.
1225 615 1316 685 Mai.
1349 620 1382 685 9.
1452 613 1498 684 ln
1540 615 1593 685 663
1627 617 1827 706 scriptorem
1870 615 1940 687 sive
1976 615 2196 706 Repestormn

539 738 612 809 siue
647 737 829 810 6666666666
863 761 1013 828 errasse,
1056 737 1108 808 666
1140 738 1369 809 authenticum
1400 760 1476 807 eum
1510 759 1551 806 ea
1586 757 1672 827 quae
1703 737 1743 805 in
1773 735 1928 826 Reoestis
1962 736 2085 828 lepitnr
2116 745 2197 810 nota

540 859 774 951 chronolopica
803 881 872 931 non
900 859 1049 929 66666336
1074 880 1143 929 nan
1168 859 1364 949 opinamur,
1398 859 1459 928 sed
1486 857 1633 928 (liversis
1659 854 1864 947 temporitms
1891 859 1957 930 dno
1984 858 2196 951 coemptum

539 982 670 1072 scripta
696 1003 766 1053 esse
791 988 953 1070 tenemus,
983 981 1071 1072 quael
1096 979 1207 1050 uariis
1232 1003 1273 1050 ea
1302 980 1418 1050 666363
1447 979 1526 1067 fieri
1546 978 1677 1069 patuit,
1704 984 1764 1050 aut
1790 979 1872 1070 qnia
1893 980 2052 1070 primum
2079 980 2195 1074 cleper-

540 1103 649 1172 ditmn
673 1109 749 1174 erat
775 1110 834 1174 aut
859 1103 941 1194 quia
969 1102 1086 1173 curiae
1115 1099 1166 1170 666
1192 1101 1282 1188 eius,
1317 1101 1373 1171 666
1401 1099 1533 1170 litterae
1558 1101 1659 1170 datae
1684 1107 1797 1188 erant,
1831 1123 1889 1172 eas
1920 1103 2082 1174 renouari
2108 1103 2193 1175 inte·

540 1230 644 1294 rerat.
706 1223 915 1316 Arauucento
955 1222 1053 1294 nobis
1078 1227 1168 1292 ’3666
1205 1223 1271 1292 duo
1306 1221 1456 1292 eiusdem
1487 1221 1616 1291 tenoris
1655 1222 1849 1293 6666666666
1879 1221 2031 1294 Honarii
2062 1223 2134 1294 ΙΙΙ
2160 1226 2198 1296 66

539 1345 677 1415 carolino
703 1340 887 1416 Bremensi
913 1341 1139 1429 conservatu¹,
1167 1364 1311 1432 quamrm
1338 1341 1492 1432 alterium,
1517 1349 1555 1412 nt
1581 1343 1716 1413 ridetur
1742 1342 1896 1434 Repestis
1922 1367 1992 1416 non
2019 1346 2196 1436 inserturm,

541 1487 572 1535 a.
606 1468 706 1535 1318
718 1522 727 1555 ,
763 1466 881 1558 April.
909 1471 981 1554 13,
1025 1463 1187 1552 adoreum,
1226 1464 1316 1553 quad
1348 1464 1387 1532 in
1421 1463 1576 1554 16666363
1615 1459 1766 1555 66966666,
1804 1462 1951 1535 Maec
1985 1467 2106 1537 666666
2137 1475 2196 1540 636.

540 1583 694 1656 066666
728 1588 800 1656 iam
830 1587 911 1677 ipsa
941 1587 1160 1676 Repestorum
1189 1584 1356 1655 institutio
1395 1585 1498 1672 tidem
1533 1585 1582 1655 663
1618 1583 1808 1656 labendum
1840 1585 1989 1675 prolut,·
2029 1609 2114 1658 nam
2151 1590 2197 1660 ad

539 1730 641 1780 usaue
675 1710 792 1780 euriae
825 1709 959 1799 scripta
991 1705 1089 1778 sunt³
1126 1713 1157 1777 et
1194 1705 1317 1776 litteris
1349 1707 1389 1775 in
1419 1707 1466 1776 iis
1499 1705 1662 1777 contentis
1700 1706 1817 1776 euclem
1853 1713 1953 1798 atque
1992 1709 2196 1782 authenticis

540 1829 593 1900 uel
619 1830 721 1900 etiam
744 1830 872 1921 maior,
906 1830 990 1919 quia
1019 1829 1139 1899 uitiari
1172 1828 1401 1917 eteorrumpi
1426 1850 1497 1898 non
1517 1834 1695 1918 poterant,
1734 1829 1920 1900 6666666663
1949 1831 2115 1902 attributa
2139 1840 2196 1925 est,

539 1954 591 2025 ita
617 1960 655 2025 ut
680 1953 907 2025 instrumenta
934 1952 1112 2043 deperdita
1138 1973 1178 2020 eu
1203 1951 1251 2021 663
1277 1951 1471 2020 restaurari
1492 1945 1694 2039 potuerint&
1747 1947 1895 2040 Propter
1912 1952 2002 2041 quad
2029 1975 2196 2024 summam

541 2097 662 2147 curam
688 2081 717 2145 et
745 2073 959 2164 dilipentiam
981 2073 1028 2142 iis
1053 2071 1247 2142 inserendis
1271 2069 1461 2140 6666666666
1477 2070 1665 2142 cernimus:
1690 2069 1852 2160 epistolae
1870 2053 2195 2166 uelpartesearum,
2229 2169 2230 2172 Ἴ

541 2217 627 2288 quae
656 2196 814 2286 primmu
848 2192 1071 2284 approbatae,
1101 2197 1221 2282 postea
1249 2197 1405 2263 cassatae
1431 2196 1547 2279 eraut,
1581 2190 1684 2261 etiam
1709 2190 1748 2259 in
1775 2189 1929 2281 Repestis
1958 2192 2055 2264 uerbo
2082 2193 2197 2269 Vacat

540 2323 701 2388 annotata
728 2315 854 2387 deletae
878 2312 988 2402 sunt⁵,
1013 2335 1162 2384 rasuras
1187 2312 1366 2384 nonnullis
1383 2312 1467 2384 lacis
1487 2309 1702 2384 inuenimus⁶
1727 2318 1757 2382 et
1774 2313 2009 2386 additamenta
2027 2316 2070 2386 ab
2088 2317 2196 2389 altera

539 2462 645 2510 manu
672 2434 839 2525 adiecta⁷,
866 2438 957 2507 6666
984 2434 1116 2506 litteras
1142 2441 1309 2507 correctas
1335 2457 1405 2505 6336
1421 2435 1634 2522 counimus.
1693 2432 1816 2503 Etiam
1837 2442 2060 2526 praeceptum
2087 2460 2195 2510 accer-

539 2560 658 2646 simus,
687 2558 959 2651 quenquennis
985 2579 1061 2628 cum
1087 2557 1170 2627 66663
1195 2555 1379 2644 inferioris
1407 2556 1480 2625 aeui
1508 2555 1636 2645 reculis
1661 2553 1759 2625 nolis
1784 2554 1952 2626 traditum
1968 2557 2024 2648 sit,
2050 2556 2196 2646 fortasse

540 2681 704 2752 uetustius
730 2686 794 2767 est,
830 2685 917 2750 certe
942 2679 1166 2766 demonstrat,
1204 2677 1323 2768 quanti
1352 2676 1497 2766 Repestu
1533 2677 1571 2746 in
1598 2675 1699 2746 curia
1727 2674 1923 2746 6363666666
1955 2678 2045 2748 sint:
2079 2678 2197 2752 Debet

539 2800 680 2873 habere
713 2797 1040 2872 vicecancellarius
1080 2801 1290 2889 segestrum
1327 2798 1427 2889 apud
1461 2819 1522 2886 se,
1557 2795 1715 2870 notariis
1748 2795 1938 2870 exclusis⁸.
1994 2799 2126 2887 Quibus
2159 2801 2197 2872 de

539 2922 655 2993 666363
681 2921 832 2992 munium
857 2920 1060 3006 litterarum,
1092 2920 1242 3009 quaein
1268 2919 1414 3010 Repasta
1440 2919 1568 2989 relatae
1598 2923 1688 3006 sunt,
1716 2918 1908 2990 arctlentica
1927 2918 1990 2990 366
2015 2942 2057 2991 66
2084 2921 2197 3010 sorum

540 3064 627 3132 quae
651 3041 700 3111 666
727 3047 947 3113 cernerentur
974 3041 1146 3132 quandam
1174 3041 1301 3111 missas
1319 3062 1390 3111 6336
1413 3039 1571 3128 dicimus,
1599 3038 1721 3110 litteris
1738 3038 1929 3130 encyclicis,
1957 3043 2072 3132 quoad
2086 3064 2196 3134 supra

540 3163 769 3253 definivimus,
795 3163 1025 3234 tantummodo
1051 3160 1228 3252 suceptis⁹.

378 3257 529 3392 ,(63ῗῖοῇ
644 3282 741 3356 86666
766 3289 868 3354 antea
894 3283 1243 3372 earrrnremarauinms,
1280 3303 1350 3352 non
1376 3303 1490 3352 mrrnes
1516 3279 1694 3372 epistolae,
1731 3303 1818 3371 qnae
1843 3282 1885 3351 de
1910 3281 2010 3353 66666
2035 3282 2196 3372 66666666,

375 3405 529 3518 mffiff
538 3406 579 3476 66
610 3405 765 3497 Repertis
799 3405 1021 3492 contineretur,
1062 3409 1092 3474 st
1130 3425 1216 3494 6666
1246 3403 1295 3473 iti
1329 3409 1459 3490 entant,
1495 3401 1527 3472 si
1563 3423 1599 3471 eo
1632 3424 1697 3492 quo
1729 3401 1831 3472 datae
1863 3408 1943 3472 sunt
1976 3403 2098 3474 ardino
2130 3424 2197 3475 non

541 3526 708 3617 teporatur,
733 3526 864 3596 diutius
890 3532 1002 3596 tamen
1022 3546 1126 3616 quam
1153 3525 1244 3594 duos
1263 3545 1392 3594 menses
1412 3529 1594 3613 antequam
1611 3521 1799 3611 descriptae
1819 3527 1899 3593 suut
1915 3522 1955 3592 in
1971 3523 2198 3612 repistratnra

541 3648 748 3718 remansisse
772 3669 842 3719 nan
868 3647 1047 3733 uidentur,
1074 3668 1114 3716 666
1134 3667 1198 3734 quo
1220 3646 1269 3715 ad
1288 3644 1429 3731 litteras,
1457 3665 1544 3734 qnae
1561 3649 1640 3713 nota
1654 3641 1888 3732 clrouolapica
1906 3648 2031 3733 carent,
2058 3645 2199 3716 eandem

539 3768 641 3858 infra
667 3769 726 3840 666
752 3768 914 3860 terporis
939 3767 1109 3856 spatium,
1137 3771 1232 3836 66666
1257 3761 1411 3852 tamen¹⁰,
1444 3761 1602 3854 supplere
1622 3785 1817 3853 passmnus.
1870 3762 2052 3854 6616366666
2076 3765 2194 3856 36696-

539 3888 649 3961 lormn
675 3912 847 3961 annorum
866 3889 1090 3982 pontificatus
1120 3887 1159 3956 in
1184 3909 1251 3957 uno
1278 3885 1364 3957 libra
1394 3885 1650 3977 unprurusu
1674 3891 1776 3972 sunt,·
1813 3884 1950 3977 cautipit
1976 3885 2130 3977 quidem,
2159 3892 2196 3958 ut

538 4009 697 4101 epistolae
723 4010 776 4081 666
800 4011 840 4081 66
866 4009 952 4080 libro
973 4009 1196 4100 praecedente
1220 4007 1272 4078 uel
1297 4014 1452 4099 seqrrente
1478 4007 1569 4096 66636
1596 4004 1851 4094 collocarentur,
1885 4013 1958 4078 tmn
1989 4027 2067 4078 uero
2093 4008 2195 4079 etiam

538 4152 653 4202 annus
673 4131 898 4222 pontificatus
918 4151 1105 4220 perperam
1131 4127 1193 4199 sub
1218 4129 1265 4199 iis
1289 4129 1507 4219 cousipnatus
1533 4133 1599 4215 est,
1634 4127 1685 4197 ita
1715 4133 1753 4198 ut
1784 4128 1920 4198 numeri
1947 4127 2032 4198 anni
2059 4135 2090 4200 et
2116 4128 2197 4199 66666

538 4273 670 4342 semper
696 4249 940 4323 concordent¹¹.
993 4246 1079 4322 Cum
1107 4250 1147 4319 in
1172 4249 1326 4340 Repertis
1352 4250 1501 4321 Honorii
1526 4248 1596 4319 ΙΙΙ
1616 4272 1730 4321 munes
1756 4249 1931 4341 epistolae,
1963 4250 2136 4341 quidquid
2159 4251 2199 4320 in

538 4372 583 4443 663
614 4374 812 4462 continetur,
841 4372 1037 4461 prmniseue
1063 4367 1266 4459 iubeantur,
1302 4370 1364 4442 366
1394 4369 1557 4461 Greporia
1583 4368 1644 4440 IX
1671 4371 1841 4460 quaedam
1872 4371 1921 4442 ad
1951 4372 2094 4442 eandem
2127 4393 2199 4443 rem

532 4492 742 4582 pertinentes
768 4492 940 4563 iuterdmn
968 4491 1009 4562 ab
1037 4491 1120 4562 66663
1147 4499 1340 4583 seprepatae
1365 4493 1554 4583 separatim
1581 4491 1733 4564 collectae
1759 4500 1789 4564 et
1812 4494 1910 4564 modo
1936 4493 2139 4584 appendicis
2160 4494 2198 4564 in

536 4614 605 4702 tine
630 4613 712 4684 libri
747 4613 928 4684 adiunctae
960 4610 1080 4700 sant¹²,
1117 4613 1154 4684 66
1189 4615 1278 4704 quod
1312 4614 1350 4684 66
1376 4611 2198 4705 16666363[6666666616366666366666666

538 4731 597 4804 666
627 4733 735 4805 ‘litere
761 4733 916 4805 curialcs'
943 4739 1123 4805 uocantur.
1177 4733 1238 4804 66
1273 4733 1402 4804 litte-ras
1422 4732 1570 4825 papales
1601 4734 1692 4805 aliae
1724 4735 1903 4823 acculrmt,
1936 4755 2022 4825 prun
2057 4741 2119 4806 au
2151 4735 2199 4806 66

530 4877 665 4945 papam
687 4856 833 4927 directae
854 4861 942 4945 3666,
970 4861 1029 4925 666
1048 4854 1079 4924 ei
1099 4862 1353 4946 praesentatae,
1379 4862 1417 4927 ul
1436 4855 1478 4926 al
1493 4878 1530 4927 ea
1549 4855 1844 4945 confirmarentur,
1871 4861 1931 4926 aut
1948 4856 2036 4927 tanti
2053 4853 2198 4945 666666,

535 4981 573 5046 nt
609 4982 912 5063 conservarentur,
948 4976 1069 5066 quibus
1105 4977 1297 5048 inserendis
1329 4977 1441 5049 minor
1476 5000 1561 5049 eura
1593 4973 1750 5048 66666666
1782 4983 1845 5066 636,
1880 4998 1963 5047 nam
1996 4975 2091 5047 aliae
2119 4983 2198 5068 past

421 5075 422 5080 ¹
534 5095 678 5167 mrcttmu
705 5097 838 5168 666666
863 5098 1028 5189 terporis
1054 5097 1187 5170 relatae
1212 5093 1333 5185 sunt¹³,
1370 5097 1460 5169 aliae
1491 5099 1532 5168 66
1557 5098 1776 5190 quaternione
1800 5103 1959 5188 separata
1986 5097 2198 5188 conscriptae

639 5315 664 5376 1)
689 5313 740 5370 Ubi
750 5314 827 5367 Perti
843 5329 874 5367 ea
891 5313 1036 5384 descripsi&
1053 5331 1075 5368 6.
1087 5313 1223 5368 emeno.
1294 5314 1409 5383 2)n64.
1478 5314 1508 5382 3)
1517 5314 1615 5368 Ardae
1627 5312 1658 5381 V,
1668 5319 1725 5382 346,
1743 5318 1796 5368 nal.
1867 5313 1895 5380 4)
1913 5311 2012 5367 1166666
2030 5312 2116 5383 6,,36,
2129 5317 2199 5381 noc,-

533 5401 612 5467 cfin.
630 5407 686 5455 279.
756 5402 783 5470 5)
802 5418 830 5455 n.
850 5407 904 5469 636,
924 5401 982 5456 Iu
999 5401 1043 5472 11,
1062 5419 1090 5456 6.
1107 5408 1165 5469 640,
1184 5417 1212 5455 6.
1230 5405 1294 5467 644,-
1311 5399 1417 5454 Mouet
1430 5416 1458 5468 p.
1471 5408 1517 5469 27,-
1533 5402 1564 5468 cs.
1573 5418 1601 5470 p.
1612 5406 1664 5455 683
1675 5404 1728 5454 not.
1747 5415 1772 5452 6.
1852 5399 1880 5468 6)
1893 5415 1923 5466 p.
1942 5405 1998 5466 649,
2017 5405 2071 5454 nat.
2090 5418 2117 5469 a,
2134 5397 2194 5468 c,d

534 5488 560 5553 ’6)
575 5503 604 5555 p.
623 5493 682 5555 662,
701 5491 755 5540 not.
773 5504 798 5540 a.
894 5488 921 5554 8)
943 5487 1043 5541 Merkel
1058 5488 1075 5541 l.
1093 5503 1114 5542 c.
1128 5503 1157 5555 p.
1172 5493 1227 5554 138,
1245 5503 1272 5540 n
1287 5493 1325 5542 26.
1413 5488 1441 5554 9)
1461 5486 1577 5542 litterae
1593 5488 1624 5541 in
1643 5485 1707 5556 Ray.
1725 5485 1794 5540 natis
1810 5485 1995 5553 666666φί663
2011 5483 2149 5541 matutae
2166 5485 2196 5538 66

533 5571 790 5627 andnutreiseisdcm
806 5572 935 5626 nimirum
942 5573 1086 5627 6636166166
1104 5579 1188 5627 6666.
1276 5573 1320 5642 10)
1335 5573 1493 5627 Praesertim
1510 5574 1534 5627 36
1550 5575 1649 5628 litterae
1664 5573 1695 5626 66
1711 5573 1765 5638 fine
1782 5571 1841 5625 6666
1858 5587 1914 5626 non
1927 5572 1992 5626 iusti
2000 5573 2103 5640 6636666
2123 5577 2196 5640 mont,

533 5664 563 5710 nt
584 5677 612 5714 n.
629 5667 687 5726 165,
707 5661 737 5712 66
754 5675 807 5727 quo
826 5658 899 5712 Edit.
923 5659 1004 5714 Taur.
1025 5660 1131 5714 Bullar.
1154 5659 1230 5714 Rom.
1251 5658 1311 5726 III,
1330 5665 1378 5713 362
1395 5665 1555 5714 urar-eruut.
1593 5660 1631 5726 06
1650 5676 1677 5712 n.
1699 5663 1786 5712 raon
1807 5665 1861 5712 702.
1976 5661 2019 5724 11)
2038 5677 2066 5714 n.
2087 5664 2123 5726 73,
2144 5665 2196 5724 126,

533 5752 593 5810 276·
610 5745 686 5797 aliter
703 5745 733 5797 iu
753 5745 815 5814 Rep.
837 5745 988 5799 Innocentii
1006 5746 1062 5800 ΙΙΙ
1076 5763 1118 5814 ap.
1139 5746 1237 5798 Deliste
1250 5762 1278 5812 p.
1299 5753 1335 5798 12.
1444 5747 1486 5813 12)
1504 5765 1525 5800 r.
1544 5747 1625 5813 66666.
1733 5747 1776 5816 13)
1794 5763 1822 5799 6.
1843 5753 1895 5813 126,
1914 5751 1971 5812 246,
1994 5752 2044 5798 716.
