4590 6366
441 393 504 456 558
1021 385 1069 440 EX
1087 383 1263 440 ennoean
1280 384 1319 440 IX
1338 383 1519 440 austerae

441 564 484 629 ad
499 561 723 630 venerabilem
738 561 873 627 fratrem
888 566 1036 626 nostrum
1054 608 1061 623 .
1077 610 1083 625 .
1100 559 1344 625 Antiochorum
1361 560 1582 646 patriarcham
1594 559 1617 639 ¹,
1635 559 1818 645 apostoliea
1836 559 1926 624 sedis
1943 557 2106 644 legatum,

442 675 476 732 et
491 674 636 734 rectores
653 666 821 731 societatis
837 664 1034 729 hembardie
1050 663 1204 728 duximus
1219 661 1442 743 destinandos,
1465 664 1659 728 mandantes
1675 661 1799 728 eisdem
1816 671 1852 728 ut
1867 670 2106 750 procuratores

442 770 579 835 idoneos
603 792 661 857 pre
685 775 778 857 parte
803 769 972 833 societatis
996 766 1143 834 ciusdem
1167 788 1266 852 super
1289 767 1475 852 questione,
1505 788 1567 852 que
1591 767 1677 831 inter
1700 773 1732 831 te
1755 787 1793 830 ac
1816 767 1924 853 ipsam
1949 767 2103 846 vertitur,

441 875 535 939 iuxta
558 873 785 960 compromissi
818 873 970 953 formam,
1004 893 1100 956 quam
1132 892 1151 934 a
1180 877 1237 935 tua
1267 871 1446 936 serenitate
1472 870 1675 957 recepimus,
1710 869 1876 934 sufficiens
1908 868 2105 934 mandatum

441 978 603 1044 habentes
627 999 701 1042 cum
723 976 874 1042 omnibus
891 977 1016 1042 iuribus
1040 980 1073 1040 et
1095 974 1276 1038 rationibus
1294 974 1461 1038 societatis
1478 973 1582 1058 ipsius
1606 993 1711 1058 usque
1733 972 1775 1037 ad
1789 970 1961 1038 Kalendas
1986 975 2103 1059 prexi-

441 1102 495 1146 me
525 1083 626 1146 futuri
647 1080 844 1147 Decembris
873 1081 915 1144 ad
943 1085 1089 1144 nostram
1114 1079 1318 1164 presentiam
1349 1076 1562 1142 destinarent.
1607 1077 1732 1141 Verum
1755 1077 1834 1142 licet
1865 1076 1966 1141 nimis
1992 1078 2106 1142 brevis

444 1185 633 1254 huiusmodi
649 1187 809 1250 terminus
826 1184 977 1250 videatur
999 1183 1040 1248 ad
1064 1189 1130 1247 tam
1154 1181 1291 1246 arduum
1308 1183 1479 1267 negotium
1494 1180 1746 1258 terminandum,
1770 1203 1843 1245 eum
1866 1180 1909 1245 ad
1933 1183 2106 1247 salubrem

442 1290 706 1354 terminationem
728 1287 915 1353 huiusmodi
935 1283 1118 1372 'questionis
1142 1286 1310 1371 presentia
1332 1285 1444 1350 dilecti
1467 1285 1527 1350 filii
1551 1334 1558 1350 .
1583 1334 1590 1348 .
1615 1285 1764 1370 magistri
1785 1285 1962 1372 hospitalis
1987 1293 2106 1351 sancte

443 1393 547 1458 Mario
571 1393 826 1459 Teutonieerum
848 1393 918 1457 fore
942 1391 1093 1456 credatur
1114 1391 1291 1476 plurimum
1315 1397 1492 1476 oportuna,
1517 1390 1716 1455 excellentie
1740 1395 1795 1454 tue
1819 1389 1918 1475 digne
1943 1390 2105 1454 duximus

444 1496 661 1573 suadendum,
694 1498 846 1583 quatinus
877 1495 1070 1579 magistrum
1098 1493 1253 1573 eundem,
1286 1515 1343 1580 pro
1375 1499 1466 1580 parte
1497 1499 1553 1556 tua
1581 1513 1680 1579 super
1707 1493 1877 1575 questione
1909 1493 2046 1579 prefata
2070 1501 2105 1558 et
2155 1509 2178 1546 ¹⁰

444 1604 676 1688 prorogatione
699 1602 840 1678 termini,
865 1601 894 1664 si
916 1598 1094 1664 viderimus
1118 1598 1285 1684 expedire,
1315 1598 1483 1663 sufficiens
1507 1597 1695 1662 mandatum
1719 1597 1905 1674 habentem,
1929 1598 2108 1682 assignata

445 1705 508 1769 sibi
531 1705 670 1791 predicti
693 1704 918 1791 compromissi
942 1702 1046 1766 forma
1071 1700 1162 1765 bulla
1184 1722 1285 1766 aurea
1308 1703 1515 1781 communita,
1539 1700 1581 1765 ad
1604 1707 1749 1765 nostram
1771 1701 1937 1764 destinare
1963 1723 2107 1787 presen-

444 1809 524 1872 tiam
547 1829 612 1874 nen
636 1810 780 1888 emittas,
804 1806 889 1892 quod
912 1807 946 1870 in
961 1803 1121 1869 Kalendis
1141 1803 1267 1869 eisdem
1283 1811 1471 1891 compareat
1488 1825 1598 1869 coram
1620 1804 1726 1884 nobis,
1750 1811 1785 1869 ut
1807 1805 1879 1890 ipse
1903 1806 2006 1870 simul
2030 1827 2109 1870 eum

443 1911 600 1996 magistro
623 1912 721 1976 Pctre
745 1911 786 1976 de
809 1911 932 1990 Vinea,
965 1929 1061 1995 quem
1086 1901 1221 1994 propter
1243 1909 1305 1974 hoc
1329 1908 1481 1973 duximus
1505 1908 1728 1989 retinendum,
1763 1931 1894 1972 causam
1919 1911 2031 1995 pessit
2055 1911 2108 1974 in-

445 2023 572 2081 struere
596 2021 630 2080 et
652 2015 775 2080 dictum
797 2013 966 2100 negotium
989 2013 1106 2078 melius
1130 2034 1333 2100 promovere.
1453 2009 1455 2014 ’
2159 2034 2182 2071 n

551 2135 627 2200 Dat.
651 2134 765 2216 Asinii,
789 2132 893 2198 VIIII
914 2131 991 2198 Kal.
1013 2131 1131 2199 Oeteb.
1154 2153 1239 2197 anno
1263 2153 1360 2198 nono.

551 2257 591 2320 ln
615 2255 754 2321 eundem
777 2255 847 2320 fere
870 2251 1003 2317 medum
1027 2255 1183 2340 scriptum
1207 2259 1380 2340 estsuper
1404 2253 1466 2319 hcc
1491 2254 1597 2318 eidem
1622 2254 1789 2338 magistro.

1066 2499 1478 2510 —q——p———m-——un

1228 2726 1314 2799 659.

554 2836 745 2949 Graecias
760 2865 817 2930 IX
830 2886 921 2946 papa
943 2865 1141 2952 [Sipefricle]
1159 2865 1395 2948 Ratispenensi,
1418 2865 1594 2946 imperialis
1615 2865 1709 2929 came
1731 2864 1927 2943 cancellario,
1949 2870 1982 2930 et
2003 2867 2112 2951 [Uon-

444 2970 523 3035 rarlo
552 2969 612 3054 ΙΙ]
642 2967 893 3033 Hildeslrernensi
925 2969 1074 3051 episeopis
1105 2969 1250 3047 mandat,
1287 2972 1323 3033 nt
1352 2969 1445 3032 irrata
1478 2968 1700 3032 continentiam
1737 2969 1885 3048 priorum
1923 2969 2113 3036 litterarum

444 3092 577 3137 snorum
606 3073 657 3156 [n.
682 3072 763 3156 631]
790 3071 826 3134 in
848 3069 1105 3157 [Hermannnnr]
1127 3071 1382 3151 Herbipolensern
1404 3073 1433 3135 et
1453 3070 1665 3154 [Sibotenern]
1685 3072 1915 3154 Angustensem
1936 3074 2111 3156 episcopos,
2162 3089 2187 3128 ²⁰

444 3175 665 3260 [Conradnm]
687 3174 829 3238 abbatem
850 3173 1040 3239 Fnldensem
1062 3176 1215 3256 altosque,
1237 3193 1357 3238 necnon
1378 3173 1415 3236 in
1435 3173 1665 3258 [Landelfirm]
1686 3175 1813 3238 electam
1839 3173 2112 3242 Wcrmacicnsem

445 3283 475 3344 et
505 3280 690 3363 mapistrnm
716 3276 900 3343 Devarelnm
928 3279 1112 3342 canonicum
1138 3277 1409 3357 Herbipolensem,
1441 3278 1497 3357 qni
1525 3277 1646 3340 sterilia
1669 3278 1916 3358 praesumpsisse
1944 3279 2113 3357 dicantm,

447 3383 657 3464 appellatione
676 3379 849 3462 postposita
864 3381 1048 3461 precedant.
1735 3383 1828 3459 1235,
1852 3381 1937 3462 Sept.
1960 3385 2019 3448 24.

550 3502 631 3570 Grep.
650 3500 701 3555 IX
716 3501 785 3572 Rea.
810 3502 866 3555 Vol.
887 3500 920 3566 V,
940 3505 988 3569 72;
1006 3500 1069 3554 Lib.
1087 3501 1144 3570 IX,
1162 3505 1227 3554 232.

548 3588 684 3660 Poltbast,
704 3588 892 3659 Rep.10022.

713 3842 721 3860 .
752 3842 761 3860 .
789 3784 1122 3876 Ratisponensi,
1149 3783 1393 3876 imperialis
1420 3785 1518 3858 aule
1547 3785 1830 3874 cancellarie,

930 3909 970 3979 et
997 3962 1005 3980 .
1035 3962 1043 3978 .
1070 3906 1356 3980 Ildesemensi
1384 3906 1618 3998 episcopis,

554 4052 642 4118 Olim
665 4055 779 4120 audite
808 4053 894 4139 qued
917 4054 1123 4120 venerabiles
1154 4054 1272 4119 fratres
1296 4053 1401 4118 nostri
1425 4102 1456 4116 ..
1479 4052 1734 4139 Herbipolensis
1764 4059 1797 4117 et
1820 4099 1852 4116 ..
1875 4053 2108 4139 Augustcnsis

446 4156 594 4243 episcopi
616 4179 654 4222 se
679 4208 712 4223 ..
736 4157 838 4222 abbas
861 4157 1075 4238 Vultuensis,
1100 4157 1255 4222 oblivioni
1281 4156 1455 4221 commisse
1479 4154 1567 4242 quod
1589 4156 1777 4220 carissimus
1801 4157 1834 4220 in
1858 4155 1991 4220 Christo
2015 4158 2107 4222 filius

444 4266 558 4324 noster
579 4260 784 4342 Fridericus,
815 4261 1036 4326 Romanorum
1067 4263 1245 4347 imperator
1274 4281 1404 4347 semper
1432 4267 1606 4345 augustus,
1634 4260 1817 4326 Ierusalem
1844 4267 1877 4325 et
1901 4260 2015 4326 Sicilie
2039 4283 2105 4326 rex
2159 4277 2185 4314 w

444 4364 593 4444 illustris,
618 4366 771 4450 provisus
791 4364 968 4429 aDemino
985 4367 1125 4430 ecclesie
1150 4366 1194 4430 sit
1209 4365 1373 4445 defenser,
1397 4372 1431 4429 et
1453 4363 1607 4449 quicquid
1631 4365 1663 4428 in
1687 4365 1855 4450 prosperis
1879 4365 1932 4428 vel
1957 4365 2105 4429 sinistris

445 4467 493 4530 illi
515 4467 671 4532 advenire
695 4467 886 4548 dinoscitur,
910 4468 1013 4554 ipsius
1031 4470 1173 4533 ecclesie
1197 4469 1291 4554 quasi
1307 4468 1475 4555 preprium
1493 4475 1673 4554 reputetur,
1697 4468 1871 4532 iuramenti
1893 4488 1957 4552 que
1982 4477 2105 4533 tenen-

444 4577 498 4635 tur
520 4568 628 4635 eidem
650 4571 810 4656 religione
834 4578 1038 4657 contempta,
1066 4573 1170 4637 nobili
1192 4573 1262 4636 viro
1284 4571 1430 4637 chriec
1462 4578 1538 4636 nato
1563 4592 1621 4636 suc
1645 4579 1759 4636 eontra
1782 4571 2106 4638 emnem-hominem

444 4673 592 4758 prestitis
617 4675 829 4739 sacramentis
853 4674 1067 4757 adheserant,
1098 4675 1214 4740 dantes
1238 4696 1370 4740 causam
1400 4682 1436 4739 ut
1467 4681 1572 4740 status
1606 4674 1694 4738 orbis
1717 4675 1774 4739 illo
1798 4696 1958 4739 concursu
1981 4675 2104 4740 discri-

445 4776 542 4840 minis
566 4777 765 4857 turbaretur,
790 4777 878 4862 quod
900 4799 961 4843 nec
985 4778 1082 4844 facile
1099 4779 1219 4862 corrigi
1241 4799 1303 4842 nee
1326 4779 1436 4842 multis
1453 4786 1566 4866 posset
1589 4778 1757 4842 laboribus
1780 4778 1920 4842 aboleri:
1945 4779 2105 4844 fraterni·
2159 4807 2185 4844 sc

445 4879 505 4966 tati
527 4887 637 4945 vestre
661 4879 793 4946 dedisse
817 4881 993 4946 recelimus
1016 4883 1050 4945 in
1073 4882 1256 4968 preceptis,
1287 4889 1323 4946 ut
1346 4882 1503 4966 inquisita
1525 4902 1625 4968 super
1647 4881 1710 4945 hiis
1733 4882 1924 4966 diligentius
1947 4884 2105 4962 veritate,

445 4983 473 5046 si
502 4989 669 5049 constaret
697 4984 790 5048 vobis
821 5006 890 5050 rem
921 4986 1032 5050 taliter
1069 5006 1104 5052 se
1138 4985 1278 5066 habere,
1309 4987 1390 5073 ipsis
1423 5008 1464 5051 cx
1494 4992 1587 5073 parte
1617 4993 1731 5050 nostra
1761 4987 1896 5050 firmiter
1925 4987 2105 5073 iniungere

446 5089 621 5169 curaretis,
652 5095 689 5154 ut
713 5089 798 5153 infra
819 5089 901 5154 dues
925 5108 1055 5153 menses
1086 5097 1162 5175 pest
1183 5091 1397 5154 monitionem
1420 5095 1563 5155 vestram
1586 5091 1751 5175 recepturi
1774 5112 1833 5176 pro
1857 5091 1984 5156 meritis
2010 5091 2104 5158 sedis

443 5191 625 5276 apostolice
657 5214 692 5257 se
723 5193 916 5279 conspectui
937 5198 1183 5277 presentarent,
1214 5194 1358 5279 alioquin
1382 5215 1440 5259 eos
1471 5191 1512 5257 ad
1539 5192 1573 5257 id
1601 5195 1809 5259 auctoritate·
1829 5201 1942 5258 nostra
1970 5195 2106 5262 sublate

443 5294 674 5380 appellationis
698 5294 887 5361 obstacule³
909 5297 1086 5380 cogeretis;
1110 5294 1393 5386 D[egenhardum]
1417 5298 1621 5384 prepositum
1644 5297 1684 5362 de
1702 5297 1845 5383 Hougue
1861 5303 1896 5362 et
1910 5296 2107 5366 Walterum
2159 5325 2188 5364 re

550 5453 707 5462 -u——aa--a
1180 5455 1288 5464 -.Ψ-,-

548 5553 571 5623 ·)
590 5557 639 5609 sub
657 5557 795 5624 apostolica
813 5558 958 5608 obedientia
976 5559 1004 5608 in
1021 5577 1112 5625 apogr.
1132 5559 1238 5622 Pertzii;
1255 5561 1282 5610 in
1299 5578 1327 5610 n.
1347 5561 1409 5609 631:
1425 5567 1541 5610 cessante
1558 5560 1740 5629 appellatione;
1759 5562 1793 5624 ef.
1810 5576 1836 5627 p.
1855 5563 1917 5623 475,
1933 5568 1986 5610 not.
2006 5579 2032 5612 a.

547 5677 572 5745 1)
592 5675 742 5732 Albertnrn.
