4538 6426
113 4233 140 4271 ³0

116 5174 142 5212 35

747 335 946 392 EPISTOLAE
964 336 1153 390 SELECTAE.
1190 336 1265 392 1218.
1796 341 1838 402 49

180 506 397 571 absolutionis
420 508 557 594 recipiat
579 507 774 573 beneficium
792 508 833 572 ad
852 510 1022 574 cautelam.
1069 508 1229 581 Quocirca
1245 509 1435 574 discretioni
1451 517 1560 576 vestre
1578 531 1638 597 per
1658 511 1839 598 apostolica

184 610 304 694 scripta
327 609 528 685 mandamus,
552 611 704 696 quatinus
728 612 834 697 ipsum
864 633 978 696 regem
1007 612 1047 676 ad
1074 611 1295 676 exhibendam
1326 614 1508 678 cautionem
1537 613 1718 701 predictam
1741 621 1776 679 et
1798 612 1837 678 ad

184 711 365 776 faciendam
389 734 462 776 eam
491 716 602 777 asnis
631 713 769 777 subditis
799 713 965 794 exhiberi,
999 736 1036 778 ac
1071 714 1112 779 ad
1139 716 1382 780 restitutionem
1410 717 1514 803 ipsius
1542 717 1689 803 episcopi
1717 723 1751 781 et
1773 717 1838 781 alia

184 837 245 900 que
268 817 476 901 premisimus
499 823 670 883 monentes
693 816 871 903 prudenter
896 824 929 881 et
959 817 1137 882 efficaciter
1164 817 1372 898 inducentes,
1401 821 1473 884 eius
1497 841 1596 906 super
1623 820 1686 883 hiis
1710 820 1837 884 litteras

185 919 360 1002 requiratis
384 918 425 982 ad
447 941 506 983 nos
529 941 588 1005 per
605 927 751 984 vestrum
767 921 909 1005 aliquem
928 920 1138 998 deferendas,
1162 922 1340 986 relaxaturi
1358 917 1556 988 sententiam
1574 922 1740 987 interdicti
1762 943 1838 1008 pro-

183 1023 360 1106 mulgatam
385 1023 418 1086 in
440 1045 587 1108 regnum,
612 1025 639 1088 si
662 1045 761 1110 super
777 1025 985 1089 restitutione
1008 1025 1111 1111 ipsius
1134 1027 1279 1113 episcopi
1300 1033 1332 1090 et
1350 1027 1423 1090 aliis
1443 1026 1559 1091 fecerit
1579 1047 1641 1110 que
1657 1025 1834 1104 hortamur,

183 1133 217 1189 et
239 1125 420 1210 impensuri
443 1124 560 1206 eidem,
584 1127 611 1190 si
635 1127 784 1207 voluerit,
808 1133 844 1190 ut
865 1126 1048 1213 predictum
1073 1135 1133 1209 est,
1157 1130 1371 1194 absolutionis
1391 1129 1586 1194 beneficium
1609 1127 1650 1192 ad
1673 1129 1835 1193 cautelam

182 1250 242 1314 pro
275 1229 490 1314 suspensione
520 1229 631 1294 clerici
653 1231 834 1294 memorati.
888 1229 982 1302 Quod
1013 1231 1041 1294 si
1069 1252 1135 1295 non
1158 1253 1271 1297 omnes
1294 1269 1346 1312 —‚
1374 1240 1420 1312 tu,
1448 1233 1549 1298 frater
1572 1233 1737 1319 episcope,
1761 1253 1834 1296 cum

183 1352 296 1395 eorum
319 1333 422 1394 altero
447 1338 508 1395 etc.

293 1433 370 1499 Dat.
393 1433 496 1498 Rome
520 1433 605 1520 apud
631 1435 786 1500 Sanctum
812 1436 957 1512 Petrum,
981 1436 1095 1501 Idibus
1118 1437 1207 1517 Maii,
1230 1460 1314 1503 anno
1339 1438 1494 1504 secundo.

290 1591 331 1654 In
363 1590 504 1668 eundem
536 1591 666 1657 modum
698 1592 853 1679 scripturn
888 1598 939 1656 ost
973 1640 981 1656 .
1011 1641 1019 1656 .
1051 1593 1169 1657 illustri
1205 1593 1275 1678 regi
1303 1591 1440 1657 Boemie
1475 1592 1584 1658 verbis
1613 1597 1839 1678 competenter

296 2225 571 2317 Honoratam
590 2271 677 2331 papa
704 2249 836 2314 amieria
864 2252 1006 2315 ecclcsiae
1035 2255 1063 2315 ct
1086 2251 1197 2316 Sancti
1219 2251 1309 2314 Patri
1325 2252 1516 2331 praepositis
1538 2254 1567 2314 ct
1588 2251 1704 2314 decano
1726 2251 1837 2316 Sancti

186 2355 365 2420 Saloutaria
398 2354 606 2418 Traiectensis
641 2354 788 2430 mancat,
824 2359 860 2416 at
891 2355 1016 2418 nuntiis
1052 2354 1246 2438 Wffillalrai]
1282 2355 1403 2419 cernitis
1434 2352 1628 2418 Hellaadaac
1664 2354 1839 2417 vicesimam

184 2458 459 2521 ecclesiasticorum
484 2460 691 2537 proventuum
716 2455 927 2533 Hottoadiac,
959 2457 1159 2537 Scctaadiac,
1191 2459 1353 2522 orientatis
1376 2459 1505 2522 Frisiac
1530 2461 1560 2521 at
1580 2457 1713 2520 altadas
1734 2459 1836 2519 tarrac

186 2559 305 2623 canitis
325 2559 496 2641 occaecat.
1477 2561 1570 2637 1218,
1592 2558 1675 2623 Mai.
1699 2560 1751 2625 21.

292 2678 364 2731 Han.
383 2681 437 2732 ΙΙΙ
452 2679 522 2750 Ray.
546 2681 601 2733 Vol.
621 2684 644 2742 Ι,
663 2684 727 2740 256.
745 2686 814 2746 2513
834 2680 895 2734 Lib.
915 2682 956 2748 II,
975 2684 1052 2734 1109.

233 2957 241 2973 .
270 2956 279 2973 .
309 2903 486 2976 maioris
515 2903 708 2976 ecclesie
736 2908 779 2975 et
807 2959 815 2975 .
846 2959 854 2974 .
883 2901 1040 2975 Sancti
1069 2901 1187 2974 Petri
1214 2900 1456 2993 prepositis
1483 2906 1525 2974 et
1552 2957 1561 2973 .
1590 2956 1599 2974 .
1627 2901 1797 2972 decano

625 3023 780 3097 Sancti
808 3022 1063 3096 Salvatoris
1090 3021 1404 3094 Traiectensis

296 3170 457 3236 Ardorem
492 3170 569 3235 fidei
604 3177 638 3235 et
671 3170 855 3234 dilectionis
893 3169 1075 3247 fervorem,
1119 3190 1216 3254 quem
1254 3168 1393 3234 dilectus
1432 3167 1518 3232 lilius
1559 3168 1678 3232 nobilis
1709 3167 1759 3231 vir
1785 3165 1842 3233 W.

187 3296 299 3340 comes
326 3275 503 3339 Hollandie
538 3275 624 3338 circa
651 3275 820 3358 negotium
848 3272 949 3337 Terre
986 3271 1106 3336 Sancte
1138 3273 1170 3335 in
1204 3273 1324 3337 affectu
1357 3271 1492 3338 exhibet
1522 3277 1555 3335 et
1586 3270 1727 3350 effectu,
1759 3269 1843 3333 sicut

188 3380 340 3444 convenit
373 3379 592 3459 attendentes,
625 3379 815 3443 vicesimam
852 3376 1151 3440 ecclesiasticorum
1186 3381 1401 3456 proventuum
1435 3372 1627 3447 Hellandie,
1663 3370 1842 3450 Sellandie,

189 3483 358 3548 orientalis
380 3483 486 3548 Frisie
516 3503 554 3546 ac
582 3483 718 3547 alterius
750 3489 836 3546 terre
866 3501 924 3544 sue
954 3479 994 3543 ad
1023 3479 1125 3544 Terre
1159 3479 1279 3544 Sancte
1309 3478 1490 3544 subsidium
1522 3478 1553 3542 ei
1582 3476 1735 3540 duximus
1765 3496 1843 3540 ecn-

189 3585 369 3651 ferendam.
436 3585 596 3659 Quocirca
630 3585 821 3650 discretioni
853 3589 962 3647 vestre
996 3603 1056 3669 per
1091 3583 1272 3669 apostolica
1309 3583 1430 3668 scripta
1461 3581 1597 3646 firmiter
1629 3577 1842 3666 precipiendo

110 3719 122 3756 s
191 3687 391 3767 mandamus,
414 3690 564 3773 quatinus
587 3689 777 3752 vicesimam
800 3688 915 3773 ipsam,
939 3687 1023 3750 sicut
1039 3687 1177 3750 collecta
1200 3692 1260 3766 est,
1284 3686 1407 3749 nuntiis
1430 3682 1579 3750 eiusdem
1600 3682 1738 3762 comitis,
1761 3702 1841 3766 quos

188 3791 230 3856 ad
255 3791 317 3857 hoc
341 3792 494 3877 elegerit,
518 3792 645 3856 sublato
669 3791 844 3856 cuiuslibet
867 3789 1133 3854 contradictionis
1157 3797 1191 3853 et
1213 3789 1442 3875 appellationis
1465 3786 1635 3852 obstaculo
1657 3785 1842 3869 assignetis.

188 3893 285 3967 Quod
317 3897 345 3960 si
377 3896 519 3960 nondum
553 3897 689 3960 forsitan
721 3904 772 3961 est
802 3896 957 3974 collecta,
990 3915 1063 3958 eam
1094 3915 1167 3958 oum
1197 3893 1354 3979 predictis
1383 3892 1505 3956 nuntiis
1539 3890 1733 3974 colligentes
1764 3909 1842 3952 con-

188 3999 303 4062 teratis
338 3999 476 4080 eisdem,
515 3999 772 4064 contradictores
812 4019 872 4084 per
905 4018 1077 4061 censuram
1113 3996 1371 4061 ecclesiasticam
1403 3993 1623 4082 appellatione
1657 3991 1843 4077 postposita

190 4101 440 4188 compescendo.
487 4103 584 4178 Quod
607 4103 635 4167 si
657 4124 722 4166 non
746 4122 860 4166 omnes
885 4138 936 4180 -‚
959 4099 1022 4162 duo
1045 4105 1190 4163 vestrum
1215 4106 1276 4162 etc.

299 4205 375 4270 Dat.
409 4205 513 4272 Rome
546 4206 634 4293 apud
667 4206 823 4271 Sanctum
855 4205 1006 4282 Petrum,
1040 4201 1108 4265 XII
1139 4201 1213 4268 Kal.
1247 4201 1349 4282 Iunii,
1379 4201 1587 4288 pontificatus
1620 4197 1723 4262 nostri
1758 4216 1843 4260 anno

194 4308 347 4374 secundo.

814 4445 1224 4455 —--——-——-—

995 4707 1056 4779 69.

307 4825 494 4920 Honorias
516 4854 582 4917 ΠΙ
595 4874 684 4933 papa
705 4849 911 4936 [Wilbclmo]
932 4849 1035 4913 conciti
1056 4845 1252 4911 Hellaadiac
1273 4841 1394 4917 scribit,
1417 4839 1446 4903 si
1467 4860 1530 4920 acca
1553 4839 1587 4902 ia
1608 4859 1678 4901 carra
1697 4842 1766 4919 past
1790 4840 1848 4902 iter

187 4961 456 5045 pcrcpriaationis
476 4961 638 5038 arreptam
659 4955 985 5020 excommunicationis
1006 4953 1048 5016 sit
1069 4951 1224 5018 scatardia
1241 4947 1451 5030 proaaalpata,
1473 4963 1543 5005 cara
1563 4962 1595 5006 sc
1618 4963 1769 5006 revocare.

1485 5046 1578 5122 1218,
1600 5043 1685 5109 Mai.
1706 5048 1760 5109 23.

302 5151 375 5205 Han.
395 5152 449 5202 ΙΙΙ
464 5149 532 5218 Rea.
558 5147 612 5201 Vol.
634 5149 746 5212 I‚256‚·
763 5143 826 5197 Lib,
846 5145 886 5202 ΙΙ.
905 5146 983 5196 1107.

617 5375 761 5450 Nobili
790 5376 886 5448 viro
917 5431 926 5449 .
956 5431 964 5447 .
993 5368 1146 5446 comiti
1173 5365 1426 5440 Hollandie.

305 5529 386 5593 Cum
420 5534 556 5614 accepta
585 5548 696 5606 cruce,
728 5531 764 5590 ut
794 5523 960 5588 Christum
994 5519 1158 5603 sequaris,
1193 5512 1410 5598 abnegaveris
1443 5513 1671 5596 temetipsum,
1706 5533 1780 5588 uos,
1814 5501 1847 5574 in

195 5640 354 5722 quantum
377 5654 450 5697 cum
472 5632 545 5697 Dec
568 5651 759 5719 possumus,
786 5627 845 5691 tibi
869 5627 911 5693 ob
936 5623 1152 5691 reverentiam
1182 5621 1253 5688 eius
1276 5618 1405 5683 deferre
1428 5615 1592 5693 volentes,
1622 5611 1650 5676 si
1673 5615 1792 5702 quain
1816 5620 1848 5679 te

301 5757 361 5810 Rea.
381 5757 458 5806 Pom.
478 5756 497 5808 Ι,
1628 5723 1643 5780 7
