4576 6390
782 342 982 397 arrsromn
999 341 1189 396 suaseras.
1221 342 1296 396 1233.
1804 351 1866 412 445
1959 325 1963 332 ⁴

215 535 311 598 quam
335 514 511 600 depressor
534 497 682 580 cidsdem
705 516 878 580 occasione
901 515 1014 580 afflicti
1037 515 1129 598 regni
1147 513 1260 580 Sicilie
1276 514 1444 582 dicereris.
1491 515 1586 589 Quod
1608 523 1644 581 ut
1668 517 1727 582 tibi
1752 517 1869 583 amodo

214 637 272 702 pro
297 615 407 681 divina
437 614 470 681 et
499 624 610 682 nostra
638 618 823 683 reverentia
853 617 1115 682 commendatum
1139 617 1277 697 existat,
1309 624 1341 682 tc
1373 641 1432 704 per
1455 618 1520 682 Dei
1550 620 1652 684 filium
1681 619 1869 685 adiurantes

215 723 381 799 volumus,
413 728 449 786 ut
480 723 520 786 de
549 723 660 788 favore
683 727 794 786 nostro
825 721 976 786 fiduciam
1004 723 1136 807 plenam
1167 722 1333 802 obtineas,
1369 721 1544 787 dummodo
1574 724 1720 788 intentus
1750 723 1868 788 divinis

214 823 431 910 beneplacitis
455 826 658 910 exequendis
681 815 729 890 ab¹
746 825 894 890 eiusdem
916 825 1009 910 regni
1033 825 1220 910 gravamine
1245 827 1468 911 conquiescas.

322 942 398 1007 Dat,
422 946 575 1013 Lateran.
598 945 646 1013 Id.
670 945 756 1026 Iulii,
780 946 989 1033 pontificatus
1013 946 1116 1009 nostri
1139 966 1224 1009 anno
1249 947 1398 1033 septimo.

836 1186 1246 1198 -—-—---..—-.-.....-..-...

998 1433 1083 1505 551.

321 1545 511 1656 Gregorius
540 1573 597 1638 IX
626 1594 712 1654 papa
743 1573 913 1638 rectoribus
952 1573 1047 1639 Urbis
1080 1574 1226 1654 nrrntiat,
1259 1591 1290 1636 sc
1326 1592 1430 1638 omnin
1460 1574 1633 1638 turbatores
1663 1572 1754 1654 pacis
1786 1572 1869 1634 inter

215 1673 375 1739 Rontanm
403 1680 432 1740 ct
466 1676 672 1740 Vitarbienscs
699 1675 902 1760 reformatae,
932 1681 961 1740 et
991 1695 1040 1740 cos
1071 1677 1126 1757 qai
1157 1677 1304 1742 Castrum
1331 1675 1524 1740 Monastcrii
1541 1659 1750 1756 ¹reaedificare
1775 1693 1869 1754 prae·

214 1778 412 1856 sumpserint,
434 1779 708 1844 caemamanicarc.
1505 1781 1599 1856 1233,
1621 1779 1704 1861 Any.
1730 1780 1781 1843 10.

221 1897 222 1900 ’
319 1894 399 1963 Grae.
418 1898 464 1949 Ll'
478 1897 545 1966 Rrp.
567 1896 625 1950 Vol.
645 1898 663 1948 Ι
669 1899 696 1960 V,
716 1899 761 1962 743
780 1895 840 1949 Lib.
866 1898 928 1962 VII,
945 1900 1009 1950 262.

824 2109 1092 2184 Rectoribus
1119 2111 1260 2186 Urbis.

324 2259 406 2323 Cum
429 2281 488 2346 pro
519 2259 751 2325 reformatione
780 2261 870 2346 pacis
899 2260 986 2324 inter
1009 2260 1174 2326 Romanos
1206 2268 1239 2326 et
1263 2261 1491 2326 Viterbieuses
1521 2261 1563 2324 sit
1592 2262 1690 2345 longo
1719 2266 1867 2344 tempore

214 2363 415 2442 laboratum,
449 2370 482 2427 et
504 2385 590 2427 nunc
613 2385 695 2448 paee
719 2364 805 2427 iuter
826 2364 917 2449 ipsos
940 2385 1000 2449 per
1021 2363 1086 2428 Dei
1109 2366 1248 2449 gratiam
1272 2365 1478 2445 reformata1,
1511 2386 1552 2429 ne
1580 2365 1637 2428 illo
1660 2369 1866 2451 procurante,

215 2468 270 2552 qui
298 2466 513 2531 dissensionis
547 2474 597 2532 est
631 2474 762 2547 auctor,
798 2467 947 2532 turbetur
980 2489 1039 2553 per
1068 2469 1196 2552 aliquos
1228 2467 1422 2554 perditionis
1452 2469 1556 2548 filios,
1590 2468 1761 2546 timeatur,
1796 2487 1867 2543 nos,

215 2572 364 2635 volentes
395 2572 576 2635 animarum
610 2572 708 2635 saluti
740 2572 912 2636 consulere
946 2592 984 2636 ac
1016 2571 1132 2635 tuturis
1166 2573 1322 2658 periculis
1357 2572 1506 2648 obviare,
1540 2592 1653 2635 omues
1681 2571 1867 2633 turbatores

216 2675 307 2760 pacis
331 2674 533 2752 huiusmodi,
562 2681 596 2739 et
619 2674 675 2759 qui
698 2674 850 2738 Castrum
873 2674 1065 2738 Mouasterii
1089 2675 1302 2740 reheditioare
1327 2676 1379 2740 vel
1402 2673 1534 2760 aliquod
1557 2672 1721 2738 editicium
1745 2670 1867 2735 ibidem

96 2767 100 2774 ⁴
215 2780 323 2843 facere
352 2779 630 2864 presumpserint,
661 2779 856 2842 auctoritate
879 2777 943 2841 Dei
973 2778 1208 2862 omnipotentis
1232 2784 1265 2843 et
1287 2778 1456 2842 beatorum
1480 2777 1570 2841 Petri
1594 2781 1628 2840 et
1649 2775 1744 2839 Pauli
1766 2794 1804 2837 ac
1828 2794 1868 2838 ea

215 2902 311 2965 quam
340 2882 435 2946 uobis
463 2880 587 2966 ligandi
616 2888 649 2946 et
679 2880 828 2945 solvendi
856 2881 993 2945 eontulit
1022 2887 1187 2967 potestate
1211 2881 1562 2946 excommunicationis
1586 2878 1750 2943 sententia
1771 2876 1866 2941 inno·

215 2983 341 3048 damus.

321 3105 398 3169 Dat.
420 3104 582 3190 Anagnie,
605 3105 677 3170 IIII
699 3104 748 3168 Id.
773 3105 857 3190 Aug.
882 3126 967 3169 auno
991 3105 1140 3190 septimo.

838 3347 1249 3356 μ...-

1000 3589 1085 3662 553.

139 3757 165 3794 20
324 3700 515 3810 &reperitis
529 3728 586 3792 IX
595 3749 682 3809 papa
697 3727 858 3794 Fraiierici
875 3727 1090 3792 Romanarum
1105 3729 1304 3808 imperatoris
1318 3730 1461 3809 quercias
1475 3729 1572 3807 reicit,
1594 3729 1650 3810 qai
1668 3749 1726 3808 per
1748 3729 1869 3793 litteras

215 3831 432 3896 cardinalibus
459 3831 594 3896 directas
622 3831 706 3895 aibit
735 3832 796 3895 sibi
824 3831 861 3895 de
889 3832 1021 3896 iniuriis
1049 3853 1071 3895 a
1093 3831 1282 3896 Lambardis
1309 3834 1411 3897 illatis
1437 3831 1664 3915 satisfactionis
1679 3834 1869 3912 praestitam

213 3935 312 4015 faisse
339 3939 521 4016 conquestus
547 3939 633 4012 arat,·
663 3935 799 4016 qualiter
826 3935 862 3998 in
885 3935 1066 4015 provisione
1095 3953 1154 3998 sira
1184 3935 1352 4000 secandam
1380 3935 1537 4000 iustitiam
1565 3939 1594 3999 et
1624 3935 1778 3999 rationem
1793 3955 1870 4016 pra

215 4038 353 4114 cesserit,
387 4038 527 4118 ecponit,
560 4039 717 4100 nantiaas
744 4038 899 4120 nepotiana
928 4039 963 4100 ia
994 4041 1110 4101 statam
1134 4039 1309 4118 pristinam
1336 4039 1442 4103 radant
1464 4057 1570 4119 posse,
1603 4039 1673 4102 iare
1705 4038 1870 4118 ntriasqac

210 4141 319 4222 partis
340 4142 460 4221 integro
481 4145 668 4206 recurrente.
1502 4145 1598 4218 1233,
1621 4141 1704 4222 Ana.
1730 4142 1781 4203 12.

139 4279 165 4321 es
322 4259 403 4329 Grcy.
421 4261 471 4314 IX
488 4261 557 4332 Req.
582 4261 638 4314 Vct.
657 4259 711 4328 IV,
732 4264 856 4328 ⁷6-77;
874 4260 936 4314 Dib.
957 4260 1026 4326 VII,
1044 4265 1108 4315 269.
1149 4261 1255 4315 Pertaii
1273 4261 1413 4332 exemplar
1429 4261 1615 4332 supplevimus
1634 4277 1668 4314 ec
1685 4259 1777 4329 Rayn.
1797 4260 1868 4312 Arm.

215 4347 276 4400 eccl.
295 4363 320 4400 a.
340 4352 422 4413 1233,
438 4351 455 4412 §
472 4350 588 4400 29-31.

321 4432 457 4496 Pottlraat
475 4433 545 4504 Rea.
564 4436 643 4487 9271.

397 4645 640 4734 Frideri00‚
667 4645 965 4719 Romanorum
991 4647 1253 4740 imperatori
1280 4669 1453 4739 semper
1479 4652 1684 4740 auguste,

642 4767 883 4840 Ierusalem
911 4772 952 4839 et
978 4768 1130 4842 Sicilie
1157 4769 1247 4860 regi
1272 4767 1449 4841 illustri.

141 4935 167 4974 ³⁰
326 4916 413 4981 Dum
442 4917 476 4980 in
505 4916 704 4980 conscientie
734 4921 861 4980 secreto
884 4916 1119 5002 perquirimus,
1154 4923 1276 5002 quanta
1308 4915 1492 4980 dilectionis
1516 4922 1550 4980 et
1574 4916 1771 4982 sinceritatis
1794 4938 1869 5002 pre-

218 5021 377 5084 minentia
399 5027 431 5084 te
454 5019 620 5106 prosecuti
642 5020 816 5099 fuerimus,
851 5019 885 5082 iu
912 5019 1029 5083 minori
1053 5019 1158 5084 officio
1181 5020 1350 5084 constituti
1374 5025 1408 5082 et
1430 5025 1602 5104 postquam
1624 5018 1666 5083 ad
1689 5021 1869 5106 apostolico

219 5123 389 5208 dignitatis
411 5122 577 5208 fastigium
600 5122 678 5186 licet
702 5121 825 5207 indigni
841 5121 1036 5208 disponente
1053 5121 1127 5186 Deo
1149 5123 1269 5187 fuimus
1292 5121 1431 5202 evocati,
1455 5120 1482 5184 si
1505 5127 1561 5185 tua
1583 5121 1664 5186 velit
1687 5122 1869 5187 sublimitas

218 5228 253 5290 in
280 5227 424 5290 favorem
448 5226 595 5289 veritatis
627 5245 788 5309 exurgere
817 5230 851 5288 et
877 5225 1062 5289 affectionis
1091 5231 1249 5312 percepta
1276 5245 1414 5289 munera
1443 5245 1630 5305 recensere,
1658 5225 1805 5290 breviter
1827 5246 1870 5288 ex

218 5330 276 5394 illa
304 5329 504 5414 colligimus,
539 5328 626 5411 quod
659 5349 756 5414 super
785 5328 849 5391 hiis
878 5328 943 5392 alio
973 5349 1070 5414 quam
1099 5335 1156 5393 tuo
1186 5328 1374 5392 testimonio
1404 5348 1470 5391 uon
1497 5348 1643 5412 egemus.
1700 5326 1766 5392 Sed
1794 5327 1871 5412 quia

143 5645 168 5684 35
326 5621 352 5688 1)
371 5619 467 5674 Merrae
485 5620 579 5696 Aprili
586 5639 595 5688 ,·
614 5620 697 5696 Rycc.
717 5620 751 5676 dc
771 5621 800 5674 S.
820 5619 910 5678 Gerar.
929 5637 955 5676 a.
974 5623 1056 5690 1233,
1074 5620 1122 5676 SS.
1141 5623 1159 5674 t.
1179 5621 1257 5686 XIX,
1270 5637 1300 5690 p.
1322 5624 1387 5674 370.
