4494 6426
405 374 447 436 94
992 368 1039 424 llll
1058 367 1213 424 HONORH
1231 367 1272 421 III
1290 366 1470 425 REGISTRO

405 565 512 608 meam
535 543 789 630 comprobabitis
812 542 1034 607 devotionem.
1087 541 1268 629 Oomplctis
1291 547 1403 607 autem
1425 563 1485 628 per
1508 543 1637 607 ltaliam
1660 542 1797 628 agendis
1820 544 2054 630 imperialibus,

406 668 479 712 cum
502 646 669 733 sepedicto
693 646 843 711 Alatrino
867 645 934 710 vita
958 646 1077 710 comite
1104 646 1267 710 festinabo
1299 667 1350 710 me
1376 645 1581 710 sanctissime
1603 648 1771 731 presentie
1794 653 1902 712 vestre
1927 649 2056 728 offerre,

405 750 549 816 debitam
572 751 605 813 in
630 749 780 814 omnihus
804 755 837 813 et
859 770 919 835 per
941 749 1050 813 omnia
1074 750 1271 814 excellentie
1294 749 1472 834 apostolice
1490 749 1694 814 exhibiturus
1717 752 1936 815 reverentiam
1959 752 2056 815 simul

406 861 439 919 et
466 853 700 933 obedientiam,
737 873 835 938 super
863 853 972 916 omnia
998 851 1268 917 recommendans
1301 852 1428 937 pietati
1445 858 1553 917 vestre
1583 873 1696 918 verum
1725 854 1828 918 filium
1857 853 2055 937 obedientie,

405 957 572 1021 dominum
594 977 704 1022 meum
726 963 835 1020 vestre
855 956 1037 1020 sanctitatis
1060 956 1162 1019 filium
1185 975 1298 1038 regem
1321 952 1370 1034 F,
1393 954 1487 1018 flexis
1510 955 1649 1039 genibus
1672 956 1839 1021 humiliter
1861 956 2055 1043 deposcens,

405 1067 441 1125 ut
464 1061 535 1146 ipse
558 1062 689 1146 plenam
712 1060 745 1123 in
769 1060 871 1124 oculis
895 1059 1013 1124 vestris
1037 1057 1183 1124 invenire
1207 1057 1326 1122 debeat
1349 1058 1487 1142 gratiam
1510 1057 1551 1121 ad
1574 1059 1730 1124 honorem
1754 1059 1819 1124 Dei
1843 1068 1876 1125 et
1899 1062 2052 1138 ecclesie,

406 1170 440 1228 et
461 1184 576 1249 pacem
598 1185 636 1228 ac
659 1163 928 1249 tranquillitatem
951 1163 1051 1228 totius
1076 1161 1216 1248 imperii.
1263 1158 1337 1224 Scio
1361 1161 1448 1224 enim
1471 1161 1606 1226 firmiter
1628 1169 1661 1226 ct
1684 1184 1757 1226 enm
1780 1165 1852 1249 ipso
1875 1171 1972 1248 atque
1995 1185 2055 1249 pro

407 1267 477 1352 ipso
502 1266 648 1352 spondeo
671 1266 812 1330 fideliter
834 1272 867 1330 et
889 1266 1060 1351 promitto,
1090 1263 1175 1349 quod
1202 1263 1273 1349 ipse
1302 1263 1390 1327 nullo
1413 1284 1555 1348 unquam
1578 1285 1657 1328 casu
1685 1287 1743 1329 seu
1767 1274 1887 1331 eventu
1911 1268 2055 1331 animum

406 1390 500 1433 suum
523 1390 543 1434 a
565 1369 739 1434 devotione
762 1376 873 1434 vestra
895 1375 928 1432 et
951 1374 1063 1432 sancte
1086 1367 1235 1432 Romane
1259 1366 1401 1430 ecclesie
1426 1365 1613 1431 declinabit.

461 1455 464 1462 ’
512 1471 587 1537 Dat.
610 1473 755 1554 Mantua,
777 1473 812 1536 II
834 1471 909 1536 Kal.
932 1471 1083 1556 Augusti.

1189 1896 1273 1969 lf8.

516 2010 704 2103 Honoras
726 2038 792 2103 ΙΙΙ
808 2060 899 2121 papo
919 2039 1139 2124 [Oonrodum]
1167 2038 1340 2118 episcopum
1362 2034 1533 2099 Mctcascm
1559 2039 1648 2117 repat
1676 2040 1706 2100 ct
1735 2041 1850 2116 monet,
1877 2043 1913 2102 at
1941 2043 2058 2104 mrram

405 2139 577 2206 comitissae
598 2141 770 2206 Mothildia
797 2142 964 2207 secundam
989 2143 1174 2206 scandatum
1201 2139 1320 2222 rapiam
1342 2135 1513 2220 Royacldo
1534 2136 1689 2202 Munaldi
1718 2139 1904 2206 subdiacono
1932 2144 2059 2207 anniae

405 2242 693 2324 sedisapostolicae
713 2245 857 2327 resignet.
1717 2244 1810 2321 1220,
1832 2245 1914 2326 Aac.
1938 2245 1968 2308 5.

509 2361 582 2416 aon.
601 2362 656 2417 111
673 2364 739 2433 neq.
763 2364 819 2418 Vor.
837 2363 900 2427 111,
917 2367 948 2431 1,·
968 2363 1029 2417 rao.
1054 2364 1083 2428 v,
1102 2367 1145 2418 rc.

508 2448 643 2516 Peraea,
662 2451 732 2520 acy.
752 2454 834 2504 osan

612 2683 621 2700 .
651 2683 660 2702 .
689 2625 904 2720 episcopo
932 2627 1135 2714 Metensi‚
1161 2624 1412 2717 imperialis
1439 2624 1538 2697 aule
1567 2623 1846 2698 cancellario.

454 2837 456 2846 ,
515 2775 596 2857 Tua,
620 2777 704 2841 sicut
726 2776 904 2858 credimus,
927 2777 1114 2842 fraternitas
1137 2774 1353 2860 recognoscit,
1377 2778 1495 2858 quate
1519 2773 1727 2858 prerogativa
1742 2773 1928 2840 dilectionis
1951 2782 2058 2840 mater

405 2885 463 2942 tua
484 2875 633 2943 Romana
662 2880 804 2945 ecclesia
833 2881 932 2946 fuerit
960 2881 1163 2967 amplexata,
1195 2900 1258 2964 que
1282 2879 1328 2942 ita
1351 2877 1412 2942 tibi
1434 2878 1566 2941 ianuam
1589 2897 1647 2940 sue
1671 2876 1827 2942 bonitatis
1852 2880 1998 2965 aperuit,
2021 2886 2058 2944 ut

406 2979 546 3064 quadarn
569 2982 727 3067 singulari
750 2985 856 3068 gratia
877 2993 909 3050 te
934 2982 1064 3048 duxerit
1086 2984 1173 3047 inter
1196 2988 1324 3047 ceteros
1346 2978 1580 3044 honorandum.
1627 2979 1756 3044 Tenere
1778 2980 1913 3067 insuper
1927 2981 2057 3047 firmum

406 3081 519 3164 debes,
543 3085 629 3169 quod
651 3107 711 3151 nos
736 3107 776 3151 ea
798 3093 830 3152 te
855 3087 999 3152 caritatis
1022 3085 1245 3150 habundantia
1267 3084 1488 3169 prevenimus,
1511 3087 1547 3146 nt
1563 3081 1603 3146 dc
1621 3088 1677 3146 tuo
1694 3083 1796 3146 simus
1816 3083 1940 3149 honore
1964 3087 2056 3150 solli-

407 3185 463 3249 citi
486 3194 520 3250 et
542 3188 685 3254 libenter
707 3190 747 3255 de
771 3190 851 3272 hiis,
883 3212 946 3275 quc
979 3196 1070 3253 tuum
1099 3189 1357 3253 incrementumu
1386 3186 1580 3272 respiciunt,
1610 3186 1806 3269 cogitemus,
1836 3208 1935 3272 qnare
1959 3187 1999 3254 de
2023 3195 2057 3253 te

406 3290 588 3373 apostolica
618 3292 714 3358 sedes
744 3301 777 3359 ct
814 3316 873 3359 nos
903 3315 978 3358 cum
1005 3295 1078 3379 ipsa
1106 3291 1316 3371 confidimus,
1346 3290 1433 3376 quod
1463 3310 1648 3354 memorans
1683 3311 1756 3353 earn
1787 3311 1882 3374 quam
1916 3293 1957 3356 ab
1985 3293 2059 3378 ipsa

406 3393 546 3475 gustasti
569 3392 791 3477 dulcedinem,
824 3404 858 3463 et
881 3397 1091 3463 considerans
1116 3417 1223 3461 rorem
1246 3396 1306 3459 tibi
1338 3415 1397 3458 sue
1420 3392 1659 3456 benedictionis
1682 3393 1787 3477 magis
1810 3415 1847 3458 ac
1871 3395 1996 3478 magis,
2029 3396 2057 3458 si

405 3494 439 3556 in
462 3495 533 3559 eius
557 3496 731 3565 devotione
757 3501 952 3587 perstiteris,
976 3500 1224 3579 infundendum,
1249 3518 1366 3583 gerere
1390 3497 1422 3560 in
1445 3504 1579 3582 pectore
1602 3501 1658 3559 tuo
1681 3494 1804 3560 debeas
1828 3497 1969 3562 ecclesie
1987 3498 2056 3562 Ro-

2108 3114 2132 3150 20

336 3605 344 3610 '
405 3617 500 3663 mane
524 3602 666 3685 negotia,
692 3610 725 3668 et
748 3605 847 3668 etiam
872 3626 911 3668 ea
934 3605 1029 3669 nobis
1053 3603 1238 3668 tacentibus
1267 3620 1452 3686 procurare.
1498 3598 1580 3662 Cum
1598 3605 1706 3663 autem
1722 3598 1922 3663 iamdudum
1945 3601 2055 3685 regias
2106 3631 2130 3666 aa

405 3703 628 3788 acceperimus
669 3706 796 3770 litteras
837 3709 1057 3786 continentes,
1095 3705 1182 3792 quod
1211 3704 1302 3789 regia
1333 3703 1528 3766 auctoritate
1562 3700 1707 3765 debebas
1739 3708 1859 3766 terram
1889 3704 2056 3769 comitisse

405 3799 558 3869 Matildisv
574 3806 695 3873 dilecto
718 3810 789 3874 lilio
811 3807 974 3888 Alatrino,
999 3809 1198 3874 subdiacono
1222 3813 1256 3870 ct
1279 3806 1447 3892 capellano
1471 3811 1593 3882 nostro,
1618 3805 1748 3869 nomine
1771 3805 1858 3870 sodis
1875 3807 2056 3892 apostolice

405 3907 584 3992 assignare,
608 3916 709 3996 tuquc
732 3933 790 3997 per
814 3919 898 3992 tuas,
922 3935 1003 3998 quas
1027 3914 1059 3975 in
1075 3910 1299 3976 testimonium
1316 3929 1531 3987 reservamus,
1556 3908 1681 3972 litteras
1703 3909 1892 3974 intimasses
1908 3916 1940 3974 te
1958 3931 2058 3996 super

404 4007 466 4073 hoc
490 4011 618 4095 regium
641 4015 811 4100 accepisse
835 4015 1036 4098 mandatum,
1060 4022 1093 4078 et
1115 4014 1221 4078 dictus
1245 4011 1465 4076 subdiaconus
1488 4010 1574 4075 idem
1597 4010 1692 4075 nobis
1716 4012 1860 4078 scribere
1883 4034 2056 4098 procuras-

405 4119 470 4192 set,
503 4115 611 4179 mirati
642 4138 753 4181 sumus
785 4139 850 4182 non
881 4119 1060 4198 modicunr,
1092 4117 1177 4202 qnod
1206 4139 1279 4180 cnm
1303 4122 1336 4180 te
1359 4115 1499 4178 intrasse
1529 4113 1789 4179 intellexerimus
1813 4115 2054 4196 bombardiam,
2106 4145 2130 4180 ar

404 4216 504 4279 nichil
535 4225 585 4281 cst
613 4220 708 4284 nobis
739 4219 779 4285 de
804 4221 866 4285 hiis
892 4245 951 4308 per
982 4229 1014 4286 te
1039 4223 1091 4285 vel
1121 4221 1243 4285 dictum
1273 4218 1507 4283 subdiaconum
1537 4217 1731 4281 nuntiatum.
1776 4216 1828 4283 De
1851 4218 1954 4304 ipsius
1978 4241 2057 4304 ergo

405 4318 597 4384 subdiaconi
625 4322 777 4387 absentia
799 4323 1003 4406 dubitantes,
1037 4325 1192 4390 dilectum
1221 4324 1324 4388 filium
1346 4320 1551 4406 Raynaldnm
1581 4318 1738 4399 Munaldi,
1763 4319 2000 4388 subdiaconum
2024 4331 2057 4387 et

406 4423 612 4507 capellanum
644 4432 809 4508 nostrum,
843 4429 947 4492 virum
985 4427 1156 4514 providum
1187 4434 1221 4491 et
1253 4425 1445 4504 discretum,
1474 4423 1568 4488 nobis
1597 4431 1631 4488 ct
1663 4423 1817 4488 fratribus
1846 4426 1969 4489 nostris
1998 4447 2057 4490 sue

403 4525 520 4589 merito
543 4527 716 4611 probitatis
740 4538 927 4616 acceptam,
957 4531 997 4596 ad
1020 4539 1052 4595 te
1076 4531 1229 4594 duximus
1252 4527 1490 4607 destinandum,
1514 4526 1752 4591 fraternitatem
1776 4533 1864 4590 tuam
1891 4534 2057 4613 rogantes,

404 4633 575 4693 monentes
598 4637 631 4694 et
654 4631 825 4699 hortantes
849 4636 1017 4712 attentius,
1041 4656 1101 4720 per
1115 4633 1298 4719 apostolica
1316 4631 1377 4696 tibi
1395 4631 1516 4716 scripta
1538 4628 1741 4710 mandantes,
1765 4631 1918 4715 quatinus
1934 4632 2053 4718 ipsum,
2120 4660 2130 4695 c

403 4730 501 4795 immo
532 4733 640 4817 potius
668 4755 728 4799 nos
757 4737 788 4799 in
820 4758 874 4816 eo,
905 4739 1047 4822 benigne
1077 4737 1239 4822 recipiens
1264 4742 1296 4799 et
1324 4735 1462 4799 honeste
1493 4741 1712 4820 pertractans,
1744 4741 1864 4800 terram
1889 4737 2056 4800 comitisse

403 4833 549 4898 Matildis
575 4837 754 4903 secundum
777 4839 965 4904 mandatum
989 4842 1114 4925 regium
1139 4841 1170 4905 ei
1194 4840 1324 4904 nomine
1348 4844 1459 4902 nostro
1484 4843 1517 4901 et
1538 4838 1680 4902 ecclesie
1696 4837 1844 4903 Romane
1861 4840 1949 4903 omni
1965 4860 2057 4904 mora

405 4943 438 5000 et
461 4939 633 5004 occasione
656 4943 849 5027 postpositis
873 4946 1027 5008 restituas
1053 4951 1085 5008 et
1108 4945 1268 5028 resignes,
1293 4943 1337 5006 ita
1359 4940 1445 5027 quod
1467 4963 1526 5027 pcr
1547 4948 1733 5027 promptum
1756 4942 1912 5006 affectum
1934 4942 1975 5008 de
1999 4951 2056 5008 tuo

403 5041 504 5126 regiis
536 5041 677 5109 videaris
705 5045 923 5132 beneplacitis
952 5047 1132 5128 adiecisse,
1155 5069 1214 5134 per
1236 5045 1323 5131 quod
1346 5045 1545 5130 gaudeamus
1569 5045 1609 5110 de
1632 5045 1747 5129 gratia,
1771 5066 1867 5131 quam
1891 5045 1952 5110 tibi
1975 5068 2056 5133 apo-

403 5144 520 5209 stolica
547 5145 642 5211 scdes
674 5149 842 5230 exhibuit,
870 5159 1107 5236 cognoscentes
1137 5157 1168 5214 te
1196 5152 1300 5237 ipsam
1331 5171 1396 5214 non
1424 5150 1458 5213 in
1479 5137 1619 5213 vacuum
1649 5149 1835 5235 accepisse,
1867 5149 1970 5214 acad
1994 5172 2053 5214 ex-

401 5244 580 5312 hibendum
607 5249 849 5317 habundantius
879 5255 1059 5319 sinceritati
1088 5261 1143 5318 tuo
1172 5252 1343 5317 comodum
1375 5259 1408 5317 et
1437 5252 1594 5318 honorem
1623 5253 1860 5318 constituamur
1887 5252 1948 5317 tibi
1978 5274 2052 5318 cum

401 5348 551 5414 Romana
573 5354 718 5419 ecclesia
739 5355 917 5421 debitores.

509 5454 585 5520 Dat.
609 5457 694 5542 apud
717 5457 998 5541 Urbemveterem,
1021 5459 1125 5523 Nonis
1148 5457 1232 5544 Aug.
1257 5479 1341 5522 anno
1365 5458 1487 5542 quinto.

496 5663 529 5727 ¹)
548 5675 705 5718 crementum
724 5664 759 5719 R.

2106 5173 2131 5210 ⁴0
