4576 6390
780 373 980 430 EPISTOLAE
998 373 1187 428 SELECTAE.
1223 374 1298 430 1235.
1804 381 1866 442 505

210 543 398 608 huiusmodi
426 545 625 623 debitorum,
649 568 752 631 usque
782 548 824 612 ad
854 547 1031 610 triennium
1061 546 1151 610 licite
1174 548 1285 611 valeas
1315 548 1478 623 retinere;
1507 547 1639 635 proviso
1668 549 1729 614 sub
1759 550 1866 614 anime

210 653 266 710 tue
289 647 446 732 periculo,
471 648 557 732 quod
581 650 730 713 ecclesiis
752 650 943 714 vacantibus
967 648 1006 713 de
1031 649 1213 713 rectoribus
1238 649 1365 713 idoneis
1390 651 1581 716 consulatur
1603 660 1636 716 et
1659 653 1699 717 de
1722 654 1866 738 ipsarum

210 749 370 813 fructibus
401 749 441 813 ad
472 752 666 817 sustinenda
694 774 805 817 aarum
840 774 940 818 onera
975 753 1141 818 sufficiens
1173 754 1238 817 illis
1274 754 1381 840 portio
1419 755 1616 841 assignetur.
1667 756 1757 820 Nulli
1787 777 1866 840 ergo

211 859 323 917 nostre
347 856 568 918 concessionis
593 861 653 920 etc.
699 856 734 921 Si
758 859 830 942 quis
853 864 961 922 autern
986 864 1047 922 etc.

319 973 396 1037 Dat.
419 973 559 1058 Perusii,
583 975 631 1042 IV
656 977 768 1044 Nonas
790 979 945 1059 Ianuarii,
969 1000 1054 1043 anno
1079 986 1204 1043 octavo.

995 1382 1080 1454 617.

317 1471 507 1584 Gregorius
528 1501 584 1567 IX
605 1522 696 1582 popo
716 1507 861 1567 rectorem
884 1506 913 1566 et
935 1504 1090 1584 propalam
1117 1503 1335 1568 Velletreascm
1356 1505 1514 1583 bortatur,
1546 1510 1581 1569 ut
1609 1511 1717 1570 contra
1739 1505 1865 1570 rebelles

209 1602 371 1688 Romanos
392 1604 427 1667 in
449 1605 607 1668 deuotione
629 1605 917 1685 sedisapostolicae
939 1607 1128 1685 inflexibiles
1143 1609 1336 1688 persistant;
1366 1611 1422 1687 iis,
1453 1629 1530 1690 quos
1554 1629 1613 1690 pro
1634 1609 1750 1673 luenda
1774 1609 1865 1673 libcr-

211 1709 272 1769 tote
293 1707 500 1773 ecclesiastico
520 1709 600 1773 mori
622 1709 791 1790 contigerit,
814 1709 953 1772 olseium
969 1714 1167 1789 peccatorum
1190 1712 1314 1774 veniam
1337 1711 1486 1794 indulget.
1532 1713 1626 1794 1235,
1649 1711 1721 1776 Iun.
1745 1716 1777 1779 2.

315 1827 394 1894 (ἔτερ.
413 1828 462 1881 IX
479 1829 547 1894 Rep.
571 1829 627 1881 Vol.
647 1828 700 1892 IV,
719 1832 793 1902 2le
805 1828 867 1883 Lib.
889 1829 976 1894 VIII,
996 1834 1055 1884 391.
1436 1875 1438 1880 ,

313 1917 366 1982 Ap.
384 1914 569 1987 Royaaldum
589 1920 659 1968 Aaa.
679 1915 741 1968 eccl.
760 1931 785 1967 a.
804 1918 885 1978 1235,
903 1919 919 1980 §
938 1921 952 1969 1
966 1917 1061 1984 prima
1075 1933 1147 1986 pars
1165 1918 1250 1972 buius
1269 1918 1403 1987 epistolae
1419 1919 1528 1986 legitur.

637 2149 645 2165 .
676 2149 685 2167 .
712 2093 871 2166 rectori
899 2099 940 2166 et
967 2096 1132 2186 populo
1160 2095 1435 2168 velletrensi.

1517 2199 1525 2228 l

317 2244 532 2308 Amarissime
550 2244 689 2307 clamare
707 2243 942 2328 compellimur,
968 2242 1142 2328 quodcum
1161 2244 1334 2328 quiescere
1353 2243 1572 2324 crederemus,
1596 2246 1704 2329 gravis
1728 2251 1761 2309 et
1784 2267 1863 2310 seva

209 2347 412 2432 perturbatio
435 2347 642 2432 supervenit,
671 2367 767 2430 qnam
791 2367 863 2410 cum
886 2346 1051 2431 previsam
1075 2345 1171 2410 facilc
1196 2347 1399 2431 potuerimus
1424 2345 1549 2410 evitare
1573 2354 1708 2436 conatus
1732 2357 1861 2414 contra-

209 2449 276 2512 rios
299 2449 523 2535 reprimendo.
553 2450 662 2513 forsan
685 2450 867 2534 arguimur,
902 2448 988 2533 quod
1010 2449 1092 2513 adeo
1118 2450 1248 2513 solitam
1271 2450 1452 2535 apostolice
1477 2449 1564 2513 sedis
1588 2451 1779 2536 patientiam
1802 2452 1861 2516 ob-

212 2573 344 2617 servare
368 2553 545 2632 voluimus,
569 2559 605 2617 ut
627 2553 796 2617 videamur
819 2552 892 2616 aliis
916 2551 1134 2615 intolerabilis
1159 2552 1336 2616 insolentie
1360 2553 1531 2616 materiam
1552 2555 1748 2638 prestitisse.
1793 2554 1860 2619 Ro-

88 2687 90 2690 ·
209 2655 296 2718 mani
321 2655 422 2734 eninr,
447 2657 672 2720 crescentibus
696 2657 841 2742 ipsomm
864 2655 1091 2738 iniquitatibus
1121 2655 1238 2739 quibus
1262 2655 1486 2740 multiplicatis
1510 2657 1644 2741 sanguis
1668 2657 1861 2742 sangninem
1878 2671 1989 2724 Omra-

209 2759 361 2842 tetigisse
385 2758 527 2836 videtur,
557 2759 598 2823 ad
622 2781 694 2824 eam
721 2757 928 2843 tyrannidem
951 2758 1171 2834 devenerunt,
1203 2764 1239 2821 ut
1269 2758 1388 2842 ingrati
1415 2757 1649 2823 beneficiomm
1673 2760 1860 2824 innumera-

208 2861 333 2938 bilium,
357 2862 475 2946 quibus
499 2869 550 2926 est
573 2884 629 2927 eos
652 2867 756 2925 mater
780 2862 921 2925 ecclesia
942 2867 1128 2946 prosecuta,
1153 2859 1231 2923 facti
1256 2860 1286 2923 ei
1310 2860 1422 2924 hostes
1447 2861 1481 2924 in
1505 2862 1614 2946 capite
1638 2861 1859 2946 dinoscantur,

211 2964 251 3027 ad
276 2965 367 3030 cuius
392 2965 625 3030 desiderabilia
647 2984 778 3028 manum
801 2964 981 3040 mittentes,
1005 2963 1183 3025 moliuntur
1206 2961 1344 3026 eandem
1368 2964 1520 3028 libertate
1544 2985 1582 3027 ac
1606 2965 1737 3050 proprio
1761 2965 1861 3050 patri·
1879 2975 1958 3018 rnsn.
1978 2981 2031 3028 tw-

132 3086 159 3125 ao
210 3069 318 3131 monio
351 3069 507 3152 spoliare,
535 3068 620 3132 filios
651 3089 727 3132 suos
755 3066 893 3154 perdere
924 3087 962 3130 ao
994 3065 1123 3140 fideles,
1153 3065 1291 3149 illosque
1321 3075 1394 3130 cum
1422 3067 1494 3152 ipsa
1523 3066 1672 3132 subicere
1703 3069 1862 3134 servituti.

210 3169 318 3256 Super
339 3191 402 3254 quo
426 3177 517 3234 tanto
540 3171 688 3235 dolemus
710 3171 850 3257 amplius
874 3176 907 3235 et
930 3170 1106 3248 tristamur,
1130 3175 1250 3251 quanto
1274 3169 1378 3232 maius
1403 3191 1445 3233 ex
1467 3170 1529 3233 hoc
1553 3169 1751 3236 attendimus
1774 3172 1861 3257 peri-

210 3275 316 3337 culum
345 3274 529 3344 imminere,
565 3296 636 3338 oum
672 3295 737 3337 non
767 3274 872 3337 solum
902 3271 1050 3335 Romana
1079 3277 1129 3335 set
1161 3272 1260 3334 ctiam
1292 3271 1456 3354 generalis
1489 3272 1631 3336 ecclesia
1660 3276 1861 3338 concutiatur

209 3385 343 3463 propter
365 3380 508 3464 exempli
531 3379 710 3464 perniciem
733 3379 766 3441 in
789 3378 850 3442 hac
873 3382 977 3462 parte,
1001 3396 1059 3462 pro
1085 3397 1124 3440 eo
1149 3375 1236 3460 quod
1258 3376 1320 3439 hec
1345 3375 1452 3438 estin
1476 3376 1646 3460 exemplar
1668 3377 1804 3441 aliarum
1828 3383 1862 3441 et

210 3481 379 3566 speculum
404 3483 590 3547 constituta.
635 3481 703 3545 Vos
727 3481 840 3566 igitur,
871 3479 960 3543 sedis
988 3478 1169 3564 apostolice
1194 3478 1278 3542 filios
1303 3483 1336 3541 et
1367 3476 1499 3552 fideles,
1529 3478 1583 3561 qui
1605 3479 1710 3542 nostis
1733 3480 1862 3564 plenius

211 3605 285 3663 cos,
301 3605 398 3668 ¹quos
420 3585 556 3648 nutrivit
578 3591 611 3649 et
634 3585 791 3649 exaltavit
814 3583 973 3658 ecclesia,
1004 3580 1148 3667 gladium
1178 3581 1212 3643 in
1235 3582 1364 3644 viscera
1393 3601 1452 3644 sua
1483 3587 1516 3644 et
1544 3582 1727 3667 penetralia
1755 3582 1862 3646 cordis

211 3708 349 3752 exerere
373 3711 410 3752 ac
440 3689 474 3752 in
496 3695 607 3751 vestra
630 3694 663 3751 et
686 3687 823 3751 aliorum
851 3686 997 3750 fidelium
1022 3690 1208 3748 nostrorum
1231 3683 1430 3747 detrimenta
1452 3683 1611 3756 crassari,
1643 3684 1861 3750 sollicitudine

209 3797 347 3876 paterna
377 3791 584 3875 requirimus,
617 3810 787 3853 monemus
818 3789 1014 3876 propensius
1043 3794 1076 3852 et
1107 3788 1289 3866 hortamur,
1324 3807 1385 3872 per
1411 3787 1592 3872 apostolica
1614 3787 1707 3851 vobis
1740 3789 1863 3873 scripta

211 3893 421 3972 mandantes,
461 3895 614 3979 quatinus
648 3893 784 3979 provide
819 3891 1028 3956 attendentes
1070 3890 1155 3976 quod
1190 3890 1378 3954 huiusmodi
1418 3890 1607 3954 scandalum
1640 3890 1777 3955 forsitan
1811 3898 1862 3956 est

210 4004 377 4070 exortum,
411 4002 447 4060 ut
475 3997 529 4080 qui
555 3996 684 4082 probati
715 4003 791 4060 sunt
817 3996 963 4060 clareant
993 3994 1173 4072 manifesti,
1205 4015 1244 4058 eo
1268 3992 1355 4078 quod
1387 3993 1558 4079 temptatio
1583 3993 1653 4057 viro
1675 3993 1753 4058 forti
1775 3994 1862 4079 quod

210 4100 327 4164 fornax
358 4121 437 4164 auro
471 4100 581 4164 facere
610 4099 796 4176 consuevit,
833 4099 914 4162 certi
948 4099 1048 4162 etiam
1082 4097 1167 4182 quod
1203 4102 1416 4161 convertente
1444 4095 1586 4160 Domino
1615 4097 1793 4182 procellam
1828 4098 1861 4162 in
1880 4120 2032 4174 marusa

209 4225 332 4280 auram,
356 4202 442 4287 quod
464 4209 727 4266 momentaneum
751 4207 802 4265 est
824 4207 858 4266 et
880 4203 953 4266 leve
977 4201 1196 4266 tribulationis
1219 4201 1387 4280 instantis,
1411 4200 1604 4264 immensam
1626 4198 1720 4264 vobis
1743 4221 1859 4288 opera·
1878 4229 1898 4270 ς.
1913 4225 1962 4268 002.
1975 4229 2031 4277 qu.

209 4307 298 4371 bitur
320 4307 458 4392 gratiam
482 4305 689 4389 gaudiorum,
720 4305 918 4370 inflexibiles
942 4311 975 4369 et
1007 4304 1217 4391 imperterriti
1244 4304 1444 4388 persistatis,
1475 4302 1671 4367 exhibentes
1694 4325 1752 4368 vos
1777 4305 1862 4368 sicut

209 4432 230 4473 a
252 4409 368 4474 dicbus
392 4409 533 4494 antiquis
563 4409 686 4472 invicta
710 4409 978 4493 magnanimitate
1002 4409 1035 4472 in
1057 4408 1121 4472 fide
1144 4407 1279 4472 stabiles
1303 4413 1337 4471 et
1367 4407 1523 4493 inopere
1548 4407 1716 4486 efficaces,
1748 4409 1781 4471 in
1803 4408 1860 4472 illo

210 4513 324 4577 confisi
347 4512 402 4596 qui
424 4513 509 4577 filios
541 4533 618 4577 suos
649 4533 713 4576 non
742 4512 865 4596 patitur
890 4512 1095 4596 ultraquam
1117 4511 1248 4574 valeant
1279 4509 1461 4584 sustinere;
1493 4511 1688 4575 monitiones
1712 4517 1746 4576 et
1767 4533 1859 4576 man-

211 4615 323 4679 datum
346 4621 493 4682 nostrum
516 4616 626 4679 taliter
648 4615 828 4699 impleturi,
859 4613 945 4699 quod
974 4614 1056 4678 fides
1087 4613 1378 4702 perdilectionem
1408 4633 1547 4698 operans
1570 4614 1604 4677 in
1627 4615 1721 4679 vobis
1744 4615 1861 4680 merito

210 4718 457 4783 commendetur
478 4724 512 4782 et
534 4716 670 4804 probata
689 4719 793 4802 magis
817 4739 855 4782 ac
875 4718 981 4802 magis
997 4723 1106 4782 vestre
1128 4715 1312 4780 devotionis
1335 4716 1522 4780 sinceritate
1547 4717 1666 4781 clarius
1690 4718 1860 4784 enitescat.

209 4821 278 4885 Nos
303 4823 389 4886 enim
413 4821 453 4885 de
483 4822 717 4907 omnipotentis
740 4821 804 4886 Dei
834 4820 1062 4885 misericordia
1092 4827 1124 4884 et
1153 4820 1325 4885 beatorum
1347 4819 1438 4884 Patri
1461 4825 1495 4884 et
1516 4820 1610 4885 Pauli
1638 4823 1861 4906 apostolorum

211 4927 283 4990 eius
306 4925 499 4989 auctoritate
522 4925 673 4988 fiduciam
697 4925 893 5004 obtinentes,
917 4925 946 4988 si
969 4945 1049 5008 quos
1071 4929 1216 4987 vestrum
1238 4944 1298 5009 pro
1322 4921 1443 4987 tuenda
1460 4923 1687 4987 ecclesiastica
1709 4925 1860 4989 libertate

211 5034 245 5092 et
267 5027 441 5107 fidelitate,
470 5049 533 5112 qua
555 5028 696 5092 ecclesie
719 5027 868 5092 Romane
893 5028 1066 5106 tenemini,
1091 5027 1316 5091 conservanda
1339 5026 1422 5090 mori
1444 5026 1634 5109 contigerit,
1658 5026 1788 5113 plenam
1812 5029 1860 5092 eis

132 5153 159 5193 ιο
211 5132 355 5194 omnium
379 5137 597 5217 peccatomm,
621 5130 662 5196 de
686 5131 804 5216 quibus
820 5131 983 5196 veraciter
1002 5130 1125 5194 fuerint
1146 5129 1244 5194 corde
1268 5129 1397 5193 contriti
1421 5134 1455 5192 et
1477 5149 1533 5192 ore
1557 5128 1709 5208 confessi,
1732 5130 1860 5193 veniam

210 5233 429 5318 indulgemus.

316 5354 393 5418 Dat.
415 5354 555 5435 Perusii,
578 5353 648 5418 IIII
670 5353 755 5418 Non.
779 5353 908 5422 Ianuar.
932 5375 1017 5419 anno
1041 5361 1167 5420 octavo.
