<?xml version="1.0" encoding="UTF-8"?>
<!DOCTYPE html PUBLIC "-//W3C//DTD XHTML 1.0 Transitional//EN"
    "http://www.w3.org/TR/xhtml1/DTD/xhtml1-transitional.dtd">
<html xmlns="http://www.w3.org/1999/xhtml" xml:lang="en" lang="en">
 <head>
  <title>
</title>
<meta http-equiv="Content-Type" content="text/html;charset=utf-8" />
  <meta name='ocr-system' content='tesseract 3.04.00' />
  <meta name='ocr-capabilities' content='ocr_page ocr_carea ocr_par ocr_line ocrx_word'/>
</head>
<body>
  <div class='ocr_page' id='page_1' title='image "./monumentagerman00peipgoog/monumentagerman00peipgoog_0110.png"; bbox 0 0 4494 6426; ppageno 0'>
   <div class='ocr_carea' id='block_1_1' title="bbox 709 334 1227 390">
    <p class='ocr_par' dir='ltr' id='par_1_1' title="bbox 709 334 1227 390">
     <span class='ocr_line' id='line_1_1' title="bbox 709 334 1227 390; baseline 0.004 -2"><span class='ocrx_word' id='word_1_1' title='bbox 709 335 908 390; x_wconf 71' lang='lat' dir='ltr'>epistotae</span> <span class='ocrx_word' id='word_1_2' title='bbox 926 334 1114 390; x_wconf 70' lang='lat' dir='ltr'>suescunt.</span> <span class='ocrx_word' id='word_1_3' title='bbox 1151 336 1227 390; x_wconf 80' lang='lat'>1220.</span> 
     </span>
    </p>
   </div>
   <div class='ocr_carea' id='block_1_2' title="bbox 549 565 1384 658">
    <p class='ocr_par' dir='ltr' id='par_1_2' title="bbox 549 565 1384 658">
     <span class='ocr_line' id='line_1_2' title="bbox 549 565 1384 658; baseline 0.004 -22"><span class='ocrx_word' id='word_1_4' title='bbox 549 620 557 636; x_wconf 94' lang='lat'>.</span> <span class='ocrx_word' id='word_1_5' title='bbox 587 621 596 638; x_wconf 93' lang='lat'><strong>.</strong></span> <span class='ocrx_word' id='word_1_6' title='bbox 624 567 842 656; x_wconf 77' lang='lat' dir='ltr'>potestati</span> <span class='ocrx_word' id='word_1_7' title='bbox 870 572 911 640; x_wconf 89' lang='lat' dir='ltr'>et</span> <span class='ocrx_word' id='word_1_8' title='bbox 937 566 1101 658; x_wconf 90' lang='lat' dir='ltr'>populo</span> <span class='ocrx_word' id='word_1_9' title='bbox 1129 565 1384 639; x_wconf 85' lang='lat' dir='ltr'>Tudertino.</span> 
     </span>
    </p>
   </div>
   <div class='ocr_carea' id='block_1_3' title="bbox 47 710 1933 5348">
    <p class='ocr_par' dir='ltr' id='par_1_3' title="bbox 143 710 1793 1010">
     <span class='ocr_line' id='line_1_3' title="bbox 250 710 1793 802; baseline 0.005 -27"><span class='ocrx_word' id='word_1_10' title='bbox 250 710 331 776; x_wconf 88' lang='lat' dir='ltr'>Cum</span> <span class='ocrx_word' id='word_1_11' title='bbox 354 713 397 775; x_wconf 88' lang='lat' dir='ltr'>sit</span> <span class='ocrx_word' id='word_1_12' title='bbox 427 719 536 776; x_wconf 92' lang='lat' dir='ltr'>nostra</span> <span class='ocrx_word' id='word_1_13' title='bbox 560 714 745 779; x_wconf 91' lang='lat' dir='ltr'>sollicitudo</span> <span class='ocrx_word' id='word_1_14' title='bbox 770 717 940 797; x_wconf 93' lang='lat' dir='ltr'>continua,</span> <span class='ocrx_word' id='word_1_15' title='bbox 972 715 1103 780; x_wconf 87' lang='lat' dir='ltr'>diversa</span> <span class='ocrx_word' id='word_1_16' title='bbox 1125 715 1237 779; x_wconf 89' lang='lat' dir='ltr'>mundi</span> <span class='ocrx_word' id='word_1_17' title='bbox 1265 716 1397 780; x_wconf 89' lang='lat' dir='ltr'>climata</span> <span class='ocrx_word' id='word_1_18' title='bbox 1421 717 1583 802; x_wconf 90' lang='lat' dir='ltr'>speculari</span> <span class='ocrx_word' id='word_1_19' title='bbox 1608 723 1641 781; x_wconf 91' lang='lat' dir='ltr'>et</span> <span class='ocrx_word' id='word_1_20' title='bbox 1663 718 1793 784; x_wconf 84' lang='lat' dir='ltr'>vineam</span> 
     </span>
     <span class='ocr_line' id='line_1_4' title="bbox 143 811 1791 906; baseline 0.007 -32"><span class='ocrx_word' id='word_1_21' title='bbox 143 811 266 876; x_wconf 88' lang='lat' dir='ltr'>domini</span> <span class='ocrx_word' id='word_1_22' title='bbox 290 814 436 879; x_wconf 83' lang='lat' dir='ltr'>Sabaoth</span> <span class='ocrx_word' id='word_1_23' title='bbox 459 817 582 882; x_wconf 87' lang='lat' dir='ltr'>vallare</span> <span class='ocrx_word' id='word_1_24' title='bbox 605 819 781 904; x_wconf 83' lang='lat' dir='ltr'>aggeribus</span> <span class='ocrx_word' id='word_1_25' title='bbox 805 820 1004 906; x_wconf 82' lang='lat' dir='ltr'>sepibusque</span> <span class='ocrx_word' id='word_1_26' title='bbox 1027 819 1169 898; x_wconf 89' lang='lat' dir='ltr'>munire,</span> <span class='ocrx_word' id='word_1_27' title='bbox 1192 839 1233 882; x_wconf 90' lang='lat' dir='ltr'>ne</span> <span class='ocrx_word' id='word_1_28' title='bbox 1257 818 1381 883; x_wconf 83' lang='lat' dir='ltr'>fructus</span> <span class='ocrx_word' id='word_1_29' title='bbox 1405 820 1477 884; x_wconf 91' lang='lat' dir='ltr'>eius</span> <span class='ocrx_word' id='word_1_30' title='bbox 1500 821 1699 886; x_wconf 84' lang='lat' dir='ltr'>exterminet</span> <span class='ocrx_word' id='word_1_31' title='bbox 1722 819 1791 887; x_wconf 82' lang='lat' dir='ltr'>ser-</span> 
     </span>
     <span class='ocr_line' id='line_1_5' title="bbox 145 915 1791 1010; baseline 0.007 -32"><span class='ocrx_word' id='word_1_32' title='bbox 145 915 225 1001; x_wconf 82' lang='lat' dir='ltr'>pens</span> <span class='ocrx_word' id='word_1_33' title='bbox 249 923 305 980; x_wconf 92' lang='lat' dir='ltr'>aut</span> <span class='ocrx_word' id='word_1_34' title='bbox 329 919 447 1004; x_wconf 86' lang='lat' dir='ltr'>reptile</span> <span class='ocrx_word' id='word_1_35' title='bbox 471 927 678 998; x_wconf 86' lang='lat' dir='ltr'>venenatum,</span> <span class='ocrx_word' id='word_1_36' title='bbox 702 923 810 987; x_wconf 91' lang='lat' dir='ltr'>subito</span> <span class='ocrx_word' id='word_1_37' title='bbox 835 945 854 986; x_wconf 91' lang='lat' dir='ltr'>a</span> <span class='ocrx_word' id='word_1_38' title='bbox 876 923 1010 986; x_wconf 90' lang='lat' dir='ltr'>remotis</span> <span class='ocrx_word' id='word_1_39' title='bbox 1034 922 1201 986; x_wconf 90' lang='lat' dir='ltr'>oculorum</span> <span class='ocrx_word' id='word_1_40' title='bbox 1217 929 1385 986; x_wconf 82' lang='lat' dir='ltr'>vertentes</span> <span class='ocrx_word' id='word_1_41' title='bbox 1408 922 1513 986; x_wconf 91' lang='lat' dir='ltr'>aciem</span> <span class='ocrx_word' id='word_1_42' title='bbox 1536 922 1578 986; x_wconf 90' lang='lat' dir='ltr'>ad</span> <span class='ocrx_word' id='word_1_43' title='bbox 1600 925 1791 1010; x_wconf 85' lang='lat' dir='ltr'>propinqus,</span> 
     </span>
    </p>

    <p class='ocr_par' dir='ltr' id='par_1_4' title="bbox 81 1017 1933 2556">
     <span class='ocr_line' id='line_1_6' title="bbox 81 1017 1915 1112; baseline 0.008 -34"><span class='ocrx_word' id='word_1_44' title='bbox 81 1043 92 1078; x_wconf 81' lang='lat' dir='ltr'>a</span> <span class='ocrx_word' id='word_1_45' title='bbox 144 1017 284 1084; x_wconf 87' lang='lat' dir='ltr'>Ieremia</span> <span class='ocrx_word' id='word_1_46' title='bbox 316 1020 413 1085; x_wconf 89' lang='lat' dir='ltr'>ollam</span> <span class='ocrx_word' id='word_1_47' title='bbox 446 1025 680 1110; x_wconf 81' lang='lat' dir='ltr'>conspeximus</span> <span class='ocrx_word' id='word_1_48' title='bbox 708 1047 881 1090; x_wconf 80' lang='lat' dir='ltr'>accensam</span> <span class='ocrx_word' id='word_1_49' title='bbox 911 1027 944 1090; x_wconf 91' lang='lat' dir='ltr'>in</span> <span class='ocrx_word' id='word_1_50' title='bbox 971 1025 1167 1112; x_wconf 89' lang='lat' dir='ltr'>patrimonio</span> <span class='ocrx_word' id='word_1_51' title='bbox 1190 1024 1268 1089; x_wconf 91' lang='lat' dir='ltr'>Iesu</span> <span class='ocrx_word' id='word_1_52' title='bbox 1292 1024 1429 1102; x_wconf 82' lang='lat' dir='ltr'>Christi,</span> <span class='ocrx_word' id='word_1_53' title='bbox 1454 1026 1506 1089; x_wconf 91' lang='lat' dir='ltr'>cui</span> <span class='ocrx_word' id='word_1_54' title='bbox 1528 1026 1680 1092; x_wconf 87' lang='lat' dir='ltr'>universe</span> <span class='ocrx_word' id='word_1_55' title='bbox 1704 1033 1790 1092; x_wconf 91' lang='lat' dir='ltr'>terre</span> <span class='ocrx_word' id='word_1_56' title='bbox 1804 1039 1846 1082; x_wconf 78' lang='lat'>101·</span> <span class='ocrx_word' id='word_1_57' title='bbox 1863 1045 1915 1090; x_wconf 65' lang='grc' dir='ltr'>ωδ·</span> 
     </span>
     <span class='ocr_line' id='line_1_7' title="bbox 143 1124 1933 1213; baseline 0.004 -27"><span class='ocrx_word' id='word_1_58' title='bbox 143 1124 292 1204; x_wconf 90' lang='lat' dir='ltr'>malleus,</span> <span class='ocrx_word' id='word_1_59' title='bbox 317 1126 371 1210; x_wconf 94' lang='lat' dir='ltr'>qui</span> <span class='ocrx_word' id='word_1_60' title='bbox 396 1147 528 1213; x_wconf 87' lang='lat' dir='ltr'>semper</span> <span class='ocrx_word' id='word_1_61' title='bbox 551 1128 637 1190; x_wconf 90' lang='lat' dir='ltr'>circa</span> <span class='ocrx_word' id='word_1_62' title='bbox 660 1130 886 1194; x_wconf 89' lang='lat' dir='ltr'>conflatorium</span> <span class='ocrx_word' id='word_1_63' title='bbox 910 1135 1138 1207; x_wconf 82' lang='lat' dir='ltr'>commoratur,</span> <span class='ocrx_word' id='word_1_64' title='bbox 1161 1127 1202 1190; x_wconf 94' lang='lat' dir='ltr'>ab</span> <span class='ocrx_word' id='word_1_65' title='bbox 1226 1128 1389 1213; x_wconf 89' lang='lat' dir='ltr'>aquilonis</span> <span class='ocrx_word' id='word_1_66' title='bbox 1413 1127 1496 1192; x_wconf 85' lang='lat' dir='ltr'>facie</span> <span class='ocrx_word' id='word_1_67' title='bbox 1520 1129 1672 1193; x_wconf 91' lang='lat' dir='ltr'>incendia</span> <span class='ocrx_word' id='word_1_68' title='bbox 1694 1130 1790 1194; x_wconf 92' lang='lat' dir='ltr'>mini·</span> <span class='ocrx_word' id='word_1_69' title='bbox 1805 1152 1847 1194; x_wconf 76' lang='lat' dir='ltr'>ror.</span> <span class='ocrx_word' id='word_1_70' title='bbox 1867 1157 1933 1202; x_wconf 77' lang='lat' dir='ltr'>aaa</span> 
     </span>
     <span class='ocr_line' id='line_1_8' title="bbox 143 1227 1792 1318; baseline 0.005 -29"><span class='ocrx_word' id='word_1_71' title='bbox 143 1227 276 1292; x_wconf 91' lang='lat' dir='ltr'>strabat.</span> <span class='ocrx_word' id='word_1_72' title='bbox 321 1227 496 1293; x_wconf 85' lang='lat' dir='ltr'>Habentes</span> <span class='ocrx_word' id='word_1_73' title='bbox 520 1231 618 1315; x_wconf 90' lang='lat' dir='ltr'>igitur</span> <span class='ocrx_word' id='word_1_74' title='bbox 640 1233 768 1296; x_wconf 86' lang='lat' dir='ltr'>viscora</span> <span class='ocrx_word' id='word_1_75' title='bbox 792 1231 1027 1318; x_wconf 81' lang='lat' dir='ltr'>compassionis</span> <span class='ocrx_word' id='word_1_76' title='bbox 1051 1252 1124 1294; x_wconf 91' lang='lat' dir='ltr'>curn</span> <span class='ocrx_word' id='word_1_77' title='bbox 1147 1230 1265 1310; x_wconf 88' lang='lat' dir='ltr'>Paulo,</span> <span class='ocrx_word' id='word_1_78' title='bbox 1294 1230 1413 1315; x_wconf 90' lang='lat' dir='ltr'>quibus</span> <span class='ocrx_word' id='word_1_79' title='bbox 1436 1230 1617 1295; x_wconf 91' lang='lat' dir='ltr'>infirmitati</span> <span class='ocrx_word' id='word_1_80' title='bbox 1641 1239 1674 1297; x_wconf 91' lang='lat' dir='ltr'>et</span> <span class='ocrx_word' id='word_1_81' title='bbox 1698 1254 1792 1298; x_wconf 89' lang='lat' dir='ltr'>sean-</span> 
     </span>
     <span class='ocr_line' id='line_1_9' title="bbox 142 1330 1791 1421; baseline 0.005 -29"><span class='ocrx_word' id='word_1_82' title='bbox 142 1330 216 1394; x_wconf 91' lang='lat' dir='ltr'>dalo</span> <span class='ocrx_word' id='word_1_83' title='bbox 240 1330 443 1415; x_wconf 88' lang='lat' dir='ltr'>singulomm</span> <span class='ocrx_word' id='word_1_84' title='bbox 466 1334 613 1418; x_wconf 81' lang='lat' dir='ltr'>cogimur</span> <span class='ocrx_word' id='word_1_85' title='bbox 636 1335 823 1415; x_wconf 84' lang='lat' dir='ltr'>subvenire,</span> <span class='ocrx_word' id='word_1_86' title='bbox 847 1335 968 1421; x_wconf 83' lang='lat' dir='ltr'>duplici</span> <span class='ocrx_word' id='word_1_87' title='bbox 993 1333 1102 1417; x_wconf 89' lang='lat' dir='ltr'>gladio</span> <span class='ocrx_word' id='word_1_88' title='bbox 1118 1334 1208 1398; x_wconf 92' lang='lat' dir='ltr'>Petri</span> <span class='ocrx_word' id='word_1_89' title='bbox 1230 1355 1290 1416; x_wconf 89' lang='lat' dir='ltr'>nos</span> <span class='ocrx_word' id='word_1_90' title='bbox 1315 1334 1402 1398; x_wconf 89' lang='lat' dir='ltr'>circa</span> <span class='ocrx_word' id='word_1_91' title='bbox 1424 1333 1529 1398; x_wconf 83' lang='lat' dir='ltr'>femur</span> <span class='ocrx_word' id='word_1_92' title='bbox 1552 1336 1754 1401; x_wconf 83' lang='lat' dir='ltr'>accinximus</span> <span class='ocrx_word' id='word_1_93' title='bbox 1768 1349 1791 1418; x_wconf 66' lang='lat'>³,</span> 
     </span>
     <span class='ocr_line' id='line_1_10' title="bbox 143 1432 1791 1522; baseline 0.005 -25"><span class='ocrx_word' id='word_1_94' title='bbox 143 1432 313 1498; x_wconf 81' lang='lat' dir='ltr'>obviantes</span> <span class='ocrx_word' id='word_1_95' title='bbox 344 1434 408 1499; x_wconf 92' lang='lat' dir='ltr'>olle</span> <span class='ocrx_word' id='word_1_96' title='bbox 438 1435 611 1521; x_wconf 84' lang='lat' dir='ltr'>pestifere,</span> <span class='ocrx_word' id='word_1_97' title='bbox 644 1458 706 1522; x_wconf 92' lang='lat' dir='ltr'>que</span> <span class='ocrx_word' id='word_1_98' title='bbox 730 1438 877 1501; x_wconf 89' lang='lat' dir='ltr'>flammas</span> <span class='ocrx_word' id='word_1_99' title='bbox 901 1437 1082 1522; x_wconf 86' lang='lat' dir='ltr'>ignivomas</span> <span class='ocrx_word' id='word_1_100' title='bbox 1107 1437 1262 1501; x_wconf 88' lang='lat' dir='ltr'>emiserat</span> <span class='ocrx_word' id='word_1_101' title='bbox 1289 1457 1349 1522; x_wconf 90' lang='lat' dir='ltr'>per</span> <span class='ocrx_word' id='word_1_102' title='bbox 1371 1436 1511 1502; x_wconf 88' lang='lat' dir='ltr'>ecclesie</span> <span class='ocrx_word' id='word_1_103' title='bbox 1536 1438 1684 1505; x_wconf 87' lang='lat' dir='ltr'>Romane</span> <span class='ocrx_word' id='word_1_104' title='bbox 1707 1441 1791 1506; x_wconf 88' lang='lat' dir='ltr'>filios</span> 
     </span>
     <span class='ocr_line' id='line_1_11' title="bbox 144 1537 1791 1626; baseline 0.005 -26"><span class='ocrx_word' id='word_1_105' title='bbox 144 1537 316 1623; x_wconf 80' lang='lat' dir='ltr'>speciales,</span> <span class='ocrx_word' id='word_1_106' title='bbox 339 1559 399 1623; x_wconf 88' lang='lat' dir='ltr'>per</span> <span class='ocrx_word' id='word_1_107' title='bbox 421 1559 502 1624; x_wconf 90' lang='lat' dir='ltr'>quas</span> <span class='ocrx_word' id='word_1_108' title='bbox 525 1541 558 1603; x_wconf 95' lang='lat' dir='ltr'>in</span> <span class='ocrx_word' id='word_1_109' title='bbox 582 1549 675 1626; x_wconf 90' lang='lat' dir='ltr'>parte</span> <span class='ocrx_word' id='word_1_110' title='bbox 699 1563 765 1605; x_wconf 91' lang='lat' dir='ltr'>non</span> <span class='ocrx_word' id='word_1_111' title='bbox 788 1542 916 1605; x_wconf 92' lang='lat' dir='ltr'>modica</span> <span class='ocrx_word' id='word_1_112' title='bbox 943 1541 976 1603; x_wconf 96' lang='lat' dir='ltr'>in</span> <span class='ocrx_word' id='word_1_113' title='bbox 1005 1544 1130 1602; x_wconf 90' lang='lat' dir='ltr'>tantum</span> <span class='ocrx_word' id='word_1_114' title='bbox 1154 1539 1218 1602; x_wconf 88' lang='lat' dir='ltr'>iarn</span> <span class='ocrx_word' id='word_1_115' title='bbox 1241 1538 1339 1603; x_wconf 88' lang='lat' dir='ltr'>draco</span> <span class='ocrx_word' id='word_1_116' title='bbox 1365 1542 1573 1624; x_wconf 87' lang='lat' dir='ltr'>prevaluerat</span> <span class='ocrx_word' id='word_1_117' title='bbox 1595 1542 1791 1624; x_wconf 87' lang='lat' dir='ltr'>devorando,</span> 
     </span>
     <span class='ocr_line' id='line_1_12' title="bbox 141 1641 1792 1730; baseline 0.005 -27"><span class='ocrx_word' id='word_1_118' title='bbox 141 1647 178 1704; x_wconf 93' lang='lat' dir='ltr'>ut</span> <span class='ocrx_word' id='word_1_119' title='bbox 207 1642 278 1705; x_wconf 88' lang='lat' dir='ltr'>sine</span> <span class='ocrx_word' id='word_1_120' title='bbox 307 1641 498 1708; x_wconf 85' lang='lat' dir='ltr'>difficultate</span> <span class='ocrx_word' id='word_1_121' title='bbox 522 1645 666 1707; x_wconf 87' lang='lat' dir='ltr'>maxima</span> <span class='ocrx_word' id='word_1_122' title='bbox 690 1644 805 1708; x_wconf 91' lang='lat' dir='ltr'>salutis</span> <span class='ocrx_word' id='word_1_123' title='bbox 830 1651 863 1708; x_wconf 91' lang='lat' dir='ltr'>et</span> <span class='ocrx_word' id='word_1_124' title='bbox 885 1645 975 1729; x_wconf 90' lang='lat' dir='ltr'>pacis</span> <span class='ocrx_word' id='word_1_125' title='bbox 998 1643 1091 1728; x_wconf 88' lang='lat' dir='ltr'>sequi</span> <span class='ocrx_word' id='word_1_126' title='bbox 1115 1664 1191 1729; x_wconf 89' lang='lat' dir='ltr'>spes</span> <span class='ocrx_word' id='word_1_127' title='bbox 1215 1643 1325 1727; x_wconf 90' lang='lat' dir='ltr'>aliqua</span> <span class='ocrx_word' id='word_1_128' title='bbox 1347 1642 1439 1705; x_wconf 80' lang='lat' dir='ltr'>noub</span> <span class='ocrx_word' id='word_1_129' title='bbox 1468 1651 1664 1730; x_wconf 85' lang='lat' dir='ltr'>speraretur.</span> <span class='ocrx_word' id='word_1_130' title='bbox 1709 1646 1792 1712; x_wconf 80' lang='lat' dir='ltr'>Cum</span> 
     </span>
     <span class='ocr_line' id='line_1_13' title="bbox 144 1744 1791 1834; baseline 0.005 -28"><span class='ocrx_word' id='word_1_131' title='bbox 144 1744 230 1807; x_wconf 90' lang='lat' dir='ltr'>enim</span> <span class='ocrx_word' id='word_1_132' title='bbox 258 1744 345 1809; x_wconf 90' lang='lat' dir='ltr'>inter</span> <span class='ocrx_word' id='word_1_133' title='bbox 368 1745 580 1832; x_wconf 85' lang='lat' dir='ltr'>Spoletanos,</span> <span class='ocrx_word' id='word_1_134' title='bbox 613 1747 829 1822; x_wconf 85' lang='lat' dir='ltr'>Narnienses,</span> <span class='ocrx_word' id='word_1_135' title='bbox 860 1745 1121 1826; x_wconf 86' lang='lat' dir='ltr'>Ooeoioncnses,</span> <span class='ocrx_word' id='word_1_136' title='bbox 1153 1751 1185 1808; x_wconf 93' lang='lat' dir='ltr'>et</span> <span class='ocrx_word' id='word_1_137' title='bbox 1208 1745 1374 1811; x_wconf 90' lang='lat' dir='ltr'>adiutores</span> <span class='ocrx_word' id='word_1_138' title='bbox 1399 1768 1511 1812; x_wconf 91' lang='lat' dir='ltr'>eorum</span> <span class='ocrx_word' id='word_1_139' title='bbox 1535 1769 1578 1812; x_wconf 86' lang='lat' dir='ltr'>ex</span> <span class='ocrx_word' id='word_1_140' title='bbox 1601 1756 1693 1834; x_wconf 87' lang='lat' dir='ltr'>parte</span> <span class='ocrx_word' id='word_1_141' title='bbox 1715 1773 1791 1830; x_wconf 91' lang='lat' dir='ltr'>una,</span> 
     </span>
     <span class='ocr_line' id='line_1_14' title="bbox 143 1845 1791 1936; baseline 0.006 -27"><span class='ocrx_word' id='word_1_142' title='bbox 143 1845 427 1933; x_wconf 88' lang='lat' dir='ltr'>lterampneuses,</span> <span class='ocrx_word' id='word_1_143' title='bbox 455 1848 667 1927; x_wconf 85' lang='lat' dir='ltr'>Tudertinos,</span> <span class='ocrx_word' id='word_1_144' title='bbox 696 1851 918 1936; x_wconf 85' lang='lat' dir='ltr'>Fuliginates,</span> <span class='ocrx_word' id='word_1_145' title='bbox 951 1856 984 1914; x_wconf 92' lang='lat' dir='ltr'>et</span> <span class='ocrx_word' id='word_1_146' title='bbox 1017 1848 1184 1913; x_wconf 89' lang='lat' dir='ltr'>adiutores</span> <span class='ocrx_word' id='word_1_147' title='bbox 1212 1850 1357 1936; x_wconf 90' lang='lat' dir='ltr'>ipsorum</span> <span class='ocrx_word' id='word_1_148' title='bbox 1386 1872 1428 1915; x_wconf 91' lang='lat' dir='ltr'>ex</span> <span class='ocrx_word' id='word_1_149' title='bbox 1457 1851 1577 1931; x_wconf 88' lang='lat' dir='ltr'>altera,</span> <span class='ocrx_word' id='word_1_150' title='bbox 1603 1853 1638 1916; x_wconf 92' lang='lat' dir='ltr'>in</span> <span class='ocrx_word' id='word_1_151' title='bbox 1666 1859 1791 1919; x_wconf 91' lang='lat' dir='ltr'>tantum</span> 
     </span>
     <span class='ocr_line' id='line_1_15' title="bbox 143 1950 1793 2045; baseline 0.006 -33"><span class='ocrx_word' id='word_1_152' title='bbox 143 1950 311 2016; x_wconf 90' lang='lat' dir='ltr'>inimicitie</span> <span class='ocrx_word' id='word_1_153' title='bbox 341 1953 599 2032; x_wconf 81' lang='lat' dir='ltr'>succrevissent,</span> <span class='ocrx_word' id='word_1_154' title='bbox 634 1960 669 2017; x_wconf 90' lang='lat' dir='ltr'>ut</span> <span class='ocrx_word' id='word_1_155' title='bbox 693 1960 766 2039; x_wconf 90' lang='lat' dir='ltr'>post</span> <span class='ocrx_word' id='word_1_156' title='bbox 788 1953 963 2018; x_wconf 92' lang='lat' dir='ltr'>multorum</span> <span class='ocrx_word' id='word_1_157' title='bbox 987 1958 1146 2035; x_wconf 90' lang='lat' dir='ltr'>stragem,</span> <span class='ocrx_word' id='word_1_158' title='bbox 1178 1952 1348 2036; x_wconf 88' lang='lat' dir='ltr'>angustias</span> <span class='ocrx_word' id='word_1_159' title='bbox 1379 1959 1413 2017; x_wconf 90' lang='lat' dir='ltr'>et</span> <span class='ocrx_word' id='word_1_160' title='bbox 1435 1975 1621 2039; x_wconf 87' lang='lat' dir='ltr'>pressuras,</span> <span class='ocrx_word' id='word_1_161' title='bbox 1651 1956 1793 2045; x_wconf 88' lang='lat' dir='ltr'>dampna</span> 
     </span>
     <span class='ocr_line' id='line_1_16' title="bbox 143 2055 1792 2142; baseline 0.005 -25"><span class='ocrx_word' id='word_1_162' title='bbox 143 2075 251 2118; x_wconf 89' lang='lat' dir='ltr'>rerum</span> <span class='ocrx_word' id='word_1_163' title='bbox 276 2061 309 2118; x_wconf 91' lang='lat' dir='ltr'>et</span> <span class='ocrx_word' id='word_1_164' title='bbox 331 2075 561 2141; x_wconf 84' lang='lat' dir='ltr'>personarum,</span> <span class='ocrx_word' id='word_1_165' title='bbox 585 2078 647 2142; x_wconf 92' lang='lat' dir='ltr'>que</span> <span class='ocrx_word' id='word_1_166' title='bbox 672 2057 930 2142; x_wconf 82' lang='lat' dir='ltr'>irreparabiliter</span> <span class='ocrx_word' id='word_1_167' title='bbox 952 2056 1041 2141; x_wconf 89' lang='lat' dir='ltr'>passi</span> <span class='ocrx_word' id='word_1_168' title='bbox 1066 2055 1195 2119; x_wconf 85' lang='lat' dir='ltr'>fueraut</span> <span class='ocrx_word' id='word_1_169' title='bbox 1217 2063 1250 2120; x_wconf 92' lang='lat' dir='ltr'>et</span> <span class='ocrx_word' id='word_1_170' title='bbox 1271 2056 1450 2121; x_wconf 91' lang='lat' dir='ltr'>intulerant</span> <span class='ocrx_word' id='word_1_171' title='bbox 1471 2058 1674 2140; x_wconf 90' lang='lat' dir='ltr'>alternatim,</span> <span class='ocrx_word' id='word_1_172' title='bbox 1698 2062 1792 2126; x_wconf 92' lang='lat' dir='ltr'>multi</span> 
     </span>
     <span class='ocr_line' id='line_1_17' title="bbox 143 2158 1790 2245; baseline 0.004 -24"><span class='ocrx_word' id='word_1_173' title='bbox 143 2158 253 2222; x_wconf 88' lang='lat' dir='ltr'>miseri</span> <span class='ocrx_word' id='word_1_174' title='bbox 278 2159 338 2223; x_wconf 89' lang='lat' dir='ltr'>sub</span> <span class='ocrx_word' id='word_1_175' title='bbox 361 2161 526 2224; x_wconf 87' lang='lat' dir='ltr'>artissima</span> <span class='ocrx_word' id='word_1_176' title='bbox 550 2161 698 2225; x_wconf 91' lang='lat' dir='ltr'>custodia</span> <span class='ocrx_word' id='word_1_177' title='bbox 721 2161 861 2225; x_wconf 79' lang='lat' dir='ltr'>vinculis</span> <span class='ocrx_word' id='word_1_178' title='bbox 885 2160 1001 2224; x_wconf 86' lang='lat' dir='ltr'>ferreis</span> <span class='ocrx_word' id='word_1_179' title='bbox 1032 2159 1209 2244; x_wconf 91' lang='lat' dir='ltr'>mancipati</span> <span class='ocrx_word' id='word_1_180' title='bbox 1231 2161 1295 2223; x_wconf 92' lang='lat' dir='ltr'>iam</span> <span class='ocrx_word' id='word_1_181' title='bbox 1321 2161 1414 2245; x_wconf 90' lang='lat' dir='ltr'>quasi</span> <span class='ocrx_word' id='word_1_182' title='bbox 1437 2159 1477 2225; x_wconf 91' lang='lat' dir='ltr'>de</span> <span class='ocrx_word' id='word_1_183' title='bbox 1500 2161 1567 2226; x_wconf 81' lang='lat' dir='ltr'>vite</span> <span class='ocrx_word' id='word_1_184' title='bbox 1593 2164 1710 2227; x_wconf 91' lang='lat' dir='ltr'>solatio</span> <span class='ocrx_word' id='word_1_185' title='bbox 1733 2163 1790 2229; x_wconf 89' lang='lat' dir='ltr'>de-</span> 
     </span>
     <span class='ocr_line' id='line_1_18' title="bbox 143 2262 1791 2351; baseline 0.003 -25"><span class='ocrx_word' id='word_1_186' title='bbox 143 2269 328 2347; x_wconf 85' lang='lat' dir='ltr'>sperarent,</span> <span class='ocrx_word' id='word_1_187' title='bbox 366 2263 408 2326; x_wconf 90' lang='lat' dir='ltr'>ad</span> <span class='ocrx_word' id='word_1_188' title='bbox 436 2265 664 2329; x_wconf 89' lang='lat' dir='ltr'>liberationem</span> <span class='ocrx_word' id='word_1_189' title='bbox 700 2265 846 2351; x_wconf 89' lang='lat' dir='ltr'>ipsorum</span> <span class='ocrx_word' id='word_1_190' title='bbox 878 2283 943 2326; x_wconf 91' lang='lat' dir='ltr'>non</span> <span class='ocrx_word' id='word_1_191' title='bbox 974 2262 1045 2326; x_wconf 89' lang='lat' dir='ltr'>sine</span> <span class='ocrx_word' id='word_1_192' title='bbox 1079 2262 1306 2347; x_wconf 88' lang='lat' dir='ltr'>compassione</span> <span class='ocrx_word' id='word_1_193' title='bbox 1338 2268 1487 2327; x_wconf 88' lang='lat' dir='ltr'>materna</span> <span class='ocrx_word' id='word_1_194' title='bbox 1513 2265 1616 2349; x_wconf 88' lang='lat' dir='ltr'>patris</span> <span class='ocrx_word' id='word_1_195' title='bbox 1647 2267 1791 2330; x_wconf 89' lang='lat' dir='ltr'>animum</span> 
     </span>
     <span class='ocr_line' id='line_1_19' title="bbox 142 2364 1790 2453; baseline 0.004 -25"><span class='ocrx_word' id='word_1_196' title='bbox 142 2364 330 2446; x_wconf 87' lang='lat' dir='ltr'>induentes,</span> <span class='ocrx_word' id='word_1_197' title='bbox 358 2367 446 2453; x_wconf 91' lang='lat' dir='ltr'>apud</span> <span class='ocrx_word' id='word_1_198' title='bbox 469 2367 655 2431; x_wconf 87' lang='lat' dir='ltr'>Viterbium</span> <span class='ocrx_word' id='word_1_199' title='bbox 683 2367 852 2431; x_wconf 91' lang='lat' dir='ltr'>constituti</span> <span class='ocrx_word' id='word_1_200' title='bbox 875 2366 1029 2430; x_wconf 89' lang='lat' dir='ltr'>dilectum</span> <span class='ocrx_word' id='word_1_201' title='bbox 1059 2365 1162 2429; x_wconf 90' lang='lat' dir='ltr'>filium</span> <span class='ocrx_word' id='word_1_202' title='bbox 1184 2367 1377 2450; x_wconf 90' lang='lat' dir='ltr'>magistrum</span> <span class='ocrx_word' id='word_1_203' title='bbox 1398 2365 1595 2432; x_wconf 84' lang='lat' dir='ltr'>Pandullum</span> <span class='ocrx_word' id='word_1_204' title='bbox 1618 2369 1790 2435; x_wconf 88' lang='lat' dir='ltr'>subdiaco-</span> 
     </span>
     <span class='ocr_line' id='line_1_20' title="bbox 141 2467 1792 2556; baseline 0.004 -24"><span class='ocrx_word' id='word_1_205' title='bbox 141 2489 218 2532; x_wconf 92' lang='lat' dir='ltr'>num</span> <span class='ocrx_word' id='word_1_206' title='bbox 247 2475 281 2533; x_wconf 89' lang='lat' dir='ltr'>et</span> <span class='ocrx_word' id='word_1_207' title='bbox 309 2471 472 2534; x_wconf 91' lang='lat' dir='ltr'>notarium</span> <span class='ocrx_word' id='word_1_208' title='bbox 503 2477 650 2535; x_wconf 89' lang='lat' dir='ltr'>nostrum</span> <span class='ocrx_word' id='word_1_209' title='bbox 680 2470 721 2534; x_wconf 94' lang='lat' dir='ltr'>ad</span> <span class='ocrx_word' id='word_1_210' title='bbox 744 2476 855 2556; x_wconf 90' lang='lat' dir='ltr'>partes</span> <span class='ocrx_word' id='word_1_211' title='bbox 877 2470 951 2534; x_wconf 88' lang='lat' dir='ltr'>illas</span> <span class='ocrx_word' id='word_1_212' title='bbox 974 2469 1127 2533; x_wconf 85' lang='lat' dir='ltr'>duximus</span> <span class='ocrx_word' id='word_1_213' title='bbox 1151 2467 1397 2534; x_wconf 88' lang='lat' dir='ltr'>destinandum.</span> <span class='ocrx_word' id='word_1_214' title='bbox 1421 2470 1474 2535; x_wconf 90' lang='lat' dir='ltr'>cui</span> <span class='ocrx_word' id='word_1_215' title='bbox 1496 2470 1537 2535; x_wconf 91' lang='lat' dir='ltr'>ad</span> <span class='ocrx_word' id='word_1_216' title='bbox 1560 2471 1792 2538; x_wconf 86' lang='lat' dir='ltr'>liberationem</span> 
     </span>
    </p>

    <p class='ocr_par' dir='ltr' id='par_1_5' title="bbox 67 2572 1792 3073">
     <span class='ocr_line' id='line_1_21' title="bbox 67 2572 1792 2660; baseline 0.005 -28"><span class='ocrx_word' id='word_1_217' title='bbox 67 2597 77 2632; x_wconf 72' lang='lat' dir='ltr'>a</span> <span class='ocrx_word' id='word_1_218' title='bbox 144 2572 345 2656; x_wconf 80' lang='lat' dir='ltr'>captivorum</span> <span class='ocrx_word' id='word_1_219' title='bbox 374 2579 407 2638; x_wconf 91' lang='lat' dir='ltr'>et</span> <span class='ocrx_word' id='word_1_220' title='bbox 434 2573 701 2639; x_wconf 85' lang='lat' dir='ltr'>reformationem</span> <span class='ocrx_word' id='word_1_221' title='bbox 730 2575 821 2660; x_wconf 87' lang='lat' dir='ltr'>pacis</span> <span class='ocrx_word' id='word_1_222' title='bbox 851 2574 997 2659; x_wconf 89' lang='lat' dir='ltr'>plenarie</span> <span class='ocrx_word' id='word_1_223' title='bbox 1029 2573 1250 2637; x_wconf 88' lang='lat' dir='ltr'>commisimus</span> <span class='ocrx_word' id='word_1_224' title='bbox 1274 2573 1364 2637; x_wconf 86' lang='lat' dir='ltr'>vices</span> <span class='ocrx_word' id='word_1_225' title='bbox 1395 2579 1538 2654; x_wconf 90' lang='lat' dir='ltr'>nostras,</span> <span class='ocrx_word' id='word_1_226' title='bbox 1570 2572 1729 2640; x_wconf 87' lang='lat' dir='ltr'>addentes</span> <span class='ocrx_word' id='word_1_227' title='bbox 1755 2583 1792 2641; x_wconf 92' lang='lat' dir='ltr'>ut</span> 
     </span>
     <span class='ocr_line' id='line_1_22' title="bbox 143 2674 1790 2764; baseline 0.004 -27"><span class='ocrx_word' id='word_1_228' title='bbox 143 2674 234 2759; x_wconf 84' lang='lat' dir='ltr'>virga</span> <span class='ocrx_word' id='word_1_229' title='bbox 263 2678 475 2741; x_wconf 90' lang='lat' dir='ltr'>correctionis</span> <span class='ocrx_word' id='word_1_230' title='bbox 505 2677 643 2742; x_wconf 90' lang='lat' dir='ltr'>honeste</span> <span class='ocrx_word' id='word_1_231' title='bbox 675 2679 869 2742; x_wconf 86' lang='lat' dir='ltr'>auctoritate</span> <span class='ocrx_word' id='word_1_232' title='bbox 902 2684 1015 2741; x_wconf 89' lang='lat' dir='ltr'>nostra</span> <span class='ocrx_word' id='word_1_233' title='bbox 1048 2677 1228 2762; x_wconf 89' lang='lat' dir='ltr'>corriperet</span> <span class='ocrx_word' id='word_1_234' title='bbox 1256 2676 1446 2740; x_wconf 90' lang='lat' dir='ltr'>insolentes.</span> <span class='ocrx_word' id='word_1_235' title='bbox 1497 2676 1550 2740; x_wconf 84' lang='lat' dir='ltr'>Ad</span> <span class='ocrx_word' id='word_1_236' title='bbox 1581 2679 1683 2764; x_wconf 88' lang='lat' dir='ltr'>patris</span> <span class='ocrx_word' id='word_1_237' title='bbox 1711 2699 1790 2743; x_wconf 86' lang='lat' dir='ltr'>vero</span> 
     </span>
     <span class='ocr_line' id='line_1_23' title="bbox 145 2776 1792 2866; baseline 0.005 -28"><span class='ocrx_word' id='word_1_238' title='bbox 145 2776 318 2862; x_wconf 90' lang='lat' dir='ltr'>imperium</span> <span class='ocrx_word' id='word_1_239' title='bbox 341 2780 490 2864; x_wconf 88' lang='lat' dir='ltr'>spiritum</span> <span class='ocrx_word' id='word_1_240' title='bbox 514 2780 713 2846; x_wconf 80' lang='lat' dir='ltr'>fortitudinis</span> <span class='ocrx_word' id='word_1_241' title='bbox 736 2802 908 2846; x_wconf 88' lang='lat' dir='ltr'>assumens</span> <span class='ocrx_word' id='word_1_242' title='bbox 932 2781 1035 2858; x_wconf 89' lang='lat' dir='ltr'>filius,</span> <span class='ocrx_word' id='word_1_243' title='bbox 1068 2781 1213 2865; x_wconf 90' lang='lat' dir='ltr'>captivos</span> <span class='ocrx_word' id='word_1_244' title='bbox 1238 2799 1318 2864; x_wconf 90' lang='lat' dir='ltr'>quos</span> <span class='ocrx_word' id='word_1_245' title='bbox 1342 2779 1428 2866; x_wconf 89' lang='lat' dir='ltr'>apud</span> <span class='ocrx_word' id='word_1_246' title='bbox 1442 2779 1609 2861; x_wconf 89' lang='lat' dir='ltr'>Narniam,</span> <span class='ocrx_word' id='word_1_247' title='bbox 1633 2779 1792 2846; x_wconf 83' lang='lat' dir='ltr'>Sanctum</span> 
     </span>
     <span class='ocr_line' id='line_1_24' title="bbox 146 2877 1791 2971; baseline 0.004 -29"><span class='ocrx_word' id='word_1_248' title='bbox 146 2877 337 2959; x_wconf 87' lang='lat' dir='ltr'>Geminum,</span> <span class='ocrx_word' id='word_1_249' title='bbox 369 2881 606 2970; x_wconf 89' lang='lat' dir='ltr'>Iterampnem,</span> <span class='ocrx_word' id='word_1_250' title='bbox 636 2884 817 2971; x_wconf 87' lang='lat' dir='ltr'>Spoletum,</span> <span class='ocrx_word' id='word_1_251' title='bbox 841 2882 1020 2948; x_wconf 82' lang='lat' dir='ltr'>Tudertum</span> <span class='ocrx_word' id='word_1_252' title='bbox 1045 2889 1078 2946; x_wconf 92' lang='lat' dir='ltr'>ct</span> <span class='ocrx_word' id='word_1_253' title='bbox 1102 2881 1299 2945; x_wconf 83' lang='lat' dir='ltr'>Oocoioncm</span> <span class='ocrx_word' id='word_1_254' title='bbox 1322 2882 1457 2963; x_wconf 86' lang='lat' dir='ltr'>invenit,</span> <span class='ocrx_word' id='word_1_255' title='bbox 1482 2904 1548 2948; x_wconf 91' lang='lat' dir='ltr'>non</span> <span class='ocrx_word' id='word_1_256' title='bbox 1571 2885 1641 2949; x_wconf 90' lang='lat' dir='ltr'>sine</span> <span class='ocrx_word' id='word_1_257' title='bbox 1663 2886 1791 2970; x_wconf 88' lang='lat' dir='ltr'>magnis</span> 
     </span>
     <span class='ocr_line' id='line_1_25' title="bbox 143 2975 1791 3073; baseline 0.005 -28"><span class='ocrx_word' id='word_1_258' title='bbox 143 2981 311 3048; x_wconf 84' lang='lat' dir='ltr'>laboribus</span> <span class='ocrx_word' id='word_1_259' title='bbox 339 2991 373 3048; x_wconf 91' lang='lat' dir='ltr'>et</span> <span class='ocrx_word' id='word_1_260' title='bbox 403 2987 559 3073; x_wconf 84' lang='lat' dir='ltr'>expensis</span> <span class='ocrx_word' id='word_1_261' title='bbox 589 3009 661 3051; x_wconf 92' lang='lat' dir='ltr'>cum</span> <span class='ocrx_word' id='word_1_262' title='bbox 686 3009 812 3052; x_wconf 87' lang='lat' dir='ltr'>summa</span> <span class='ocrx_word' id='word_1_263' title='bbox 834 2987 1007 3071; x_wconf 89' lang='lat' dir='ltr'>diligentia</span> <span class='ocrx_word' id='word_1_264' title='bbox 1028 2985 1189 3049; x_wconf 81' lang='lat' dir='ltr'>liberarit.</span> <span class='ocrx_word' id='word_1_265' title='bbox 1234 2975 1439 3069; x_wconf 78' lang='lat' dir='ltr'>Feliginates</span> <span class='ocrx_word' id='word_1_266' title='bbox 1462 3007 1550 3068; x_wconf 88' lang='lat' dir='ltr'>vero,</span> <span class='ocrx_word' id='word_1_267' title='bbox 1575 2988 1650 3072; x_wconf 90' lang='lat' dir='ltr'>quia</span> <span class='ocrx_word' id='word_1_268' title='bbox 1672 2989 1791 3053; x_wconf 91' lang='lat' dir='ltr'>multos</span> 
     </span>
    </p>

    <p class='ocr_par' dir='ltr' id='par_1_6' title="bbox 68 3084 1793 3588">
     <span class='ocr_line' id='line_1_26' title="bbox 68 3084 1792 3177; baseline 0.002 -25"><span class='ocrx_word' id='word_1_269' title='bbox 68 3117 78 3152; x_wconf 65' lang='grc' dir='ltr'>ε</span> <span class='ocrx_word' id='word_1_270' title='bbox 149 3107 192 3150; x_wconf 88' lang='lat' dir='ltr'>cx</span> <span class='ocrx_word' id='word_1_271' title='bbox 216 3084 496 3154; x_wconf 85' lang='lat' dir='ltr'>Coeoionensibus</span> <span class='ocrx_word' id='word_1_272' title='bbox 526 3092 673 3177; x_wconf 86' lang='lat' dir='ltr'>captivos</span> <span class='ocrx_word' id='word_1_273' title='bbox 702 3092 884 3170; x_wconf 89' lang='lat' dir='ltr'>habebant,</span> <span class='ocrx_word' id='word_1_274' title='bbox 912 3111 972 3177; x_wconf 91' lang='lat' dir='ltr'>per</span> <span class='ocrx_word' id='word_1_275' title='bbox 995 3109 1076 3175; x_wconf 92' lang='lat' dir='ltr'>quos</span> <span class='ocrx_word' id='word_1_276' title='bbox 1100 3087 1278 3152; x_wconf 90' lang='lat' dir='ltr'>credebant</span> <span class='ocrx_word' id='word_1_277' title='bbox 1300 3087 1333 3150; x_wconf 95' lang='lat' dir='ltr'>in</span> <span class='ocrx_word' id='word_1_278' title='bbox 1356 3088 1428 3173; x_wconf 89' lang='lat' dir='ltr'>ipso</span> <span class='ocrx_word' id='word_1_279' title='bbox 1452 3093 1559 3153; x_wconf 89' lang='lat' dir='ltr'>castro</span> <span class='ocrx_word' id='word_1_280' title='bbox 1583 3090 1706 3176; x_wconf 88' lang='lat' dir='ltr'>aliquid</span> <span class='ocrx_word' id='word_1_281' title='bbox 1729 3091 1792 3156; x_wconf 90' lang='lat' dir='ltr'>sibi</span> 
     </span>
     <span class='ocr_line' id='line_1_27' title="bbox 144 3189 1793 3279; baseline 0.005 -28"><span class='ocrx_word' id='word_1_282' title='bbox 144 3189 390 3273; x_wconf 90' lang='lat' dir='ltr'>quomodolibet</span> <span class='ocrx_word' id='word_1_283' title='bbox 412 3193 587 3258; x_wconf 84' lang='lat' dir='ltr'>vendicare</span> <span class='ocrx_word' id='word_1_284' title='bbox 612 3205 681 3275; x_wconf 79' lang='lat'>—⁰,</span> <span class='ocrx_word' id='word_1_285' title='bbox 720 3195 797 3279; x_wconf 88' lang='lat' dir='ltr'>quia</span> <span class='ocrx_word' id='word_1_286' title='bbox 824 3201 934 3260; x_wconf 89' lang='lat' dir='ltr'>tamen</span> <span class='ocrx_word' id='word_1_287' title='bbox 958 3192 1044 3279; x_wconf 90' lang='lat' dir='ltr'>apud</span> <span class='ocrx_word' id='word_1_288' title='bbox 1066 3212 1126 3255; x_wconf 91' lang='lat' dir='ltr'>nos</span> <span class='ocrx_word' id='word_1_289' title='bbox 1151 3211 1216 3254; x_wconf 89' lang='lat' dir='ltr'>non</span> <span class='ocrx_word' id='word_1_290' title='bbox 1239 3196 1290 3254; x_wconf 92' lang='lat' dir='ltr'>est</span> <span class='ocrx_word' id='word_1_291' title='bbox 1312 3191 1460 3276; x_wconf 91' lang='lat' dir='ltr'>acceptio</span> <span class='ocrx_word' id='word_1_292' title='bbox 1482 3213 1711 3277; x_wconf 88' lang='lat' dir='ltr'>personarum,</span> <span class='ocrx_word' id='word_1_293' title='bbox 1741 3201 1793 3259; x_wconf 89' lang='lat' dir='ltr'>set</span> 
     </span>
     <span class='ocr_line' id='line_1_28' title="bbox 144 3292 1792 3378; baseline 0.005 -24"><span class='ocrx_word' id='word_1_294' title='bbox 144 3292 239 3355; x_wconf 90' lang='lat' dir='ltr'>nobis</span> <span class='ocrx_word' id='word_1_295' title='bbox 263 3292 325 3357; x_wconf 93' lang='lat' dir='ltr'>hoc</span> <span class='ocrx_word' id='word_1_296' title='bbox 349 3295 452 3359; x_wconf 90' lang='lat' dir='ltr'>solum</span> <span class='ocrx_word' id='word_1_297' title='bbox 478 3297 608 3378; x_wconf 83' lang='lat' dir='ltr'>sufficit,</span> <span class='ocrx_word' id='word_1_298' title='bbox 632 3305 667 3362; x_wconf 94' lang='lat' dir='ltr'>ut</span> <span class='ocrx_word' id='word_1_299' title='bbox 685 3299 793 3362; x_wconf 91' lang='lat' dir='ltr'>omnia</span> <span class='ocrx_word' id='word_1_300' title='bbox 808 3305 897 3362; x_wconf 89' lang='lat' dir='ltr'>recte</span> <span class='ocrx_word' id='word_1_301' title='bbox 913 3298 1002 3374; x_wconf 78' lang='lat' dir='ltr'>fiant,</span> <span class='ocrx_word' id='word_1_302' title='bbox 1026 3295 1113 3359; x_wconf 92' lang='lat' dir='ltr'>dicto</span> <span class='ocrx_word' id='word_1_303' title='bbox 1132 3293 1333 3358; x_wconf 91' lang='lat' dir='ltr'>subdiacono</span> <span class='ocrx_word' id='word_1_304' title='bbox 1356 3293 1478 3357; x_wconf 91' lang='lat' dir='ltr'>nostris</span> <span class='ocrx_word' id='word_1_305' title='bbox 1501 3292 1650 3360; x_wconf 88' lang='lat' dir='ltr'>dedimus</span> <span class='ocrx_word' id='word_1_306' title='bbox 1672 3297 1792 3362; x_wconf 86' lang='lat' dir='ltr'>litteris</span> 
     </span>
     <span class='ocr_line' id='line_1_29' title="bbox 146 3395 1792 3484; baseline 0.004 -27"><span class='ocrx_word' id='word_1_307' title='bbox 146 3395 180 3458; x_wconf 94' lang='lat' dir='ltr'>in</span> <span class='ocrx_word' id='word_1_308' title='bbox 203 3395 377 3478; x_wconf 88' lang='lat' dir='ltr'>mandatis,</span> <span class='ocrx_word' id='word_1_309' title='bbox 399 3405 436 3462; x_wconf 90' lang='lat' dir='ltr'>ut</span> <span class='ocrx_word' id='word_1_310' title='bbox 458 3400 486 3463; x_wconf 91' lang='lat' dir='ltr'>si</span> <span class='ocrx_word' id='word_1_311' title='bbox 508 3399 618 3464; x_wconf 86' lang='lat' dir='ltr'>forsan</span> <span class='ocrx_word' id='word_1_312' title='bbox 641 3400 988 3464; x_wconf 86' lang='lat' dir='ltr'>excommunicationis</span> <span class='ocrx_word' id='word_1_313' title='bbox 1011 3417 1129 3484; x_wconf 91' lang='lat' dir='ltr'>penam</span> <span class='ocrx_word' id='word_1_314' title='bbox 1146 3401 1413 3481; x_wconf 90' lang='lat' dir='ltr'>contempnerent</span> <span class='ocrx_word' id='word_1_315' title='bbox 1429 3396 1619 3461; x_wconf 91' lang='lat' dir='ltr'>rebellionis</span> <span class='ocrx_word' id='word_1_316' title='bbox 1643 3399 1792 3484; x_wconf 89' lang='lat' dir='ltr'>spiritum</span> 
     </span>
     <span class='ocr_line' id='line_1_30' title="bbox 143 3498 1792 3588; baseline 0.003 -27"><span class='ocrx_word' id='word_1_317' title='bbox 143 3507 368 3580; x_wconf 89' lang='lat' dir='ltr'>assumentes,</span> <span class='ocrx_word' id='word_1_318' title='bbox 403 3502 491 3588; x_wconf 88' lang='lat' dir='ltr'>ipsos</span> <span class='ocrx_word' id='word_1_319' title='bbox 525 3502 568 3566; x_wconf 89' lang='lat' dir='ltr'>ad</span> <span class='ocrx_word' id='word_1_320' title='bbox 602 3504 831 3567; x_wconf 88' lang='lat' dir='ltr'>liberationem</span> <span class='ocrx_word' id='word_1_321' title='bbox 866 3502 1069 3588; x_wconf 85' lang='lat' dir='ltr'>captivorum</span> <span class='ocrx_word' id='word_1_322' title='bbox 1099 3499 1312 3584; x_wconf 90' lang='lat' dir='ltr'>compelleret</span> <span class='ocrx_word' id='word_1_323' title='bbox 1346 3499 1454 3562; x_wconf 90' lang='lat' dir='ltr'>saltim</span> <span class='ocrx_word' id='word_1_324' title='bbox 1476 3498 1586 3583; x_wconf 87' lang='lat' dir='ltr'>gladio</span> <span class='ocrx_word' id='word_1_325' title='bbox 1609 3503 1792 3587; x_wconf 90' lang='lat' dir='ltr'>temporali.</span> 
     </span>
    </p>

    <p class='ocr_par' dir='ltr' id='par_1_7' title="bbox 68 3597 1793 3787">
     <span class='ocr_line' id='line_1_31' title="bbox 68 3597 1792 3693; baseline 0.001 -25"><span class='ocrx_word' id='word_1_326' title='bbox 68 3631 89 3668; x_wconf 79' lang='lat' dir='ltr'>a·</span> <span class='ocrx_word' id='word_1_327' title='bbox 146 3600 210 3675; x_wconf 88' lang='lat' dir='ltr'>Qui</span> <span class='ocrx_word' id='word_1_328' title='bbox 233 3625 305 3668; x_wconf 92' lang='lat' dir='ltr'>cum</span> <span class='ocrx_word' id='word_1_329' title='bbox 328 3603 442 3669; x_wconf 87' lang='lat' dir='ltr'>fideles</span> <span class='ocrx_word' id='word_1_330' title='bbox 466 3608 606 3672; x_wconf 90' lang='lat' dir='ltr'>ecclesie</span> <span class='ocrx_word' id='word_1_331' title='bbox 629 3629 690 3693; x_wconf 89' lang='lat' dir='ltr'>per</span> <span class='ocrx_word' id='word_1_332' title='bbox 704 3607 868 3671; x_wconf 85' lang='lat' dir='ltr'>Ducatunr</span> <span class='ocrx_word' id='word_1_333' title='bbox 892 3613 926 3670; x_wconf 90' lang='lat' dir='ltr'>et</span> <span class='ocrx_word' id='word_1_334' title='bbox 941 3604 1094 3669; x_wconf 80' lang='lat' dir='ltr'>Tusciam</span> <span class='ocrx_word' id='word_1_335' title='bbox 1109 3602 1304 3667; x_wconf 90' lang='lat' dir='ltr'>constitutos</span> <span class='ocrx_word' id='word_1_336' title='bbox 1327 3597 1420 3665; x_wconf 82' lang='lat' dir='ltr'>iuxta</span> <span class='ocrx_word' id='word_1_337' title='bbox 1434 3603 1623 3667; x_wconf 88' lang='lat' dir='ltr'>mandatum</span> <span class='ocrx_word' id='word_1_338' title='bbox 1645 3612 1792 3670; x_wconf 90' lang='lat' dir='ltr'>nostrum</span> 
     </span>
     <span class='ocr_line' id='line_1_32' title="bbox 145 3705 1793 3787; baseline 0.001 -17"><span class='ocrx_word' id='word_1_339' title='bbox 145 3706 187 3770; x_wconf 89' lang='lat' dir='ltr'>ad</span> <span class='ocrx_word' id='word_1_340' title='bbox 209 3709 392 3773; x_wconf 88' lang='lat' dir='ltr'>exercitum</span> <span class='ocrx_word' id='word_1_341' title='bbox 414 3709 593 3776; x_wconf 77' lang='lat' dir='ltr'>adversus‘¹</span> <span class='ocrx_word' id='word_1_342' title='bbox 621 3711 921 3775; x_wconf 86' lang='lat' dir='ltr'>excommunicatos</span> <span class='ocrx_word' id='word_1_343' title='bbox 946 3713 979 3772; x_wconf 93' lang='lat' dir='ltr'>et</span> <span class='ocrx_word' id='word_1_344' title='bbox 1002 3706 1192 3772; x_wconf 89' lang='lat' dir='ltr'>interdictos</span> <span class='ocrx_word' id='word_1_345' title='bbox 1215 3705 1401 3769; x_wconf 83' lang='lat' dir='ltr'>laciendum</span> <span class='ocrx_word' id='word_1_346' title='bbox 1417 3705 1555 3770; x_wconf 83' lang='lat' dir='ltr'>viriliter</span> <span class='ocrx_word' id='word_1_347' title='bbox 1577 3705 1793 3787; x_wconf 87' lang='lat' dir='ltr'>immutasset,</span> 
     </span>
    </p>

    <p class='ocr_par' dir='ltr' id='par_1_8' title="bbox 47 3806 1794 4107">
     <span class='ocr_line' id='line_1_33' title="bbox 47 3806 1794 3900; baseline 0.001 -27"><span class='ocrx_word' id='word_1_348' title='bbox 47 3809 52 3820; x_wconf 89' lang='lat'>&#39;</span> <span class='ocrx_word' id='word_1_349' title='bbox 143 3819 277 3896; x_wconf 90' lang='lat' dir='ltr'>paratus</span> <span class='ocrx_word' id='word_1_350' title='bbox 307 3832 420 3876; x_wconf 89' lang='lat' dir='ltr'>eorum</span> <span class='ocrx_word' id='word_1_351' title='bbox 449 3814 636 3900; x_wconf 88' lang='lat' dir='ltr'>superbiam</span> <span class='ocrx_word' id='word_1_352' title='bbox 663 3815 697 3879; x_wconf 92' lang='lat' dir='ltr'>in</span> <span class='ocrx_word' id='word_1_353' title='bbox 727 3835 824 3878; x_wconf 90' lang='lat' dir='ltr'>manu</span> <span class='ocrx_word' id='word_1_354' title='bbox 853 3813 928 3877; x_wconf 83' lang='lat' dir='ltr'>lorti</span> <span class='ocrx_word' id='word_1_355' title='bbox 960 3818 993 3876; x_wconf 92' lang='lat' dir='ltr'>ct</span> <span class='ocrx_word' id='word_1_356' title='bbox 1021 3809 1155 3874; x_wconf 92' lang='lat' dir='ltr'>brachio</span> <span class='ocrx_word' id='word_1_357' title='bbox 1184 3815 1319 3873; x_wconf 84' lang='lat' dir='ltr'>extento</span> <span class='ocrx_word' id='word_1_358' title='bbox 1342 3808 1471 3894; x_wconf 91' lang='lat' dir='ltr'>punire,</span> <span class='ocrx_word' id='word_1_359' title='bbox 1501 3806 1566 3893; x_wconf 88' lang='lat' dir='ltr'>ipsi</span> <span class='ocrx_word' id='word_1_360' title='bbox 1592 3808 1724 3874; x_wconf 88' lang='lat' dir='ltr'>tandem</span> <span class='ocrx_word' id='word_1_361' title='bbox 1752 3811 1794 3875; x_wconf 91' lang='lat' dir='ltr'>ad</span> 
     </span>
     <span class='ocr_line' id='line_1_34' title="bbox 145 3911 1793 4005; baseline 0.002 -29"><span class='ocrx_word' id='word_1_362' title='bbox 145 3934 200 3976; x_wconf 89' lang='lat' dir='ltr'>cor</span> <span class='ocrx_word' id='word_1_363' title='bbox 226 3916 367 3995; x_wconf 85' lang='lat' dir='ltr'>reversi,</span> <span class='ocrx_word' id='word_1_364' title='bbox 394 3938 455 4003; x_wconf 90' lang='lat' dir='ltr'>per</span> <span class='ocrx_word' id='word_1_365' title='bbox 477 3938 591 3982; x_wconf 90' lang='lat' dir='ltr'>manus</span> <span class='ocrx_word' id='word_1_366' title='bbox 622 3917 762 4005; x_wconf 89' lang='lat' dir='ltr'>predicti</span> <span class='ocrx_word' id='word_1_367' title='bbox 798 3916 990 3982; x_wconf 89' lang='lat' dir='ltr'>subdiaconi</span> <span class='ocrx_word' id='word_1_368' title='bbox 1017 3915 1138 3979; x_wconf 89' lang='lat' dir='ltr'>nostris</span> <span class='ocrx_word' id='word_1_369' title='bbox 1171 3919 1204 3977; x_wconf 90' lang='lat' dir='ltr'>et</span> <span class='ocrx_word' id='word_1_370' title='bbox 1234 3913 1301 3977; x_wconf 89' lang='lat' dir='ltr'>suis</span> <span class='ocrx_word' id='word_1_371' title='bbox 1331 3912 1459 3999; x_wconf 89' lang='lat' dir='ltr'>precise</span> <span class='ocrx_word' id='word_1_372' title='bbox 1487 3911 1677 3977; x_wconf 83' lang='lat' dir='ltr'>iuraverunt</span> <span class='ocrx_word' id='word_1_373' title='bbox 1706 3921 1793 3980; x_wconf 89' lang='lat' dir='ltr'>stare</span> 
     </span>
     <span class='ocr_line' id='line_1_35' title="bbox 143 4013 1793 4107; baseline 0 -27"><span class='ocrx_word' id='word_1_374' title='bbox 143 4015 321 4097; x_wconf 89' lang='lat' dir='ltr'>mandatis,</span> <span class='ocrx_word' id='word_1_375' title='bbox 353 4026 386 4083; x_wconf 90' lang='lat' dir='ltr'>et</span> <span class='ocrx_word' id='word_1_376' title='bbox 413 4020 519 4105; x_wconf 92' lang='lat' dir='ltr'>primo</span> <span class='ocrx_word' id='word_1_377' title='bbox 547 4022 675 4107; x_wconf 88' lang='lat' dir='ltr'>plegios</span> <span class='ocrx_word' id='word_1_378' title='bbox 706 4022 848 4107; x_wconf 89' lang='lat' dir='ltr'>quinque</span> <span class='ocrx_word' id='word_1_379' title='bbox 878 4042 937 4107; x_wconf 90' lang='lat' dir='ltr'>pro</span> <span class='ocrx_word' id='word_1_380' title='bbox 968 4019 1171 4105; x_wconf 89' lang='lat' dir='ltr'>quingentis,</span> <span class='ocrx_word' id='word_1_381' title='bbox 1201 4014 1345 4081; x_wconf 90' lang='lat' dir='ltr'>secundo</span> <span class='ocrx_word' id='word_1_382' title='bbox 1368 4013 1484 4079; x_wconf 89' lang='lat' dir='ltr'>decem</span> <span class='ocrx_word' id='word_1_383' title='bbox 1505 4035 1565 4101; x_wconf 88' lang='lat' dir='ltr'>pro</span> <span class='ocrx_word' id='word_1_384' title='bbox 1587 4015 1678 4079; x_wconf 92' lang='lat' dir='ltr'>mille</span> <span class='ocrx_word' id='word_1_385' title='bbox 1700 4016 1793 4080; x_wconf 89' lang='lat' dir='ltr'>libris</span> 
     </span>
    </p>

    <p class='ocr_par' dir='ltr' id='par_1_9' title="bbox 69 4118 1796 5138">
     <span class='ocr_line' id='line_1_36' title="bbox 69 4118 1794 4209; baseline 0.001 -27"><span class='ocrx_word' id='word_1_386' title='bbox 69 4169 73 4182; x_wconf 35' lang='grc' dir='ltr'><strong>ι</strong></span> <span class='ocrx_word' id='word_1_387' title='bbox 147 4120 347 4185; x_wconf 90' lang='lat' dir='ltr'>Lucensium</span> <span class='ocrx_word' id='word_1_388' title='bbox 371 4123 441 4186; x_wconf 91' lang='lat' dir='ltr'>sine</span> <span class='ocrx_word' id='word_1_389' title='bbox 465 4130 561 4208; x_wconf 89' lang='lat' dir='ltr'>pacto</span> <span class='ocrx_word' id='word_1_390' title='bbox 585 4130 618 4188; x_wconf 92' lang='lat' dir='ltr'>et</span> <span class='ocrx_word' id='word_1_391' title='bbox 640 4125 750 4209; x_wconf 87' lang='lat' dir='ltr'>aliqua</span> <span class='ocrx_word' id='word_1_392' title='bbox 772 4123 959 4188; x_wconf 88' lang='lat' dir='ltr'>conditione</span> <span class='ocrx_word' id='word_1_393' title='bbox 983 4121 1152 4202; x_wconf 89' lang='lat' dir='ltr'>dederunt,</span> <span class='ocrx_word' id='word_1_394' title='bbox 1177 4121 1307 4184; x_wconf 91' lang='lat' dir='ltr'>sicutin</span> <span class='ocrx_word' id='word_1_395' title='bbox 1323 4118 1549 4183; x_wconf 88' lang='lat' dir='ltr'>instrumentis</span> <span class='ocrx_word' id='word_1_396' title='bbox 1573 4118 1692 4183; x_wconf 88' lang='lat' dir='ltr'>exinde</span> <span class='ocrx_word' id='word_1_397' title='bbox 1717 4141 1794 4184; x_wconf 89' lang='lat' dir='ltr'>con-</span> 
     </span>
     <span class='ocr_line' id='line_1_37' title="bbox 143 4221 1796 4311; baseline -0.001 -22"><span class='ocrx_word' id='word_1_398' title='bbox 143 4225 239 4289; x_wconf 86' lang='lat' dir='ltr'>fectis</span> <span class='ocrx_word' id='word_1_399' title='bbox 263 4223 403 4290; x_wconf 83' lang='lat' dir='ltr'>vidimus</span> <span class='ocrx_word' id='word_1_400' title='bbox 427 4227 596 4291; x_wconf 90' lang='lat' dir='ltr'>contineri.</span> <span class='ocrx_word' id='word_1_401' title='bbox 640 4227 805 4291; x_wconf 88' lang='lat' dir='ltr'>Liberatis</span> <span class='ocrx_word' id='word_1_402' title='bbox 829 4227 961 4291; x_wconf 90' lang='lat' dir='ltr'>tandem</span> <span class='ocrx_word' id='word_1_403' title='bbox 984 4225 1025 4289; x_wconf 93' lang='lat' dir='ltr'>ad</span> <span class='ocrx_word' id='word_1_404' title='bbox 1048 4226 1152 4311; x_wconf 88' lang='lat' dir='ltr'>ipsius</span> <span class='ocrx_word' id='word_1_405' title='bbox 1187 4221 1377 4287; x_wconf 88' lang='lat' dir='ltr'>subdiaconi</span> <span class='ocrx_word' id='word_1_406' title='bbox 1399 4221 1554 4285; x_wconf 89' lang='lat' dir='ltr'>mandata</span> <span class='ocrx_word' id='word_1_407' title='bbox 1576 4221 1731 4308; x_wconf 82' lang='lat' dir='ltr'>captivis,</span> <span class='ocrx_word' id='word_1_408' title='bbox 1761 4229 1796 4288; x_wconf 90' lang='lat' dir='ltr'>ct</span> 
     </span>
     <span class='ocr_line' id='line_1_38' title="bbox 144 4325 1795 4417; baseline -0.002 -25"><span class='ocrx_word' id='word_1_409' title='bbox 144 4336 219 4414; x_wconf 90' lang='lat' dir='ltr'>post</span> <span class='ocrx_word' id='word_1_410' title='bbox 234 4329 418 4395; x_wconf 89' lang='lat' dir='ltr'>iuramenta</span> <span class='ocrx_word' id='word_1_411' title='bbox 432 4331 616 4417; x_wconf 85' lang='lat' dir='ltr'>potestatis,</span> <span class='ocrx_word' id='word_1_412' title='bbox 640 4330 794 4407; x_wconf 91' lang='lat' dir='ltr'>iudicum,</span> <span class='ocrx_word' id='word_1_413' title='bbox 819 4330 1079 4395; x_wconf 89' lang='lat' dir='ltr'>consiliariorum</span> <span class='ocrx_word' id='word_1_414' title='bbox 1096 4328 1240 4392; x_wconf 89' lang='lat' dir='ltr'>omnium</span> <span class='ocrx_word' id='word_1_415' title='bbox 1264 4326 1406 4390; x_wconf 82' lang='lat' dir='ltr'>civitatis</span> <span class='ocrx_word' id='word_1_416' title='bbox 1424 4325 1572 4390; x_wconf 89' lang='lat' dir='ltr'>eiusdem</span> <span class='ocrx_word' id='word_1_417' title='bbox 1595 4345 1633 4389; x_wconf 91' lang='lat' dir='ltr'>ac</span> <span class='ocrx_word' id='word_1_418' title='bbox 1656 4326 1795 4390; x_wconf 87' lang='lat' dir='ltr'>aliorum</span> 
     </span>
     <span class='ocr_line' id='line_1_39' title="bbox 145 4426 1794 4518; baseline 0 -23"><span class='ocrx_word' id='word_1_419' title='bbox 145 4433 338 4508; x_wconf 89' lang='lat' dir='ltr'>multorum,</span> <span class='ocrx_word' id='word_1_420' title='bbox 367 4433 421 4518; x_wconf 93' lang='lat' dir='ltr'>qui</span> <span class='ocrx_word' id='word_1_421' title='bbox 445 4435 478 4497; x_wconf 91' lang='lat' dir='ltr'>in</span> <span class='ocrx_word' id='word_1_422' title='bbox 501 4433 873 4498; x_wconf 89' lang='lat' dir='ltr'>excommunicationem</span> <span class='ocrx_word' id='word_1_423' title='bbox 901 4431 1094 4512; x_wconf 90' lang='lat' dir='ltr'>inciderant,</span> <span class='ocrx_word' id='word_1_424' title='bbox 1118 4428 1465 4495; x_wconf 86' lang='lat' dir='ltr'>excommunicationis</span> <span class='ocrx_word' id='word_1_425' title='bbox 1482 4434 1515 4493; x_wconf 91' lang='lat' dir='ltr'>et</span> <span class='ocrx_word' id='word_1_426' title='bbox 1530 4426 1695 4493; x_wconf 89' lang='lat' dir='ltr'>interdicti</span> <span class='ocrx_word' id='word_1_427' title='bbox 1718 4451 1794 4495; x_wconf 92' lang='lat' dir='ltr'>sen-</span> 
     </span>
     <span class='ocr_line' id='line_1_40' title="bbox 144 4531 1795 4624; baseline -0.001 -24"><span class='ocrx_word' id='word_1_428' title='bbox 144 4536 257 4600; x_wconf 86' lang='lat' dir='ltr'>tentiis</span> <span class='ocrx_word' id='word_1_429' title='bbox 287 4536 459 4617; x_wconf 86' lang='lat' dir='ltr'>relaxatis,</span> <span class='ocrx_word' id='word_1_430' title='bbox 490 4543 524 4601; x_wconf 90' lang='lat' dir='ltr'>et</span> <span class='ocrx_word' id='word_1_431' title='bbox 552 4537 598 4602; x_wconf 89' lang='lat' dir='ltr'>sie</span> <span class='ocrx_word' id='word_1_432' title='bbox 630 4538 768 4624; x_wconf 84' lang='lat' dir='ltr'>captivis</span> <span class='ocrx_word' id='word_1_433' title='bbox 793 4536 943 4601; x_wconf 91' lang='lat' dir='ltr'>omnibus</span> <span class='ocrx_word' id='word_1_434' title='bbox 974 4537 1112 4622; x_wconf 90' lang='lat' dir='ltr'>pristine</span> <span class='ocrx_word' id='word_1_435' title='bbox 1141 4534 1275 4599; x_wconf 89' lang='lat' dir='ltr'>redditis</span> <span class='ocrx_word' id='word_1_436' title='bbox 1302 4533 1464 4614; x_wconf 90' lang='lat' dir='ltr'>libertati,</span> <span class='ocrx_word' id='word_1_437' title='bbox 1493 4531 1580 4619; x_wconf 90' lang='lat' dir='ltr'>apud</span> <span class='ocrx_word' id='word_1_438' title='bbox 1608 4531 1795 4598; x_wconf 81' lang='lat' dir='ltr'>Mevaniam</span> 
     </span>
     <span class='ocr_line' id='line_1_41' title="bbox 146 4634 1795 4726; baseline -0.002 -23"><span class='ocrx_word' id='word_1_439' title='bbox 146 4639 366 4726; x_wconf 88' lang='lat' dir='ltr'>potestatibus</span> <span class='ocrx_word' id='word_1_440' title='bbox 390 4640 558 4704; x_wconf 80' lang='lat' dir='ltr'>civitatum</span> <span class='ocrx_word' id='word_1_441' title='bbox 582 4647 615 4705; x_wconf 90' lang='lat' dir='ltr'>et</span> <span class='ocrx_word' id='word_1_442' title='bbox 638 4648 817 4705; x_wconf 72' lang='lat' dir='ltr'>caenosum</span> <span class='ocrx_word' id='word_1_443' title='bbox 840 4640 909 4705; x_wconf 86' lang='lat' dir='ltr'>fere</span> <span class='ocrx_word' id='word_1_444' title='bbox 931 4639 1074 4703; x_wconf 90' lang='lat' dir='ltr'>omnium</span> <span class='ocrx_word' id='word_1_445' title='bbox 1091 4638 1131 4702; x_wconf 92' lang='lat' dir='ltr'>de</span> <span class='ocrx_word' id='word_1_446' title='bbox 1148 4638 1288 4718; x_wconf 88' lang='lat' dir='ltr'>Duoetu,</span> <span class='ocrx_word' id='word_1_447' title='bbox 1312 4658 1393 4722; x_wconf 91' lang='lat' dir='ltr'>quos</span> <span class='ocrx_word' id='word_1_448' title='bbox 1417 4634 1458 4700; x_wconf 89' lang='lat' dir='ltr'>ad</span> <span class='ocrx_word' id='word_1_449' title='bbox 1481 4641 1573 4700; x_wconf 84' lang='lat' dir='ltr'>suani</span> <span class='ocrx_word' id='word_1_450' title='bbox 1595 4636 1795 4722; x_wconf 88' lang='lat' dir='ltr'>presentiam</span> 
     </span>
     <span class='ocr_line' id='line_1_42' title="bbox 144 4738 1795 4827; baseline -0.002 -21"><span class='ocrx_word' id='word_1_451' title='bbox 144 4741 330 4824; x_wconf 81' lang='lat' dir='ltr'>advocarat,</span> <span class='ocrx_word' id='word_1_452' title='bbox 355 4742 416 4806; x_wconf 90' lang='lat' dir='ltr'>sub</span> <span class='ocrx_word' id='word_1_453' title='bbox 440 4742 552 4807; x_wconf 89' lang='lat' dir='ltr'>debito</span> <span class='ocrx_word' id='word_1_454' title='bbox 575 4742 753 4824; x_wconf 89' lang='lat' dir='ltr'>fidelitatis,</span> <span class='ocrx_word' id='word_1_455' title='bbox 777 4763 840 4827; x_wconf 92' lang='lat' dir='ltr'>quo</span> <span class='ocrx_word' id='word_1_456' title='bbox 857 4741 999 4806; x_wconf 89' lang='lat' dir='ltr'>ecclesie</span> <span class='ocrx_word' id='word_1_457' title='bbox 1015 4741 1164 4805; x_wconf 88' lang='lat' dir='ltr'>Romane</span> <span class='ocrx_word' id='word_1_458' title='bbox 1183 4746 1346 4820; x_wconf 90' lang='lat' dir='ltr'>tenentur,</span> <span class='ocrx_word' id='word_1_459' title='bbox 1371 4745 1404 4803; x_wconf 89' lang='lat' dir='ltr'>ct</span> <span class='ocrx_word' id='word_1_460' title='bbox 1426 4759 1512 4824; x_wconf 90' lang='lat' dir='ltr'>pena</span> <span class='ocrx_word' id='word_1_461' title='bbox 1525 4739 1616 4803; x_wconf 91' lang='lat' dir='ltr'>mille</span> <span class='ocrx_word' id='word_1_462' title='bbox 1638 4738 1795 4802; x_wconf 90' lang='lat' dir='ltr'>librarum</span> 
     </span>
     <span class='ocr_line' id='line_1_43' title="bbox 145 4841 1796 4933; baseline -0.005 -22"><span class='ocrx_word' id='word_1_463' title='bbox 145 4847 301 4927; x_wconf 86' lang='lat' dir='ltr'>iniunxit,</span> <span class='ocrx_word' id='word_1_464' title='bbox 330 4853 366 4910; x_wconf 93' lang='lat' dir='ltr'>ut</span> <span class='ocrx_word' id='word_1_465' title='bbox 393 4847 427 4911; x_wconf 94' lang='lat' dir='ltr'>in</span> <span class='ocrx_word' id='word_1_466' title='bbox 456 4847 579 4911; x_wconf 84' lang='lat' dir='ltr'>octavis</span> <span class='ocrx_word' id='word_1_467' title='bbox 609 4847 832 4933; x_wconf 88' lang='lat' dir='ltr'>apostolorum</span> <span class='ocrx_word' id='word_1_468' title='bbox 854 4845 944 4910; x_wconf 91' lang='lat' dir='ltr'>Petri</span> <span class='ocrx_word' id='word_1_469' title='bbox 968 4850 1002 4908; x_wconf 89' lang='lat' dir='ltr'>et</span> <span class='ocrx_word' id='word_1_470' title='bbox 1023 4843 1139 4908; x_wconf 84' lang='lat' dir='ltr'>Pauli¹</span> <span class='ocrx_word' id='word_1_471' title='bbox 1169 4843 1317 4928; x_wconf 90' lang='lat' dir='ltr'>quelibet</span> <span class='ocrx_word' id='word_1_472' title='bbox 1343 4847 1491 4928; x_wconf 88' lang='lat' dir='ltr'>potestas</span> <span class='ocrx_word' id='word_1_473' title='bbox 1519 4862 1592 4905; x_wconf 89' lang='lat' dir='ltr'>eum</span> <span class='ocrx_word' id='word_1_474' title='bbox 1614 4841 1720 4905; x_wconf 90' lang='lat' dir='ltr'>tribus</span> <span class='ocrx_word' id='word_1_475' title='bbox 1743 4841 1796 4905; x_wconf 86' lang='lat' dir='ltr'>rel</span> 
     </span>
     <span class='ocr_line' id='line_1_44' title="bbox 146 4943 1795 5035; baseline -0.005 -20"><span class='ocrx_word' id='word_1_476' title='bbox 146 4956 287 5035; x_wconf 89' lang='lat' dir='ltr'>quatuor</span> <span class='ocrx_word' id='word_1_477' title='bbox 309 4948 350 5013; x_wconf 92' lang='lat' dir='ltr'>de</span> <span class='ocrx_word' id='word_1_478' title='bbox 373 4949 606 5013; x_wconf 89' lang='lat' dir='ltr'>communitate</span> <span class='ocrx_word' id='word_1_479' title='bbox 631 4971 691 5014; x_wconf 90' lang='lat' dir='ltr'>sua</span> <span class='ocrx_word' id='word_1_480' title='bbox 713 4950 818 5013; x_wconf 86' lang='lat' dir='ltr'>vicem</span> <span class='ocrx_word' id='word_1_481' title='bbox 843 4949 986 5012; x_wconf 92' lang='lat' dir='ltr'>omnium</span> <span class='ocrx_word' id='word_1_482' title='bbox 1010 4946 1208 5010; x_wconf 88' lang='lat' dir='ltr'>habentibus</span> <span class='ocrx_word' id='word_1_483' title='bbox 1231 4967 1267 5010; x_wconf 89' lang='lat' dir='ltr'>se</span> <span class='ocrx_word' id='word_1_484' title='bbox 1290 4945 1377 5031; x_wconf 88' lang='lat' dir='ltr'>apud</span> <span class='ocrx_word' id='word_1_485' title='bbox 1391 4943 1664 5008; x_wconf 87' lang='lat' dir='ltr'>Urbemvetcrem</span> <span class='ocrx_word' id='word_1_486' title='bbox 1684 4951 1795 5008; x_wconf 88' lang='lat' dir='ltr'>nostro</span> 
     </span>
     <span class='ocr_line' id='line_1_45' title="bbox 146 5042 1795 5138; baseline -0.006 -21"><span class='ocrx_word' id='word_1_487' title='bbox 146 5052 337 5138; x_wconf 89' lang='lat' dir='ltr'>conspectui</span> <span class='ocrx_word' id='word_1_488' title='bbox 353 5057 571 5138; x_wconf 89' lang='lat' dir='ltr'>presentaret,</span> <span class='ocrx_word' id='word_1_489' title='bbox 594 5072 632 5116; x_wconf 92' lang='lat' dir='ltr'>ac</span> <span class='ocrx_word' id='word_1_490' title='bbox 648 5053 779 5116; x_wconf 90' lang='lat' dir='ltr'>interim</span> <span class='ocrx_word' id='word_1_491' title='bbox 797 5073 862 5138; x_wconf 87' lang='lat' dir='ltr'>pax</span> <span class='ocrx_word' id='word_1_492' title='bbox 880 5057 935 5115; x_wconf 90' lang='lat' dir='ltr'>aut</span> <span class='ocrx_word' id='word_1_493' title='bbox 954 5052 1047 5115; x_wconf 89' lang='lat' dir='ltr'>firma</span> <span class='ocrx_word' id='word_1_494' title='bbox 1069 5055 1208 5133; x_wconf 88' lang='lat' dir='ltr'>treugua</span> <span class='ocrx_word' id='word_1_495' title='bbox 1232 5053 1417 5112; x_wconf 88' lang='lat' dir='ltr'>servaretur</span> <span class='ocrx_word' id='word_1_496' title='bbox 1438 5047 1514 5110; x_wconf 92' lang='lat' dir='ltr'>hine</span> <span class='ocrx_word' id='word_1_497' title='bbox 1537 5044 1623 5109; x_wconf 90' lang='lat' dir='ltr'>inde.</span> <span class='ocrx_word' id='word_1_498' title='bbox 1668 5042 1795 5117; x_wconf 88' lang='lat' dir='ltr'>Quibus</span> 
     </span>
    </p>

    <p class='ocr_par' dir='ltr' id='par_1_10' title="bbox 69 5147 1795 5348">
     <span class='ocr_line' id='line_1_46' title="bbox 69 5147 1795 5242; baseline -0.005 -22"><span class='ocrx_word' id='word_1_499' title='bbox 69 5173 93 5212; x_wconf 66' lang='lat' dir='ltr'>a</span> <span class='ocrx_word' id='word_1_500' title='bbox 145 5156 187 5220; x_wconf 91' lang='lat' dir='ltr'>ad</span> <span class='ocrx_word' id='word_1_501' title='bbox 215 5155 377 5242; x_wconf 87' lang='lat' dir='ltr'>prefixum</span> <span class='ocrx_word' id='word_1_502' title='bbox 405 5154 579 5218; x_wconf 91' lang='lat' dir='ltr'>terminum</span> <span class='ocrx_word' id='word_1_503' title='bbox 610 5155 644 5218; x_wconf 96' lang='lat' dir='ltr'>in</span> <span class='ocrx_word' id='word_1_504' title='bbox 672 5161 783 5219; x_wconf 89' lang='lat' dir='ltr'>nostra</span> <span class='ocrx_word' id='word_1_505' title='bbox 809 5155 977 5240; x_wconf 89' lang='lat' dir='ltr'>presentia</span> <span class='ocrx_word' id='word_1_506' title='bbox 1005 5152 1207 5232; x_wconf 87' lang='lat' dir='ltr'>constitutis,</span> <span class='ocrx_word' id='word_1_507' title='bbox 1236 5158 1311 5238; x_wconf 89' lang='lat' dir='ltr'>post</span> <span class='ocrx_word' id='word_1_508' title='bbox 1339 5155 1512 5216; x_wconf 90' lang='lat' dir='ltr'>tractatum</span> <span class='ocrx_word' id='word_1_509' title='bbox 1541 5147 1701 5213; x_wconf 91' lang='lat' dir='ltr'>diutinum</span> <span class='ocrx_word' id='word_1_510' title='bbox 1729 5155 1795 5212; x_wconf 89' lang='lat' dir='ltr'>tam</span> 
     </span>
     <span class='ocr_line' id='line_1_47' title="bbox 145 5251 1795 5348; baseline -0.005 -23"><span class='ocrx_word' id='word_1_511' title='bbox 145 5279 246 5348; x_wconf 87' lang='lat' dir='ltr'>super</span> <span class='ocrx_word' id='word_1_512' title='bbox 268 5278 350 5343; x_wconf 91' lang='lat' dir='ltr'>pace</span> <span class='ocrx_word' id='word_1_513' title='bbox 379 5257 465 5322; x_wconf 92' lang='lat' dir='ltr'>inter</span> <span class='ocrx_word' id='word_1_514' title='bbox 492 5258 582 5342; x_wconf 89' lang='lat' dir='ltr'>ipsos</span> <span class='ocrx_word' id='word_1_515' title='bbox 612 5257 743 5342; x_wconf 91' lang='lat' dir='ltr'>plenius</span> <span class='ocrx_word' id='word_1_516' title='bbox 775 5256 980 5322; x_wconf 85' lang='lat' dir='ltr'>reformanda</span> <span class='ocrx_word' id='word_1_517' title='bbox 1008 5277 1105 5341; x_wconf 84' lang='lat' dir='ltr'>quam</span> <span class='ocrx_word' id='word_1_518' title='bbox 1135 5276 1233 5342; x_wconf 88' lang='lat' dir='ltr'>super</span> <span class='ocrx_word' id='word_1_519' title='bbox 1260 5254 1387 5320; x_wconf 92' lang='lat' dir='ltr'>Ducato</span> <span class='ocrx_word' id='word_1_520' title='bbox 1416 5251 1588 5319; x_wconf 88' lang='lat' dir='ltr'>retinendo</span> <span class='ocrx_word' id='word_1_521' title='bbox 1616 5251 1657 5316; x_wconf 92' lang='lat' dir='ltr'>ad</span> <span class='ocrx_word' id='word_1_522' title='bbox 1679 5272 1795 5316; x_wconf 90' lang='lat' dir='ltr'>manus</span> 
     </span>
    </p>
   </div>
   <div class='ocr_carea' id='block_1_4' title="bbox 250 5415 1425 5426">
    <p class='ocr_par' dir='ltr' id='par_1_11' title="bbox 250 5415 1425 5426">
     <span class='ocr_line' id='line_1_48' title="bbox 250 5415 1425 5426; baseline -0.002 0"><span class='ocrx_word' id='word_1_523' title='bbox 250 5417 434 5426; x_wconf 40' lang='lat' dir='ltr'><strong><em>„fi-m„</em></strong></span> <span class='ocrx_word' id='word_1_524' title='bbox 444 5417 711 5424; x_wconf 70' lang='lat'>—-.-.-.--.-—---.--..</span> <span class='ocrx_word' id='word_1_525' title='bbox 723 5419 755 5425; x_wconf 78' lang='lat'><em>...-</em></span> <span class='ocrx_word' id='word_1_526' title='bbox 767 5421 778 5424; x_wconf 93' lang='lat'>..</span> <span class='ocrx_word' id='word_1_527' title='bbox 799 5421 812 5425; x_wconf 93' lang='grc'>..</span> <span class='ocrx_word' id='word_1_528' title='bbox 826 5421 858 5425; x_wconf 89' lang='grc'>-.-</span> <span class='ocrx_word' id='word_1_529' title='bbox 870 5421 895 5426; x_wconf 81' lang='grc'><em>...-</em></span> <span class='ocrx_word' id='word_1_530' title='bbox 912 5420 961 5424; x_wconf 68' lang='grc'>...,.</span> <span class='ocrx_word' id='word_1_531' title='bbox 973 5420 987 5424; x_wconf 84' lang='grc'>-.</span> <span class='ocrx_word' id='word_1_532' title='bbox 999 5419 1017 5424; x_wconf 79' lang='grc'><strong>...-</strong></span> <span class='ocrx_word' id='word_1_533' title='bbox 1028 5419 1068 5424; x_wconf 75' lang='grc'>.---</span> <span class='ocrx_word' id='word_1_534' title='bbox 1087 5419 1095 5422; x_wconf 92' lang='grc'>-</span> <span class='ocrx_word' id='word_1_535' title='bbox 1111 5417 1130 5422; x_wconf 93' lang='grc'>---</span> <span class='ocrx_word' id='word_1_536' title='bbox 1154 5417 1170 5421; x_wconf 87' lang='grc'>--</span> <span class='ocrx_word' id='word_1_537' title='bbox 1213 5415 1261 5420; x_wconf 82' lang='lat'>——·</span> <span class='ocrx_word' id='word_1_538' title='bbox 1298 5415 1425 5421; x_wconf 86' lang='lat'>-———-—</span> 
     </span>
    </p>
   </div>
   <div class='ocr_carea' id='block_1_5' title="bbox 253 5507 1735 5586">
    <p class='ocr_par' dir='ltr' id='par_1_12' title="bbox 253 5507 1735 5586">
     <span class='ocr_line' id='line_1_49' title="bbox 253 5507 1735 5586; baseline -0.007 -14"><span class='ocrx_word' id='word_1_539' title='bbox 253 5520 276 5586; x_wconf 84' lang='lat'>¹)</span> <span class='ocrx_word' id='word_1_540' title='bbox 293 5515 456 5572; x_wconf 84' lang='lat' dir='ltr'>aceinsimus</span> <span class='ocrx_word' id='word_1_541' title='bbox 474 5517 505 5568; x_wconf 84' lang='lat' dir='ltr'>R.</span> <span class='ocrx_word' id='word_1_542' title='bbox 588 5517 611 5580; x_wconf 74' lang='lat' dir='ltr'>a)</span> <span class='ocrx_word' id='word_1_543' title='bbox 628 5532 682 5568; x_wconf 91' lang='lat' dir='ltr'>nou</span> <span class='ocrx_word' id='word_1_544' title='bbox 700 5517 768 5570; x_wconf 77' lang='lat' dir='ltr'>deest</span> <span class='ocrx_word' id='word_1_545' title='bbox 784 5519 812 5568; x_wconf 78' lang='lat' dir='ltr'>ia</span> <span class='ocrx_word' id='word_1_546' title='bbox 830 5518 861 5568; x_wconf 84' lang='lat' dir='ltr'>B.</span> <span class='ocrx_word' id='word_1_547' title='bbox 944 5515 966 5582; x_wconf 73' lang='lat'>⁰)</span> <span class='ocrx_word' id='word_1_548' title='bbox 984 5517 1069 5568; x_wconf 77' lang='lat' dir='ltr'>deesse</span> <span class='ocrx_word' id='word_1_549' title='bbox 1086 5515 1186 5582; x_wconf 58' lang='lat' dir='ltr'>almiri</span> <span class='ocrx_word' id='word_1_550' title='bbox 1203 5515 1309 5568; x_wconf 69' lang='lat' dir='ltr'>vitlena.</span> <span class='ocrx_word' id='word_1_551' title='bbox 1390 5512 1413 5577; x_wconf 69' lang='lat'>⁰)</span> <span class='ocrx_word' id='word_1_552' title='bbox 1431 5513 1554 5564; x_wconf 82' lang='lat' dir='ltr'>adversus</span> <span class='ocrx_word' id='word_1_553' title='bbox 1572 5512 1640 5563; x_wconf 72' lang='lat' dir='ltr'>dccet</span> <span class='ocrx_word' id='word_1_554' title='bbox 1656 5512 1683 5561; x_wconf 81' lang='lat' dir='ltr'>in</span> <span class='ocrx_word' id='word_1_555' title='bbox 1701 5507 1735 5561; x_wconf 81' lang='lat' dir='ltr'>R.</span> 
     </span>
    </p>
   </div>
   <div class='ocr_carea' id='block_1_6' title="bbox 250 5634 729 5708">
    <p class='ocr_par' dir='ltr' id='par_1_13' title="bbox 250 5634 729 5708">
     <span class='ocr_line' id='line_1_50' title="bbox 250 5634 729 5708; baseline -0.004 -14"><span class='ocrx_word' id='word_1_556' title='bbox 250 5641 276 5708; x_wconf 86' lang='lat'>1)</span> <span class='ocrx_word' id='word_1_557' title='bbox 293 5639 312 5692; x_wconf 83' lang='lat' dir='ltr'>i.</span> <span class='ocrx_word' id='word_1_558' title='bbox 330 5651 353 5690; x_wconf 89' lang='lat' dir='ltr'>e.</span> <span class='ocrx_word' id='word_1_559' title='bbox 371 5634 416 5688; x_wconf 83' lang='lat' dir='ltr'>die</span> <span class='ocrx_word' id='word_1_560' title='bbox 433 5637 513 5690; x_wconf 76' lang='lat' dir='ltr'>sexto</span> <span class='ocrx_word' id='word_1_561' title='bbox 529 5634 632 5690; x_wconf 76' lang='lat' dir='ltr'>mmsis</span> <span class='ocrx_word' id='word_1_562' title='bbox 651 5635 729 5692; x_wconf 83' lang='lat' dir='ltr'>Iulii.</span> 
     </span>
    </p>
   </div>
   <div class='ocr_carea' id='block_1_7' title="bbox 0 0 2257 6420">
    <p class='ocr_par' dir='ltr' id='par_1_14' title="bbox 0 0 2257 6420">
     <span class='ocr_line' id='line_1_51' title="bbox 0 0 2257 6420; baseline 0 0"><span class='ocrx_word' id='word_1_563' title='bbox 0 0 2257 6420; x_wconf 95' lang='lat' dir='ltr'> </span> 
     </span>
    </p>
   </div>
  </div>
 </body>
</html>
