4448 6420
718 325 918 383 EPlSTOLdE
935 325 1125 387 SELEGTAE.
1161 331 1237 388 1225.

332 541 372 613 Ε.
401 539 556 612 abbati
581 542 633 614 de
660 541 935 618 Middelborc
961 545 1408 623 Promonstratensis
1436 551 1620 627 ordinis,

260 673 462 759 Significasti
484 672 597 750 nobis,
621 673 708 758 quod
731 695 804 738 cum
827 675 888 739 tibi
911 676 1098 744 dederimus
1122 681 1155 744 in
1178 681 1357 763 mandatis,
1381 689 1417 748 ut
1439 683 1472 748 in
1495 686 1607 766 terris,
1629 685 1664 750 i'u
1686 686 1805 771 quibus

153 777 301 864 predioas
331 776 468 842 verbum
499 777 621 856 crucis,
652 778 790 862 colligas
819 781 992 864 pecuniam
1023 783 1166 868 legatam
1195 806 1214 849 a
1244 785 1395 852 fidelibus
1425 789 1480 852 vel
1508 789 1589 853 alias
1616 789 1807 876 deputatam

155 882 300 947 subsidio
323 882 425 946 Terre
449 879 586 959 Sancte,
616 879 806 945 detentores
835 881 875 946 ad
906 885 1149 951 restitutionem
1176 889 1280 974 ipsius
1309 889 1512 956 districtione
1536 893 1693 957 canonica
1714 914 1802 958 oom-

98 1015 107 1050 ι
154 985 340 1072 pellendoss,
376 982 575 1048 venerabilis
609 983 712 1048 frater
744 991 857 1049 noster
889 1033 928 1049 ..
959 985 1208 1054 Cameracensis
1239 992 1414 1079 episcopus
1444 1000 1477 1060 et
1510 995 1629 1060 nobilis
1659 996 1709 1060 vir
1738 995 1805 1060 dux

149 1089 327 1153 Brabantie
354 1093 509 1174 pretextu
539 1086 740 1170 quarundam
770 1088 953 1153 litterarum
983 1093 1030 1155 eis
1060 1093 1094 1155 in
1122 1095 1271 1179 proximo
1300 1095 1458 1181 preterito
1489 1099 1644 1183 passagio
1673 1119 1693 1162 a
1724 1097 1802 1164 sede

151 1192 332 1279 apostolica
358 1189 554 1254 indultarum
584 1189 688 1275 ipsam
718 1189 780 1253 sibi
808 1189 921 1258 deberi
949 1195 1123 1278 pecuniam
1150 1206 1354 1278 asserentes,
1384 1220 1457 1264 eam
1491 1202 1525 1265 in
1558 1202 1705 1266 taminia
1737 1202 1805 1266 suis

151 1295 218 1360 tere
242 1294 390 1359 totaliter
412 1301 608 1379 receperunt
631 1300 664 1358 et
685 1293 852 1358 residuum
876 1297 1011 1381 exigere
1035 1320 1099 1363 non
1123 1299 1295 1380 desistunt,
1319 1301 1497 1388 Templarii
1516 1325 1656 1390 quoqne,
1679 1303 1805 1391 Hospi-

151 1399 258 1462 talarii
281 1395 468 1481 etquidem
491 1395 546 1459 alii
569 1395 709 1480 quedam
734 1396 774 1461 de
799 1397 986 1464 huiusmodi
1008 1405 1148 1487 pecunia
1166 1412 1376 1491 receperunt3
1400 1426 1500 1490 quare
1524 1407 1600 1492 qnid
1624 1408 1684 1472 tibi
1707 1428 1806 1493 super

91 1527 109 1564 a
152 1501 214 1566 hiis
239 1501 281 1565 sit
311 1497 489 1584 agendum,
520 1499 638 1562 instrui
669 1501 854 1586 postulasti.
899 1501 1044 1588 Ideoque
1069 1508 1269 1590 presentium
1300 1508 1361 1572 tibi
1389 1511 1582 1574 auctoritate
1604 1508 1807 1587 mandamus,

151 1605 302 1688 quatinus
326 1603 519 1688 episcopum
541 1600 728 1686 predictum
752 1607 785 1666 et
808 1603 906 1682 alios,
939 1611 975 1668 ut
997 1607 1049 1670 vel
1072 1610 1244 1692 pecuniam
1274 1611 1379 1696 ipsam
1403 1611 1532 1696 integre
1555 1612 1615 1676 tibi
1637 1614 1807 1697 assignent

151 1708 182 1770 in
205 1707 308 1771 Terre
333 1705 453 1768 Sancte
483 1703 629 1768 subsidio
659 1704 927 1786 convertendam,
958 1708 1010 1772 vel
1034 1710 1118 1774 inira
1146 1719 1387 1798 competentem
1410 1715 1600 1795 terminum,
1630 1736 1726 1800 quem
1757 1715 1806 1779 eis

152 1809 283 1873 duxeris
311 1807 552 1894 prcfigcudum,
582 1808 677 1872 nobis
701 1809 832 1873 mittant
860 1810 988 1874 litteras
1017 1815 1229 1898 apostolicas,
1257 1837 1392 1901 quarum
1414 1819 1608 1893 auctoritate
1632 1819 1805 1906 pecuniam

152 1914 255 1999 ipsam
280 1913 345 1976 sibi
367 1911 540 1976 vendicare
565 1911 777 1992 contendunt,
800 1919 897 1998 atque
922 1914 1053 1979 interim
1075 1925 1272 1983 conservent
1294 1921 1400 2005 ipsam
1422 1921 1595 2007 pecuniam
1618 1921 1805 2006 diligenter,

94 2041 112 2077 a
153 2017 306 2102 exposita
339 2015 435 2079 nobis
469 2015 617 2080 eiusdem
651 2016 789 2102 pecunie
825 2017 1022 2100 quantitate,
1054 2022 1249 2086 auctoritate
1281 2029 1392 2087 nostra
1425 2025 1645 2110 appellatione
1681 2030 1807 2090 remota

155 2121 343 2205 compellas,
368 2127 404 2183 ut
418 2119 537 2184 litteris
552 2118 670 2184 iisdem
685 2120 843 2204 inspectis
859 2119 1016 2186 faciamus
1033 2145 1133 2210 super
1154 2124 1216 2188 hoc
1232 2125 1317 2211 quod
1341 2125 1382 2192 de
1404 2127 1474 2192 iure
1489 2127 1588 2192 fuerit
1607 2126 1805 2192 faciendum.

258 2239 335 2305 Dat.
358 2239 492 2320 Tibure,
515 2240 564 2304 IV
588 2240 666 2305 Idus
689 2240 779 2320 Maii,
804 2260 888 2305 auno
912 2262 1010 2306 nono.

772 2471 1184 2479 ———————-—

935 2678 1021 2752 dit.

263 2790 451 2882 Honorias
472 2815 536 2880 ΙΙΙ
551 2836 642 2896 papa
663 2815 760 2879 eidem
781 2816 890 2880 scribit
917 2817 953 2881 de
970 2817 1207 2898 praedieatione
1228 2822 1330 2884 erarem
1356 2822 1393 2884 ia
1419 2821 1555 2886 ecclesiis
1580 2817 1757 2884 interdictis
1778 2823 1807 2883 et

152 2925 185 2990 de
207 2925 284 2990 aliis
305 2923 397 2987 robiis
419 2919 592 2986 subsidium
618 2919 733 2983 Terrae
756 2919 892 2985 Sanctae
914 2921 1127 2987 attinentibus.
1443 2925 1537 3002 1225,
1559 2923 1644 2990 Mai.
1668 2925 1719 2988 12.

66 3045 98 3086 2⁰
253 3039 721 3110 mfflQfflmm

898 3166 1055 3241 Eidem.

256 3299 339 3364 Cum
366 3295 565 3385 predicanda
595 3298 699 3362 crucis
734 3298 877 3362 officium
904 3300 964 3364 tibi
991 3301 1024 3364 in
1047 3300 1202 3365 Flandria
1232 3308 1266 3365 et
1292 3301 1472 3366 Brabantia
1499 3299 1689 3366 duxerimus
1717 3321 1805 3364 com-

153 3403 359 3483 mittendum,
392 3408 429 3465 ut
456 3400 535 3465 illud
564 3401 700 3465 liberius
733 3409 767 3466 et
794 3403 908 3466 utilius
936 3404 1047 3468 valeas
1077 3425 1251 3484 exercere,
1282 3405 1486 3490 presentium
1514 3403 1575 3468 tibi
1609 3403 1804 3468 auctoritate

153 3507 369 3586 concedimus,
392 3512 428 3570 ut
445 3525 518 3568 curn
541 3503 582 3568 ad
597 3503 671 3568 loca
686 3505 817 3568 veneris
834 3505 1016 3585 interdicta,
1040 3507 1138 3571 liceat
1154 3506 1225 3586 tibi,
1249 3507 1541 3571 excommunicatis
1564 3511 1598 3570 at
1616 3505 1806 3570 nominatim

20 3621 63 3660 2⁵
153 3610 331 3675 interdictis
355 3607 516 3681 exclusis,
544 3606 591 3670 ibi
621 3607 789 3672 celebrare
820 3608 930 3672 divina
954 3615 987 3674 et
1009 3629 1192 3696 proponere
1223 3609 1345 3695 populo
1368 3609 1505 3674 verbum
1529 3609 1644 3673 crucis.
1689 3609 1805 3674 Liceat

153 3732 276 3798 quoque
300 3711 362 3775 tibi
390 3717 507 3775 avoto
537 3711 642 3774 crucis
675 3710 846 3776 absolvere
877 3733 1039 3798 pauperes
1072 3720 1106 3777 et
1134 3712 1279 3776 infirmos
1311 3733 1371 3776 seu
1399 3713 1481 3776 alias
1509 3712 1644 3776 inutiles
1671 3711 1805 3796 negotio

151 3815 248 3880 'Perre
272 3813 408 3893 Sancte,
434 3813 481 3877 ita
507 3812 593 3897 quod
624 3813 687 3894 hii,
719 3814 839 3899 quibus
869 3816 1087 3902 suppetierint
1122 3815 1312 3896 facultates,
1344 3836 1403 3901 pro
1436 3835 1472 3880 se
1495 3815 1625 3878 mittant
1646 3814 1681 3877 in
1703 3813 1805 3877 Terre

152 3916 268 3982 Sancte
293 3916 495 3981 subsidiumb
520 3916 657 3981 idoneos
680 3916 873 3992 bellatores;
901 3919 949 3982 illi
972 3940 1068 3998 vero,
1098 3919 1153 4003 qui
1182 3926 1274 3984 tanta
1301 3925 1495 4005 paupertate
1523 3917 1689 3998 laborant,
1720 3914 1806 4001 quod

151 4043 212 4086 non
235 4027 372 4108 possent
388 4020 534 4105 singulos
556 4019 733 4100 destinare,
757 4021 829 4085 aliis
854 4043 950 4086 ornos
973 4023 1109 4108 signatis
1132 4023 1332 4109 pauperibus
1349 4023 1519 4087 conferant
1543 4042 1583 4084 ea
1605 4041 1668 4105 que
1692 4039 1804 4084 seeum

23 4145 43 4173 ³
153 4124 271 4189 luerint
299 4126 479 4211 portaturi,
514 4124 560 4186 ita
586 4123 673 4208 quod
701 4122 765 4188 duo
793 4132 850 4189 aut
880 4131 948 4188 tres
983 4146 1041 4189 seu
1077 4127 1176 4190 etiam
1204 4127 1333 4212 plures,
1365 4133 1463 4212 prout
1495 4131 1672 4212 paupertas
1702 4123 1807 4207 exigit

155 4227 349 4308 eorundem,
377 4248 477 4291 unum
506 4247 565 4313 pro
589 4247 625 4290 se
647 4228 778 4291 mittant
800 4229 834 4292 in
857 4227 958 4292 Terre
984 4228 1103 4293 Sancte
1128 4228 1309 4294 subsidium
1332 4230 1542 4308 bellatorem,
1573 4247 1732 4293 concessa
1755 4227 1804 4290 eis

153 4329 240 4396 iuxta
263 4337 423 4396 statutum
446 4331 575 4395 concilii
597 4332 762 4416 generalis
785 4353 919 4397 suorum
942 4332 1150 4418 indulgentia
1172 4340 1393 4419 peccatorum.

255 4451 332 4516 Dat.
356 4458 525 4537 utsupra.

259 4877 448 4974 Honorias
474 4905 541 4970 ΙΙΙ
561 4927 650 4987 papa
677 4905 819 4991 [Sitrido
846 4907 907 4994 II]
933 4909 1162 4992 archiepiscopo
1184 4907 1377 4991 Mapaatino
1399 4905 1546 4985 modat,
1577 4909 1614 4969 at
1639 4909 1807 4987 proventus

157 5011 293 5074 ecclcsiae
320 5009 565 5074 Warmaeieasis
587 5009 725 5091 obtipare
747 5009 879 5087 strideat,
901 5016 936 5074 at
957 5013 1071 5076 ariade
1093 5002 1279 5093 quibasdam
1301 5012 1420 5076 eivibris
1441 5009 1597 5074 Romam
1616 5007 1653 5072 de
1672 5009 1808 5088 pecunia

157 5115 293 5195 satisfiat,
317 5135 413 5195 qaam
434 5113 540 5178 eadem
562 5113 690 5177 ecclesia
712 5114 753 5177 iis
774 5113 909 5178 debeat·
1483 5112 1577 5189 1225,
1600 5111 1665 5179 Iul.
1688 5113 1719 5176 8.

257 5233 329 5286 Hor.
348 5231 406 5285 111
422 5232 490 5302 Rep.
515 5233 572 5286 Vol.
596 5232 627 5300 V,
647 5235 698 5295 68,·
717 5232 780 5286 Lib.
799 5233 855 5296 IX,
875 5237 960 5290 3680.

252 5319 387 5382 Pottbast,
408 5317 476 5389 Rrp.
498 5323 579 5372 7437.

254 5529 276 5594 ·)
295 5529 481 5596 compellentur
498 5529 530 5580 R.
614 5529 637 5593 h)
656 5531 800 5582 subsidium
818 5531 885 5583 deest
902 5533 930 5582 ia
948 5532 980 5584 n.
1068 5531 1089 5599 ‘)
1108 5548 1242 5583 cameram
1261 5533 1323 5594 368,
1340 5531 1384 5598 qui
1401 5529 1470 5580 deest
1487 5530 1515 5580 ia
1532 5529 1616 5594 copia,
1633 5529 1806 5596 supplevimus

159 5627 185 5662 ar
207 5614 367 5678 Wrtrdtrreia,
386 5614 449 5666 aba.
470 5616 537 5666 mbo.
556 5615 619 5684 dipl.
637 5625 653 5666 t.
671 5616 766 5684 1151».
784 5619 845 5668 128.

1544 5705 1601 5762 25*
