<?xml version="1.0" encoding="UTF-8"?>
<!DOCTYPE html PUBLIC "-//W3C//DTD XHTML 1.0 Transitional//EN"
    "http://www.w3.org/TR/xhtml1/DTD/xhtml1-transitional.dtd">
<html xmlns="http://www.w3.org/1999/xhtml" xml:lang="en" lang="en">
 <head>
  <title>
</title>
<meta http-equiv="Content-Type" content="text/html;charset=utf-8" />
  <meta name='ocr-system' content='tesseract 3.04.00' />
  <meta name='ocr-capabilities' content='ocr_page ocr_carea ocr_par ocr_line ocrx_word'/>
</head>
<body>
  <div class='ocr_page' id='page_1' title='image "./monumentagerman00peipgoog/monumentagerman00peipgoog_0040.png"; bbox 0 0 4538 6426; ppageno 0'>
   <div class='ocr_carea' id='block_1_1' title="bbox 746 362 1840 438">
    <p class='ocr_par' dir='ltr' id='par_1_1' title="bbox 746 362 1840 438">
     <span class='ocr_line' id='line_1_1' title="bbox 746 362 1840 438; baseline 0.009 -22"><span class='ocrx_word' id='word_1_1' title='bbox 746 362 945 417; x_wconf 72' lang='lat' dir='ltr'><em>spissatas</em></span> <span class='ocrx_word' id='word_1_2' title='bbox 963 363 1151 419; x_wconf 69' lang='lat' dir='ltr'><em>summurn.</em></span> <span class='ocrx_word' id='word_1_3' title='bbox 1189 367 1264 420; x_wconf 77' lang='lat'><em>1217.</em></span> <span class='ocrx_word' id='word_1_4' title='bbox 1801 378 1840 438; x_wconf 85' lang='lat'><em>17</em></span> 
     </span>
    </p>
   </div>
   <div class='ocr_carea' id='block_1_2' title="bbox 183 533 1841 928">
    <p class='ocr_par' dir='ltr' id='par_1_2' title="bbox 183 533 1841 928">
     <span class='ocr_line' id='line_1_2' title="bbox 183 533 1841 618; baseline 0.008 -22"><span class='ocrx_word' id='word_1_5' title='bbox 183 533 311 618; x_wconf 59' lang='lat' dir='ltr'><em>Meloe}</em></span> <span class='ocrx_word' id='word_1_6' title='bbox 331 535 442 598; x_wconf 76' lang='lat' dir='ltr'><em>erroris</em></span> <span class='ocrx_word' id='word_1_7' title='bbox 464 537 583 599; x_wconf 84' lang='lat' dir='ltr'><em>cernitis</em></span> <span class='ocrx_word' id='word_1_8' title='bbox 608 554 727 598; x_wconf 78' lang='lat' dir='ltr'><em>iucnon</em></span> <span class='ocrx_word' id='word_1_9' title='bbox 749 534 926 598; x_wconf 86' lang='lat' dir='ltr'><em>Hotlondio</em></span> <span class='ocrx_word' id='word_1_10' title='bbox 952 540 981 599; x_wconf 89' lang='lat' dir='ltr'><em>ct</em></span> <span class='ocrx_word' id='word_1_11' title='bbox 1003 536 1079 601; x_wconf 89' lang='lat' dir='ltr'><em>otiis</em></span> <span class='ocrx_word' id='word_1_12' title='bbox 1109 539 1215 615; x_wconf 84' lang='lat' dir='ltr'><em>torris,</em></span> <span class='ocrx_word' id='word_1_13' title='bbox 1246 539 1290 603; x_wconf 89' lang='lat' dir='ltr'><em>od</em></span> <span class='ocrx_word' id='word_1_14' title='bbox 1317 541 1447 605; x_wconf 81' lang='lat' dir='ltr'><em>ourtdcm</em></span> <span class='ocrx_word' id='word_1_15' title='bbox 1477 543 1600 606; x_wconf 85' lang='lat' dir='ltr'><em>rationo</em></span> <span class='ocrx_word' id='word_1_16' title='bbox 1628 545 1738 608; x_wconf 81' lang='lat' dir='ltr'><em>acoris</em></span> <span class='ocrx_word' id='word_1_17' title='bbox 1766 563 1841 610; x_wconf 83' lang='lat' dir='ltr'><em>suae</em></span> 
     </span>
     <span class='ocr_line' id='line_1_3' title="bbox 183 637 1841 719; baseline 0.007 -19"><span class='ocrx_word' id='word_1_18' title='bbox 183 637 402 718; x_wconf 72' lang='lat' dir='ltr'><em>spectentilma</em></span> <span class='ocrx_word' id='word_1_19' title='bbox 425 639 579 703; x_wconf 83' lang='lat' dir='ltr'><em>medianto</em></span> <span class='ocrx_word' id='word_1_20' title='bbox 593 638 754 719; x_wconf 85' lang='lat' dir='ltr'><em>quondum</em></span> <span class='ocrx_word' id='word_1_21' title='bbox 763 637 911 718; x_wconf 83' lang='lat' dir='ltr'><em>Philippo</em></span> <span class='ocrx_word' id='word_1_22' title='bbox 927 639 1103 704; x_wconf 72' lang='lat' dir='ltr'><em>marchione</em></span> <span class='ocrx_word' id='word_1_23' title='bbox 1116 641 1309 706; x_wconf 79' lang='lat' dir='ltr'><em>Nemorensi</em></span> <span class='ocrx_word' id='word_1_24' title='bbox 1331 644 1433 708; x_wconf 86' lang='lat' dir='ltr'><em>bolico</em></span> <span class='ocrx_word' id='word_1_25' title='bbox 1448 644 1614 709; x_wconf 75' lang='lat' dir='ltr'><em>comitatus</em></span> <span class='ocrx_word' id='word_1_26' title='bbox 1628 646 1841 712; x_wconf 84' lang='lat' dir='ltr'><em>Ftondrcnsis</em></span> 
     </span>
     <span class='ocr_line' id='line_1_4' title="bbox 183 740 1840 830; baseline 0.007 -27"><span class='ocrx_word' id='word_1_27' title='bbox 183 760 268 803; x_wconf 84' lang='lat' dir='ltr'><em>cuno</em></span> <span class='ocrx_word' id='word_1_28' title='bbox 290 743 385 818; x_wconf 77' lang='lat'><em>1206,</em></span> <span class='ocrx_word' id='word_1_29' title='bbox 405 740 468 804; x_wconf 89' lang='lat' dir='ltr'><em>Oct.</em></span> <span class='ocrx_word' id='word_1_30' title='bbox 485 745 526 804; x_wconf 78' lang='grc'><em>14</em></span> <span class='ocrx_word' id='word_1_31' title='bbox 548 742 671 818; x_wconf 82' lang='lat' dir='ltr'><em>initum,</em></span> <span class='ocrx_word' id='word_1_32' title='bbox 694 745 797 804; x_wconf 84' lang='lat' dir='ltr'><em>tenore</em></span> <span class='ocrx_word' id='word_1_33' title='bbox 818 743 1047 822; x_wconf 75' lang='lat' dir='ltr'><em>compositionis</em></span> <span class='ocrx_word' id='word_1_34' title='bbox 1061 744 1186 822; x_wconf 82' lang='lat' dir='ltr'><em>inserto,</em></span> <span class='ocrx_word' id='word_1_35' title='bbox 1209 745 1252 808; x_wconf 76' lang='lat' dir='ltr'><em>orl</em></span> <span class='ocrx_word' id='word_1_36' title='bbox 1268 747 1441 827; x_wconf 77' lang='lat' dir='ltr'><em>exemplum</em></span> <span class='ocrx_word' id='word_1_37' title='bbox 1463 748 1643 812; x_wconf 77' lang='lat' dir='ltr'><em>iunocentii</em></span> <span class='ocrx_word' id='word_1_38' title='bbox 1658 748 1724 812; x_wconf 91' lang='lat' dir='ltr'><em>III</em></span> <span class='ocrx_word' id='word_1_39' title='bbox 1738 771 1840 830; x_wconf 66' lang='lat' dir='ltr'><em>riopoc</em></span> 
     </span>
     <span class='ocr_line' id='line_1_5' title="bbox 185 845 1753 928; baseline 0.006 -23"><span class='ocrx_word' id='word_1_40' title='bbox 185 845 356 922; x_wconf 75' lang='lat' dir='ltr'><em>confimat.</em></span> <span class='ocrx_word' id='word_1_41' title='bbox 1459 853 1553 928; x_wconf 84' lang='lat'><em>1217,</em></span> <span class='ocrx_word' id='word_1_42' title='bbox 1575 851 1676 916; x_wconf 84' lang='lat' dir='ltr'><em>Mart.</em></span> <span class='ocrx_word' id='word_1_43' title='bbox 1700 854 1753 915; x_wconf 87' lang='lat'><em>21.</em></span> 
     </span>
    </p>
   </div>
   <div class='ocr_carea' id='block_1_3' title="bbox 286 961 1016 1118">
    <p class='ocr_par' dir='ltr' id='par_1_3' title="bbox 286 961 1016 1118">
     <span class='ocr_line' id='line_1_6' title="bbox 287 961 1016 1032; baseline 0.004 -17"><span class='ocrx_word' id='word_1_44' title='bbox 287 963 362 1016; x_wconf 81' lang='lat' dir='ltr'><em>Hm.</em></span> <span class='ocrx_word' id='word_1_45' title='bbox 381 962 441 1016; x_wconf 83' lang='grc' dir='ltr'><em>ΙΙΙ</em></span> <span class='ocrx_word' id='word_1_46' title='bbox 456 962 522 1031; x_wconf 68' lang='lat' dir='ltr'><em>uec.</em></span> <span class='ocrx_word' id='word_1_47' title='bbox 546 961 602 1016; x_wconf 84' lang='lat' dir='ltr'><em>vu.</em></span> <span class='ocrx_word' id='word_1_48' title='bbox 613 962 637 1026; x_wconf 88' lang='lat'><em>1,</em></span> <span class='ocrx_word' id='word_1_49' title='bbox 657 966 717 1024; x_wconf 78' lang='lat' dir='ltr'><em>roc,</em></span> <span class='ocrx_word' id='word_1_50' title='bbox 738 967 808 1030; x_wconf 81' lang='lat' dir='ltr'><em>ror;</em></span> <span class='ocrx_word' id='word_1_51' title='bbox 825 963 887 1018; x_wconf 76' lang='lat' dir='ltr'><em>tro.</em></span> <span class='ocrx_word' id='word_1_52' title='bbox 907 965 934 1032; x_wconf 87' lang='lat'><em>1,</em></span> <span class='ocrx_word' id='word_1_53' title='bbox 952 969 1016 1018; x_wconf 74' lang='lat' dir='ltr'><em>rec.</em></span> 
     </span>
     <span class='ocr_line' id='line_1_7' title="bbox 286 1047 616 1118; baseline 0.009 -18"><span class='ocrx_word' id='word_1_54' title='bbox 286 1047 424 1116; x_wconf 74' lang='lat' dir='ltr'><em>Potum,</em></span> <span class='ocrx_word' id='word_1_55' title='bbox 443 1047 511 1118; x_wconf 77' lang='lat' dir='ltr'><em>Ray.</em></span> <span class='ocrx_word' id='word_1_56' title='bbox 532 1051 616 1103; x_wconf 83' lang='lat'><em>5503.</em></span> 
     </span>
    </p>
   </div>
   <div class='ocr_carea' id='block_1_4' title="bbox 522 1313 1506 1409">
    <p class='ocr_par' dir='ltr' id='par_1_4' title="bbox 522 1313 1506 1409">
     <span class='ocr_line' id='line_1_8' title="bbox 522 1313 1506 1409; baseline 0.004 -22"><span class='ocrx_word' id='word_1_57' title='bbox 522 1313 672 1388; x_wconf 89' lang='lat' dir='ltr'><em>Nobili·</em></span> <span class='ocrx_word' id='word_1_58' title='bbox 694 1317 788 1388; x_wconf 92' lang='lat' dir='ltr'><em>viro</em></span> <span class='ocrx_word' id='word_1_59' title='bbox 816 1316 964 1388; x_wconf 86' lang='lat' dir='ltr'><em>comiti</em></span> <span class='ocrx_word' id='word_1_60' title='bbox 992 1316 1043 1388; x_wconf 93' lang='lat' dir='ltr'><em>de</em></span> <span class='ocrx_word' id='word_1_61' title='bbox 1072 1316 1157 1388; x_wconf 89' lang='lat' dir='ltr'><em>Los</em></span> <span class='ocrx_word' id='word_1_62' title='bbox 1183 1317 1506 1409; x_wconf 82' lang='lat' dir='ltr'><em>crucesignato.</em></span> 
     </span>
    </p>
   </div>
   <div class='ocr_carea' id='block_1_5' title="bbox 108 1463 1837 5267">
    <p class='ocr_par' dir='ltr' id='par_1_5' title="bbox 121 1463 1837 2480">
     <span class='ocr_line' id='line_1_9' title="bbox 293 1463 1837 1552; baseline 0.004 -25"><span class='ocrx_word' id='word_1_63' title='bbox 293 1463 511 1529; x_wconf 85' lang='lat' dir='ltr'><em>Sacrosancta</em></span> <span class='ocrx_word' id='word_1_64' title='bbox 532 1464 681 1529; x_wconf 86' lang='lat' dir='ltr'><em>Romana</em></span> <span class='ocrx_word' id='word_1_65' title='bbox 704 1465 846 1528; x_wconf 89' lang='lat' dir='ltr'><em>ecclesia</em></span> <span class='ocrx_word' id='word_1_66' title='bbox 870 1470 932 1528; x_wconf 90' lang='lat' dir='ltr'><em>etc.</em></span> <span class='ocrx_word' id='word_1_67' title='bbox 955 1486 1074 1549; x_wconf 89' lang='lat' dir='ltr'><em>usquc:</em></span> <span class='ocrx_word' id='word_1_68' title='bbox 1103 1466 1266 1546; x_wconf 88' lang='lat' dir='ltr'><em>inclinati,</em></span> <span class='ocrx_word' id='word_1_69' title='bbox 1289 1467 1330 1531; x_wconf 93' lang='lat' dir='ltr'><em>ad</em></span> <span class='ocrx_word' id='word_1_70' title='bbox 1354 1470 1524 1552; x_wconf 88' lang='lat' dir='ltr'><em>exemplar</em></span> <span class='ocrx_word' id='word_1_71' title='bbox 1551 1468 1658 1533; x_wconf 80' lang='lat' dir='ltr'><em>felicis</em></span> <span class='ocrx_word' id='word_1_72' title='bbox 1684 1468 1837 1533; x_wconf 88' lang='lat' dir='ltr'><em>reeorda-</em></span> 
     </span>
     <span class='ocr_line' id='line_1_10' title="bbox 185 1567 1837 1655; baseline 0.003 -26"><span class='ocrx_word' id='word_1_73' title='bbox 185 1568 280 1631; x_wconf 86' lang='lat' dir='ltr'><em>tionis</em></span> <span class='ocrx_word' id='word_1_74' title='bbox 303 1567 490 1633; x_wconf 84' lang='lat' dir='ltr'><em>innocentii</em></span> <span class='ocrx_word' id='word_1_75' title='bbox 512 1589 598 1654; x_wconf 81' lang='lat' dir='ltr'><em>pape</em></span> <span class='ocrx_word' id='word_1_76' title='bbox 627 1567 871 1654; x_wconf 76' lang='lat' dir='ltr'><em>predecessoris</em></span> <span class='ocrx_word' id='word_1_77' title='bbox 900 1569 1002 1631; x_wconf 84' lang='lat' dir='ltr'><em>nostri</em></span> <span class='ocrx_word' id='word_1_78' title='bbox 1032 1570 1302 1655; x_wconf 83' lang='lat' dir='ltr'><em>compositionem</em></span> <span class='ocrx_word' id='word_1_79' title='bbox 1333 1571 1419 1636; x_wconf 91' lang='lat' dir='ltr'><em>inter</em></span> <span class='ocrx_word' id='word_1_80' title='bbox 1445 1577 1478 1636; x_wconf 88' lang='lat' dir='ltr'><em>te</em></span> <span class='ocrx_word' id='word_1_81' title='bbox 1503 1593 1541 1635; x_wconf 90' lang='lat' dir='ltr'><em>ac</em></span> <span class='ocrx_word' id='word_1_82' title='bbox 1564 1571 1710 1636; x_wconf 91' lang='lat' dir='ltr'><em>nobilem</em></span> <span class='ocrx_word' id='word_1_83' title='bbox 1733 1572 1837 1636; x_wconf 88' lang='lat' dir='ltr'><em>virum</em></span> 
     </span>
     <span class='ocr_line' id='line_1_11' title="bbox 122 1668 1837 1760; baseline 0.003 -28"><span class='ocrx_word' id='word_1_84' title='bbox 122 1695 126 1720; x_wconf 68' lang='grc' dir='ltr'>ι</span> <span class='ocrx_word' id='word_1_85' title='bbox 185 1668 461 1736; x_wconf 87' lang='lat' dir='ltr'><em>Willielmumde</em></span> <span class='ocrx_word' id='word_1_86' title='bbox 481 1671 659 1737; x_wconf 90' lang='lat' dir='ltr'><em>Hollandia</em></span> <span class='ocrx_word' id='word_1_87' title='bbox 680 1671 903 1735; x_wconf 81' lang='lat' dir='ltr'><em>Traiectensis</em></span> <span class='ocrx_word' id='word_1_88' title='bbox 926 1670 1067 1736; x_wconf 89' lang='lat' dir='ltr'><em>diocesis</em></span> <span class='ocrx_word' id='word_1_89' title='bbox 1095 1694 1193 1759; x_wconf 90' lang='lat' dir='ltr'><em>super</em></span> <span class='ocrx_word' id='word_1_90' title='bbox 1221 1679 1315 1760; x_wconf 90' lang='lat' dir='ltr'><em>raptu</em></span> <span class='ocrx_word' id='word_1_91' title='bbox 1339 1675 1457 1739; x_wconf 88' lang='lat' dir='ltr'><em>nobilis</em></span> <span class='ocrx_word' id='word_1_92' title='bbox 1488 1675 1635 1739; x_wconf 89' lang='lat' dir='ltr'><em>mulieris</em></span> <span class='ocrx_word' id='word_1_93' title='bbox 1659 1675 1701 1741; x_wconf 83' lang='lat' dir='ltr'><em>A.</em></span> <span class='ocrx_word' id='word_1_94' title='bbox 1724 1676 1837 1739; x_wconf 86' lang='lat' dir='ltr'><em>uxoris</em></span> 
     </span>
     <span class='ocr_line' id='line_1_12' title="bbox 185 1773 1836 1864; baseline 0.002 -28"><span class='ocrx_word' id='word_1_95' title='bbox 185 1779 239 1836; x_wconf 87' lang='lat' dir='ltr'><em>tue</em></span> <span class='ocrx_word' id='word_1_96' title='bbox 272 1793 401 1839; x_wconf 89' lang='lat' dir='ltr'><em>necnon</em></span> <span class='ocrx_word' id='word_1_97' title='bbox 434 1775 612 1839; x_wconf 87' lang='lat' dir='ltr'><em>Hellandia</em></span> <span class='ocrx_word' id='word_1_98' title='bbox 644 1781 677 1838; x_wconf 92' lang='lat' dir='ltr'><em>et</em></span> <span class='ocrx_word' id='word_1_99' title='bbox 720 1774 793 1837; x_wconf 91' lang='lat' dir='ltr'><em>aliis</em></span> <span class='ocrx_word' id='word_1_100' title='bbox 822 1775 933 1854; x_wconf 89' lang='lat' dir='ltr'><em>terris,</em></span> <span class='ocrx_word' id='word_1_101' title='bbox 967 1773 1008 1838; x_wconf 90' lang='lat' dir='ltr'><em>ad</em></span> <span class='ocrx_word' id='word_1_102' title='bbox 1039 1781 1072 1838; x_wconf 90' lang='lat' dir='ltr'><em>te</em></span> <span class='ocrx_word' id='word_1_103' title='bbox 1106 1777 1232 1841; x_wconf 88' lang='lat' dir='ltr'><em>ratione</em></span> <span class='ocrx_word' id='word_1_104' title='bbox 1265 1777 1379 1840; x_wconf 85' lang='lat' dir='ltr'><em>uxoris</em></span> <span class='ocrx_word' id='word_1_105' title='bbox 1415 1777 1563 1842; x_wconf 89' lang='lat' dir='ltr'><em>eiusdem</em></span> <span class='ocrx_word' id='word_1_106' title='bbox 1600 1776 1836 1864; x_wconf 77' lang='lat' dir='ltr'><em>spectantibus,</em></span> 
     </span>
     <span class='ocr_line' id='line_1_13' title="bbox 184 1876 1837 1964; baseline 0.002 -24"><span class='ocrx_word' id='word_1_107' title='bbox 184 1877 349 1942; x_wconf 86' lang='lat' dir='ltr'><em>mediante</em></span> <span class='ocrx_word' id='word_1_108' title='bbox 371 1876 535 1961; x_wconf 87' lang='lat' dir='ltr'><em>quondam</em></span> <span class='ocrx_word' id='word_1_109' title='bbox 557 1878 711 1964; x_wconf 90' lang='lat' dir='ltr'><em>Philippo</em></span> <span class='ocrx_word' id='word_1_110' title='bbox 735 1877 921 1942; x_wconf 78' lang='lat' dir='ltr'><em>marchione</em></span> <span class='ocrx_word' id='word_1_111' title='bbox 945 1878 1144 1943; x_wconf 88' lang='lat' dir='ltr'><em>Namucensi</em></span> <span class='ocrx_word' id='word_1_112' title='bbox 1173 1887 1249 1943; x_wconf 92' lang='lat' dir='ltr'><em>tunc</em></span> <span class='ocrx_word' id='word_1_113' title='bbox 1278 1880 1386 1945; x_wconf 91' lang='lat' dir='ltr'><em>balivo</em></span> <span class='ocrx_word' id='word_1_114' title='bbox 1416 1882 1590 1946; x_wconf 79' lang='lat' dir='ltr'><em>comitatus</em></span> <span class='ocrx_word' id='word_1_115' title='bbox 1613 1881 1837 1959; x_wconf 86' lang='lat' dir='ltr'><em>Flandrensis,</em></span> 
     </span>
     <span class='ocr_line' id='line_1_14' title="bbox 184 1981 1836 2070; baseline 0.003 -27"><span class='ocrx_word' id='word_1_116' title='bbox 184 1981 401 2046; x_wconf 81' lang='lat' dir='ltr'><em>amicabiliter</em></span> <span class='ocrx_word' id='word_1_117' title='bbox 423 1981 536 2045; x_wconf 88' lang='lat' dir='ltr'><em>initam</em></span> <span class='ocrx_word' id='word_1_118' title='bbox 571 1989 605 2046; x_wconf 89' lang='lat' dir='ltr'><em>et</em></span> <span class='ocrx_word' id='word_1_119' title='bbox 637 1982 830 2046; x_wconf 89' lang='lat' dir='ltr'><em>iuramentis</em></span> <span class='ocrx_word' id='word_1_120' title='bbox 859 1981 1006 2067; x_wconf 88' lang='lat' dir='ltr'><em>prestitis</em></span> <span class='ocrx_word' id='word_1_121' title='bbox 1034 1981 1109 2046; x_wconf 92' lang='lat' dir='ltr'><em>hinc</em></span> <span class='ocrx_word' id='word_1_122' title='bbox 1137 1982 1211 2046; x_wconf 91' lang='lat' dir='ltr'><em>inde</em></span> <span class='ocrx_word' id='word_1_123' title='bbox 1241 1983 1414 2063; x_wconf 82' lang='lat' dir='ltr'><em>firmatam,</em></span> <span class='ocrx_word' id='word_1_124' title='bbox 1461 1985 1544 2048; x_wconf 88' lang='lat' dir='ltr'><em>sicut</em></span> <span class='ocrx_word' id='word_1_125' title='bbox 1578 1984 1649 2049; x_wconf 87' lang='lat' dir='ltr'><em>sine</em></span> <span class='ocrx_word' id='word_1_126' title='bbox 1676 1984 1836 2070; x_wconf 79' lang='lat' dir='ltr'><em>pravitate</em></span> 
     </span>
     <span class='ocr_line' id='line_1_15' title="bbox 184 2084 1836 2173; baseline 0.001 -25"><span class='ocrx_word' id='word_1_127' title='bbox 184 2084 318 2170; x_wconf 83' lang='lat' dir='ltr'><em>provide</em></span> <span class='ocrx_word' id='word_1_128' title='bbox 343 2084 431 2148; x_wconf 82' lang='lat' dir='ltr'><em>tacta</em></span> <span class='ocrx_word' id='word_1_129' title='bbox 460 2092 524 2150; x_wconf 71' lang='lat' dir='ltr'><em>esta</em></span> <span class='ocrx_word' id='word_1_130' title='bbox 560 2091 593 2148; x_wconf 91' lang='lat' dir='ltr'><em>et</em></span> <span class='ocrx_word' id='word_1_131' title='bbox 624 2084 664 2148; x_wconf 90' lang='lat' dir='ltr'><em>ab</em></span> <span class='ocrx_word' id='word_1_132' title='bbox 698 2091 837 2169; x_wconf 86' lang='lat' dir='ltr'><em>utraque</em></span> <span class='ocrx_word' id='word_1_133' title='bbox 861 2091 953 2169; x_wconf 90' lang='lat' dir='ltr'><em>parte</em></span> <span class='ocrx_word' id='word_1_134' title='bbox 977 2091 1093 2170; x_wconf 88' lang='lat' dir='ltr'><em>sponte</em></span> <span class='ocrx_word' id='word_1_135' title='bbox 1116 2093 1263 2172; x_wconf 90' lang='lat' dir='ltr'><em>recepta,</em></span> <span class='ocrx_word' id='word_1_136' title='bbox 1293 2087 1381 2150; x_wconf 89' lang='lat' dir='ltr'><em>etin</em></span> <span class='ocrx_word' id='word_1_137' title='bbox 1411 2087 1540 2173; x_wconf 90' lang='lat' dir='ltr'><em>scriptis</em></span> <span class='ocrx_word' id='word_1_138' title='bbox 1563 2087 1737 2152; x_wconf 83' lang='lat' dir='ltr'><em>autenticis</em></span> <span class='ocrx_word' id='word_1_139' title='bbox 1760 2085 1836 2150; x_wconf 89' lang='lat' dir='ltr'><em>inde</em></span> 
     </span>
     <span class='ocr_line' id='line_1_16' title="bbox 121 2175 1837 2274; baseline 0.002 -26"><span class='ocrx_word' id='word_1_140' title='bbox 121 2213 131 2248; x_wconf 77' lang='lat' dir='ltr'><em>a</em></span> <span class='ocrx_word' id='word_1_141' title='bbox 185 2187 342 2251; x_wconf 85' lang='lat' dir='ltr'><em>coniectis</em></span> <span class='ocrx_word' id='word_1_142' title='bbox 365 2188 494 2274; x_wconf 90' lang='lat' dir='ltr'><em>plenius</em></span> <span class='ocrx_word' id='word_1_143' title='bbox 524 2187 723 2266; x_wconf 89' lang='lat' dir='ltr'><em>continetur,</em></span> <span class='ocrx_word' id='word_1_144' title='bbox 754 2188 947 2250; x_wconf 90' lang='lat' dir='ltr'><em>auctoritate</em></span> <span class='ocrx_word' id='word_1_145' title='bbox 975 2188 1156 2272; x_wconf 89' lang='lat' dir='ltr'><em>apostolica</em></span> <span class='ocrx_word' id='word_1_146' title='bbox 1183 2175 1382 2274; x_wconf 87' lang='lat' dir='ltr'><em>precipimus</em></span> <span class='ocrx_word' id='word_1_147' title='bbox 1417 2190 1595 2255; x_wconf 89' lang='lat' dir='ltr'><em>observari.</em></span> <span class='ocrx_word' id='word_1_148' title='bbox 1651 2189 1696 2254; x_wconf 92' lang='lat' dir='ltr'><em>Ut</em></span> <span class='ocrx_word' id='word_1_149' title='bbox 1727 2195 1837 2253; x_wconf 87' lang='lat' dir='ltr'><em>autem</em></span> 
     </span>
     <span class='ocr_line' id='line_1_17' title="bbox 182 2288 1835 2377; baseline -0.001 -22"><span class='ocrx_word' id='word_1_150' title='bbox 182 2290 297 2356; x_wconf 86' lang='lat' dir='ltr'><em>eadem</em></span> <span class='ocrx_word' id='word_1_151' title='bbox 326 2291 518 2376; x_wconf 86' lang='lat' dir='ltr'><em>compositio</em></span> <span class='ocrx_word' id='word_1_152' title='bbox 548 2289 672 2354; x_wconf 85' lang='lat' dir='ltr'><em>firmius</em></span> <span class='ocrx_word' id='word_1_153' title='bbox 701 2288 907 2370; x_wconf 87' lang='lat' dir='ltr'><em>observetur,</em></span> <span class='ocrx_word' id='word_1_154' title='bbox 937 2297 1082 2355; x_wconf 89' lang='lat' dir='ltr'><em>tenorem</em></span> <span class='ocrx_word' id='word_1_155' title='bbox 1113 2291 1216 2375; x_wconf 88' lang='lat' dir='ltr'><em>ipsius</em></span> <span class='ocrx_word' id='word_1_156' title='bbox 1254 2293 1463 2377; x_wconf 88' lang='lat' dir='ltr'><em>presentibus</em></span> <span class='ocrx_word' id='word_1_157' title='bbox 1491 2292 1648 2357; x_wconf 89' lang='lat' dir='ltr'><em>iussimus</em></span> <span class='ocrx_word' id='word_1_158' title='bbox 1676 2292 1835 2364; x_wconf 80' lang='lat' dir='ltr'><em>annotari,</em></span> 
     </span>
     <span class='ocr_line' id='line_1_18' title="bbox 182 2394 421 2480; baseline -0.008 -22"><span class='ocrx_word' id='word_1_159' title='bbox 182 2395 238 2480; x_wconf 93' lang='lat' dir='ltr'><em>qui</em></span> <span class='ocrx_word' id='word_1_160' title='bbox 260 2394 336 2458; x_wconf 90' lang='lat' dir='ltr'><em>talis</em></span> <span class='ocrx_word' id='word_1_161' title='bbox 360 2402 421 2459; x_wconf 90' lang='lat' dir='ltr'><em>est.</em></span> 
     </span>
    </p>

    <p class='ocr_par' dir='ltr' id='par_1_6' title="bbox 108 2496 1835 5267">
     <span class='ocr_line' id='line_1_19' title="bbox 288 2496 1835 2582; baseline 0.001 -22"><span class='ocrx_word' id='word_1_162' title='bbox 288 2496 361 2562; x_wconf 88' lang='lat' dir='ltr'><em>Hee</em></span> <span class='ocrx_word' id='word_1_163' title='bbox 385 2505 436 2562; x_wconf 92' lang='lat' dir='ltr'><em>est</em></span> <span class='ocrx_word' id='word_1_164' title='bbox 456 2497 560 2561; x_wconf 88' lang='lat' dir='ltr'><em>forma</em></span> <span class='ocrx_word' id='word_1_165' title='bbox 582 2496 827 2582; x_wconf 87' lang='lat' dir='ltr'><em>compositionis</em></span> <span class='ocrx_word' id='word_1_166' title='bbox 851 2503 884 2560; x_wconf 91' lang='lat' dir='ltr'><em>et</em></span> <span class='ocrx_word' id='word_1_167' title='bbox 898 2497 988 2581; x_wconf 86' lang='lat' dir='ltr'><em>pacis</em></span> <span class='ocrx_word' id='word_1_168' title='bbox 1011 2504 1170 2582; x_wconf 88' lang='lat' dir='ltr'><em>perpetue</em></span> <span class='ocrx_word' id='word_1_169' title='bbox 1194 2498 1278 2562; x_wconf 90' lang='lat' dir='ltr'><em>inter</em></span> <span class='ocrx_word' id='word_1_170' title='bbox 1298 2496 1508 2562; x_wconf 90' lang='lat' dir='ltr'><em>Lodewicum</em></span> <span class='ocrx_word' id='word_1_171' title='bbox 1531 2498 1682 2564; x_wconf 89' lang='lat' dir='ltr'><em>comitem</em></span> <span class='ocrx_word' id='word_1_172' title='bbox 1706 2496 1746 2562; x_wconf 91' lang='lat' dir='ltr'><em>de</em></span> <span class='ocrx_word' id='word_1_173' title='bbox 1769 2498 1835 2562; x_wconf 89' lang='lat' dir='ltr'><em>Los</em></span> 
     </span>
     <span class='ocr_line' id='line_1_20' title="bbox 181 2598 1835 2684; baseline -0.001 -20"><span class='ocrx_word' id='word_1_174' title='bbox 181 2605 215 2664; x_wconf 90' lang='lat' dir='ltr'><em>et</em></span> <span class='ocrx_word' id='word_1_175' title='bbox 238 2600 278 2664; x_wconf 90' lang='lat' dir='ltr'><em>de</em></span> <span class='ocrx_word' id='word_1_176' title='bbox 301 2598 479 2664; x_wconf 87' lang='lat' dir='ltr'><em>Hellandia</em></span> <span class='ocrx_word' id='word_1_177' title='bbox 503 2608 535 2664; x_wconf 89' lang='lat' dir='ltr'><em>et</em></span> <span class='ocrx_word' id='word_1_178' title='bbox 558 2598 724 2663; x_wconf 89' lang='lat' dir='ltr'><em>dominum</em></span> <span class='ocrx_word' id='word_1_179' title='bbox 747 2598 980 2678; x_wconf 90' lang='lat' dir='ltr'><em>Willielmum‚</em></span> <span class='ocrx_word' id='word_1_180' title='bbox 1005 2599 1163 2663; x_wconf 83' lang='lat' dir='ltr'><em>Florentii</em></span> <span class='ocrx_word' id='word_1_181' title='bbox 1186 2601 1314 2664; x_wconf 91' lang='lat' dir='ltr'><em>comitis</em></span> <span class='ocrx_word' id='word_1_182' title='bbox 1336 2600 1514 2666; x_wconf 86' lang='lat' dir='ltr'><em>Hellandie</em></span> <span class='ocrx_word' id='word_1_183' title='bbox 1538 2601 1700 2684; x_wconf 90' lang='lat' dir='ltr'><em>quondam</em></span> <span class='ocrx_word' id='word_1_184' title='bbox 1722 2599 1835 2680; x_wconf 70' lang='lat' dir='ltr'><em>filiurn,</em></span> 
     </span>
     <span class='ocr_line' id='line_1_21' title="bbox 183 2701 1835 2790; baseline 0.003 -27.739"><span class='ocrx_word' id='word_1_185' title='bbox 183 2702 317 2766; x_wconf 86' lang='lat' dir='ltr'><em>arbitrio</em></span> <span class='ocrx_word' id='word_1_186' title='bbox 340 2701 462 2766; x_wconf 90' lang='lat' dir='ltr'><em>domini</em></span> <span class='ocrx_word' id='word_1_187' title='bbox 484 2703 629 2790; x_wconf 93' lang='lat' dir='ltr'><em>Philippi</em></span> <span class='ocrx_word' id='word_1_188' title='bbox 653 2702 850 2766; x_wconf 87' lang='lat' dir='ltr'><em>marchionis</em></span> <span class='ocrx_word' id='word_1_189' title='bbox 880 2702 1098 2767; x_wconf 89' lang='lat' dir='ltr'><em>Namucensis</em></span> <span class='ocrx_word' id='word_1_190' title='bbox 1130 2703 1231 2767; x_wconf 90' lang='lat' dir='ltr'><em>baiuli</em></span> <span class='ocrx_word' id='word_1_191' title='bbox 1254 2703 1409 2769; x_wconf 82' lang='lat' dir='ltr'><em>Flandrie</em></span> <span class='ocrx_word' id='word_1_192' title='bbox 1444 2709 1477 2768; x_wconf 91' lang='lat' dir='ltr'><em>ct</em></span> <span class='ocrx_word' id='word_1_193' title='bbox 1501 2704 1660 2768; x_wconf 88' lang='lat' dir='ltr'><em>nobilium</em></span> <span class='ocrx_word' id='word_1_194' title='bbox 1683 2701 1835 2768; x_wconf 83' lang='lat' dir='ltr'><em>Flandrie</em></span> 
     </span>
     <span class='ocr_line' id='line_1_22' title="bbox 181 2806 1835 2892; baseline 0.001 -22"><span class='ocrx_word' id='word_1_195' title='bbox 181 2807 324 2870; x_wconf 85' lang='lat' dir='ltr'><em>virorum</em></span> <span class='ocrx_word' id='word_1_196' title='bbox 348 2829 511 2872; x_wconf 89' lang='lat' dir='ltr'><em>consensu</em></span> <span class='ocrx_word' id='word_1_197' title='bbox 534 2814 567 2872; x_wconf 91' lang='lat' dir='ltr'><em>et</em></span> <span class='ocrx_word' id='word_1_198' title='bbox 590 2809 727 2872; x_wconf 90' lang='lat' dir='ltr'><em>consilio</em></span> <span class='ocrx_word' id='word_1_199' title='bbox 750 2807 888 2886; x_wconf 85' lang='lat' dir='ltr'><em>firmate,</em></span> <span class='ocrx_word' id='word_1_200' title='bbox 913 2813 946 2871; x_wconf 90' lang='lat' dir='ltr'><em>et</em></span> <span class='ocrx_word' id='word_1_201' title='bbox 970 2812 1151 2891; x_wconf 88' lang='lat' dir='ltr'><em>spontanea</em></span> <span class='ocrx_word' id='word_1_202' title='bbox 1170 2807 1401 2892; x_wconf 90' lang='lat' dir='ltr'><em>predictorum,</em></span> <span class='ocrx_word' id='word_1_203' title='bbox 1428 2807 1556 2871; x_wconf 89' lang='lat' dir='ltr'><em>comitis</em></span> <span class='ocrx_word' id='word_1_204' title='bbox 1580 2807 1705 2871; x_wconf 88' lang='lat' dir='ltr'><em>scilicet</em></span> <span class='ocrx_word' id='word_1_205' title='bbox 1727 2806 1835 2872; x_wconf 90' lang='lat' dir='ltr'><em>Lode-</em></span> 
     </span>
     <span class='ocr_line' id='line_1_23' title="bbox 181 2908 1834 2996; baseline 0.001 -23"><span class='ocrx_word' id='word_1_206' title='bbox 181 2910 254 2974; x_wconf 82' lang='lat' dir='ltr'><em>wici</em></span> <span class='ocrx_word' id='word_1_207' title='bbox 277 2916 310 2974; x_wconf 90' lang='lat' dir='ltr'><em>et</em></span> <span class='ocrx_word' id='word_1_208' title='bbox 332 2909 455 2974; x_wconf 91' lang='lat' dir='ltr'><em>domini</em></span> <span class='ocrx_word' id='word_1_209' title='bbox 476 2909 663 2990; x_wconf 89' lang='lat' dir='ltr'><em>Willielmi,</em></span> <span class='ocrx_word' id='word_1_210' title='bbox 687 2912 854 2976; x_wconf 86' lang='lat' dir='ltr'><em>voluntate</em></span> <span class='ocrx_word' id='word_1_211' title='bbox 878 2910 1007 2996; x_wconf 90' lang='lat' dir='ltr'><em>plenius</em></span> <span class='ocrx_word' id='word_1_212' title='bbox 1035 2910 1224 2995; x_wconf 88' lang='lat' dir='ltr'><em>approbate.</em></span> <span class='ocrx_word' id='word_1_213' title='bbox 1269 2910 1350 2974; x_wconf 90' lang='lat' dir='ltr'><em>Post</em></span> <span class='ocrx_word' id='word_1_214' title='bbox 1372 2910 1489 2994; x_wconf 88' lang='lat' dir='ltr'><em>longas</em></span> <span class='ocrx_word' id='word_1_215' title='bbox 1512 2908 1674 2995; x_wconf 89' lang='lat' dir='ltr'><em>siquidem</em></span> <span class='ocrx_word' id='word_1_216' title='bbox 1705 2918 1834 2976; x_wconf 91' lang='lat' dir='ltr'><em>contro-</em></span> 
     </span>
     <span class='ocr_line' id='line_1_24' title="bbox 180 3011 1833 3099; baseline 0.002 -24"><span class='ocrx_word' id='word_1_217' title='bbox 180 3013 305 3078; x_wconf 88' lang='lat' dir='ltr'><em>versias</em></span> <span class='ocrx_word' id='word_1_218' title='bbox 328 3014 412 3078; x_wconf 90' lang='lat' dir='ltr'><em>inter</em></span> <span class='ocrx_word' id='word_1_219' title='bbox 435 3035 491 3079; x_wconf 91' lang='lat' dir='ltr'><em>eos</em></span> <span class='ocrx_word' id='word_1_220' title='bbox 514 3023 661 3079; x_wconf 85' lang='lat' dir='ltr'><em>versatas</em></span> <span class='ocrx_word' id='word_1_221' title='bbox 678 3014 809 3079; x_wconf 89' lang='lat' dir='ltr'><em>tandem</em></span> <span class='ocrx_word' id='word_1_222' title='bbox 833 3015 866 3077; x_wconf 90' lang='lat' dir='ltr'><em>in</em></span> <span class='ocrx_word' id='word_1_223' title='bbox 881 3014 1003 3077; x_wconf 91' lang='lat' dir='ltr'><em>bonum</em></span> <span class='ocrx_word' id='word_1_224' title='bbox 1026 3013 1116 3099; x_wconf 88' lang='lat' dir='ltr'><em>pacis</em></span> <span class='ocrx_word' id='word_1_225' title='bbox 1140 3013 1385 3077; x_wconf 85' lang='lat' dir='ltr'><em>consentientes</em></span> <span class='ocrx_word' id='word_1_226' title='bbox 1405 3013 1442 3076; x_wconf 85' lang='lat' dir='ltr'><em>L.</em></span> <span class='ocrx_word' id='word_1_227' title='bbox 1459 3033 1568 3078; x_wconf 91' lang='lat' dir='ltr'><em>comes</em></span> <span class='ocrx_word' id='word_1_228' title='bbox 1592 3011 1633 3078; x_wconf 92' lang='lat' dir='ltr'><em>de</em></span> <span class='ocrx_word' id='word_1_229' title='bbox 1649 3013 1715 3077; x_wconf 86' lang='lat' dir='ltr'><em>Los</em></span> <span class='ocrx_word' id='word_1_230' title='bbox 1736 3020 1769 3078; x_wconf 90' lang='lat' dir='ltr'><em>ct</em></span> <span class='ocrx_word' id='word_1_231' title='bbox 1793 3014 1833 3079; x_wconf 93' lang='lat' dir='ltr'><em>de</em></span> 
     </span>
     <span class='ocr_line' id='line_1_25' title="bbox 182 3109 1833 3204; baseline 0 -23"><span class='ocrx_word' id='word_1_232' title='bbox 182 3109 335 3181; x_wconf 87' lang='lat' dir='ltr'><em>Ollandia</em></span> <span class='ocrx_word' id='word_1_233' title='bbox 358 3123 391 3182; x_wconf 88' lang='lat' dir='ltr'><em>et</em></span> <span class='ocrx_word' id='word_1_234' title='bbox 413 3117 562 3182; x_wconf 90' lang='lat' dir='ltr'><em>dominus</em></span> <span class='ocrx_word' id='word_1_235' title='bbox 585 3118 640 3182; x_wconf 89' lang='lat' dir='ltr'><em>W.</em></span> <span class='ocrx_word' id='word_1_236' title='bbox 664 3118 830 3204; x_wconf 89' lang='lat' dir='ltr'><em>predictus</em></span> <span class='ocrx_word' id='word_1_237' title='bbox 853 3117 940 3181; x_wconf 92' lang='lat' dir='ltr'><em>dicto</em></span> <span class='ocrx_word' id='word_1_238' title='bbox 965 3123 998 3182; x_wconf 90' lang='lat' dir='ltr'><em>et</em></span> <span class='ocrx_word' id='word_1_239' title='bbox 1020 3116 1154 3180; x_wconf 85' lang='lat' dir='ltr'><em>arbitrio</em></span> <span class='ocrx_word' id='word_1_240' title='bbox 1178 3115 1301 3180; x_wconf 89' lang='lat' dir='ltr'><em>domini</em></span> <span class='ocrx_word' id='word_1_241' title='bbox 1323 3116 1468 3202; x_wconf 91' lang='lat' dir='ltr'><em>Philippi</em></span> <span class='ocrx_word' id='word_1_242' title='bbox 1492 3116 1690 3180; x_wconf 91' lang='lat' dir='ltr'><em>marchionis</em></span> <span class='ocrx_word' id='word_1_243' title='bbox 1710 3116 1833 3181; x_wconf 86' lang='lat' dir='ltr'><em>Namu-</em></span> 
     </span>
     <span class='ocr_line' id='line_1_26' title="bbox 108 3218 1834 3307; baseline 0.003 -29"><span class='ocrx_word' id='word_1_244' title='bbox 108 3243 119 3278; x_wconf 67' lang='grc' dir='ltr'><em>-ι</em></span> <span class='ocrx_word' id='word_1_245' title='bbox 184 3219 291 3284; x_wconf 88' lang='lat' dir='ltr'><em>censis</em></span> <span class='ocrx_word' id='word_1_246' title='bbox 315 3241 414 3307; x_wconf 88' lang='lat' dir='ltr'><em>super</em></span> <span class='ocrx_word' id='word_1_247' title='bbox 435 3221 588 3286; x_wconf 87' lang='lat' dir='ltr'><em>universa</em></span> <span class='ocrx_word' id='word_1_248' title='bbox 610 3227 707 3302; x_wconf 86' lang='lat' dir='ltr'><em>terra,</em></span> <span class='ocrx_word' id='word_1_249' title='bbox 731 3242 794 3306; x_wconf 92' lang='lat' dir='ltr'><em>que</em></span> <span class='ocrx_word' id='word_1_250' title='bbox 817 3221 879 3284; x_wconf 83' lang='lat' dir='ltr'><em>luit</em></span> <span class='ocrx_word' id='word_1_251' title='bbox 901 3218 1098 3284; x_wconf 81' lang='lat' dir='ltr'><em>Theoderici</em></span> <span class='ocrx_word' id='word_1_252' title='bbox 1114 3219 1242 3282; x_wconf 89' lang='lat' dir='ltr'><em>comitis</em></span> <span class='ocrx_word' id='word_1_253' title='bbox 1258 3218 1515 3298; x_wconf 89' lang='lat' dir='ltr'><em>Hollandiensis,</em></span> <span class='ocrx_word' id='word_1_254' title='bbox 1539 3240 1574 3283; x_wconf 88' lang='lat' dir='ltr'><em>se</em></span> <span class='ocrx_word' id='word_1_255' title='bbox 1592 3220 1834 3285; x_wconf 88' lang='lat' dir='ltr'><em>commiserunt.</em></span> 
     </span>
     <span class='ocr_line' id='line_1_27' title="bbox 182 3320 1834 3410; baseline 0.001 -25"><span class='ocrx_word' id='word_1_256' title='bbox 182 3320 342 3387; x_wconf 86' lang='lat' dir='ltr'><em>Dominus</em></span> <span class='ocrx_word' id='word_1_257' title='bbox 366 3324 464 3408; x_wconf 90' lang='lat' dir='ltr'><em>igitur</em></span> <span class='ocrx_word' id='word_1_258' title='bbox 486 3324 659 3410; x_wconf 89' lang='lat' dir='ltr'><em>Philippus</em></span> <span class='ocrx_word' id='word_1_259' title='bbox 681 3323 827 3387; x_wconf 89' lang='lat' dir='ltr'><em>marchio</em></span> <span class='ocrx_word' id='word_1_260' title='bbox 842 3322 1059 3388; x_wconf 89' lang='lat' dir='ltr'><em>Namucensis</em></span> <span class='ocrx_word' id='word_1_261' title='bbox 1075 3321 1161 3385; x_wconf 88' lang='lat' dir='ltr'><em>dicto</em></span> <span class='ocrx_word' id='word_1_262' title='bbox 1178 3327 1212 3385; x_wconf 88' lang='lat' dir='ltr'><em>ct</em></span> <span class='ocrx_word' id='word_1_263' title='bbox 1227 3321 1361 3387; x_wconf 89' lang='lat' dir='ltr'><em>arbitrio</em></span> <span class='ocrx_word' id='word_1_264' title='bbox 1386 3341 1444 3385; x_wconf 91' lang='lat' dir='ltr'><em>suo</em></span> <span class='ocrx_word' id='word_1_265' title='bbox 1468 3322 1649 3407; x_wconf 86' lang='lat' dir='ltr'><em>assignavit</em></span> <span class='ocrx_word' id='word_1_266' title='bbox 1664 3323 1775 3387; x_wconf 88' lang='lat' dir='ltr'><em>comiti</em></span> <span class='ocrx_word' id='word_1_267' title='bbox 1794 3322 1834 3388; x_wconf 89' lang='lat' dir='ltr'><em>dc</em></span> 
     </span>
     <span class='ocr_line' id='line_1_28' title="bbox 182 3422 1835 3514; baseline 0.001 -26"><span class='ocrx_word' id='word_1_268' title='bbox 182 3425 247 3488; x_wconf 90' lang='lat' dir='ltr'><em>Los</em></span> <span class='ocrx_word' id='word_1_269' title='bbox 271 3427 459 3490; x_wconf 90' lang='lat' dir='ltr'><em>comitatum</em></span> <span class='ocrx_word' id='word_1_270' title='bbox 487 3426 684 3514; x_wconf 89' lang='lat' dir='ltr'><em>Hollandie,</em></span> <span class='ocrx_word' id='word_1_271' title='bbox 716 3433 855 3512; x_wconf 84' lang='lat' dir='ltr'><em>excepto</em></span> <span class='ocrx_word' id='word_1_272' title='bbox 888 3425 1036 3490; x_wconf 86' lang='lat' dir='ltr'><em>dotalitio</em></span> <span class='ocrx_word' id='word_1_273' title='bbox 1067 3424 1180 3488; x_wconf 91' lang='lat' dir='ltr'><em>matris</em></span> <span class='ocrx_word' id='word_1_274' title='bbox 1209 3422 1331 3487; x_wconf 89' lang='lat' dir='ltr'><em>domini</em></span> <span class='ocrx_word' id='word_1_275' title='bbox 1354 3422 1527 3488; x_wconf 91' lang='lat' dir='ltr'><em>Willielmi</em></span> <span class='ocrx_word' id='word_1_276' title='bbox 1551 3424 1738 3510; x_wconf 83' lang='lat' dir='ltr'><em>supradicti,</em></span> <span class='ocrx_word' id='word_1_277' title='bbox 1760 3431 1835 3510; x_wconf 89' lang='lat' dir='ltr'><em>post</em></span> 
     </span>
     <span class='ocr_line' id='line_1_29' title="bbox 183 3526 1834 3613; baseline -0.001 -21"><span class='ocrx_word' id='word_1_278' title='bbox 183 3529 275 3592; x_wconf 90' lang='lat' dir='ltr'><em>cuius</em></span> <span class='ocrx_word' id='word_1_279' title='bbox 309 3528 440 3594; x_wconf 88' lang='lat' dir='ltr'><em>domine</em></span> <span class='ocrx_word' id='word_1_280' title='bbox 475 3529 647 3595; x_wconf 88' lang='lat' dir='ltr'><em>decessum</em></span> <span class='ocrx_word' id='word_1_281' title='bbox 682 3528 866 3594; x_wconf 88' lang='lat' dir='ltr'><em>dotalitium</em></span> <span class='ocrx_word' id='word_1_282' title='bbox 898 3526 979 3592; x_wconf 91' lang='lat' dir='ltr'><em>illud</em></span> <span class='ocrx_word' id='word_1_283' title='bbox 1011 3528 1053 3590; x_wconf 89' lang='lat' dir='ltr'><em>ad</em></span> <span class='ocrx_word' id='word_1_284' title='bbox 1085 3526 1251 3591; x_wconf 88' lang='lat' dir='ltr'><em>dominum</em></span> <span class='ocrx_word' id='word_1_285' title='bbox 1281 3526 1499 3591; x_wconf 88' lang='lat' dir='ltr'><em>Willielmum</em></span> <span class='ocrx_word' id='word_1_286' title='bbox 1533 3527 1566 3590; x_wconf 92' lang='lat' dir='ltr'><em>in</em></span> <span class='ocrx_word' id='word_1_287' title='bbox 1600 3528 1834 3613; x_wconf 88' lang='lat' dir='ltr'><em>proprietatem</em></span> 
     </span>
     <span class='ocr_line' id='line_1_30' title="bbox 183 3628 1833 3718; baseline 0.003 -25"><span class='ocrx_word' id='word_1_288' title='bbox 183 3629 345 3698; x_wconf 83' lang='lat' dir='ltr'><em>deveniet.</em></span> <span class='ocrx_word' id='word_1_289' title='bbox 389 3631 582 3716; x_wconf 89' lang='lat' dir='ltr'><em>Assignavit</em></span> <span class='ocrx_word' id='word_1_290' title='bbox 605 3633 704 3696; x_wconf 87' lang='lat' dir='ltr'><em>ctiam</em></span> <span class='ocrx_word' id='word_1_291' title='bbox 727 3631 877 3696; x_wconf 88' lang='lat' dir='ltr'><em>dominus</em></span> <span class='ocrx_word' id='word_1_292' title='bbox 900 3632 961 3695; x_wconf 90' lang='lat' dir='ltr'><em>Ph.</em></span> <span class='ocrx_word' id='word_1_293' title='bbox 984 3632 1129 3696; x_wconf 89' lang='lat' dir='ltr'><em>marchio</em></span> <span class='ocrx_word' id='word_1_294' title='bbox 1154 3631 1369 3695; x_wconf 90' lang='lat' dir='ltr'><em>Namucensis</em></span> <span class='ocrx_word' id='word_1_295' title='bbox 1402 3631 1512 3695; x_wconf 90' lang='lat' dir='ltr'><em>comiti</em></span> <span class='ocrx_word' id='word_1_296' title='bbox 1535 3628 1577 3696; x_wconf 91' lang='lat' dir='ltr'><em>de</em></span> <span class='ocrx_word' id='word_1_297' title='bbox 1603 3630 1670 3694; x_wconf 89' lang='lat' dir='ltr'><em>Los</em></span> <span class='ocrx_word' id='word_1_298' title='bbox 1694 3630 1833 3718; x_wconf 81' lang='lat' dir='ltr'><em>Scarpo-</em></span> 
     </span>
     <span class='ocr_line' id='line_1_31' title="bbox 183 3732 1833 3818; baseline 0.002 -21"><span class='ocrx_word' id='word_1_299' title='bbox 183 3755 289 3812; x_wconf 87' lang='lat' dir='ltr'><em>nesse,</em></span> <span class='ocrx_word' id='word_1_300' title='bbox 312 3732 489 3813; x_wconf 81' lang='lat' dir='ltr'><em>Duvelant,</em></span> <span class='ocrx_word' id='word_1_301' title='bbox 516 3734 717 3800; x_wconf 85' lang='lat' dir='ltr'><em>Stavenesse</em></span> <span class='ocrx_word' id='word_1_302' title='bbox 741 3743 775 3800; x_wconf 90' lang='lat' dir='ltr'><em>et</em></span> <span class='ocrx_word' id='word_1_303' title='bbox 790 3734 971 3800; x_wconf 88' lang='lat' dir='ltr'><em>Drieskere</em></span> <span class='ocrx_word' id='word_1_304' title='bbox 995 3742 1028 3799; x_wconf 87' lang='lat' dir='ltr'><em>et</em></span> <span class='ocrx_word' id='word_1_305' title='bbox 1045 3735 1222 3799; x_wconf 90' lang='lat' dir='ltr'><em>dominium</em></span> <span class='ocrx_word' id='word_1_306' title='bbox 1239 3732 1361 3798; x_wconf 90' lang='lat' dir='ltr'><em>domini</em></span> <span class='ocrx_word' id='word_1_307' title='bbox 1384 3733 1536 3818; x_wconf 88' lang='lat' dir='ltr'><em>Hugouis</em></span> <span class='ocrx_word' id='word_1_308' title='bbox 1560 3732 1600 3797; x_wconf 92' lang='lat' dir='ltr'><em>de</em></span> <span class='ocrx_word' id='word_1_309' title='bbox 1630 3733 1833 3801; x_wconf 87' lang='lat' dir='ltr'><em>Ostenvorne</em></span> 
     </span>
     <span class='ocr_line' id='line_1_32' title="bbox 183 3835 1833 3924; baseline 0.002 -25"><span class='ocrx_word' id='word_1_310' title='bbox 183 3843 215 3900; x_wconf 89' lang='lat' dir='ltr'><em>ot</em></span> <span class='ocrx_word' id='word_1_311' title='bbox 237 3835 278 3901; x_wconf 91' lang='lat' dir='ltr'><em>de</em></span> <span class='ocrx_word' id='word_1_312' title='bbox 301 3835 544 3902; x_wconf 87' lang='lat' dir='ltr'><em>Westenvorne</em></span> <span class='ocrx_word' id='word_1_313' title='bbox 568 3844 602 3902; x_wconf 90' lang='lat' dir='ltr'><em>et</em></span> <span class='ocrx_word' id='word_1_314' title='bbox 624 3837 664 3901; x_wconf 89' lang='lat' dir='ltr'><em>de</em></span> <span class='ocrx_word' id='word_1_315' title='bbox 692 3837 902 3924; x_wconf 87' lang='lat' dir='ltr'><em>appenditiis.</em></span> <span class='ocrx_word' id='word_1_316' title='bbox 954 3838 1038 3902; x_wconf 85' lang='lat' dir='ltr'><em>Tota</em></span> <span class='ocrx_word' id='word_1_317' title='bbox 1066 3859 1144 3902; x_wconf 86' lang='lat' dir='ltr'><em>vero</em></span> <span class='ocrx_word' id='word_1_318' title='bbox 1174 3838 1239 3901; x_wconf 88' lang='lat' dir='ltr'><em>alia</em></span> <span class='ocrx_word' id='word_1_319' title='bbox 1261 3845 1347 3900; x_wconf 90' lang='lat' dir='ltr'><em>terra</em></span> <span class='ocrx_word' id='word_1_320' title='bbox 1376 3858 1419 3901; x_wconf 81' lang='lat' dir='ltr'><em>ex</em></span> <span class='ocrx_word' id='word_1_321' title='bbox 1448 3836 1509 3900; x_wconf 91' lang='lat' dir='ltr'><em>hac</em></span> <span class='ocrx_word' id='word_1_322' title='bbox 1537 3841 1630 3921; x_wconf 85' lang='lat' dir='ltr'><em>parte</em></span> <span class='ocrx_word' id='word_1_323' title='bbox 1654 3836 1747 3902; x_wconf 87' lang='lat' dir='ltr'><em>Mose</em></span> <span class='ocrx_word' id='word_1_324' title='bbox 1775 3839 1833 3903; x_wconf 92' lang='lat' dir='ltr'><em>dc-</em></span> 
     </span>
     <span class='ocr_line' id='line_1_33' title="bbox 181 3938 1834 4021; baseline 0.001 -19"><span class='ocrx_word' id='word_1_325' title='bbox 181 3960 296 4004; x_wconf 88' lang='lat' dir='ltr'><em>versus</em></span> <span class='ocrx_word' id='word_1_326' title='bbox 325 3939 514 4004; x_wconf 84' lang='lat' dir='ltr'><em>Flandriam</em></span> <span class='ocrx_word' id='word_1_327' title='bbox 545 3959 604 4021; x_wconf 92' lang='lat' dir='ltr'><em>per</em></span> <span class='ocrx_word' id='word_1_328' title='bbox 631 3939 753 4003; x_wconf 90' lang='lat' dir='ltr'><em>dictum</em></span> <span class='ocrx_word' id='word_1_329' title='bbox 788 3946 821 4005; x_wconf 90' lang='lat' dir='ltr'><em>et</em></span> <span class='ocrx_word' id='word_1_330' title='bbox 850 3941 1021 4005; x_wconf 87' lang='lat' dir='ltr'><em>arbitrium</em></span> <span class='ocrx_word' id='word_1_331' title='bbox 1056 3940 1177 4005; x_wconf 89' lang='lat' dir='ltr'><em>domini</em></span> <span class='ocrx_word' id='word_1_332' title='bbox 1210 3939 1406 4004; x_wconf 89' lang='lat' dir='ltr'><em>marchionis</em></span> <span class='ocrx_word' id='word_1_333' title='bbox 1436 3938 1652 4003; x_wconf 88' lang='lat' dir='ltr'><em>Namucensis</em></span> <span class='ocrx_word' id='word_1_334' title='bbox 1686 3946 1834 4004; x_wconf 89' lang='lat' dir='ltr'><em>remanet</em></span> 
     </span>
     <span class='ocr_line' id='line_1_34' title="bbox 181 4041 1833 4130; baseline 0 -23"><span class='ocrx_word' id='word_1_335' title='bbox 181 4043 213 4107; x_wconf 90' lang='lat' dir='ltr'><em>iu</em></span> <span class='ocrx_word' id='word_1_336' title='bbox 236 4049 328 4130; x_wconf 85' lang='lat' dir='ltr'><em>parte</em></span> <span class='ocrx_word' id='word_1_337' title='bbox 351 4042 668 4108; x_wconf 90' lang='lat' dir='ltr'><em>dominiWilliclmi.</em></span> <span class='ocrx_word' id='word_1_338' title='bbox 713 4043 875 4127; x_wconf 87' lang='lat' dir='ltr'><em>Quicquid</em></span> <span class='ocrx_word' id='word_1_339' title='bbox 898 4043 1046 4108; x_wconf 91' lang='lat' dir='ltr'><em>dominus</em></span> <span class='ocrx_word' id='word_1_340' title='bbox 1061 4043 1180 4128; x_wconf 74' lang='lat' dir='ltr'><em>Hugol</em></span> <span class='ocrx_word' id='word_1_341' title='bbox 1215 4041 1381 4129; x_wconf 91' lang='lat' dir='ltr'><em>predictus</em></span> <span class='ocrx_word' id='word_1_342' title='bbox 1404 4046 1496 4107; x_wconf 88' lang='lat' dir='ltr'><em>tenet</em></span> <span class='ocrx_word' id='word_1_343' title='bbox 1517 4041 1603 4127; x_wconf 87' lang='lat' dir='ltr'><em>apud</em></span> <span class='ocrx_word' id='word_1_344' title='bbox 1622 4041 1833 4129; x_wconf 85' lang='lat' dir='ltr'><em>Apenbruch,</em></span> 
     </span>
     <span class='ocr_line' id='line_1_35' title="bbox 183 4145 1834 4231; baseline 0 -21"><span class='ocrx_word' id='word_1_345' title='bbox 183 4153 215 4210; x_wconf 92' lang='lat' dir='ltr'><em>et</em></span> <span class='ocrx_word' id='word_1_346' title='bbox 237 4148 456 4212; x_wconf 87' lang='lat' dir='ltr'><em>castellariam</em></span> <span class='ocrx_word' id='word_1_347' title='bbox 489 4148 530 4213; x_wconf 91' lang='lat' dir='ltr'><em>de</em></span> <span class='ocrx_word' id='word_1_348' title='bbox 565 4146 748 4226; x_wconf 81' lang='lat' dir='ltr'><em>Sellandia,</em></span> <span class='ocrx_word' id='word_1_349' title='bbox 784 4155 818 4213; x_wconf 88' lang='lat' dir='ltr'><em>et</em></span> <span class='ocrx_word' id='word_1_350' title='bbox 848 4169 943 4213; x_wconf 88' lang='lat' dir='ltr'><em>omne</em></span> <span class='ocrx_word' id='word_1_351' title='bbox 978 4147 1064 4231; x_wconf 93' lang='lat' dir='ltr'><em>quod</em></span> <span class='ocrx_word' id='word_1_352' title='bbox 1097 4153 1188 4212; x_wconf 89' lang='lat' dir='ltr'><em>tenet</em></span> <span class='ocrx_word' id='word_1_353' title='bbox 1223 4145 1308 4210; x_wconf 86' lang='lat' dir='ltr'><em>infra</em></span> <span class='ocrx_word' id='word_1_354' title='bbox 1336 4146 1459 4210; x_wconf 89' lang='lat' dir='ltr'><em>insulas</em></span> <span class='ocrx_word' id='word_1_355' title='bbox 1483 4165 1545 4230; x_wconf 89' lang='lat' dir='ltr'><em>que</em></span> <span class='ocrx_word' id='word_1_356' title='bbox 1569 4145 1734 4230; x_wconf 88' lang='lat' dir='ltr'><em>assignate</em></span> <span class='ocrx_word' id='word_1_357' title='bbox 1759 4152 1834 4210; x_wconf 91' lang='lat' dir='ltr'><em>sunt</em></span> 
     </span>
     <span class='ocr_line' id='line_1_36' title="bbox 182 4248 1832 4337; baseline 0 -24"><span class='ocrx_word' id='word_1_358' title='bbox 182 4249 311 4314; x_wconf 90' lang='lat' dir='ltr'><em>domino</em></span> <span class='ocrx_word' id='word_1_359' title='bbox 334 4250 401 4332; x_wconf 93' lang='lat' dir='ltr'><em>W.,</em></span> <span class='ocrx_word' id='word_1_360' title='bbox 424 4251 551 4316; x_wconf 90' lang='lat' dir='ltr'><em>tenebit</em></span> <span class='ocrx_word' id='word_1_361' title='bbox 573 4251 645 4337; x_wconf 90' lang='lat' dir='ltr'><em>ipse</em></span> <span class='ocrx_word' id='word_1_362' title='bbox 667 4250 767 4335; x_wconf 90' lang='lat' dir='ltr'><em>Hugo</em></span> <span class='ocrx_word' id='word_1_363' title='bbox 791 4271 810 4314; x_wconf 88' lang='lat' dir='ltr'><em>a</em></span> <span class='ocrx_word' id='word_1_364' title='bbox 834 4249 963 4314; x_wconf 90' lang='lat' dir='ltr'><em>domino</em></span> <span class='ocrx_word' id='word_1_365' title='bbox 986 4249 1057 4324; x_wconf 89' lang='lat' dir='ltr'><em>W.;</em></span> <span class='ocrx_word' id='word_1_366' title='bbox 1082 4256 1115 4313; x_wconf 89' lang='lat' dir='ltr'><em>et</em></span> <span class='ocrx_word' id='word_1_367' title='bbox 1138 4249 1212 4313; x_wconf 91' lang='lat' dir='ltr'><em>inde</em></span> <span class='ocrx_word' id='word_1_368' title='bbox 1237 4248 1445 4333; x_wconf 87' lang='lat' dir='ltr'><em>excipiuntur</em></span> <span class='ocrx_word' id='word_1_369' title='bbox 1467 4254 1605 4332; x_wconf 87' lang='lat' dir='ltr'><em>quatuor</em></span> <span class='ocrx_word' id='word_1_370' title='bbox 1628 4248 1735 4313; x_wconf 90' lang='lat' dir='ltr'><em>insule</em></span> <span class='ocrx_word' id='word_1_371' title='bbox 1757 4270 1832 4335; x_wconf 89' lang='lat' dir='ltr'><em>prc-</em></span> 
     </span>
     <span class='ocr_line' id='line_1_37' title="bbox 182 4350 1833 4440; baseline 0.001 -24"><span class='ocrx_word' id='word_1_372' title='bbox 182 4351 267 4418; x_wconf 90' lang='lat' dir='ltr'><em>dicte</em></span> <span class='ocrx_word' id='word_1_373' title='bbox 291 4353 403 4418; x_wconf 91' lang='lat' dir='ltr'><em>comiti</em></span> <span class='ocrx_word' id='word_1_374' title='bbox 425 4353 466 4420; x_wconf 92' lang='lat' dir='ltr'><em>de</em></span> <span class='ocrx_word' id='word_1_375' title='bbox 489 4354 556 4419; x_wconf 87' lang='lat' dir='ltr'><em>Las</em></span> <span class='ocrx_word' id='word_1_376' title='bbox 579 4356 756 4440; x_wconf 87' lang='lat' dir='ltr'><em>assignate.</em></span> <span class='ocrx_word' id='word_1_377' title='bbox 802 4356 842 4418; x_wconf 92' lang='lat' dir='ltr'><em>In</em></span> <span class='ocrx_word' id='word_1_378' title='bbox 865 4355 1029 4439; x_wconf 82' lang='lat' dir='ltr'><em>winegio¹</em></span> <span class='ocrx_word' id='word_1_379' title='bbox 1051 4352 1138 4440; x_wconf 90' lang='lat' dir='ltr'><em>apud</em></span> <span class='ocrx_word' id='word_1_380' title='bbox 1162 4352 1312 4417; x_wconf 82' lang='lat' dir='ltr'><em>Gerulith</em></span> <span class='ocrx_word' id='word_1_381' title='bbox 1335 4350 1471 4416; x_wconf 87' lang='lat' dir='ltr'><em>habebit</em></span> <span class='ocrx_word' id='word_1_382' title='bbox 1494 4350 1644 4415; x_wconf 88' lang='lat' dir='ltr'><em>dominus</em></span> <span class='ocrx_word' id='word_1_383' title='bbox 1667 4350 1722 4415; x_wconf 89' lang='lat' dir='ltr'><em>W.</em></span> <span class='ocrx_word' id='word_1_384' title='bbox 1746 4355 1833 4418; x_wconf 93' lang='lat' dir='ltr'><em>omni</em></span> 
     </span>
     <span class='ocr_line' id='line_1_38' title="bbox 181 4452 1834 4541; baseline -0.001 -20"><span class='ocrx_word' id='word_1_385' title='bbox 181 4478 266 4522; x_wconf 85' lang='lat' dir='ltr'><em>anno</em></span> <span class='ocrx_word' id='word_1_386' title='bbox 288 4456 543 4541; x_wconf 90' lang='lat' dir='ltr'><em>quadringentas</em></span> <span class='ocrx_word' id='word_1_387' title='bbox 567 4458 667 4522; x_wconf 90' lang='lat' dir='ltr'><em>libras</em></span> <span class='ocrx_word' id='word_1_388' title='bbox 690 4456 908 4538; x_wconf 89' lang='lat' dir='ltr'><em>denariorum,</em></span> <span class='ocrx_word' id='word_1_389' title='bbox 932 4466 965 4522; x_wconf 88' lang='lat' dir='ltr'><em>et</em></span> <span class='ocrx_word' id='word_1_390' title='bbox 985 4457 1120 4522; x_wconf 88' lang='lat' dir='ltr'><em>habebit</em></span> <span class='ocrx_word' id='word_1_391' title='bbox 1143 4456 1209 4520; x_wconf 90' lang='lat' dir='ltr'><em>illic</em></span> <span class='ocrx_word' id='word_1_392' title='bbox 1225 4455 1374 4519; x_wconf 90' lang='lat' dir='ltr'><em>nuntium</em></span> <span class='ocrx_word' id='word_1_393' title='bbox 1392 4474 1486 4517; x_wconf 89' lang='lat' dir='ltr'><em>suum</em></span> <span class='ocrx_word' id='word_1_394' title='bbox 1501 4453 1543 4517; x_wconf 89' lang='lat' dir='ltr'><em>ad</em></span> <span class='ocrx_word' id='word_1_395' title='bbox 1566 4452 1719 4519; x_wconf 86' lang='lat' dir='ltr'><em>denarios</em></span> <span class='ocrx_word' id='word_1_396' title='bbox 1742 4457 1834 4521; x_wconf 92' lang='lat' dir='ltr'><em>colli-</em></span> 
     </span>
     <span class='ocr_line' id='line_1_39' title="bbox 182 4557 1833 4646; baseline -0.001 -21"><span class='ocrx_word' id='word_1_397' title='bbox 182 4559 315 4644; x_wconf 86' lang='lat' dir='ltr'><em>gendos,</em></span> <span class='ocrx_word' id='word_1_398' title='bbox 338 4581 507 4646; x_wconf 88' lang='lat' dir='ltr'><em>quousque</em></span> <span class='ocrx_word' id='word_1_399' title='bbox 534 4560 789 4646; x_wconf 88' lang='lat' dir='ltr'><em>quadringentas</em></span> <span class='ocrx_word' id='word_1_400' title='bbox 809 4561 909 4626; x_wconf 89' lang='lat' dir='ltr'><em>libras</em></span> <span class='ocrx_word' id='word_1_401' title='bbox 934 4561 1105 4646; x_wconf 87' lang='lat' dir='ltr'><em>receperit.</em></span> <span class='ocrx_word' id='word_1_402' title='bbox 1142 4559 1246 4624; x_wconf 89' lang='lat' dir='ltr'><em>Omne</em></span> <span class='ocrx_word' id='word_1_403' title='bbox 1271 4558 1357 4643; x_wconf 92' lang='lat' dir='ltr'><em>quod</em></span> <span class='ocrx_word' id='word_1_404' title='bbox 1380 4557 1445 4622; x_wconf 92' lang='lat' dir='ltr'><em>illis</em></span> <span class='ocrx_word' id='word_1_405' title='bbox 1470 4557 1717 4643; x_wconf 84' lang='lat' dir='ltr'><em>quadringentis</em></span> <span class='ocrx_word' id='word_1_406' title='bbox 1739 4560 1833 4624; x_wconf 91' lang='lat' dir='ltr'><em>libris</em></span> 
     </span>
     <span class='ocr_line' id='line_1_40' title="bbox 183 4659 1833 4748; baseline 0.001 -22"><span class='ocrx_word' id='word_1_407' title='bbox 183 4663 437 4748; x_wconf 84' lang='lat' dir='ltr'><em>supercreverit,</em></span> <span class='ocrx_word' id='word_1_408' title='bbox 466 4663 595 4728; x_wconf 91' lang='lat' dir='ltr'><em>comitis</em></span> <span class='ocrx_word' id='word_1_409' title='bbox 619 4662 660 4728; x_wconf 92' lang='lat' dir='ltr'><em>de</em></span> <span class='ocrx_word' id='word_1_410' title='bbox 683 4663 749 4727; x_wconf 92' lang='lat' dir='ltr'><em>Los</em></span> <span class='ocrx_word' id='word_1_411' title='bbox 774 4671 807 4728; x_wconf 91' lang='lat' dir='ltr'><em>et</em></span> <span class='ocrx_word' id='word_1_412' title='bbox 829 4662 982 4728; x_wconf 90' lang='lat' dir='ltr'><em>Ollandia</em></span> <span class='ocrx_word' id='word_1_413' title='bbox 1005 4664 1082 4738; x_wconf 89' lang='lat' dir='ltr'><em>erit;</em></span> <span class='ocrx_word' id='word_1_414' title='bbox 1115 4661 1243 4748; x_wconf 89' lang='lat' dir='ltr'><em>siquid</em></span> <span class='ocrx_word' id='word_1_415' title='bbox 1267 4667 1376 4726; x_wconf 87' lang='lat' dir='ltr'><em>autern</em></span> <span class='ocrx_word' id='word_1_416' title='bbox 1404 4659 1445 4724; x_wconf 89' lang='lat' dir='ltr'><em>ad</em></span> <span class='ocrx_word' id='word_1_417' title='bbox 1474 4660 1548 4725; x_wconf 88' lang='lat' dir='ltr'><em>illas</em></span> <span class='ocrx_word' id='word_1_418' title='bbox 1579 4661 1833 4747; x_wconf 89' lang='lat' dir='ltr'><em>quadringentas</em></span> 
     </span>
     <span class='ocr_line' id='line_1_41' title="bbox 126 4763 1834 4852; baseline -0.001 -20"><span class='ocrx_word' id='word_1_419' title='bbox 126 4801 133 4832; x_wconf 67' lang='lat' dir='ltr'><em>i</em></span> <span class='ocrx_word' id='word_1_420' title='bbox 185 4763 285 4829; x_wconf 88' lang='lat' dir='ltr'><em>libras</em></span> <span class='ocrx_word' id='word_1_421' title='bbox 308 4765 523 4852; x_wconf 86' lang='lat' dir='ltr'><em>perficiendas</em></span> <span class='ocrx_word' id='word_1_422' title='bbox 547 4764 703 4846; x_wconf 87' lang='lat' dir='ltr'><em>defuerit,</em></span> <span class='ocrx_word' id='word_1_423' title='bbox 727 4788 837 4832; x_wconf 88' lang='lat' dir='ltr'><em>comes</em></span> <span class='ocrx_word' id='word_1_424' title='bbox 861 4767 901 4832; x_wconf 91' lang='lat' dir='ltr'><em>de</em></span> <span class='ocrx_word' id='word_1_425' title='bbox 924 4768 991 4833; x_wconf 77' lang='lat' dir='ltr'><em>nos</em></span> <span class='ocrx_word' id='word_1_426' title='bbox 1020 4772 1054 4832; x_wconf 90' lang='lat' dir='ltr'><em>et</em></span> <span class='ocrx_word' id='word_1_427' title='bbox 1076 4767 1116 4831; x_wconf 93' lang='lat' dir='ltr'><em>de</em></span> <span class='ocrx_word' id='word_1_428' title='bbox 1139 4766 1276 4830; x_wconf 90' lang='lat' dir='ltr'><em>Hollant</em></span> <span class='ocrx_word' id='word_1_429' title='bbox 1298 4763 1382 4828; x_wconf 85' lang='lat' dir='ltr'><em>infra</em></span> <span class='ocrx_word' id='word_1_430' title='bbox 1404 4784 1524 4828; x_wconf 90' lang='lat' dir='ltr'><em>annum</em></span> <span class='ocrx_word' id='word_1_431' title='bbox 1546 4765 1705 4850; x_wconf 90' lang='lat' dir='ltr'><em>perficiet.</em></span> <span class='ocrx_word' id='word_1_432' title='bbox 1751 4767 1834 4831; x_wconf 85' lang='lat' dir='ltr'><em>Oum</em></span> 
     </span>
     <span class='ocr_line' id='line_1_42' title="bbox 185 4867 1833 4954; baseline 0.001 -22"><span class='ocrx_word' id='word_1_433' title='bbox 185 4869 296 4932; x_wconf 90' lang='lat' dir='ltr'><em>nuntio</em></span> <span class='ocrx_word' id='word_1_434' title='bbox 319 4867 443 4933; x_wconf 89' lang='lat' dir='ltr'><em>domini</em></span> <span class='ocrx_word' id='word_1_435' title='bbox 458 4867 513 4933; x_wconf 92' lang='lat' dir='ltr'><em>W.</em></span> <span class='ocrx_word' id='word_1_436' title='bbox 530 4891 640 4936; x_wconf 87' lang='lat' dir='ltr'><em>comes</em></span> <span class='ocrx_word' id='word_1_437' title='bbox 664 4871 704 4936; x_wconf 89' lang='lat' dir='ltr'><em>de</em></span> <span class='ocrx_word' id='word_1_438' title='bbox 727 4871 793 4936; x_wconf 89' lang='lat' dir='ltr'><em>Los</em></span> <span class='ocrx_word' id='word_1_439' title='bbox 817 4872 1001 4936; x_wconf 89' lang='lat' dir='ltr'><em>ministrum</em></span> <span class='ocrx_word' id='word_1_440' title='bbox 1017 4892 1110 4936; x_wconf 89' lang='lat' dir='ltr'><em>suum</em></span> <span class='ocrx_word' id='word_1_441' title='bbox 1127 4871 1262 4935; x_wconf 88' lang='lat' dir='ltr'><em>habebit</em></span> <span class='ocrx_word' id='word_1_442' title='bbox 1278 4868 1319 4934; x_wconf 90' lang='lat' dir='ltr'><em>ad</em></span> <span class='ocrx_word' id='word_1_443' title='bbox 1335 4867 1586 4954; x_wconf 89' lang='lat' dir='ltr'><em>computandum</em></span> <span class='ocrx_word' id='word_1_444' title='bbox 1610 4875 1644 4934; x_wconf 88' lang='lat' dir='ltr'><em>et</em></span> <span class='ocrx_word' id='word_1_445' title='bbox 1666 4869 1833 4935; x_wconf 87' lang='lat' dir='ltr'><em>sciendum</em></span> 
     </span>
     <span class='ocr_line' id='line_1_43' title="bbox 183 4971 1834 5062; baseline 0.001 -26"><span class='ocrx_word' id='word_1_446' title='bbox 183 4971 389 5037; x_wconf 86' lang='lat' dir='ltr'><em>denariorum</em></span> <span class='ocrx_word' id='word_1_447' title='bbox 421 4973 644 5056; x_wconf 88' lang='lat' dir='ltr'><em>receptionem</em></span> <span class='ocrx_word' id='word_1_448' title='bbox 684 4975 718 5038; x_wconf 91' lang='lat' dir='ltr'><em>in</em></span> <span class='ocrx_word' id='word_1_449' title='bbox 748 4974 896 5062; x_wconf 89' lang='lat' dir='ltr'><em>predicto</em></span> <span class='ocrx_word' id='word_1_450' title='bbox 933 4975 1083 5061; x_wconf 83' lang='lat' dir='ltr'><em>winegio.</em></span> <span class='ocrx_word' id='word_1_451' title='bbox 1144 4974 1223 5039; x_wconf 87' lang='lat' dir='ltr'><em>Illas</em></span> <span class='ocrx_word' id='word_1_452' title='bbox 1260 4971 1516 5059; x_wconf 88' lang='lat' dir='ltr'><em>quadringentas</em></span> <span class='ocrx_word' id='word_1_453' title='bbox 1555 4971 1656 5036; x_wconf 89' lang='lat' dir='ltr'><em>libras</em></span> <span class='ocrx_word' id='word_1_454' title='bbox 1688 4974 1834 5058; x_wconf 89' lang='lat' dir='ltr'><em>guinagii</em></span> 
     </span>
     <span class='ocr_line' id='line_1_44' title="bbox 183 5072 1833 5165; baseline 0.001 -25"><span class='ocrx_word' id='word_1_455' title='bbox 183 5074 333 5141; x_wconf 87' lang='lat' dir='ltr'><em>domiuus</em></span> <span class='ocrx_word' id='word_1_456' title='bbox 356 5073 411 5141; x_wconf 94' lang='lat' dir='ltr'><em>W.</em></span> <span class='ocrx_word' id='word_1_457' title='bbox 433 5076 560 5141; x_wconf 88' lang='lat' dir='ltr'><em>tenebit</em></span> <span class='ocrx_word' id='word_1_458' title='bbox 582 5077 624 5141; x_wconf 88' lang='lat' dir='ltr'><em>ab</em></span> <span class='ocrx_word' id='word_1_459' title='bbox 647 5077 844 5164; x_wconf 86' lang='lat' dir='ltr'><em>imperatore</em></span> <span class='ocrx_word' id='word_1_460' title='bbox 869 5101 927 5144; x_wconf 90' lang='lat' dir='ltr'><em>seu</em></span> <span class='ocrx_word' id='word_1_461' title='bbox 951 5101 1029 5165; x_wconf 86' lang='lat' dir='ltr'><em>rege</em></span> <span class='ocrx_word' id='word_1_462' title='bbox 1052 5079 1289 5157; x_wconf 86' lang='lat' dir='ltr'><em>Romanorum,</em></span> <span class='ocrx_word' id='word_1_463' title='bbox 1322 5076 1407 5140; x_wconf 89' lang='lat' dir='ltr'><em>sicut</em></span> <span class='ocrx_word' id='word_1_464' title='bbox 1440 5094 1550 5138; x_wconf 89' lang='lat' dir='ltr'><em>comes</em></span> <span class='ocrx_word' id='word_1_465' title='bbox 1584 5072 1625 5139; x_wconf 88' lang='lat' dir='ltr'><em>ds</em></span> <span class='ocrx_word' id='word_1_466' title='bbox 1652 5073 1718 5138; x_wconf 89' lang='lat' dir='ltr'><em>Los</em></span> <span class='ocrx_word' id='word_1_467' title='bbox 1741 5080 1833 5141; x_wconf 89' lang='lat' dir='ltr'><em>tenet</em></span> 
     </span>
     <span class='ocr_line' id='line_1_45' title="bbox 183 5175 1834 5267; baseline 0 -24"><span class='ocrx_word' id='word_1_468' title='bbox 183 5180 223 5244; x_wconf 89' lang='lat' dir='ltr'><em>ab</em></span> <span class='ocrx_word' id='word_1_469' title='bbox 246 5177 363 5244; x_wconf 87' lang='lat' dir='ltr'><em>eodem</em></span> <span class='ocrx_word' id='word_1_470' title='bbox 386 5198 463 5262; x_wconf 89' lang='lat' dir='ltr'><em>rege</em></span> <span class='ocrx_word' id='word_1_471' title='bbox 487 5179 664 5245; x_wconf 90' lang='lat' dir='ltr'><em>residuum.</em></span> <span class='ocrx_word' id='word_1_472' title='bbox 699 5181 751 5246; x_wconf 82' lang='lat' dir='ltr'><em>Ad</em></span> <span class='ocrx_word' id='word_1_473' title='bbox 775 5183 951 5267; x_wconf 76' lang='lat' dir='ltr'><em>minagium</em></span> <span class='ocrx_word' id='word_1_474' title='bbox 974 5182 1014 5247; x_wconf 88' lang='lat' dir='ltr'><em>dc</em></span> <span class='ocrx_word' id='word_1_475' title='bbox 1032 5181 1226 5247; x_wconf 85' lang='lat' dir='ltr'><em>Gherulieth</em></span> <span class='ocrx_word' id='word_1_476' title='bbox 1250 5180 1398 5244; x_wconf 88' lang='lat' dir='ltr'><em>homines</em></span> <span class='ocrx_word' id='word_1_477' title='bbox 1421 5177 1544 5241; x_wconf 90' lang='lat' dir='ltr'><em>domini</em></span> <span class='ocrx_word' id='word_1_478' title='bbox 1559 5175 1614 5240; x_wconf 96' lang='lat' dir='ltr'><em>W.</em></span> <span class='ocrx_word' id='word_1_479' title='bbox 1630 5177 1729 5242; x_wconf 90' lang='lat' dir='ltr'><em>nichil</em></span> <span class='ocrx_word' id='word_1_480' title='bbox 1744 5179 1834 5243; x_wconf 90' lang='lat' dir='ltr'><em>aliud</em></span> 
     </span>
    </p>
   </div>
   <div class='ocr_carea' id='block_1_6' title="bbox 295 5435 697 5510">
    <p class='ocr_par' dir='ltr' id='par_1_7' title="bbox 295 5435 697 5510">
     <span class='ocr_line' id='line_1_46' title="bbox 295 5435 697 5510; baseline 0.007 -21"><span class='ocrx_word' id='word_1_481' title='bbox 295 5437 317 5502; x_wconf 84' lang='lat'><em>⁸)</em></span> <span class='ocrx_word' id='word_1_482' title='bbox 335 5447 403 5490; x_wconf 85' lang='lat' dir='ltr'><em>essct</em></span> <span class='ocrx_word' id='word_1_483' title='bbox 421 5435 457 5491; x_wconf 88' lang='lat' dir='ltr'><em>B.</em></span> <span class='ocrx_word' id='word_1_484' title='bbox 539 5435 564 5505; x_wconf 79' lang='lat' dir='ltr'><em>¹’l</em></span> <span class='ocrx_word' id='word_1_485' title='bbox 582 5442 646 5510; x_wconf 69' lang='lat' dir='ltr'><em>ling</em></span> <span class='ocrx_word' id='word_1_486' title='bbox 664 5441 697 5492; x_wconf 82' lang='lat' dir='ltr'><em>n.</em></span> 
     </span>
    </p>
   </div>
   <div class='ocr_carea' id='block_1_7' title="bbox 181 5573 1835 5728">
    <p class='ocr_par' dir='ltr' id='par_1_8' title="bbox 181 5573 1835 5728">
     <span class='ocr_line' id='line_1_47' title="bbox 286 5573 1835 5649; baseline 0.001 -22"><span class='ocrx_word' id='word_1_487' title='bbox 286 5574 312 5640; x_wconf 68' lang='lat'><em>1)</em></span> <span class='ocrx_word' id='word_1_488' title='bbox 330 5573 479 5642; x_wconf 72' lang='lat' dir='ltr'><em>minagium</em></span> <span class='ocrx_word' id='word_1_489' title='bbox 501 5575 542 5630; x_wconf 83' lang='lat' dir='ltr'><em>vel</em></span> <span class='ocrx_word' id='word_1_490' title='bbox 563 5576 728 5646; x_wconf 71' lang='lat' dir='ltr'><em>eutropium</em></span> <span class='ocrx_word' id='word_1_491' title='bbox 755 5579 798 5632; x_wconf 83' lang='lat' dir='ltr'><em>oet</em></span> <span class='ocrx_word' id='word_1_492' title='bbox 824 5579 994 5649; x_wconf 77' lang='lat' dir='ltr'><em>poimopium</em></span> <span class='ocrx_word' id='word_1_493' title='bbox 1022 5581 1060 5633; x_wconf 85' lang='lat' dir='ltr'><em>cst</em></span> <span class='ocrx_word' id='word_1_494' title='bbox 1087 5577 1201 5646; x_wconf 69' lang='lat' dir='ltr'><em>uectigal</em></span> <span class='ocrx_word' id='word_1_495' title='bbox 1224 5590 1280 5646; x_wconf 84' lang='lat' dir='ltr'><em>pro</em></span> <span class='ocrx_word' id='word_1_496' title='bbox 1307 5588 1402 5630; x_wconf 83' lang='lat' dir='ltr'><em>securo</em></span> <span class='ocrx_word' id='word_1_497' title='bbox 1428 5574 1550 5628; x_wconf 77' lang='lat' dir='ltr'><em>transitu</em></span> <span class='ocrx_word' id='word_1_498' title='bbox 1577 5573 1620 5626; x_wconf 83' lang='lat' dir='ltr'><em>cel</em></span> <span class='ocrx_word' id='word_1_499' title='bbox 1642 5573 1835 5642; x_wconf 74' lang='lat' dir='ltr'><em>asportatione</em></span> 
     </span>
     <span class='ocr_line' id='line_1_48' title="bbox 181 5659 518 5728; baseline -0.003 -15"><span class='ocrx_word' id='word_1_500' title='bbox 181 5660 316 5713; x_wconf 72' lang='lat' dir='ltr'><em>maium.</em></span> <span class='ocrx_word' id='word_1_501' title='bbox 351 5659 402 5714; x_wconf 87' lang='lat' dir='ltr'><em>Du</em></span> <span class='ocrx_word' id='word_1_502' title='bbox 420 5659 518 5728; x_wconf 75' lang='lat' dir='ltr'><em>Canos.</em></span> 
     </span>
    </p>
   </div>
   <div class='ocr_carea' id='block_1_8' title="bbox 304 5751 1626 5817">
    <p class='ocr_par' dir='ltr' id='par_1_9' title="bbox 304 5751 1626 5817">
     <span class='ocr_line' id='line_1_49' title="bbox 304 5751 1626 5817; baseline 0.014 -3"><span class='ocrx_word' id='word_1_503' title='bbox 304 5766 365 5815; x_wconf 71' lang='lat' dir='ltr'><em>uss.</em></span> <span class='ocrx_word' id='word_1_504' title='bbox 383 5767 461 5816; x_wconf 70' lang='lat' dir='ltr'><em>ron.</em></span> <span class='ocrx_word' id='word_1_505' title='bbox 480 5767 499 5817; x_wconf 92' lang='lat'><em>1.</em></span> <span class='ocrx_word' id='word_1_506' title='bbox 1608 5751 1626 5804; x_wconf 82' lang='lat'><strong>3</strong></span> 
     </span>
    </p>
   </div>
   <div class='ocr_carea' id='block_1_9' title="bbox 0 0 2274 6421">
    <p class='ocr_par' dir='ltr' id='par_1_10' title="bbox 0 0 2274 6421">
     <span class='ocr_line' id='line_1_50' title="bbox 0 0 2274 6421; baseline 0 0"><span class='ocrx_word' id='word_1_507' title='bbox 0 0 2274 6421; x_wconf 95' lang='lat' dir='ltr'><em> </em></span> 
     </span>
    </p>
   </div>
  </div>
 </body>
</html>
