4358 6436
711 433 910 488 EPISTOLAE
927 434 1116 490 SELECTAE.
1154 435 1228 489 1218.
1756 441 1796 500 55

149 607 277 685 securlus
307 606 418 682 mittit,
449 625 556 686 cosque
587 605 745 685 hortatur,
779 611 815 670 ut
847 607 1039 672 uttcudoutcs
1066 608 1235 672 discrimen
1266 609 1302 672 iu
1332 629 1392 690 quo
1416 611 1542 688 positus
1575 610 1617 674 sit
1649 612 1802 675 coercitus

152 708 367 786 Christianus,
408 710 474 773 nisi
506 729 685 774 succursum
718 709 862 775 habuerit
891 709 1091 791 festinatum,
1130 730 1238 774 corsus
1269 709 1455 775 Douriotcm
1487 713 1630 796 diripout
1662 715 1802 778 celeriter

151 813 204 875 itcr
224 832 325 878 sauna
1331 817 1424 893 1218,
1448 815 1531 880 circo
1553 817 1636 900 Aup.
1659 822 1711 881 13.

247 932 322 986 Hora
341 932 400 986 111
414 933 484 1005 Rip.
508 932 563 986 Vol.
582 931 626 1000 II,
646 936 678 1000 9,·
705 931 767 988 Lib.
786 931 848 998 III,
868 935 913 988 38.
962 931 1067 987 Perluii
1089 932 1229 1004 eucruplur
1255 932 1442 1005 supplevimus
1466 951 1499 988 ca
1521 934 1612 1006 Rapa
1636 935 1708 990 Anu.
1735 935 1797 992 cccl.

150 1036 172 1074 a.
189 1022 266 1086 urs,
284 1021 301 1084 c
320 1023 400 1073 r-o.

243 1104 381 1170 Potlhoat,
401 1105 474 1177 ch.
493 1108 575 1161 5892.

150 1283 502 1376 ..archiepiscopo
529 1285 835 1378 Burdegalensi1,
871 1292 908 1360 et
933 1342 943 1360 .
972 1342 982 1362 .
1010 1282 1233 1361 Parisieusi²
1263 1293 1299 1362 et
1328 1345 1336 1360 .
1366 1345 1373 1361 .
1402 1284 1687 1382 Andagavensi³
1720 1289 1795 1382 epi·

148 1405 284 1496 scopiS,
313 1411 350 1479 et
377 1406 510 1480 dilecto
537 1406 613 1480 filio
639 1407 837 1498 R[oberto]
873 1407 969 1481 tituli
996 1408 1121 1481 Sancti
1149 1408 1327 1499 Stephani
1364 1409 1401 1482 in
1430 1409 1661 1484 Celiomonte
1693 1431 1795 1502 pres·

148 1525 273 1616 bytaro
304 1526 494 1616 cardinali,
523 1548 565 1600 ac
591 1526 779 1599 nobilibus
806 1527 895 1599 viris
924 1584 932 1600 .
958 1583 965 1598 .
993 1523 1234 1602 Nivernensi⁴
1256 1534 1292 1601 et
1320 1585 1328 1600 .
1360 1527 1577 1603 .Marchie⁵
1599 1529 1797 1604 comitibus

296 1667 339 1718 ac
367 1645 543 1719 universo
571 1646 913 1738 crucesignatorum
941 1648 1118 1720 exercitui
1145 1650 1245 1740 apud
1273 1649 1430 1723 ianuam
1460 1649 1642 1722 existenti.

248 1794 392 1858 Litteras
426 1794 570 1858 fidelium
598 1795 810 1858 existentium
837 1794 871 1856 in
901 1793 1050 1879 partibus
1074 1796 1298 1860 transmarinis
1331 1797 1514 1882 recepimus
1538 1798 1571 1860 in
1593 1798 1654 1863 heo
1678 1798 1794 1864 verba:

248 1897 462 1961 Sanctissimo
485 1898 569 1982 patri
592 1904 626 1961 et
648 1897 778 1961 domino
801 1896 948 1960 Honorio
972 1895 1037 1961 Dei
1052 1898 1158 1983 gratia
1179 1920 1303 1963 summo
1319 1901 1464 1986 pontifici
1488 1899 1676 1989 Rladulfus]
1694 1903 1793 1988 patri-

145 2000 249 2080 archa,
273 1996 464 2087 I[obanues]
490 2021 551 2063 rex
567 1999 861 2078 lerosolimitanus,
885 1995 1106 2086 E[ustorgius]
1123 2000 1359 2085 Nychosiensis
1387 2001 1794 2090 archiepiscopus,1[aco-

144 2101 214 2190 bus]
238 2102 451 2182 Acconensis,
470 2099 680 2189 Rlaynerius]
695 2102 956 2167 Beetlemitanus
978 2103 1133 2188 episcopi,
1155 2101 1349 2191 L[upoldus]
1367 2105 1434 2168 dux
1456 2106 1600 2186 Austrie,
1625 2105 1792 2194 Glarinusl

144 2207 323 2294 Hospitalis
341 2208 445 2271 sancti
458 2207 614 2271 Iohannis
630 2207 893 2286 Icrosolimitani,
906 2205 1132 2294 W[ilbelmus]
1154 2209 1269 2272 militie
1286 2209 1425 2295 Templi,
1445 2211 1655 2275 Hermannus
1671 2212 1794 2298 Hospi-

143 2312 213 2374 talis
236 2311 489 2375 'teutonicorum
512 2311 670 2395 magistri,
694 2317 728 2375 et
750 2311 894 2375 universi
910 2310 1051 2374 barones
1067 2316 1221 2396 totusque
1238 2313 1343 2376 clerus
1367 2320 1400 2377 et
1415 2315 1556 2400 populus
1573 2315 1606 2378 in
1622 2315 1792 2382 obsidione

142 2413 290 2478 Damiate
313 2435 372 2500 pro
403 2415 536 2478 servitio
558 2413 635 2478 Iesu
660 2413 781 2478 Christi
810 2421 843 2478 et
871 2413 973 2478 'Perre
998 2413 1117 2478 Sancte
1148 2423 1396 2498 commorantes,
1421 2417 1454 2480 iu
1476 2416 1617 2482 Domino
1642 2420 1790 2485 salutem.

142 2516 340 2581 Benedictus
362 2516 454 2582 Deus
481 2525 575 2604 pater
608 2516 904 2582 misericordiarum
936 2524 969 2580 et
1001 2517 1092 2582 Deus
1123 2520 1223 2582 totius
1261 2520 1508 2598 consolationis,
1546 2521 1600 2605 qui
1634 2525 1790 2608 populum
1814 2543 1923 2596 sipon.

143 2617 363 2684 Christianum
386 2641 444 2706 pro
468 2620 677 2684 restitutione
701 2620 802 2684 Terre
827 2618 946 2683 Sancte
962 2619 1019 2683 diu
1034 2619 1204 2704 fatigatum
1223 2629 1257 2685 et
1273 2623 1417 2707 peccatis
1439 2623 1561 2687 nostris
1583 2626 1791 2709 exigentibus

143 2743 204 2785 uon
226 2722 416 2802 admissum,
439 2722 704 2802 misericorditer,
726 2728 763 2785 ut
785 2721 959 2800 credimus,
982 2744 1067 2786 nunc
1090 2725 1238 2808 respexit
1261 2733 1294 2788 et
1317 2724 1532 2790 saluberrimo
1556 2729 1693 2793 consilio
1721 2730 1793 2793 illu·

142 2825 264 2889 stravit.
311 2824 479 2910 Siquidem
506 2847 578 2891 cum
609 2826 641 2889 in
667 2825 803 2889 Terram
827 2823 979 2888 Sanctam
1009 2831 1143 2911 propter
1170 2828 1288 2891 multas
1318 2833 1351 2891 et
1382 2829 1541 2894 maximas
1573 2829 1792 2908 difficultates,

141 2935 232 3012 prout
248 2928 430 3015 expediret,
454 2930 610 2994 hactenus
634 2949 699 2992 uon
721 2928 864 3013 potuerit
887 2928 1069 3012 prolicerea
1082 2930 1222 3014 populus
1245 2929 1462 3011 Christianus,
1487 2931 1529 2996 ad
1550 2932 1638 2997 illius
1660 2932 1792 2997 tandem

141 3033 266 3095 consilii
289 3033 479 3117 suffragium
502 3033 654 3096 duximus
678 3031 920 3111 recurrendum,
944 3031 1031 3115 quod
1049 3032 1236 3097 iamdudum
1253 3035 1421 3120 provisum
1444 3036 1505 3099 luit
1525 3043 1558 3100 et
1581 3037 1793 3122 divulgatum,

141 3141 173 3198 et
194 3134 227 3198 in
252 3143 365 3200 sancto
387 3136 603 3201 Lateranensi
632 3136 769 3200 concilio
799 3135 948 3199 novimus
977 3136 1076 3200 etiam
1107 3136 1339 3222 approbatum,
1370 3139 1523 3205 videlicet
1552 3148 1588 3205 ut
1616 3140 1793 3228 Egyptum,

76 3253 85 3286 ²
143 3244 259 3301 terram
284 3239 410 3303 scilicet
426 3240 575 3304 omnibus
590 3238 683 3302 bonis
700 3240 865 3317 fluentem,
889 3259 952 3322 quc
968 3239 1054 3302 vires
1076 3240 1236 3303 maximas
1253 3242 1372 3305 nostris
1390 3242 1540 3306 hostibus
1557 3243 1792 3322 subministrat,

141 3341 317 3405 niteremur
338 3341 501 3422 obtinere,
531 3343 683 3426 quatinus
712 3343 857 3406 extincto
881 3341 969 3405 fonto
993 3341 1177 3406 divitiarum
1200 3342 1365 3407 hostilium
1389 3345 1534 3409 universi
1558 3347 1681 3431 pariter
1696 3348 1792 3411 rivuli

142 3443 362 3524 exsiccentur,
386 3451 419 3509 et
447 3451 521 3531 post
543 3453 664 3508 tantam
688 3443 852 3508 hostiumb
870 3451 1052 3508 nostrorum
1076 3445 1285 3511 afflictionem
1309 3455 1341 3510 ct
1363 3449 1602 3513 mutilationem
1625 3455 1792 3514 terrenum

142 3545 260 3611 Christi
284 3549 504 3612 sanctuarium
527 3549 631 3634 possit
653 3547 693 3611 ab
717 3547 903 3611 infidelibus
927 3546 1188 3612 detentatoribus
1211 3549 1353 3615 liberari.
1393 3550 1628 3636 Experimento
1651 3573 1791 3637 namque

141 3650 337 3734 passionum,
360 3671 441 3735 quas
463 3651 518 3715 diu
540 3651 759 3730 toleravimus,
783 3649 955 3714 didicimus
979 3656 1013 3714 et
1035 3672 1093 3736 pro
1117 3663 1207 3716 certo
1229 3660 1392 3731 tenemus,
1428 3653 1512 3736 quod
1540 3654 1693 3738 quamdiu
1727 3655 1791 3720 duo

76 3773 84 3792 ⁰
142 3753 368 3838 potentissima
379 3775 481 3838 regna
492 3763 526 3818 et
540 3754 798 3840 opulentissima,
812 3752 1054 3818 Damascenum
1071 3761 1104 3818 et
1118 3753 1307 3840 Egyptium,
1327 3755 1388 3818 sub
1405 3777 1444 3819 eo
1461 3755 1603 3821 dominio
1625 3758 1791 3839 unientur,
1840 3755 1841 3758 ’

142 3864 251 3920 contra
272 3859 422 3922 inimicos
452 3858 575 3922 Christi
602 3880 667 3921 non
690 3858 869 3944 poterimus
892 3859 1073 3943 prevalere,
1105 3880 1178 3922 cum
1205 3879 1224 3922 e
1256 3860 1418 3923 contrario
1451 3861 1625 3944 contigerit
1651 3861 1684 3925 in
1706 3868 1790 3926 tcm-

140 3958 271 4044 poribus
290 3960 471 4039 retroactis,
495 3959 582 4045 quod
605 3960 757 4044 quamdiu
777 3959 892 4024 eadem
915 3982 1016 4044 regua
1032 3961 1164 4024 fuerunt
1181 3961 1221 4024 ab
1238 3962 1378 4025 invicem
1395 3961 1499 4026 divisa
1517 3969 1550 4026 et
1569 3963 1629 4027 sub
1652 3963 1790 4028 diversis

140 4060 278 4126 dominis
301 4064 488 4144 constituta,
504 4063 639 4127 'l'erram
656 4063 810 4152 Sanctam
832 4085 898 4127 non
921 4065 1087 4149 potuerint
1103 4064 1216 4129 hostes
1239 4064 1397 4130 obtinere.
1435 4065 1507 4129 Hoc
1524 4065 1634 4151 itaquo
1653 4053 1791 4151 pensato

140 4165 290 4246 consilio,
318 4164 381 4229 hiis
411 4187 539 4250 quoque
567 4167 819 4231 necessitatibus
843 4167 977 4248 inducti,
1006 4174 1204 4253 congregato
1228 4169 1375 4232 exercitu
1399 4191 1440 4232 ex
1463 4169 1562 4233 variis
1588 4169 1787 4251 nationibus,

141 4277 295 4352 quantum
318 4269 499 4354 potuimus,
533 4271 700 4356 navigium
729 4271 762 4334 iu
789 4272 917 4356 magnis
949 4273 1104 4356 expensis
1135 4273 1320 4336 curavimus
1344 4272 1501 4351 ordinari,
1530 4271 1571 4336 de
1594 4272 1791 4337 confidentia

140 4368 212 4450 Dei,
236 4371 289 4435 cui
311 4392 377 4435 uon
400 4380 452 4436 est
474 4373 659 4438 differentia
682 4395 836 4459 superare
859 4375 912 4439 vcl
939 4376 973 4439 iu
996 4373 1128 4438 milibus
1155 4375 1208 4438 vel
1231 4375 1264 4438 in
1287 4375 1410 4461 paucis,
1433 4396 1471 4438 ac
1494 4373 1534 4440 de
1558 4381 1669 4440 vestra
1690 4378 1791 4442 celeri

140 4473 353 4540 subventione
380 4483 565 4561 sperantes,
599 4476 679 4548 illud
707 4478 938 4542 attentavimus
968 4478 1157 4563 negocium,
1192 4477 1270 4541 licat
1298 4478 1396 4543 rebus
1429 4485 1463 4543 et
1489 4478 1614 4544 viribus
1646 4480 1789 4566 impares

139 4576 325 4643 infidelibus
351 4578 505 4660 inimicis,
541 4578 626 4663 quod
654 4600 714 4643 nec
740 4601 760 4643 a
789 4580 924 4666 regibus
956 4581 1009 4646 vel
1039 4580 1080 4644 ab
1113 4580 1365 4666 imperatoribus
1397 4582 1547 4647 novimus
1584 4589 1788 4650 attentatum.

141 4679 367 4766 Significamus
390 4682 490 4767 igitur
516 4682 627 4764 vobis,
663 4682 749 4767 quod
784 4684 880 4769 primi
912 4684 1103 4769 navigantes
1135 4684 1175 4749 de
1206 4685 1353 4749 exercitu
1377 4683 1564 4750 Christiano
1587 4687 1685 4751 tertia
1706 4687 1789 4753 laria

84 4807 88 4834 ι
139 4785 287 4869 proxima
312 4791 388 4850 ante
415 4787 653 4871 pentecosten⁸
679 4787 907 4872 applicuerunt
938 4787 1047 4872 portui
1077 4787 1247 4866 Damiate,
1275 4789 1307 4851 in
1337 4809 1400 4872 quo
1431 4808 1568 4853 accessu
1602 4789 1788 4854 misericors

137 4885 297 4952 Dominus
331 4888 496 4952 mirabiles
529 4889 690 4973 primitias
725 4891 830 4974 gratie
863 4912 921 4955 sue
956 4890 1051 4954 uobis
1080 4891 1241 4977 impendit
1269 4897 1303 4956 et
1337 4891 1481 4955 futurum
1514 4891 1729 4956 favorabilem
1752 4913 1787 4957 se

138 4989 296 5064 ostendit;
320 5013 395 5055 nam
419 5000 531 5056 contra
554 5014 644 5078 spem
668 4994 823 5075 omnium,
845 4995 934 5058 nullo
951 4993 1131 5058 infidelium
1148 4996 1332 5074 resistente,
1354 4996 1432 5059 licet
1453 4995 1555 5057 multa
1571 4993 1662 5058 milia
1677 5002 1788 5060 essent

136 5093 324 5159 incivitate
349 5103 382 5159 et
405 5103 508 5174 extra,
532 5096 629 5182 pauci
652 5096 892 5163 descenderunt
914 5098 954 5164 de
978 5098 1119 5163 navibus
1144 5098 1186 5163 ad
1208 5105 1346 5178 terram,
1370 5102 1501 5162 etanta
1524 5095 1684 5181 prefatam
1707 5097 1786 5161 eivi-

137 5203 237 5262 tatem
265 5197 369 5262 libere
400 5205 506 5263 castra
530 5206 719 5285 posuerunt.
773 5199 824 5264 Eo
853 5200 983 5284 quidem
1009 5207 1174 5288 tempore,
1206 5221 1269 5286 quo
1296 5201 1417 5264 latores
1447 5198 1648 5284 presentium
1676 5199 1787 5263 nuncii

72 5317 92 5354 a
137 5301 240 5366 nostri
262 5307 471 5366 recesserunt
493 5302 633 5382 anobis,
657 5309 761 5367 status
780 5302 960 5368 obsidionis
981 5305 1058 5369 talis
1082 5311 1161 5369 erat.
1197 5302 1364 5389 Siquidem
1385 5323 1596 5368 erexeramus
1619 5302 1786 5366 machinas

137 5411 264 5470 naahas
287 5402 329 5468 ad
352 5403 604 5490 expugnandam
620 5405 736 5470 turrim
755 5405 914 5492 quandam
934 5407 1031 5472 sitam
1054 5408 1139 5472 intra
1161 5408 1305 5488 fluvium,
1328 5405 1499 5471 brachium
1514 5403 1591 5490 Nyli
1607 5405 1743 5485 scilicet,
1766 5425 1786 5467 a

237 5627 261 5694 ⁸)
280 5629 407 5696 proficisci
424 5629 528 5680 coamcil
545 5627 629 5680 Perta.
711 5625 734 5694 b)
752 5630 883 5683 hostilium
902 5627 937 5683 R.

236 5730 264 5800 1)
288 5727 438 5784 Wilhclmo.
474 5785 476 5790 χ
505 5727 533 5798 2)
552 5727 645 5782 Pclro.
716 5729 745 5798 3)
769 5729 918 5786 Withclmo.
988 5731 1016 5800 4)
1037 5732 1152 5786 Hcroco.
1222 5731 1250 5797 5)
1270 5731 1393 5802 Huponi.
1462 5731 1490 5801 6)
1509 5729 1579 5786 Mai.
1597 5733 1642 5784 29.
