4576 6390
1010 393 1058 458 EX
1076 402 1251 459 GREGORII
1269 401 1308 456 IX
1325 400 1506 456 REGIS'I‘RO

637 650 781 724 Cause
809 650 1124 744 appellationis
1153 706 1162 724 .
1191 706 1200 725 .
1229 648 1560 742 archiepiscopi
1587 645 1883 720 Coloniensis.

539 801 615 866 Una
642 820 741 865 causa
767 806 833 880 est,
865 800 942 884 quia
965 798 1072 865 eidem
1095 799 1343 885 archiepiscopo
1366 798 1542 862 noluerunt
1564 796 1724 863 exhibere
1747 793 1976 859 authenticum
1998 790 2089 854 litte-

432 926 556 986 rarum,
585 910 623 968 ut
646 904 776 969 collatio
806 903 903 968 fieret
924 923 999 967 cum
1021 903 1218 987 transcripto
1247 908 1281 966 et
1309 901 1515 966 manifestius
1543 901 1697 986 iniquitas
1720 902 1909 985 appareret,
1941 915 2005 960 uec
2030 914 2090 958 ex-

432 1009 574 1096 primere
607 1007 751 1093 capitula
774 1026 873 1092 super
901 1004 1020 1091 quibus
1050 1005 1159 1096 fuerat
1185 1005 1429 1090 inquirendum,
1460 1025 1524 1090 que
1551 1004 1585 1069 in
1608 1024 1745 1090 genere,
1775 1002 1898 1066 nonin
1920 998 2034 1086 specie
2057 997 2091 1059 in

432 1111 621 1198 apostolicis
643 1110 768 1175 litteris
783 1109 913 1174 fuerant
936 1114 1013 1172 tuno
1035 1109 1168 1174 inserta.
1213 1108 1291 1173 Alia
1308 1113 1370 1188 est,
1393 1108 1469 1192 quia
1485 1114 1599 1173 contra
1614 1108 1803 1194 episcopum
1818 1101 2090 1169 Lausanensem¹

432 1216 495 1281 fuit
517 1212 812 1280 excommunicatio
838 1212 998 1298 opposita,
1021 1211 1177 1278 videlicet
1197 1212 1330 1276 canonis
1346 1232 1444 1297 quam
1465 1211 1611 1292 incurrit,
1634 1219 1710 1275 ante
1733 1215 1768 1275 et
1789 1213 1963 1294 postquam
1985 1225 2093 1291 nuper

433 1317 531 1383 rediit
553 1339 573 1382 a
595 1315 716 1396 curia²,
743 1320 879 1401 propter
907 1314 1120 1379 iniectionem
1148 1335 1303 1378 manuum
1326 1315 1360 1377 in
1383 1314 1521 1379 clericos
1545 1314 1731 1378 violentam.
1775 1311 1853 1376 Alia
1875 1316 1926 1376 cst
1950 1307 2091 1393 suspici-

433 1420 506 1486 onis
538 1442 655 1501 causa,
686 1419 762 1504 quia
790 1416 919 1482 induxit
947 1417 1072 1482 adfines
1107 1423 1141 1482 et
1164 1421 1321 1500 cognatos
1349 1416 1570 1482 interfectoris
1599 1416 1838 1503 archiepiscopi
1859 1411 2092 1490 Eukelberti³‚

434 1524 475 1590 de
499 1545 562 1608 quo
585 1523 665 1589 feeit
686 1521 863 1587 vindictam
886 1522 950 1585 iste
973 1520 1251 1606 archiepiscopus,
1276 1518 1318 1583 ad
1339 1513 1604 1605 persequendum
1627 1521 1734 1605 ipsum
1749 1519 2034 1605 archiepiscopum
2058 1518 2093 1578 at

435 1625 666 1692 offendendum
690 1624 841 1690 eundem.
885 1623 962 1687 Alia
977 1631 1038 1702 est,
1061 1624 1137 1707 quie
1152 1623 1285 1708 scripsit
1301 1622 1496 1709 quibusdam
1511 1623 1707 1688 adversariis
1724 1623 1863 1688 ecclesia
1880 1618 2090 1686 Coloniensis

436 1736 470 1795 et
492 1729 606 1794 amicis
630 1727 861 1808 interfectoris,
884 1725 970 1812 quod
994 1727 1100 1792 securi
1125 1731 1237 1791 essent
1260 1724 1300 1790 da
1324 1727 1506 1790 remotione
1531 1726 1782 1813 archiepiscopi.
1828 1723 2007 1790 Contra..
2032 1720 2091 1785 de-

436 1854 553 1898 canum
575 1830 796 1897 Leodiensem
819 1830 1005 1917 oppositum
1026 1830 1097 1910 fuit,
1121 1828 1208 1915 quod
1231 1835 1365 1915 propter
1387 1829 1645 1895 inobedientiam
1669 1836 1703 1894 et
1726 1829 1854 1910 scisma,
1877 1826 1965 1912 quod
1988 1824 2093 1890 movit

436 1935 469 1998 in
493 1935 634 2000 ecclesia
661 1956 736 2015 sua,
767 1940 799 2000 at
826 1939 960 2020 propter
986 1934 1068 1997 alios
1098 1954 1255 1998 excessus
1285 1953 1363 1996 suos
1391 1932 1453 1997 luit
1476 1933 1777 1998 excommunicatus
1804 1932 1845 2016 ab
1869 1980 1877 1996 .
1901 1979 1909 1993 .
1933 1931 2092 2016 episcopo

434 2037 646 2104 Laodiensi⁴.
699 2036 777 2102 Alia
805 2043 873 2117 est,
904 2036 991 2122 quod
1019 2037 1091 2123 ipse
1122 2036 1265 2102 decanus
1296 2036 1496 2121 conspirarit
1523 2056 1598 2100 cum
1627 2037 1699 2102 aliis
1728 2035 1841 2101 amicis
1869 2033 2093 2098 interfectoris

436 2141 676 2228 archiepiscopi
698 2140 896 2222 Eukelberti
919 2146 1032 2205 contra
1056 2139 1290 2205 Coloniensem
1312 2139 1606 2226 archiepiscopum,
1629 2147 1666 2204 ut
1689 2141 1741 2204 vel
1764 2161 1823 2226 per
1845 2137 2093 2222 inquisitionem
2148 2149 2171 2186 ¹⁵

435 2246 488 2312 vel
510 2266 714 2331 quocumque
744 2243 841 2311 modo
872 2251 1097 2310 removeretur
1126 2243 1167 2308 ab
1197 2244 1340 2308 ecclesia
1362 2242 1562 2308 Coloniensi.
1609 2243 1732 2308 Contra
1762 2240 2094 2306 ..archidiaconum

435 2369 514 2414 vero
538 2346 811 2413 Cameracensem
833 2347 896 2412 fuit
917 2347 1048 2412 obiecta
1070 2347 1365 2412 excommunicatio
1390 2345 1431 2410 ab
1456 2345 1611 2431 episcopo
1635 2345 1727 2411 suo⁵.

1056 2628 1467 2636 ————--

1225 2885 1311 2960 531.

547 2997 737 3108 Greporr'us
760 3023 816 3089 IX
837 3045 925 3106 papo
954 3025 1118 3091 Friolerico
1147 3025 1363 3091 Romanorum
1390 3027 1572 3107 imperatori
1602 3027 1699 3090 mittit
1730 3026 1899 3091 arbitrium
1930 3045 2025 3090 saum
2056 3026 2097 3090 dc

437 3127 596 3194 discordia
622 3127 706 3191 irater
731 3126 836 3206 ursum
862 3132 892 3192 et
917 3128 1089 3194 socmmtem
1119 3129 1341 3207 Lomburdr'ce,
1371 3128 1534 3194 Marcbtac
1561 3132 1590 3193 et
1610 3128 1818 3194 Romaictuc
1844 3132 1927 3206 orta,
1957 3149 2019 3210 quc
2048 3129 2097 3194 sic

438 3231 566 3296 duaatt
586 3228 814 3308 ordinandam,
843 3234 879 3294 ut
900 3230 1071 3312 inperator
1092 3231 1231 3295 societati
1253 3252 1373 3296 omnem
1394 3251 1557 3296 rancorem
1578 3236 1608 3296 ct
1629 3232 1771 3296 iniurias
1798 3232 1936 3296 remittat
1964 3252 2096 3313 eamque
2149 3261 2175 3299 :u

437 3335 474 3400 ia
493 3335 616 3418 prutina
638 3351 713 3397 suae
731 3333 960 3414 plenitudinem
981 3334 1127 3414 recipiet,
1151 3336 1281 3400 societas
1301 3339 1406 3399 autem
1428 3335 1479 3400 det
1497 3356 1557 3416 pro
1579 3334 1719 3400 abacto
1743 3335 1859 3400 Terrae
1881 3335 2019 3402 Sancta
2037 3354 2099 3414 per

439 3437 599 3503 banaiam
620 3435 803 3518 qainpautos
823 3437 939 3500 milites
960 3436 996 3498 ia
1018 3435 1163 3516 expensis
1179 3437 1333 3517 propriis,
1356 3437 1457 3502 ituros
1477 3438 1514 3501 tu
1537 3438 1669 3502 termino
1690 3457 1781 3518 quem
1802 3437 1928 3502 ecclesia
1947 3436 2099 3501 Romana

436 3540 601 3622 prucrtpct.
1761 3543 1855 3619 1233,
1877 3540 1952 3606 Ian.
1975 3541 2007 3606 5.

542 3657 624 3726 Grep.
642 3657 691 3711 IX
704 3656 770 3726 Περ.
795 3658 851 3713 Vol.
870 3661 890 3711 1
893 3660 921 3722 V,
939 3659 1062 3725 42-43;
1080 3656 1143 3711 Lib.
1168 3659 1230 3723 VII,
1248 3661 1310 3712 146.

543 3743 679 3810 Potituat,
699 3743 767 3814 ch.
787 3748 866 3799 9219.

544 3990 780 4066 Carissimo
808 3992 854 4065 in
880 3990 1057 4065 Christo
1085 3992 1177 4065 filio
1204 3991 1452 4082 Frideri00‚
1483 3992 1656 4066 illustri
1685 3992 1985 4068 Romanorum

1084 4113 1349 4206 imperatori
1377 4118 1446 4188 etc.

548 4259 630 4325 Cum
660 4259 850 4325 iamdudum
881 4262 969 4326 inter
1000 4268 1033 4326 te
1063 4282 1106 4325 ex
1138 4269 1231 4348 parte
1260 4284 1327 4327 una
1355 4269 1388 4328 et
1417 4264 1609 4328 societatem
1636 4261 1849 4344 Lombardie,
1883 4261 2030 4328 biarchis
2059 4270 2095 4328 et

440 4364 635 4431 Romaniole
660 4386 703 4430 ex
726 4364 831 4429 altera
853 4387 952 4450 super
975 4364 1171 4450 quibusdam
1194 4367 1340 4431 articulis
1365 4364 1587 4452 exprimendis
1617 4366 1772 4450 inferius,
1804 4367 1934 4432 inimico
1959 4366 2095 4430 homine

442 4467 724 4554 superseminante
748 4468 881 4544 zizania,
906 4468 1015 4552 gravis
1039 4467 1204 4533 discordia
1219 4476 1292 4533 orta
1308 4475 1407 4550 esset,
1430 4491 1490 4533 nos
1509 4469 1719 4535 attendentes
1737 4471 1917 4534 animarum
1934 4470 2094 4556 pericula,
2148 4504 2176 4544 ω

442 4578 569 4656 strages
592 4591 778 4655 corporum,
807 4569 947 4656 dampna
970 4592 1077 4635 rerum
1101 4578 1135 4636 et
1158 4573 1373 4637 ecclesiarum
1395 4593 1434 4637 ac
1457 4572 1688 4656 religiosorum
1710 4574 1855 4638 locorum
1878 4574 1999 4654 exitia,
2029 4593 2095 4658 que

441 4679 577 4759 possent
608 4694 652 4738 ex
678 4672 863 4737 huiusmodi
892 4672 1056 4738 discordia
1084 4672 1256 4753 obvenire,
1291 4682 1326 4740 at
1353 4674 1439 4759 quod
1466 4697 1536 4757 res,
1573 4675 1637 4739 nisi
1667 4675 1883 4741 obsisterctur
1912 4677 2096 4763 principiis,

442 4777 580 4840 multum
603 4782 693 4840 esset
716 4775 855 4840 allatura
876 4776 1074 4842 discriminis
1098 4778 1188 4842 etin
1210 4780 1332 4844 malum
1355 4780 1454 4844 altius
1476 4800 1704 4866 progressura,
1727 4780 1873 4866 cepimus
1896 4781 1982 4844 inter
2003 4787 2037 4846 te
2061 4788 2097 4846 et

442 4877 581 4945 candem
618 4879 810 4943 societatem
844 4881 934 4966 pacis
969 4880 1107 4944 consilia
1143 4881 1300 4966 cogitare.
1365 4882 1573 4969 Quapropter
1611 4883 1730 4946 futuris
1770 4882 1903 4948 obviare
1938 4885 2096 4970 periculis

443 4983 632 5069 cupientes,
656 4981 793 5046 dilectos
815 4983 900 5048 filios
924 4989 1054 5048 nostros
1077 4979 1260 5071 I[acobnm]
1285 4986 1518 5066 Penestrinum
1548 4986 1691 5052 electum
1715 4991 1748 5050 et
1771 4983 1953 5073 Olttoncm]
1979 4986 2097 5052 Sancti
2150 5021 2176 5059 ss

441 5087 570 5152 Nicolai
593 5087 627 5150 in
650 5083 789 5151 Caruere
813 5086 965 5151 Tulliano
988 5085 1160 5152 diaconum
1183 5087 1383 5154 cardinalem
1405 5088 1447 5154 ad
1470 5096 1580 5177 partes
1603 5089 1819 5168 Lombardie‚
1849 5091 2023 5155 commisso
2046 5093 2097 5157 eis

441 5194 539 5278 plene
562 5190 737 5275 legationis
760 5189 884 5272 officio,
913 5197 1048 5276 propter
1074 5190 1136 5256 hoc
1164 5191 1366 5278 providimus
1389 5192 1621 5270 destinandos3
1653 5193 1772 5279 quibus
1795 5191 1836 5257 ad
1858 5194 1980 5257 bonum
2003 5195 2098 5280 pacis

442 5292 729 5380 interponentibus
753 5292 932 5358 efficaciter
953 5299 1064 5377 partes
1088 5315 1174 5376 suas,
1198 5304 1272 5380 post
1294 5295 1426 5361 labores
1449 5297 1649 5382 multiplices
1672 5302 1809 5381 utraque
1833 5317 1909 5382 pars
1931 5295 1965 5360 in
1989 5297 2098 5362 cardi·

545 5586 573 5651 1)
592 5584 771 5654 Bonifatium
777 5605 787 5646 ,·
804 5584 842 5652 cs.
859 5599 886 5637 a.
900 5587 962 5639 459.
1031 5585 1059 5652 2)
1078 5584 1235 5651 Ravennae,
1253 5590 1370 5650 a.1231‚
1389 5585 1467 5655 Dec,
1486 5585 1783 5652 Erillum-Britolles,
1800 5587 1817 5650 1,
1836 5602 1859 5642 c.
1876 5589 1895 5642 t.
1912 5586 1969 5654 IV,
1984 5603 2013 5656 p.
2031 5592 2099 5644 275.

439 5673 469 5744 3)
488 5671 631 5731 Fridcrici
648 5671 681 5727 de
699 5669 846 5750 lucethorp.
915 5669 943 5742 4)
962 5669 1088 5734 Iuturnae
1106 5671 1151 5734 11,
1221 5672 1249 5754 5)
1270 5671 1435 5755 Godesredo,
2153 5697 2181 5752 ῳ
