4576 6390
401 389 465 464 tot
495 479 496 484 Ν
976 384 1025 446 ax
1042 390 1218 446 ennoean
1236 384 1274 444 rx
1293 385 1474 446 ascranae

403 591 460 634 eos
489 574 523 634 et
551 568 675 634 crebris
705 564 992 631 exhortationibus
1017 562 1206 630 laborando.
1253 563 1319 628 Sed
1354 586 1420 629 non
1450 565 1512 630 luit
1545 566 1594 629 eis
1627 564 1739 627 datum
1773 563 1931 649 desuper,
1970 560 2062 648 quod

403 694 516 738 eorum
544 673 657 757 plaga,
684 691 743 756 pro
773 689 838 754 qua
868 668 1013 733 sananda
1043 668 1144 731 multo
1173 665 1286 731 labore
1317 666 1505 732 sudavimus
1513 717 1520 748 ,
1553 669 1730 732 salutarem
1758 666 1865 731 adhuc
1894 665 2063 752 reciperet

404 775 610 853 medicinam,
634 780 768 859 propter
790 770 878 856 quod
900 772 935 835 in
958 792 1015 836 eos
1032 791 1204 836 censuram
1221 770 1405 834 curavimus
1425 771 1684 835 ecclesiasticam
1701 763 1868 834 exercere.
1912 768 1958 832 Et
1981 768 2062 853 quia

406 878 596 963 iniquitates
620 897 733 941 eorum
756 882 975 940 excreverunt
997 876 1031 939 in
1054 880 1196 952 tantum,
1226 879 1262 939 ut
1289 895 1350 939 nec
1373 873 1481 939 Deum
1511 875 1648 940 timeant
1670 895 1731 938 neo
1755 893 1926 937 censuram
1950 872 2061 937 ecole-

405 982 573 1046 siasticam
595 986 786 1058 vereantur,
810 986 844 1043 te
868 999 907 1044 ac
929 979 1013 1042 alios
1037 977 1178 1042 ecclesie
1202 977 1286 1042 filios
1310 984 1343 1041 et
1366 977 1517 1058 devotos,
1541 979 1574 1042 in
1597 997 1734 1063 quorum
1756 976 1821 1062 ipsi
1843 975 1978 1068 publica
2000 973 2060 1038 de-

403 1085 558 1149 trimenta
581 1089 780 1168 grassantur,
804 1082 838 1144 in
861 1101 974 1146 eorum
996 1081 1154 1145 ultionem
1175 1080 1254 1144 licet
1275 1079 1371 1143 inviti
1394 1081 1620 1166 compellimur
1641 1079 1797 1158 excitare,
1820 1079 2063 1144 fraternitatem

405 1194 495 1252 tuam
525 1188 704 1252 affectuose
736 1190 890 1270 rogantes
921 1191 954 1249 et
981 1185 1150 1248 hortantes
1181 1189 1320 1264 attente,
1357 1205 1417 1269 per
1450 1185 1631 1269 apostolica
1665 1182 1725 1246 tihi
1758 1183 1881 1268 scripta
1911 1183 2062 1247 districte

403 1289 616 1376 precipiendo
641 1287 851 1368 mandantes,
876 1288 1027 1372 quatinus
1051 1285 1230 1372 prudenter
1252 1284 1426 1350 attendens
1450 1287 1541 1351 ouius
1566 1287 1609 1350 sit
1632 1307 1731 1350 causa
1753 1307 1817 1372 que
1840 1287 1963 1371 agitur,
1987 1307 2063 1350 cum

405 1394 448 1459 sit
470 1393 603 1478 publiea
624 1413 691 1456 non
710 1392 848 1478 privata,
871 1411 936 1455 non
959 1391 1002 1454 sit
1023 1389 1156 1476 propria
1179 1388 1237 1453 sed
1260 1390 1452 1470 communis,
1475 1390 1509 1453 in
1532 1411 1596 1474 qua
1619 1394 1709 1453 tanto
1733 1389 1848 1453 fortius
1871 1396 1904 1454 te
1929 1396 2063 1475 oportet

403 1498 438 1560 in
461 1496 657 1560 adiutorium
688 1500 837 1559 nostrum
867 1514 1047 1578 exurgere,
1080 1499 1201 1577 quanto
1230 1513 1290 1579 per
1320 1493 1382 1557 hoc
1405 1514 1471 1557 non
1500 1499 1566 1557 tam
1595 1493 1783 1578 specialiter
1809 1492 1937 1577 aliquos
1963 1513 2062 1578 quam

404 1599 607 1684 generaliter
626 1598 800 1663 universos
824 1596 1024 1660 intendimus
1048 1594 1238 1676 defensare,
1269 1616 1449 1680 congruum
1470 1595 1666 1660 bellatorum
1690 1616 1749 1659 seu
1773 1595 2062 1681 stipendiariorum

405 1701 587 1767 subsidium
610 1702 705 1765 nobis
729 1698 900 1785 impendas
921 1706 987 1762 tam
1008 1698 1190 1764 liberaliter
1210 1719 1307 1783 quam
1328 1698 1480 1778 libenter,
1504 1699 1550 1761 ita
1572 1697 1659 1782 quod
1681 1698 1746 1761 tuis
1770 1704 1804 1763 et
1825 1699 1963 1762 aliorum
1986 1698 2063 1762 fulti

406 1803 562 1869 subsidiis
585 1804 696 1868 taliter
719 1809 852 1868 auctore
876 1801 1018 1867 Domino
1042 1801 1213 1866 adversam
1236 1800 1424 1886 superbiam
1449 1802 1682 1887 reprimamus,
1713 1800 1799 1886 quod
1821 1801 1878 1864 alii
1903 1800 2063 1866 adversus

404 1909 514 1974 Deum
538 1913 571 1972 et
595 1907 771 1972 ecclesiam
795 1928 830 1978 se
854 1906 895 1970 de
919 1912 1031 1970 cetero
1054 1926 1120 1969 non
1144 1906 1305 1970 extollant
1329 1912 1362 1970 et
1386 1905 1527 1970 ecclesie
1555 1905 1615 1969 filii
1638 1904 1750 1969 debita
1771 1904 1937 1989 gaudeant
1959 1904 2062 1969 liber-

406 2019 492 2092 tate,
532 2031 656 2094 nosque
690 2009 913 2073 sinceritatem
943 2015 1034 2072 tuam
1065 2030 1107 2072 ex
1138 2008 1259 2073 affeetu
1294 2014 1329 2073 et
1357 2009 1477 2072 effectu
1510 2008 1716 2073 liberalitatis
1751 2007 1898 2073 exhibite
1930 2008 2062 2092 plenius
2118 2035 2142 2073 rs

406 2118 654 2200 cognoscentes,
678 2113 711 2176 in
735 2111 858 2176 Christi
880 2112 1063 2176 visceribus
1087 2117 1119 2175 te
1145 2112 1251 2175 carius
1275 2113 1510 2198 amplexemur.

513 2234 588 2301 Dat.
613 2233 754 2315 Perusii,
777 2233 861 2298 Non.
885 2233 1043 2298 Decemb.
1067 2253 1152 2296 anno
1178 2237 1303 2296 octavo.

514 2355 555 2420 In
577 2353 718 2420 eundem
741 2352 874 2417 modum
898 2352 1116 2436 suffraganeis
1140 2353 1208 2416 suis
1231 2352 1420 2438 separatim.

514 2459 554 2523 In
577 2457 716 2522 eundem
742 2457 906 2520 modum.

515 2562 554 2625 In
578 2561 719 2626 eundem
743 2559 875 2622 modum
901 2607 933 2622 ..

513 2664 553 2730 In
577 2664 717 2730 eundem
741 2661 874 2726 modum
898 2709 931 2725 ..

515 2766 554 2831 In
578 2766 721 2831 eundem
744 2763 876 2828 modum
900 2813 907 2827 .

926 2456 1197 2542 .arohiepiscopo
1214 2455 1481 2520 Taranrasiensi¹
1497 2461 1530 2518 et
1553 2455 1770 2539 suffraganeis
1788 2456 1856 2520 suis
1873 2457 2063 2542 separatim.

950 2559 1200 2645 archiepiscopo
1224 2557 1422 2623 Bisuntino²
1446 2565 1480 2622 et
1503 2559 1721 2643 suffraganeis
1746 2560 1812 2624 suis
1837 2561 2026 2647 separatim.

948 2663 1195 2749 archiepiscopo
1212 2661 1464 2727 llbredunensi³
1488 2668 1521 2727 et
1545 2663 1760 2747 suffraganeis
1784 2664 1851 2726 suis
1876 2665 2064 2748 separatim.

926 2765 1197 2851 .archiepiscopo
1220 2764 1397 2850 Aquensi‘
1420 2770 1453 2828 ct
1477 2765 1694 2850 suffraganeis
1719 2767 1787 2830 suis
1811 2768 1998 2852 separatim.

515 2869 555 2932 In
578 2867 720 2933 eundem
743 2865 875 2929 modum
900 2914 934 2929 ..

516 2970 558 3034 In
581 2969 720 3034 eundem
743 2968 875 3032 modum
901 3016 908 3032 .

517 3072 557 3136 In
581 3071 720 3137 eundem
744 3071 877 3136 modum
901 3119 935 3134 ..

516 3174 557 3240 In
581 3174 721 3240 eundem
744 3174 876 3238 modum
899 3223 907 3238 .

516 3277 558 3342 In
582 3277 722 3342 eundem
745 3274 877 3341 modum
904 3325 937 3341 ..

518 3379 558 3444 In
582 3380 723 3446 eundem
746 3379 878 3444 modum
903 3429 910 3444 .

951 2866 1199 2953 archiepiscopo
1222 2866 1435 2932 Arelatensi⁵
1460 2873 1494 2931 et
1516 2868 1733 2953 suffraganeis
1758 2871 1825 2934 suis
1849 2871 2037 2956 separatim.

925 2970 1197 3056 ,archiepiscopo
1221 2970 1427 3035 Viennensi⁰
1450 2977 1484 3035 et
1508 2971 1726 3056 suffraganeis
1750 2975 1818 3038 suis
1843 2976 2032 3062 separatim.

952 3072 1202 3158 archiepiscopo
1225 3071 1462 3157 Lugdunensi⁷
1486 3080 1521 3137 et
1543 3074 1759 3159 suffraganeis
1783 3077 1851 3140 suis
1875 3079 2064 3162 separatim.

925 3175 1199 3261 ‚archiepiscopo
1224 3173 1433 3240 Senonensi⁸
1456 3183 1489 3240 et
1513 3177 1730 3262 suffraganeis
1755 3179 1822 3242 suis
1846 3181 2036 3266 separatim.

954 3277 1203 3363 archiepiscopo
1227 3277 1406 3342 Remensi⁹
1430 3285 1464 3342 et
1487 3279 1703 3364 suffraganeis
1727 3282 1794 3345 suis
1818 3285 2004 3368 separatim.

930 3379 1202 3466 .archiepiscopo
1225 3379 1449 3446 Turonensi¹⁰
1472 3387 1505 3446 et
1528 3382 1745 3468 suffraganeis
1770 3387 1837 3450 suis
1861 3391 2051 3474 separatim.

518 3483 558 3548 In
582 3483 722 3549 eundem
748 3482 880 3548 modum
905 3531 939 3547 ..

518 3587 558 3651 In
582 3584 723 3652 eundem
747 3586 881 3651 modum
905 3634 913 3649 .

518 3689 559 3754 In
582 3687 724 3755 eundem
746 3687 880 3754 modum
905 3737 936 3752 ..

518 3791 558 3857 In
581 3793 722 3858 eundem
745 3791 877 3857 modum
901 3840 909 3856 .

519 3896 561 3961 In
585 3896 726 3961 eundem
748 3895 880 3959 modum
905 3942 913 3959 .

519 3997 559 4063 In
583 3996 723 4063 eundem
746 3997 879 4062 modum
903 4046 910 4062 .

520 4101 560 4165 In
584 4101 725 4172 eundem
747 4100 880 4165 modum
903 4152 911 4167 .

956 3483 1206 3569 archiepiscopo
1228 3482 1429 3550 Bituricensi
1452 3491 1486 3548 et
1508 3486 1725 3570 suffraganeis
1750 3490 1817 3553 suis
1842 3492 2032 3577 separatim.

931 3634 938 3650 .
954 3585 1202 3674 archiepiscopo
1214 3587 1456 3673 Burdogalensi
1467 3588 1495 3626 ²¹
1511 3595 1544 3652 et
1560 3589 1775 3676 suffraganeis
1792 3594 1860 3657 suis
1876 3597 2065 3680 separatim.

953 3689 1202 3776 archiepiscopo
1225 3690 1394 3755 Auxitano
1405 3689 1434 3728 ¹²
1458 3697 1491 3755 et
1515 3693 1732 3778 suffraganeis
1756 3698 1823 3761 suis
1847 3698 2036 3783 separatim.

927 3791 1201 3878 ‚archiepiscopo
1224 3791 1432 3859 Narbonensi
1442 3793 1471 3832 ²³
1495 3801 1528 3859 et
1548 3795 1764 3881 suffraganeis
1787 3800 1854 3863 suis
1878 3802 2067 3886 separatim.

930 3893 1196 3959 .Terraconensi
1220 3896 1327 3960 electo
1352 3902 1385 3961 et
1409 3897 1625 3983 suffraganeis
1649 3901 1716 3964 suis
1741 3904 1925 3988 separatim.
1990 3905 1991 3908 ’

928 3998 1110 4085 .episcopo
1133 3998 1452 4085 Pampilonensi'¹⁴.'

930 4101 1200 4188 archiepiscopo
1224 4101 1384 4166 Toletano
1396 4103 1424 4141 ²⁵
1447 4109 1480 4168 et
1503 4106 1720 4190 suffraganeis
1744 4109 1812 4173 suis
1836 4109 2022 4194 separatim.

521 4203 560 4267 In
577 4203 717 4269 eundem
734 4203 865 4269 modum
882 4252 889 4266 .
904 4252 911 4266 .
928 4203 1175 4293 archiepiscopo
1192 4203 1493 4290 Compostellano¹⁶
1509 4215 1542 4272 et
1558 4210 1773 4295 suffraganeis
1791 4213 1859 4276 suis
1877 4213 2066 4299 separatim.

520 4307 561 4371 In
584 4307 725 4372 eundem
747 4305 879 4371 modum
895 4354 903 4370 .
919 4355 927 4370 .
943 4306 1192 4395 archiepiscopo
1210 4307 1465 4372 Bracharensi¹⁷
1489 4317 1522 4374 et
1545 4312 1761 4398 suffraganeis
1786 4316 1853 4379 suis
1878 4316 2067 4400 separatim.

1197 4746 1284 4820 613.

523 4847 715 4962 araca
729 4881 785 4946 rx
799 4904 890 4965 papa
903 4886 1052 4971 [samaro
1067 4886 1127 4971 Π]
1147 4888 1214 4972 aa·
1228 4886 1432 4972 cottanae
1452 4891 1534 4956 aaa
1555 4893 1638 4974 quoa
1651 4893 1730 4961 noa.
1746 4898 1790 4960 27
1809 4896 1992 4980 [nanae
2008 4900 2069 4984 rr]

415 4979 489 5046 aaa
509 4982 661 5048 nataae
681 4983 731 5068 [n.
756 4987 837 5072 coa]
858 4989 974 5054 saroa
1619 4999 1713 5078 1234,
1735 4999 1810 5067 na.
1835 5003 1855 5064 5
1876 5000 1911 5086 [a
1940 5002 1979 5066 1⁸.

521 5102 754 5174 orearxasq.
778 5105 1267 5175 r01.1V,24a‚·1ao.rrrr,aaa
2121 5147 2151 5187 ω

522 5310 547 5376 l)
566 5309 712 5366 Herluiac.
764 5313 791 5380 2)
810 5313 937 5369 Niccloo.
990 5315 1016 5382 3)
1034 5315 1190 5370 Berncrdo.
1241 5318 1269 5384 4)
1287 5317 1463 5388 Rcymuado.
1513 5321 1539 5386 5)
1557 5319 1687 5376 Iohanni.
1739 5325 1766 5390 6)
1784 5325 1913 5379 Iohanni.
1965 5326 1991 5392 7)
2009 5326 2070 5382 Ru·

417 5393 503 5464 dolfo.
548 5395 574 5464 8)
598 5395 727 5452 Waltero.
769 5399 796 5467 9)
814 5400 945 5457 Hearicc.
989 5403 1032 5471 10)
1051 5403 1166 5458 luhello.
1208 5403 1250 5472 11)
1270 5403 1400 5459 Gercldo.
1443 5405 1485 5471 12)
1504 5407 1669 5462 Antoniano.
1715 5410 1757 5476 13)
1778 5411 1869 5466 Petro.
1913 5411 1956 5478 14)
1975 5412 2069 5468 Petro.

418 5480 461 5546 15)
480 5480 626 5535 Roders'co.
689 5486 732 5551 16)
750 5484 879 5541 Iohanni.
942 5488 984 5555 17)
1002 5488 1135 5545 Silvestri.
1189 5489 1230 5556 18)
1248 5490 1328 5543 Licet
1345 5491 1463 5560 epistola
1479 5491 1627 5547 addacem
1644 5495 1777 5550 Austriao
1795 5497 1868 5550 Noa.
1885 5501 1923 5551 27
1940 5497 2007 5551 data
2024 5500 2071 5570 ait,

419 5564 518 5620 Dea5
536 5572 626 5622 torua
640 5570 838 5640 praeferimus,
857 5573 925 5642 quic
938 5589 1019 5643 popa
1035 5573 1086 5628 hoc
1104 5574 1149 5628 dic
1167 5574 1204 5629 ad
1217 5575 1361 5645 principes
1373 5575 1571 5632 ecclesiasticos
1584 5579 1743 5649 Hispaniae
1754 5598 1851 5652 preces
1870 5599 1936 5637 auos
1954 5583 2069 5653 direxit,

417 5667 488 5721 qaae
505 5653 622 5722 epistola
639 5656 669 5708 ia
686 5656 753 5730 Ray.
772 5658 915 5728 antecedit,
933 5657 1119 5716 existimatos
1135 5667 1228 5715 colom
1245 5661 1463 5736 chronologicam
1481 5679 1574 5718 erroro
1591 5667 1738 5736 scriptoria
1758 5668 1899 5724 excidisse.
2119 5695 2147 5738 η
