4560 6420
420 415 482 476 714
999 412 1046 466 EX
1066 411 1242 466 GREGORll
1260 412 1299 465 lX
1317 407 1498 465 REGISTRO

417 588 521 653 multa
544 593 577 650 et
596 587 717 671 gravia,
742 608 805 671 que
821 587 979 651 hacteuus
1002 587 1036 650 in
1052 587 1160 651 Deum
1184 592 1218 651 et
1239 585 1415 650 eeclesiam
1432 589 1578 648 sanctam
1595 583 1812 660 commiserat,
1837 586 1953 645 contra
1969 580 2081 665 ipsum

417 699 591 778 tyrannum
616 697 706 754 esset
733 692 881 775 asperius
912 689 1173 776 procedendum,
1206 711 1249 754 ex
1276 688 1448 752 atrocitate
1478 694 1588 751 tamen
1619 687 1702 750 tanti
1732 685 1886 749 facinoris
1916 683 2081 747 audemus

418 816 612 880 suggerere,
643 794 730 880 quod
763 801 875 859 contra
906 794 1046 859 eundem
1077 795 1203 858 ratione
1227 794 1339 880 previa
1361 793 1454 856 iuxta
1476 792 1667 877 qualitatem
1691 790 1836 854 oriminis
1859 788 2079 875 procedatur;

419 898 479 962 sub
503 898 607 982 ipsius
631 899 719 962 enirn
742 897 880 984 imperio
903 919 1068 983 nunquam
1092 898 1235 962 ecclesia
1257 918 1339 982 pace
1362 896 1416 960 vel
1438 895 1674 981 tranquillitate
1698 892 1875 978 gauderet,
1900 891 2079 978 presertim

419 1023 492 1065 curn
526 1001 691 1088 principes
725 1001 871 1066 universi
906 1003 1094 1088 exemplum
1126 1009 1159 1067 et
1186 1001 1356 1066 audaciam
1384 1001 1416 1064 in
1443 1001 1504 1065 hac
1534 1007 1626 1085 parte
1657 998 1842 1084 reciperent
1872 996 1914 1060 ab
1947 995 2079 1062 eodem.

417 1104 470 1170 De
493 1111 657 1190 potestate
681 1110 791 1169 autem
815 1112 848 1169 et
871 1106 995 1170 civibus
1010 1106 1228 1171 Ianuensibus
1245 1112 1353 1170 vestre
1378 1103 1543 1168 sanctitati
1565 1102 1772 1188 exponimus,
1795 1101 1892 1185 quod,
1918 1106 2080 1185 quantum

419 1209 602 1272 audivimus
633 1215 666 1272 et
697 1209 927 1293 cognovimus,
961 1208 1126 1274 fideliores
1160 1217 1193 1274 et
1227 1209 1443 1274 ferventiores
1477 1207 1510 1270 in
1539 1207 1624 1271 facto
1654 1205 1795 1271 ecclesie
1822 1226 1858 1269 se
1888 1202 2080 1282 ostendent,

420 1333 516 1397 quam
540 1333 576 1376 se
601 1310 804 1376 ostenderint
826 1333 930 1397 usquc
955 1310 1050 1377 modo
1064 1313 1085 1378 ¹.

528 1432 604 1497 Dat.
628 1431 740 1514 Ianue,
763 1432 797 1496 X
819 1430 871 1496 die
894 1431 983 1497 Maii.

1206 1834 1294 1907 813.

531 1943 742 2038 Gnillelmns
764 1973 890 2036 Scordus
906 1977 1054 2054 potestas,
1078 1974 1291 2038 consiliumet
1314 1994 1471 2037 coninrnne
1494 1973 1703 2038 lerinensium
1727 1971 1879 2055 Gregorio
1901 1970 1959 2035 IX
1973 1992 2083 2051 pronae

422 2077 564 2143 scnbnnt
585 2075 622 2140 de
638 2096 753 2158 piipna
774 2077 885 2141 navali
907 2077 991 2142 Mai.
1014 2083 1036 2140 3
1058 2082 1182 2156 exorta,
1210 2099 1273 2160 qna
1290 2078 1428 2159 plurimi
1443 2078 1649 2158 praelationi
1670 2076 1833 2141 connitum
1848 2076 2086 2157 proficiscentes

422 2203 444 2246 a
467 2180 599 2244 Pisanis
620 2183 650 2244 ct
672 2179 792 2246 Siculis
822 2180 906 2261 copti
931 2181 1012 2259 sint;
1042 2181 1085 2245 ad
1117 2181 1153 2244 id
1174 2180 1307 2266 facinus
1333 2181 1545 2246 nascendum
1573 2201 1605 2245 se
1636 2181 1829 2245 incessanter
1854 2177 2083 2243 constrrwtimri

424 2289 454 2349 et
474 2283 645 2348 inuniticni
666 2284 796 2348 neniam
817 2283 1002 2367 invigilata
1023 2289 1137 2368 rogant
1151 2305 1281 2366 perpura,
1303 2288 1338 2348 nt
1360 2285 1425 2365 ipsc
1440 2284 1581 2350 Iannarn
1603 2285 1708 2350 verrin
1728 2287 1785 2348 ant
1807 2283 1944 2365 motum
1966 2282 2083 2346 mittat.

427 2388 475 2470 Cf.
494 2409 524 2451 n.
545 2390 617 2452 812.
1644 2389 1738 2466 1241,
1760 2407 1784 2452 c.
1807 2385 1892 2451 Mai.
1916 2387 1993 2452 10².

529 2507 613 2577 (ἆνερ.
632 2508 682 2560 IX
704 2507 775 2577 Ray.
797 2506 855 2560 Vol.
881 2507 954 2572 VII,
974 2511 1025 2573 785
1052 2506 1115 2561 Lib.
1135 2506 1200 2571 XV,
1219 2512 1264 2561 5⁶.
1309 2507 1428 2562 Edirnns
1455 2513 1572 2561 tenorem
1595 2507 1727 2576 epistolae
1754 2523 1788 2560 ex
1809 2506 1900 2576 Rcyn.
1923 2505 1998 2559 Ana.
2020 2506 2082 2560 ecci

357 2643 360 2646 .
423 2612 450 2649 a.
469 2597 568 2658 1241§
587 2596 706 2662 60-63,
724 2593 930 2662 inscriptionem
946 2611 965 2648 a
986 2593 1018 2648 V.
1039 2595 1078 2649 Gi.
1096 2594 1131 2648 A.
1151 2594 1223 2648 Mon
1239 2594 1319 2649 nobis
1337 2595 1562 2650 conrmnnicatcm
1580 2611 1614 2648 en
1631 2595 1700 2666 Ray.
1720 2594 1887 2663 supplentes.

484 2831 650 2906 Littere
679 2830 948 2923 potestatis,
977 2831 1157 2904 consilii
1185 2835 1226 2904 et
1254 2831 1408 2924 populi
1433 2831 1666 2906 Ianuensis
1694 2852 1829 2924 super
1857 2831 2031 2904 eodem.

534 2981 748 3046 sanctissimo
779 2988 842 3046 etc.
875 2980 1071 3046 Cuillelmus
1101 2980 1225 3046 Surdus
1258 2988 1420 3068 potestas,
1456 2983 1626 3047 eonsilium
1654 2989 1688 3047 et
1718 3004 1888 3048 commune
1916 2981 2083 3047 Ianuense

426 3092 611 3151 sanctorum
643 3084 763 3170 pedum
797 3085 945 3149 osculum
969 3107 1041 3149 cunr
1073 3085 1316 3172 promptissimo
1347 3086 1516 3150 famulatu.
1573 3085 1668 3150 Tacti
1692 3108 1803 3150 sumus
1833 3085 1947 3150 dolore
1976 3085 2084 3150 cordis

291 3207 345 3248 nuc.
360 3210 415 3258 aas.
430 3189 629 3254 intrinsecus
653 3195 811 3275 eiusque
835 3187 875 3252 ad
899 3189 1041 3252 animam
1064 3188 1169 3274 ipsius
1193 3187 1314 3252 doloris
1338 3187 1467 3273 gladius
1490 3189 1711 3274 pertransivit,
1734 3187 1821 3274 quod
1843 3187 1920 3251 dum
1944 3209 2083 3254 venera-
2134 3229 2144 3240 ·

428 3293 512 3358 biles
543 3298 577 3357 et
607 3293 712 3356 sancti
741 3300 852 3378 patres
882 3293 1056 3379 episcopus
1083 3291 1315 3370 Penestrinus,
1345 3291 1494 3356 dominus
1524 3291 1611 3356 Otho
1643 3291 1730 3356 tituli
1759 3291 1871 3356 Sancti
1893 3290 2026 3356 Nicolai
2054 3292 2088 3356 in

430 3384 570 3462 Carcere
594 3395 746 3460 Tulliano
775 3395 931 3461 diaconus
964 3394 1141 3460 cardinalis
1170 3401 1202 3459 et
1232 3394 1381 3459 dominus
1405 3392 1612 3482 Glregorius]
1642 3395 1683 3470 de
1706 3394 1868 3459 Romania
1895 3395 2088 3481 capellanus

429 3507 555 3583 vester,
587 3501 767 3586 apostolice
797 3500 884 3565 sedis
907 3501 1025 3585 legati,
1053 3499 1174 3584 aliique
1205 3499 1324 3584 prelati
1352 3498 1394 3563 de
1421 3501 1571 3584 partibus
1596 3499 1786 3564 Occidentis
1810 3506 1843 3564 et
1865 3499 1966 3564 etiarn
1987 3497 2088 3563 Lorn-

430 3603 544 3668 bardie
568 3610 602 3669 et
626 3603 754 3668 nobiles
772 3604 833 3667 viri
855 3604 1086 3668 ambaxatores
1102 3601 1409 3684 Mediolanensium,
1426 3602 1551 3684 Brixis,
1566 3602 1747 3683 Placentia,
1763 3601 1866 3668 Ianue
1883 3602 1925 3666 ad
1942 3611 2090 3668 vestrum

430 3709 603 3773 concilium
632 3708 758 3773 evocati
786 3709 819 3771 in
850 3707 971 3793 galeis,
1007 3705 1120 3770 taridis
1153 3714 1186 3769 et
1220 3707 1354 3792 sogiteis
1385 3697 1506 3771 nostris
1533 3713 1602 3771 tam
1631 3707 1792 3772 securiter
1820 3727 1917 3791 quam
1945 3707 2090 3772 letanter

429 3813 591 3893 venirent,
616 3811 846 3877 comitantibus
870 3834 926 3877 eos
951 3811 1029 3876 viris
1052 3808 1217 3875 nobilibus
1241 3815 1275 3874 et
1291 3810 1459 3874 honoratis
1475 3810 1694 3876 Ianuensibus
1711 3810 1837 3876 civibus
1853 3810 1887 3873 in
1903 3809 2090 3874 honorabili

430 3915 629 4002 quantitate,
664 3915 829 3979 irruerunt
851 3915 884 3978 in
908 3936 966 3980 eos
989 3914 1054 3979 Dei
1083 3921 1116 3980 et
1141 3912 1310 3978 hominum
1341 3915 1465 3978 inimici
1493 3915 1553 3978 viri
1576 3914 1689 3978 Pisani
1719 3921 1753 3979 et
1776 3913 1880 3978 Siculi
1910 3913 1953 3978 de
1976 3936 2089 3998 ,regno

430 4019 572 4105 undique
607 4019 799 4104 congregati
837 4018 891 4083 die
925 4019 1067 4084 Veneris
1103 4017 1201 4082 tortia
1234 4018 1358 4082 mensis
1381 4017 1470 4083 Maii.
1532 4017 1645 4082 Nostri
1678 4039 1756 4083 vero
1789 4017 1988 4097 Ianuenses,
2025 4017 2091 4082 Dei

431 4123 555 4188 auxilio
580 4122 784 4187 confidentes
807 4122 888 4208 ipsis
911 4123 1027 4208 piratis
1052 4123 1245 4186 mirabiliter
1268 4123 1460 4186 resistentes
1484 4129 1582 4207 atquc
1602 4127 1773 4208 potenter,
1796 4126 1863 4186 tres
1886 4121 2002 4206 galeas
2027 4123 2090 4186 ini-

431 4227 609 4308 micorum,
634 4247 697 4311 que
721 4225 754 4288 in
777 4225 882 4311 prelio
906 4232 1173 4305 antecesserunt,
1197 4225 1374 4289 victoriosa
1396 4246 1495 4288 manu
1518 4230 1685 4310 ceperunt,
1710 4231 1743 4288 et
1766 4223 1960 4310 decapitatis
1982 4224 2089 4290 bella-

431 4329 557 4395 toribus
581 4327 724 4415 ipsarum
748 4333 814 4391 tarn
839 4330 952 4413 galeas
975 4350 1072 4414 quam
1095 4328 1245 4394 homines
1268 4329 1412 4414 ipsarum
1435 4329 1469 4390 in
1497 4329 1596 4391 maris
1624 4327 1851 4393 demerserunt
1879 4327 2090 4414 profundum.

433 4432 581 4518 Cumque
605 4431 772 4517 inceptum
795 4433 936 4517 prelium
959 4431 1014 4495 diu
1038 4431 1200 4513 durasset,
1225 4431 1334 4495 multis
1358 4430 1533 4495 hincinde
1557 4432 1693 4495 mortuis
1710 4437 1743 4496 et
1758 4431 1948 4511 vulneratis,
1972 4454 2092 4497 manus

433 4537 641 4599 inimicorum
664 4531 807 4598 Domino
836 4533 1046 4620 permittente
1070 4536 1246 4622 prevaluit;
1278 4533 1333 4620 qui
1355 4532 1420 4599 Dei
1447 4535 1565 4600 timore
1590 4541 1623 4600 et
1645 4534 1787 4599 naturali
1809 4535 1883 4620 lege
1907 4542 1939 4599 et
1963 4533 2091 4601 honore

434 4638 592 4704 Crucifixi
615 4644 648 4702 ot
672 4659 791 4724 sponse
816 4660 874 4704 sue
903 4639 956 4724 pie
988 4639 1101 4704 matris
1132 4641 1262 4726 penitus
1285 4639 1472 4725 vilipensis,
1500 4639 1533 4702 in
1562 4644 1784 4725 contemptum
1813 4645 1846 4704 et
1876 4639 2093 4723 ignominiam

433 4742 511 4807 Iesu
535 4740 655 4805 Christi
679 4748 834 4826 tanquam
862 4741 1030 4804 carnifices
1059 4748 1092 4806 et
1120 4742 1249 4826 tyranni
1279 4748 1465 4806 sanctorum
1495 4748 1623 4828 patrum
1654 4743 1861 4808 innocentem
1893 4750 1926 4806 et
1949 4744 2093 4808 aliorum
2142 4761 2166 4799 ³⁵

435 4844 686 4910 conducentium
710 4865 767 4908 eos
791 4843 984 4928 sanguinem
1008 4844 1212 4924 effuderunt,
1237 4865 1374 4931 corpora
1396 4847 1541 4933 ipsorum
1565 4845 1688 4909 tamin
1710 4845 1792 4910 mari
1815 4867 1911 4931 quam
1933 4847 1967 4910 in
1991 4847 2094 4933 lignis

434 4971 524 5015 more
548 4947 717 5035 tyrannico
741 4946 959 5029 trucidantes,
992 4949 1094 5035 raptis
1123 4947 1163 5011 ab
1194 4949 1241 5012 eis
1264 4949 1429 5014 thesauris
1453 4971 1536 5034 quos
1559 4949 1720 5014 ferebant.
1764 4949 1860 5014 Licet
1881 4955 1994 5014 autem
2016 4973 2095 5037 per-

435 5054 546 5118 fidiam
570 5059 603 5117 ct
624 5051 830 5138 iniquitatem
854 5057 978 5115 tantam
1001 5051 1201 5137 perfecerint
1224 5052 1381 5117 adversus
1404 5053 1553 5118 insontes
1577 5060 1610 5119 et
1633 5053 1824 5118 innoeentes
1847 5052 1990 5117 Domino
2014 5076 2094 5140 per-

435 5159 605 5237 mittente,
637 5177 697 5242 per
724 5157 861 5240 gratiam
886 5155 1016 5219 tandem
1041 5154 1162 5218 domini
1185 5155 1263 5220 Iesu
1287 5156 1409 5220 Christi
1431 5155 1551 5221 barche
1576 5163 1609 5221 et
1637 5156 1727 5241 ligna
1754 5157 1896 5236 minuta,
1925 5177 1990 5240 que
2018 5180 2096 5222 cunr

434 5261 556 5326 nostris
581 5266 688 5338 erant,
721 5267 754 5323 et
781 5259 876 5343 galee
906 5265 1033 5345 septem
1061 5279 1134 5321 cum
1165 5279 1285 5343 magna
1306 5260 1487 5343 quantitate
1516 5267 1701 5324 nostrorum
1729 5259 1896 5325 hominurn
1925 5267 1960 5323 et
1992 5263 2095 5325 ctiam
2147 5277 2172 5314 ⁴⁰

435 5364 582 5450 pluribus
609 5362 818 5449 prelatorum,
842 5361 897 5446 qui
919 5360 961 5425 ad
985 5361 1158 5424 concilium
1181 5362 1366 5443 veniebant,
1389 5361 1544 5427 videlieet
1567 5362 1814 5449 archiepiscopo
1831 5362 1943 5427 Sancti
1966 5363 2095 5447 Iacobi,

541 5621 568 5688 l)
589 5619 632 5688 Cf.
652 5619 795 5689 epistolam
813 5621 976 5687 seque-ritem.
1063 5619 1091 5687 2)
1110 5619 1237 5675 Eundem
1258 5619 1383 5675 nundum
1406 5619 1478 5673 banc
1500 5619 1640 5688 epistolam
1659 5635 1692 5674 oc
1707 5621 1913 5690 praecedentem
1931 5621 1971 5675 ad
1988 5622 2100 5686 cnr-iam

432 5711 561 5780 portasse
578 5711 717 5780 putamus.
753 5706 809 5782 Ep.
830 5723 926 5761 versus
940 5707 1024 5780 finern
1041 5707 1140 5765 trientis
1159 5708 1233 5766 Maii
1249 5707 1291 5762 nel
1308 5706 1389 5761 initio
1407 5707 1472 5761 Iun.
1491 5704 1559 5786 neq.
1577 5706 1683 5761 inserta
1701 5714 1749 5776 est,
