4590 6366
763 397 962 451 EPIS'I'OLAE
981 397 1170 451 suasoris.
1208 398 1283 453 1235.
1789 406 1851 467 527

196 578 230 635 et
258 570 345 654 quod
374 570 464 634 nulla
495 571 633 634 collecta
661 572 715 636 vel
745 571 874 634 exactio
907 570 965 634 fiat
997 570 1037 633 ab
1069 569 1233 654 aliquibus
1261 571 1431 652 ecclesiis,
1463 572 1591 638 clericis
1619 577 1672 640 vel
1702 578 1852 662 personis

197 673 361 757 religiosis
386 675 509 737 tamin
530 674 621 737 Urbe
646 695 740 760 quam
766 681 869 739 extra.
914 672 1133 736 Restituimus
1156 679 1308 759 preterea
1332 683 1527 761 perpetuam
1553 700 1667 764 pacem
1691 689 1852 768 perpetuo

197 776 391 842 servandam
408 776 538 841 domino
555 778 743 864 imperatori
768 785 800 842 et
817 778 895 852 suis,
919 777 999 840 item
1016 777 1293 860 Anagniensibus,
1316 777 1561 862 Signiensibus,
1577 782 1852 864 Velletrensibns,

196 879 473 960 viterbiensibus,
498 879 685 967 (lampenis,
709 881 935 960 Maritimanis,
959 879 1207 961 Sabinensibus,
1232 883 1343 945 comiti
1361 881 1538 948 Gnillelmo
1557 894 1590 950 et
1611 887 1762 952 omnibus
1778 888 1852 951 aliis

196 985 381 1049 hominibus
405 985 445 1049 ds
469 987 673 1072 patrimonio,
697 987 848 1050 omnibus
871 984 1075 1048 adiutoribus
1100 993 1134 1049 et
1157 985 1339 1050 fautoribus
1363 989 1514 1052 ecclesie.
1561 988 1766 1076 Precipimns
1789 993 1851 1055 ita-

195 1109 258 1174 que
281 1099 315 1152 et
337 1097 491 1175 presente
508 1091 701 1154 auctoritate
720 1089 893 1165 sancimus,
917 1087 1004 1172 quod
1027 1087 1136 1152 nullus
1162 1096 1359 1170 senatorum,
1384 1111 1468 1154 unus
1492 1092 1545 1154 vol
1571 1092 1691 1176 plnres,
1715 1095 1770 1177 qui
1793 1117 1853 1181 per

196 1199 344 1278 tempora
366 1202 475 1272 erunt,
505 1193 652 1278 quolibet
675 1191 771 1256 modo
795 1193 847 1256 vel
871 1192 1003 1276 ingenio
1031 1199 1144 1254 contra
1166 1192 1228 1256 boc
1258 1200 1406 1257 nostrum
1430 1194 1640 1279 privilegium
1665 1196 1775 1260 venite
1799 1197 1851 1260 vel

195 1297 304 1360 facere
327 1305 527 1382 presumant.
575 1296 705 1380 Siquis
730 1317 807 1360 vero
832 1296 1079 1360 contrafacere
1112 1298 1339 1382 temptaverit,
1370 1297 1450 1360 iram
1476 1307 1610 1361 senatus
1635 1299 1778 1382 graviter
1801 1299 1850 1362 in-

195 1407 303 1463 currat
326 1405 360 1463 et
391 1399 501 1463 odium
529 1406 562 1464 et
591 1401 728 1485 insuper
751 1400 878 1463 solvere
910 1405 1062 1463 teneatur
1084 1406 1215 1463 centum
1247 1399 1348 1464 libras
1372 1401 1442 1464 auri
1467 1422 1525 1486 pro
1548 1402 1649 1464 muris
1671 1400 1787 1482 Urbis,
1818 1410 1852 1466 et

196 1523 283 1588 pena
305 1504 413 1566 solnta
434 1503 497 1567 hoo
520 1503 729 1589 privilegium
753 1524 885 1588 semper
907 1503 1036 1565 firmum
1059 1501 1224 1587 perduret.

302 1604 421 1669 Actum
449 1628 509 1692 per
533 1627 664 1670 manum
691 1605 831 1669 Romani
861 1606 968 1669 scribe
997 1613 1130 1669 senatus
1164 1612 1320 1692 precepto
1351 1613 1384 1669 et
1413 1607 1575 1671 mandatis
1598 1609 1720 1692 Angeli
1746 1609 1850 1673 Mala-

196 1709 317 1772 branoe
342 1711 503 1774 senatoris
528 1717 561 1774 ct
589 1697 701 1795 populi
723 1709 863 1773 Romani
894 1710 1025 1794 publice
1056 1709 1088 1771 in
1113 1707 1294 1794 Capitolio,
1325 1730 1411 1772 anno
1438 1709 1593 1774 Domini*
1615 1711 1849 1790 Mooxxxv,

197 1811 375 1877 indictione
399 1795 655 1894 V111,menseb
681 1813 796 1899 Aprili,
820 1811 873 1877 die
896 1812 974 1878 XII.

992 2054 1051 2118 IX.

298 2157 457 2268 Anystus
472 2185 686 2250 Melabronca
707 2189 834 2249 sanctor
857 2184 951 2250 Urbis
973 2184 1139 2260 constituit,
1163 2187 1198 2246 ut
1222 2204 1326 2247 onrncs
1348 2190 1506 2248 scaritores
1527 2188 1659 2264 tennione
1681 2205 1741 2264 quc
1764 2185 1850 2246 iuro-

194 2291 297 2352 ccrint
312 2290 523 2352 iuramentum
544 2289 646 2368 Urbis
670 2291 764 2353 ctiam
779 2291 990 2353 iuramentum
1005 2287 1042 2350 dc
1059 2287 1252 2351 observanda
1269 2308 1348 2368 poce
1370 2289 1454 2351 inter
1471 2289 1628 2353 ecclesiam
1649 2293 1678 2352 ct
1692 2288 1851 2351 Ilcnrunos

192 2393 275 2456 inita
294 2395 466 2472 praestent.
489 2429 530 2438 —
553 2392 644 2456 Idem
666 2393 703 2456 dc
725 2391 915 2476 officialibus
937 2391 1106 2454 constituit.
1485 2391 1579 2469 1235,
1602 2391 1687 2456 Μαί.
1713 2397 1763 2455 16.

295 2529 322 2565 u.
342 2517 374 2565 lt
394 2517 418 2564 et
437 2518 478 2565 15.
521 2511 657 2580 Utrasque
675 2510 783 2564 litteras
801 2509 900 2563 damus
919 2527 952 2563 en
972 2509 1024 2576 H,
1049 2511 1109 2562 locu
1127 2509 1177 2562 ubi
1195 2509 1369 2574 dubitamus,
1393 2527 1464 2578 quae
1481 2511 1563 2564 orrba
1581 2510 1611 2563 in
1629 2511 1695 2578 Rep.
1714 2512 1850 2582 teguntur,

192 2599 293 2652 litteris
310 2599 425 2652 carnicis
443 2600 576 2650 notantes.
612 2597 812 2666 inscriptiones
830 2596 860 2648 iu
879 2595 947 2662 Rep.
965 2595 1006 2648 ita
1026 2595 1145 2648 inveniri
1163 2595 1311 2661 credimus,
1335 2597 1402 2664 puio
1419 2595 1511 2649 minias
1529 2603 1667 2649 correctae
1686 2602 1763 2660 sunt,·
1787 2613 1850 2650 narn

194 2699 220 2735 n.
240 2687 272 2735 14
287 2684 384 2752 potius
403 2686 536 2737 statarium
553 2682 749 2752 appellandum
767 2687 808 2735 est
826 2683 851 2734 et
868 2697 894 2734 n.
913 2686 947 2734 15
965 2681 1037 2734 idem
1055 2697 1111 2734 ease
1129 2682 1184 2734 iam
1202 2687 1268 2734 notu
1289 2683 1478 2750 chronolopicu
1498 2681 1605 2735 adiectu
1623 2682 1797 2737 dcnronstrut.

573 2879 863 2970 privilegium
891 2879 1118 2951 senatoris
1147 2898 1279 2969 super
1307 2878 1470 2951 eodem.

301 3029 340 3093 In
364 3030 494 3094 nornine
518 3029 641 3094 domini
663 3028 765 3093 nostri
781 3027 859 3092 Iesu
876 3025 1009 3093 Christi.
1054 3025 1123 3090 Nos
1140 3013 1289 3111 Angelus
1306 3027 1526 3105 Melabranca,
1546 3025 1611 3090 Dei
1633 3027 1740 3111 gratia
1762 3026 1847 3089 alme

193 3133 293 3197 Urbis
316 3134 453 3197 illustris
484 3142 633 3212 senator,
664 3131 798 3196 decreto
822 3137 856 3194 et
885 3129 1079 3193 anctoritate
1111 3129 1194 3192 sacri
1225 3137 1376 3211 senatus,
1407 3130 1559 3194 mandato
1582 3152 1711 3216 quoque
1734 3131 1849 3217 populi

193 3235 334 3300 Romani
366 3237 499 3322 publico
534 3237 568 3300 in
597 3235 760 3322 Capitolio
795 3233 981 3312 convocati,
1018 3232 1060 3296 ad
1093 3233 1286 3319 petitionem
1320 3234 1420 3298 etiam
1449 3234 1686 3299 venerabilium
1717 3241 1846 3320 patrum

196 3338 401 3403 dominorum
417 3338 557 3402 Romani
573 3337 765 3402 Portuensis
790 3343 824 3400 et
847 3335 967 3399 Sancte
984 3334 1101 3399 Rufino
1127 3336 1286 3422 episcopi,
1309 3333 1492 3422 Ic[bannis]
1518 3335 1558 3400 de
1578 3335 1739 3401 Columna
1762 3339 1847 3401 tituli

196 3442 315 3506 Sancte
350 3441 513 3506 Praxedis
551 3449 586 3506 et
621 3437 808 3528 St[cphani]
849 3440 954 3504 tituli⁰
985 3439 1104 3504 Sancte
1141 3440 1245 3504 Maris
1280 3437 1545 3524 'Iranstyberim‘l
1581 3441 1846 3526 presbyterorum

195 3545 408 3610 cardinalium
443 3545 669 3609 constituimus
710 3552 744 3608 ct
779 3544 917 3606 firmiter
952 3543 1153 3624 stabilimus,
1195 3550 1231 3606 ut
1264 3564 1378 3607 omnes
1413 3549 1600 3620 senatores,
1639 3544 1693 3627 qui
1730 3543 1846 3607 amodo

193 3657 298 3727 erunt,
321 3656 467 3734 tempore
491 3669 553 3732 quo
577 3647 755 3711 iuraverint
778 3647 996 3709 iuramentum
1020 3644 1131 3726 Urbis,
1161 3646 1278 3726 iurent,
1308 3645 1394 3729 quod
1417 3666 1532 3732 pacem
1556 3646 1669 3708 initam
1692 3648 1745 3708 etc.
1768 3647 1849 3708 sicud

192 3751 322 3832 snpra&
367 3751 571 3836 Precipimus
595 3749 704 3834 itaque
727 3754 795 3814 ctc.⁰
820 3752 856 3812 ut
881 3747 1001 3829 supra²
1024 3767 1136 3828 usquc:
1164 3749 1291 3813 solvere
1315 3754 1466 3812 teneatur
1488 3747 1724 3834 qninquaginta
1746 3749 1846 3813 libras

193 3855 263 3918 auri
286 3859 338 3919 ctc.
361 3873 458 3934 aspere
479 3853 515 3916 ia
534 3853 662 3935 finoni&

117 4077 144 4116 so
308 4145 349 4210 U&
562 4046 714 4121 Forma
741 4047 979 4121 iuramenti
1007 4045 1270 4118 officialium
1297 4047 1377 4119 hec
1404 4051 1479 4118 est.

369 4163 478 4224 supro.

301 4247 424 4312 Actum
452 4269 537 4311 anno
567 4247 700 4312 Domini
723 4247 1006 4328 M⁰oo⁰xxx⁰v,
1040 4245 1220 4311 indictione
1243 4245 1345 4329 VIII,
1375 4246 1505 4312 menser
1530 4245 1647 4327 Medii,
1678 4245 1731 4310 die
1754 4244 1846 4322 XVI,

135 4411 140 4420 .
195 4374 254 4438 per
276 4372 407 4415 manum
429 4349 569 4415 Romani
592 4352 699 4418 scribe
724 4352 895 4416 senatoris.

1000 4538 1042 4603 X.

306 4639 570 4735 lustramentum
591 4669 750 4733 Matthaei
772 4667 863 4732 Petri
884 4667 1014 4745 Iudicis,
1038 4667 1202 4731 Romanae
1223 4668 1368 4732 ccclesiae
1390 4669 1563 4746 scriniarii,
1586 4688 1646 4750 quo
1667 4669 1847 4732 iuramenta

119 4791 144 4830 a
196 4793 218 4836 o
239 4779 380 4838 senatore
401 4778 430 4837 ct
451 4771 642 4858 officialibus
664 4773 701 4837 de
721 4793 797 4853 pacc
819 4771 974 4835 servanda
990 4772 1151 4852 praestita
1174 4775 1315 4836 testatur.
1378 4775 1472 4852 1235,
1494 4773 1578 4836 Mai.
1602 4772 1760 4838 16-284.

276 4949 278 4954 ,
299 4910 325 4947 n.
338 4897 379 4948 16.
419 4896 484 4948 Cum
497 4894 625 4947 Pertrius
638 4900 753 4962 praeter
770 4893 881 4946 initium
898 4889 968 4944 nibil
985 4890 1040 4944 nisi
1056 4891 1166 4945 nornine
1185 4896 1210 4945 et
1227 4897 1310 4946 notas
1323 4892 1528 4960 cbronolopiccs
1541 4891 1728 4960 descripserit,
1745 4893 1847 4943 tratum

197 4981 293 5034 dumus
311 4997 345 5034 ex
367 4981 414 5046 H,
433 4979 481 5033 ubi
499 4987 587 5033 tannen
606 4980 703 5033 ultima
720 4979 894 5034 instrumenti
907 4993 980 5046 pars
997 4976 1081 5031 deest.

301 5222 323 5287 ¹)
342 5226 446 5276 Domini
463 5225 531 5276 deest
549 5243 591 5290 up.
610 5223 646 5275 H.
746 5221 770 5286 ¹³)
788 5222 871 5273 medio
890 5221 947 5288 Apl.
968 5219 1004 5270 H.
1106 5219 1127 5285 e)
1146 5221 1214 5272 tituli
1233 5221 1302 5272 deest
1318 5239 1360 5286 ap.
1381 5220 1416 5270 H.
1455 5233 1466 5248 ·
1513 5218 1537 5283 ⁶)
1555 5220 1582 5270 in
1601 5218 1793 5283 Transtyberim
1811 5215 1846 5266 Η.

195 5309 217 5376 ·)
236 5328 279 5377 ap.
298 5311 347 5362 H..-
363 5312 416 5376 ‘(ut
433 5312 506 5378 apud
524 5311 608 5379 Iioyn.
627 5313 703 5361 1235.
728 5308 772 5358 VI.
791 5309 836 5359 sed
854 5312 890 5358 50
908 5308 966 5357 libr.
984 5307 1045 5357 auri
1063 5304 1126 5371 [not.
1148 5305 1235 5372 100]’.
1315 5305 1339 5369 ‘)
1358 5307 1440 5358 medio
1459 5305 1494 5357 Η.

117 5430 144 5470 ⁴⁰
300 5429 453 5496 1)n.V11.
510 5430 538 5498 2)
557 5445 585 5482 n.
601 5427 688 5482 VIII.
745 5427 772 5496 3)
792 5427 869 5480 Nota
887 5423 1077 5492 chronolopicc
1096 5427 1177 5478 etium
1194 5424 1224 5475 in
1242 5423 1310 5492 liep.
1329 5423 1419 5478 deesse
1434 5423 1550 5478 videtur.
1587 5421 1646 5475 Pro
1663 5426 1736 5474 certo
1752 5415 1849 5474 baberi

192 5520 285 5590 potest
302 5513 353 5567 boc
371 5517 505 5568 statutum
523 5513 613 5568 eodem
631 5512 675 5566 die
693 5529 748 5583 quo
767 5528 883 5582 sequens
902 5511 1003 5564 editum
1020 5525 1088 5562 esse.
1157 5508 1185 5572 4)
1204 5508 1301 5562 Prima
1320 5507 1493 5562 instrumenti
1506 5526 1579 5579 pars
1596 5509 1702 5576 scripta
1720 5511 1759 5558 est
1778 5503 1848 5558 urai.

197 5605 239 5667 16,
258 5617 310 5670 quo
329 5599 374 5654 die
391 5603 544 5655 annotaret
561 5600 686 5654 nonnulli
709 5600 843 5668 officiales
866 5600 1043 5666 iurauerunt,
1065 5596 1171 5668 reliqua
1187 5594 1321 5652 adiuncta
1339 5599 1415 5664 sunt,
1438 5595 1549 5670 quando
1566 5596 1683 5668 quinque
1700 5598 1849 5647 ceterorum

196 5687 360 5764 officialium
377 5687 558 5746 iururnentam
576 5703 654 5742 sunm
668 5687 817 5764 praestitit.
