4494 6426
714 352 913 408 EPISTOLAE
930 353 1119 410 SELEGTAE.
1157 357 1231 410 1220.

936 653 1018 726 1u9.

258 762 446 856 Honorius
472 791 539 858 ΙΙΙ
561 813 652 873 popa
687 792 892 878 Rloynolclo]
923 794 1110 859 subdiacono
1145 794 1288 871 mandat,
1323 799 1358 859 at
1384 795 1604 884 [Conradnrn]
1629 799 1801 863 Motenscm

150 894 320 974 episcopum
342 897 518 974 conuenim,
545 915 665 976 ponnus
687 917 790 960 coram
812 899 909 962 oculis
930 899 1043 962 mentis
1064 898 1132 962 cias
1153 899 1480 964 excommunicationis
1503 904 1696 980 sententian,
1719 903 1803 983 qaod

149 1018 211 1062 non
232 999 408 1078 arripuerit
426 1000 691 1082 pncpoinutionis
712 1000 792 1076 itcr‚·
814 1001 857 1064 ael
877 1000 1091 1081 accipiendum
1104 1001 1310 1066 absolutionis
1331 1002 1510 1084 beneficium
1531 1025 1600 1068 cunt
1621 1005 1751 1070 inducat
1772 1010 1802 1069 ct

145 1102 331 1182 pracsertim
351 1102 532 1167 ocl‘terron
553 1104 725 1167 comitissae
747 1102 918 1167 diethildis
938 1103 1005 1167 sodi
1026 1104 1211 1184 apostolicae
1231 1105 1453 1187 rosignandm
1475 1107 1624 1175 bntctn

90 1213 101 1248 ⁵
1462 1212 1555 1291 1220,
1577 1213 1660 1294 Aap.
1683 1214 1714 1278 9.

251 1289 325 1344 noa.
344 1289 401 1343 111
415 1290 483 1359 neq.
506 1290 562 1343 Vol.
581 1290 642 1358 111,
663 1291 776 1358 s,·1;a.
800 1290 829 1353 u,
850 1293 891 1343 34.

250 1375 387 1439 Pottlrast,
406 1376 477 1447 Ray.
497 1379 578 1432 6327.

537 1572 582 1648 R.
611 1572 889 1647 subdiacono
919 1576 960 1644 ct
988 1571 1219 1663 capellano
1247 1577 1414 1647 nostre.

256 1721 465 1787 Presentium
503 1723 564 1786 tibi
597 1722 790 1787 auctoritate
822 1720 1032 1802 mandamus,
1066 1723 1217 1806 quatinus
1247 1771 1254 1786 .
1281 1774 1287 1788 .
1316 1722 1501 1788 Metensem
1533 1724 1724 1812 episcopum
1758 1747 1801 1790 ex

77 1847 101 1885 ιο
152 1832 243 1910 parte
267 1833 379 1892 nostra
397 1829 583 1907 convenias,
607 1849 733 1912 ponens
751 1848 859 1890 coram
877 1826 980 1890 oeulis
1004 1828 1123 1890 mentis
1146 1848 1204 1891 sue
1222 1828 1571 1892 excommunicationis
1595 1829 1801 1906 sententiam,

153 1949 214 2011 que
243 1929 305 1993 init
333 1931 366 1994 in
396 1951 510 1995 omnes
541 1930 785 2014 crucesignatos
809 1929 1014 2005 Alamannie,
1047 1937 1112 1993 tam
1137 1930 1275 1993 clericos
1300 1951 1397 2014 quam
1419 1931 1531 2010 laicos,
1554 1931 1608 2015 qui
1631 1953 1696 1996 non
1719 1933 1800 1996 arri-

153 2040 269 2116 perent
291 2034 565 2118 peregrinationis
589 2055 647 2098 sue
671 2035 734 2098 iter
756 2034 788 2096 in
805 2032 964 2097 Kalendis
981 2032 1061 2096 Maii
1076 2033 1226 2119 proximo
1243 2035 1420 2119 preteritis,
1443 2034 1659 2120 promulgata.
1704 2032 1799 2098 Unde

152 2157 223 2199 eum
246 2136 317 2222 ipse
340 2158 405 2201 non
429 2139 602 2224 arripuerit
625 2139 687 2202 iter
708 2139 742 2201 in
766 2138 905 2202 termino
929 2138 1116 2214 constituto,
1140 2137 1230 2201 dicas
1254 2137 1382 2218 eidem,
1404 2159 1464 2202 nos
1487 2137 1562 2202 ideo
1586 2137 1649 2201 sibi
1672 2144 1811 2201 nostras·

151 2239 277 2303 litteras
305 2261 371 2304 non
399 2241 543 2320 misisse,
572 2263 613 2306 ne
637 2263 831 2326 cogeremur
857 2242 889 2304 in
919 2241 984 2304 illis
1009 2241 1213 2304 salutationis
1245 2242 1410 2326 eloquium
1438 2240 1613 2306 subticere.
1658 2239 1711 2303 Ad
1737 2240 1798 2304 hec

154 2364 310 2428 suggeras
328 2344 386 2424 illi,
409 2349 445 2408 ut
460 2345 579 2425 videat,
604 2344 789 2409 consideret
812 2351 845 2410 et
868 2342 1025 2424 attendat,
1049 2345 1076 2407 si
1098 2365 1172 2408 eum
1190 2345 1364 2430 superbos
1381 2343 1656 2409 suacenscientia
1675 2364 1799 2408 remor-

152 2447 227 2512 deat
250 2454 283 2512 ct
305 2455 452 2526 accuset,
481 2455 518 2513 ut
545 2449 577 2512 in
601 2448 663 2512 hoc
688 2469 766 2512 casu
789 2470 809 2511 a
835 2455 868 2512 te
892 2448 953 2511 sibi
977 2449 1123 2533 postulet
1147 2446 1328 2511 seeundum
1351 2446 1487 2511 formam
1511 2447 1652 2511 ecclesie
1674 2446 1799 2511 benefi-

152 2551 235 2615 cium
258 2550 474 2615 absolutionis
499 2551 658 2638 impendi,
691 2572 878 2637 proponens
902 2571 976 2622 nos,
1007 2550 1158 2634 quicum
1186 2550 1353 2635 diligimus
1382 2549 1555 2614 affcctione
1586 2554 1739 2636 paterna,
1766 2547 1801 2612 id

152 2653 213 2717 sibi
236 2655 408 2717 consulere
432 2653 615 2734 bonafide,
639 2675 712 2718 cum
735 2654 767 2717 in
791 2674 905 2716 manus
929 2651 994 2716 Dei
1016 2653 1157 2716 viventis
1182 2653 1326 2718 incidere
1350 2653 1393 2717 sit
1415 2652 1600 2717 orrendum.
1647 2651 1741 2726 Quod
1770 2652 1872 2716 sinon.
1889 2677 1954 2722 rom.

151 2757 270 2822 dixerit
294 2777 392 2843 super
420 2756 482 2820 hoo
507 2777 542 2821 se
573 2758 676 2820 lesam
699 2756 934 2820 conscientiam
955 2777 1020 2820 non
1043 2755 1183 2836 habere,
1207 2763 1258 2820 set
1282 2762 1414 2842 propter
1436 2756 1545 2841 aliqua
1567 2754 1802 2842 impedimenta

153 2881 218 2925 non
240 2861 387 2946 potuisse
411 2861 474 2925 iter
497 2860 641 2946 arripere
665 2861 698 2923 in
722 2860 861 2923 termino
885 2860 1085 2945 supradicto,
1112 2881 1213 2945 seque
1236 2859 1363 2923 absolvi
1389 2860 1547 2936 noluerit,
1575 2859 1664 2924 dieas
1688 2860 1735 2939 ei,
1764 2865 1800 2922 ut

151 2969 293 3050 exponat
316 2963 410 3027 nobis
433 2961 668 3049 impedimenta
690 2983 749 3048 per
772 2963 898 3026 litteras
923 2984 1010 3042 suas,
1034 2983 1115 3047 quas
1139 2984 1199 3047 per
1221 2962 1304 3026 tales
1328 2961 1368 3026 ad
1398 2983 1457 3026 nos
1481 2961 1612 3028 studeat
1634 2963 1798 3028 destinare

149 3088 323 3153 personas,
357 3088 416 3152 per
446 3087 526 3151 quas
557 3087 655 3151 super
682 3065 745 3129 hiis
774 3066 947 3130 certificari
970 3066 1133 3151 possimus
1158 3072 1192 3129 et
1216 3087 1346 3130 omnem
1370 3086 1389 3128 a
1413 3064 1510 3130 eorde
1533 3073 1646 3131 nostro
1669 3067 1798 3131 dubita-

150 3171 248 3236 tionis
283 3170 470 3256 scrupulum
502 3189 683 3233 removere.
729 3168 778 3232 Tu
801 3175 927 3248 tamen,
955 3169 1116 3232 licethoc
1141 3168 1238 3233 ducat
1261 3169 1398 3234 forsitan
1421 3169 1617 3255 eligendum,
1642 3176 1798 3256 exparte

150 3281 261 3338 nostra
289 3294 353 3338 non
384 3294 494 3336 cesses
522 3273 570 3336 illi
601 3273 789 3348 consulere,
824 3273 908 3357 quod
933 3273 1174 3337 absolutionem
1197 3274 1346 3359 accipere
1369 3294 1434 3337 non
1458 3274 1602 3354 omittat,
1627 3280 1661 3337 et
1684 3274 1712 3337 si
1735 3273 1799 3337 tuis

74 3393 86 3429 ὲ
152 3399 250 3464 super
271 3377 333 3441 hoc
357 3376 559 3461 acquieverit
581 3375 737 3450 consiliis,
761 3376 792 3439 ei
815 3376 1008 3440 auctoritate
1032 3383 1143 3440 nostra
1166 3378 1258 3440 iuxta
1280 3376 1416 3442 formam
1437 3377 1580 3442 ecclesie
1603 3375 1799 3441 beneficium

150 3479 366 3544 absolutionis
397 3477 577 3564 impendas.
623 3478 718 3542 Licet
748 3485 857 3542 autern
886 3479 941 3542 ille
973 3479 1190 3543 absolutionis
1223 3479 1382 3545 beneficio
1414 3501 1480 3544 non
1503 3480 1636 3545 obtento
1661 3478 1799 3565 impedi·

150 3590 260 3648 menta
282 3582 377 3647 nobis
401 3582 484 3647 forte
507 3581 638 3646 duxerit
660 3581 881 3660 rescribenda,
905 3602 969 3645 non
987 3587 1095 3646 tamen
1112 3582 1268 3662 dimittas,
1292 3585 1370 3668 quin
1385 3585 1545 3648 instanter
1564 3589 1656 3669 petas
1679 3589 1799 3646 terram

152 3686 317 3750 comitisse
334 3684 481 3749 Matildis
505 3685 565 3748 tibi
588 3684 718 3748 nomine
742 3691 853 3748 nostro
877 3691 910 3747 et
934 3685 1074 3749 ecclesie
1094 3684 1241 3749 Romane
1267 3684 1446 3750 secundum
1461 3685 1650 3750 mandatum
1673 3685 1799 3769 regium

149 3789 281 3853 interim
314 3789 486 3873 assignari.
533 3786 619 3850 Sanc
644 3785 798 3871 quicquid
829 3807 928 3872 super
955 3786 1017 3850 hoe
1049 3787 1233 3866 inveneris,
1267 3795 1324 3852 aut
1356 3788 1461 3853 dictus
1484 3787 1644 3853 Metensis
1673 3787 1799 3867 iecerit,

73 3906 99 3944 ³0
152 3890 358 3978 responderit
380 3897 437 3955 aut
460 3889 591 3968 dixerit,
616 3896 719 3953 totum
742 3891 836 3954 nobis
859 3912 919 3975 per
943 3911 1111 3955 cursorem
1134 3900 1279 3956 nostrum
1302 3892 1373 3956 sine
1396 3912 1488 3956 mora
1509 3891 1683 3956 rescribas.

257 3993 333 4058 Dat.
356 3993 443 4080 apud
465 3992 747 4074 Urbemvctercm,
770 3994 803 4057 V
825 3993 903 4056 Idus
926 3994 1012 4078 Aug.
1036 4014 1120 4058 anno
1144 3995 1266 4078 quinto.

771 4258 1091 4266 ΜΨ...
1098 4259 1174 4266 ---.

939 4519 1021 4594 130.

262 4632 448 4728 Honorias
461 4660 622 4742 IIIpapa
637 4661 774 4725 leborini
791 4661 858 4743 rapi
872 4659 1158 4746 Hierosolymitano
1171 4659 1228 4724 sub
1243 4656 1454 4721 anathematis
1459 4674 1564 4734 poclm
1574 4655 1801 4719 districtissimo

151 4769 281 4847 istlribcl,
315 4786 354 4830 na
387 4766 442 4830 boc
475 4769 608 4846 ternpore
633 4763 836 4844 aliquatenus
869 4785 961 4828 uruca
988 4765 1105 4826 nouom
1135 4765 1245 4827 contra
1266 4761 1420 4824 Armenes
1452 4761 1508 4821 ant
1542 4757 1693 4838 quoslibet
1720 4758 1801 4821 alios

154 4871 361 4938 Cbristianos.
1438 4863 1533 4940 1220,
1554 4862 1638 4942 Aup.
1662 4864 1713 4926 11.

73 5006 100 5046 ss
255 4990 329 5044 Hon.
347 4988 405 5043 ΙΙΙ
421 4989 490 5059 Ray.
512 4987 575 5041 Lib.
598 4987 629 5050 V,
646 4991 691 5041 20.
727 4985 848 5040 Edirnns
866 5000 900 5038 aa
918 4984 1008 5054 Rapa.
1026 4985 1097 5038 Ana.
1116 4985 1177 5037 eccl.
1196 5001 1222 5037 a.
1242 4986 1321 5050 1220,
1339 4985 1355 5046 §
1375 4985 1492 5036 55-56.

253 5075 389 5140 Parnon,
408 5073 479 5145 Ray.
498 5076 579 5128 6329.

521 5266 711 5342 Iohanni
737 5265 834 5358 regi
861 5265 1222 5340 lerosclimitano
1249 5263 1433 5337 illustri.

262 5417 457 5483 Audivimus
479 5425 513 5483 tc
537 5417 717 5482 secessisse
740 5413 930 5500 apartibus
953 5411 1105 5477 Damiate
1129 5418 1163 5476 et
1185 5411 1227 5475 ad
1250 5411 1415 5476 civitatem
1431 5408 1544 5473 Accon
1567 5406 1713 5471 collectis
1737 5405 1801 5470 tuis

154 5521 277 5588 viribus
300 5523 498 5598 accessisse;
521 5520 607 5607 quod
630 5521 658 5585 si
681 5541 720 5585 eo
743 5519 911 5605 proposito
935 5523 968 5582 et
984 5515 1246 5614 consideratione
1269 5513 1386 5593 fecisti,
1409 5518 1445 5577 ut
1466 5530 1667 5598 paganorum
1691 5515 1801 5594 partes

76 5647 102 5700 a
153 5625 227 5690 illas
250 5625 475 5700 infestantium
497 5623 681 5691 incursibus
704 5622 818 5688 obvies
841 5629 875 5687 et
897 5627 1033 5686 conatus
1058 5617 1176 5696 elidas,
1206 5624 1295 5682 tuam
1318 5613 1583 5683 commendamus
1604 5612 1639 5676 in
1660 5611 1802 5676 Domino
