4590 6366
1034 349 1082 406 EX
1102 348 1277 404 uaucouss
1295 349 1334 405 lx
1352 350 1533 406 eucissus

1241 647 1328 719 695.

558 762 749 874 Gregorius
764 789 820 854 IX
831 810 917 870 papo
931 788 1080 873 [Iacobo]
1102 788 1242 869 episcopo
1256 786 1464 852 Praenestino
1486 787 1624 865 maudiut,
1647 791 1682 850 ut
1703 787 1731 850 si
1753 787 1788 850 in
1805 787 1901 852 caria
1918 783 2130 866 inperatore

445 915 601 977 praesens
618 894 737 979 suerit,
769 893 955 958 detractores
984 893 1126 957 ccclesiae
1156 892 1311 969 revincat,
1344 893 1396 956 siu
1424 913 1495 956 ocra
1523 891 1635 955 ibidem
1662 891 1768 955 adesse
1796 912 1862 956 aon
1887 891 2013 970 possit,
2043 889 2129 952 banc

453 999 695 1065 solticitudinem
706 998 870 1082 [Gnatae]
884 998 1024 1078 episcopo
1034 995 1204 1060 Brioiensi
1219 996 1267 1060 oet
1280 995 1467 1081 G[reporio]
1479 995 1667 1060 nrbdiacorro
1681 996 1791 1060 atiisoc
1806 996 1971 1076 imponat;
1987 993 2088 1056 mittit
2098 993 2129 1054 ei

453 1103 581 1184 scripto,
603 1103 640 1165 in
662 1101 774 1182 quibas
795 1100 985 1183 probamina
1007 1099 1143 1164 corlenis
1164 1098 1254 1179 raoni
1270 1097 1400 1163 Siciliae
1415 1102 1445 1162 ct
1459 1098 1646 1182 quibasdam
1667 1099 1744 1162 atiis
1765 1098 1858 1162 illata
1882 1097 2125 1164 cmdirrcaatrrr.

1748 1203 1841 1280 1236,
1865 1201 1952 1283 Aua.
1979 1203 2032 1263 17.
2184 1223 2195 1262 s

557 1289 640 1361 (ἔτερ.
659 1290 710 1344 IX
725 1289 793 1360 ch.
819 1288 873 1343 Vol.
895 1287 928 1356 V,
946 1291 1016 1354 186,·
1034 1287 1098 1342 Lib.
1116 1287 1154 1352 X,
1173 1289 1234 1341 195.

557 1375 693 1441 Poetae,
712 1375 781 1444 Rea.
801 1374 872 1428 aaa.
891 1376 917 1439 1,
935 1375 1186 1429 rorare-acras.

847 1645 886 1663 ..
915 1588 1130 1680 episcopo
1158 1587 1449 1676 penestrina,
1477 1589 1726 1680 apostolice

1124 1708 1249 1781 sedis
1275 1710 1438 1801 legato.

561 1857 710 1931 Qualiter
742 1880 839 1945 super
869 1859 1002 1943 negotio
1034 1857 1231 1922 Lombardie
1262 1856 1507 1922 venerabilibus
1538 1856 1694 1921 iratribus
1721 1857 1842 1921 nostris
1876 1904 1916 1923 ..
1948 1856 2114 1921 Mediola-
2168 1889 2189 1926 a

453 1963 570 2028 nensi²
593 1969 626 2028 et
649 2015 655 2029 .
676 2011 683 2027 .
706 1962 916 2028 Ravennati²
946 1961 1202 2047 archiepiscopis
1233 1966 1267 2026 et
1300 1961 1516 2045 suffraganeis
1546 1981 1658 2025 eorum
1683 1959 1895 2038 scribamus³,
1925 1959 1960 2022 in
1984 1960 2118 2040 litteris,

453 2088 533 2152 quas
557 2067 598 2132 ad
626 2088 683 2131 eos
714 2066 898 2152 dirigimus,
932 2065 1044 2130 videre
1074 2065 1199 2152 poteris
1230 2064 1409 2129 evidenter.
1462 2063 1616 2129 Ceterum
1651 2064 1691 2129 de
1720 2072 1776 2128 tue
1808 2065 2117 2151 circumspectionis

453 2171 629 2258 prudentia
652 2191 744 2258 spem
768 2178 891 2235 certam
914 2177 947 2234 ct
969 2169 1185 2234 indubitatam
1213 2168 1366 2232 fiduciam
1396 2167 1582 2232 obtinentes
1614 2189 1799 2254 speramus,
1827 2168 1926 2231 immo
1951 2168 2118 2253 probabili

453 2275 699 2362 presumptione
724 2281 892 2354 tenemus,
921 2272 1006 2358 quod
1030 2293 1104 2336 cum
1126 2273 1272 2357 linguam
1295 2271 1354 2335 tibi
1378 2271 1507 2336 dederit
1529 2270 1691 2334 Dominus
1723 2269 1883 2335 eruditam
1911 2292 1973 2335 nec
2007 2272 2053 2336 sit
2084 2273 2117 2336 iu

297 2411 317 2460 2,
331 2406 386 2450 rim.
400 2413 440 2460 ep.
452 2400 508 2444 ore
526 2385 582 2443 tuo
597 2377 734 2443 verbum
749 2377 881 2443 Domini
898 2377 1078 2462 alligatum,
1101 2382 1138 2440 ut
1154 2376 1239 2440 scias
1256 2373 1511 2439 contradictores
1530 2375 1709 2455 revincere,
1733 2373 1760 2437 si
1777 2374 1810 2437 in
1834 2373 1925 2438 curia
1950 2375 2116 2439 carissimi
2168 2404 2189 2442 n

453 2483 487 2546 in
510 2480 641 2546 Christo
664 2481 724 2545 filii
746 2483 851 2546 nostri
871 2480 1031 2546 Friderici
1055 2485 1116 2545 etc.
1140 2500 1277 2565 presens
1300 2479 1417 2559 fueris,
1449 2479 1558 2542 omnia
1582 2477 1693 2542 divina
1714 2477 1821 2562 gratia
1845 2478 2052 2563 suffragante
2076 2477 2117 2543 ad

452 2585 611 2650 honorem
634 2584 698 2650 Dei
729 2591 763 2650 et
794 2584 933 2649 ecclesie
964 2605 1002 2647 ac
1032 2584 1153 2649 bouum
1182 2587 1302 2646 statum
1333 2581 1463 2667 imperii
1492 2581 1690 2646 discretione
1718 2602 1756 2645 ac
1785 2581 1973 2645 maturitate
2000 2582 2118 2668 previa

453 2689 677 2775 prosequaris.
724 2687 757 2752 Si
773 2709 851 2752 vero
868 2708 947 2752 casu
970 2687 1079 2772 aliquo
1103 2687 1137 2749 in
1161 2683 1276 2749 eadem
1301 2685 1391 2748 curia
1413 2691 1446 2749 te
1470 2685 1644 2770 contigerit
1667 2706 1732 2749 non
1754 2685 1882 2764 adesse,
1905 2706 1948 2749 ne
1964 2684 2121 2750 Romana

459 2791 602 2856 ecclesia
633 2791 827 2855 inexcusata
861 2796 1045 2870 remaneat,
1081 2809 1177 2873 quam
1211 2808 1321 2854 rerum
1355 2794 1523 2872 gestarum
1561 2788 1683 2852 veritas
1724 2787 1925 2852 sufficienter
1964 2795 2118 2868 excusat,

453 2893 636 2958 venerabili
658 2894 750 2957 fratri
766 2900 878 2958 nostro
895 2893 1062 2958 Brixiensi
1086 2893 1241 2979 episcopo
1264 2914 1324 2956 seu
1347 2891 1468 2956 dilecto
1492 2892 1559 2955 filio
1587 2889 1625 2957 G.
1644 2891 1842 2956 subdiacono
1871 2897 1906 2956 et
1936 2893 2114 2977 capellano
2166 2918 2191 2957 ro

453 3002 583 3076 nostro,
614 2995 730 3081 quibus
754 3017 854 3081 super
878 2995 941 3060 hoc
969 2995 1142 3080 dirigimus
1172 2997 1294 3082 scripta
1324 2996 1468 3074 nostra⁴‚
1497 2995 1550 3058 vel
1585 2995 1683 3058 alicui
1705 2994 2033 3080 archiepiscoporum
2056 3017 2118 3061 seu

455 3098 735 3183 suffraganeorum
764 3100 923 3186 ipsorum,
952 3104 1049 3185 prout
1077 3099 1182 3183 magis
1213 3098 1370 3184 expedire
1397 3097 1533 3178 videris,
1568 3119 1642 3162 cum
1674 3096 1851 3162 eorundem
1887 3098 2117 3187 archiepisco-

453 3222 569 3289 porum
605 3209 638 3266 et
666 3202 946 3288 suffraganeorum
977 3201 1113 3267 consilio
1144 3200 1396 3266 sollicitudinem
1434 3200 1620 3265 huiusmodi
1642 3201 1763 3266 laboris
1786 3201 1952 3287 imponam
1982 3204 2118 3288 proviso

454 3305 634 3393 prudenter
661 3313 697 3370 ut
724 3305 752 3370 si
782 3307 817 3370 in
846 3313 973 3370 tantum
1005 3306 1169 3371 ebullierit
1198 3306 1381 3389 aliquorum
1409 3307 1592 3391 procacitas
1616 3304 1852 3386 detractorum,
1885 3306 1973 3389 quod
2006 3307 2118 3371 dictus

454 3412 632 3496 imperator
654 3411 706 3474 vel
730 3411 780 3474 sui
803 3416 926 3495 aperte,
951 3408 1035 3493 quod
1059 3430 1125 3472 non
1150 3408 1331 3486 credimus,
1354 3410 1387 3472 in
1410 3409 1648 3474 detractionem
1672 3409 1813 3474 ecclesie
1837 3410 2033 3494 aperuerint
2057 3433 2116 3475 cra
2168 3432 2193 3471 rs

455 3533 530 3593 sua,
563 3518 600 3576 ut
630 3511 869 3578 detractionum
898 3513 1014 3577 iaculis
1038 3513 1128 3577 velut
1160 3512 1261 3576 silicis
1288 3514 1341 3577 vel
1370 3513 1551 3578 adamantis
1581 3513 1741 3592 illisione,
1777 3511 1932 3577 videlicet
1960 3515 2117 3579 veritatis

454 3615 598 3692 ratione,
628 3616 789 3696 retunsis,
818 3617 943 3701 puritas
967 3616 1108 3680 ecclesie
1133 3615 1251 3680 clarius
1280 3616 1455 3696 enitescat,
1487 3617 1646 3701 inspectis
1671 3615 1802 3702 scriptis
1826 3621 1859 3680 et
1881 3616 2019 3696 litteris,
2051 3639 2117 3703 que

453 3738 559 3803 nuper
582 3717 749 3783 devotioni
773 3725 828 3783 tue
852 3719 1093 3783 transmisimus
1118 3725 1150 3784 et
1174 3741 1236 3804 que
1260 3719 1321 3783 tibi
1345 3719 1405 3783 sub
1428 3719 1518 3783 hulla
1541 3726 1653 3783 nostra
1676 3719 1836 3783 mittimus
1859 3719 2057 3801 interclusa,
2081 3723 2117 3786 iu

454 3821 571 3907 quibus
594 3823 784 3906 gravamina
806 3822 898 3886 illata
922 3822 1071 3887 ecclesiis
1095 3829 1129 3887 et
1150 3823 1300 3910 personis
1331 3823 1565 3888 ecclesiasticis
1593 3823 1686 3908 regui
1712 3821 1824 3887 Sicilie
1852 3821 1885 3887 et
1914 3823 2117 3908 quibusdam

453 3923 526 3987 aliis
550 3925 789 4006 continenturll,
812 3945 949 4009 quorum
973 3925 1111 4010 quedam
1135 3926 1314 3991 secundum
1336 3926 1475 3991 formam
1498 3927 1588 4012 pacis
1611 3927 1697 3990 iuter
1712 3924 1852 3991 eundem
1874 3926 2113 4011 imperatorem
2168 3957 2194 3995 sc

454 4034 488 4091 et
509 4030 684 4093 ecclesiam
706 4029 910 4094 reformate⁶
933 4029 1017 4094 infra
1034 4038 1101 4095 tres
1124 4051 1256 4095 menses
1271 4051 1290 4094 a
1306 4037 1452 4115 tempore
1469 4028 1554 4094 tacte
1570 4029 1770 4108 monitionis,
1793 4029 1821 4092 si
1837 4035 1927 4093 esset
1946 4031 1980 4093 in
1996 4052 2115 4117 regno,

454 4137 488 4195 et
512 4137 606 4195 extra
627 4153 766 4216 regnum
788 4133 821 4196 in
844 4132 955 4197 Ytalia
977 4135 1061 4198 inira
1084 4142 1238 4220 quatuor,
1269 4156 1307 4199 ac
1339 4142 1434 4199 extra
1455 4133 1601 4198 Ytaliam
1623 4133 1708 4196 inira
1730 4133 1871 4218 quinque
1895 4155 2031 4200 menses
2055 4137 2114 4201 de-

452 4233 569 4298 buerat
593 4255 783 4314 revocasse,
808 4241 840 4300 et
864 4237 893 4300 si
917 4238 1057 4301 monitus
1081 4237 1165 4302 inira
1188 4245 1327 4302 statutos
1350 4236 1508 4302 terminos
1539 4236 1729 4330 huiusmodi
1751 4256 1815 4300 uon
1843 4247 2015 4303 revocaret
2039 4263 2116 4327 gra-

453 4357 588 4413 vamen,
612 4337 794 4402 incurreret
817 4345 938 4402 certam
962 4361 1090 4426 penam,
1115 4341 1203 4406 omni
1226 4342 1353 4406 cautele
1378 4340 1486 4405 studio
1511 4346 1544 4405 et
1567 4340 1736 4426 diligentie
1758 4341 1947 4406 maturitate
1971 4346 2115 4410 servatis

455 4461 494 4505 ac
524 4440 762 4504 deliberatione
792 4442 965 4527 prehabito
994 4444 1159 4530 diligenti,
1189 4446 1217 4510 si
1245 4467 1327 4532 opus
1354 4444 1454 4510 fuerit
1483 4451 1517 4509 et
1539 4465 1658 4529 magna
1680 4443 1860 4509 necessitas
1883 4442 1916 4507 id
1939 4447 2141 4530 exposcat,'
2169 4474 2195 4512 ss

455 4543 564 4607 omnia
579 4542 781 4608 deducantur
803 4547 837 4609 in
852 4545 1007 4626 medium,
1031 4553 1065 4612 et
1088 4549 1228 4634 qualiter
1251 4548 1332 4614 tides
1350 4548 1423 4613 Dec
1441 4554 1474 4613 et
1489 4549 1630 4614 ecclesie
1647 4548 1690 4612 sit
1706 4553 1845 4626 servata,
1868 4549 1902 4612 iu
1918 4552 2114 4616 excusatio-

454 4665 529 4708 nem
554 4646 696 4711 ecclesie
720 4655 929 4733 proponatur.
974 4649 1024 4714 Tu
1047 4672 1125 4716 vero
1149 4658 1313 4737 tamquam
1336 4653 1386 4716 vir
1408 4652 1538 4716 virtutis
1562 4657 1596 4716 et
1618 4651 1723 4736 gratie
1747 4651 1793 4716 sic
1816 4651 1916 4716 verbo
1945 4659 1980 4717 et
2009 4675 2114 4739 opere

455 4768 528 4811 cum
551 4751 789 4833 protestatione
813 4751 893 4816 iuris
917 4759 950 4816 et
972 4753 1106 4817 honoris
1129 4753 1258 4839 imperii
1282 4754 1423 4819 discrete
1454 4776 1492 4819 ac
1523 4755 1761 4840 circumspecte
1792 4761 1824 4819 te
1852 4754 1992 4838 habeas,
2025 4758 2115 4843 quod

453 4851 544 4915 nulla
567 4852 759 4917 exactibus
783 4854 847 4917 tuis
870 4855 975 4940 possit
1003 4860 1116 4919 contra
1139 4857 1312 4922 ecclesiam
1335 4859 1424 4922 iusta
1446 4859 1575 4923 occasio
1599 4857 1811 4923 detractionis
1842 4859 1976 4922 assumi.
2025 4860 2114 4926 Con-

453 4955 583 5021 fidimus
606 4962 716 5021 autem
739 4957 773 5021 in
795 4956 936 5024 Domino
960 4965 994 5024 et
1015 4959 1050 5022 in
1072 4961 1221 5045 potentia
1243 4962 1372 5026 virtutis
1397 4963 1468 5027 eius
1492 4982 1676 5047 speramus,
1701 4960 1787 5047 quod
1811 4981 1850 5025 eo
1873 4983 2010 5046 gressus
2036 4971 2113 5030 tuos

296 5076 441 5130 sunium.
452 5058 594 5125 feliciter
616 5059 777 5145 dirigente
801 5063 848 5126 sic
865 5064 918 5126 via
940 5063 1033 5147 regia
1048 5063 1198 5128 studebis
1214 5064 1378 5146 incedere,
1402 5065 1489 5151 quod
1501 5065 1574 5131 Deo
1589 5065 1631 5130 ad
1646 5065 1793 5151 gloriam,
1817 5064 1856 5129 ad
1872 5067 2115 5134 exaltationem

454 5163 594 5228 ecclesie
619 5169 652 5228 et
674 5163 715 5228 ad
739 5164 897 5229 honorem
918 5165 1058 5230 nominis
1082 5167 1130 5231 tui
1153 5167 1259 5235 cedet.

559 5283 636 5348 Dat.
658 5283 775 5363 Reate,
798 5284 881 5350 XVI
903 5284 979 5350 Kal.
1005 5284 1219 5372 Septembris,
1243 5290 1452 5375 pontificatus
1475 5291 1578 5356 nostri
1601 5311 1685 5355 anuo
1708 5289 1752 5354 X.

555 5542 582 5609 1)
598 5542 746 5597 Wribclmoa
815 5543 845 5610 a)
868 5542 1039 5599 lbeodcrico.
1114 5546 1141 5613 3)
1159 5564 1186 5600 a.
1207 5550 1269 5602 699.
1338 5549 1366 5614 4)
1384 5564 1412 5601 rc.
1432 5550 1488 5602 696
1505 5549 1531 5602 ct
1550 5550 1614 5602 698.
1677 5547 1707 5615 b)
1727 5564 1754 5604 a.
1769 5551 1834 5602 700.
1896 5547 1924 5618 6)
1946 5547 1992 5618 Of.
2004 5549 2118 5608 litteras

447 5629 610 5699 principum
627 5629 737 5700 imperii
754 5647 779 5685 a.
798 5630 1204 5701 1230‚1at.23dotos;LL.
1223 5642 1240 5691 t.
1260 5636 1303 5701 ΙΙ,
1317 5653 1347 5706 p.
1366 5639 1433 5690 270.
2169 5646 2196 5686 ⁴³
