<?xml version="1.0" encoding="UTF-8"?>
<!DOCTYPE html PUBLIC "-//W3C//DTD XHTML 1.0 Transitional//EN"
    "http://www.w3.org/TR/xhtml1/DTD/xhtml1-transitional.dtd">
<html xmlns="http://www.w3.org/1999/xhtml" xml:lang="en" lang="en">
 <head>
  <title>
</title>
<meta http-equiv="Content-Type" content="text/html;charset=utf-8" />
  <meta name='ocr-system' content='tesseract 3.04.00' />
  <meta name='ocr-capabilities' content='ocr_page ocr_carea ocr_par ocr_line ocrx_word'/>
</head>
<body>
  <div class='ocr_page' id='page_1' title='image "./monumentagerman00peipgoog/monumentagerman00peipgoog_0036.png"; bbox 0 0 4538 6426; ppageno 0'>
   <div class='ocr_carea' id='block_1_1' title="bbox 745 367 1826 439">
    <p class='ocr_par' dir='ltr' id='par_1_1' title="bbox 745 367 1826 439">
     <span class='ocr_line' id='line_1_1' title="bbox 745 367 1826 439; baseline 0.011 -13"><span class='ocrx_word' id='word_1_1' title='bbox 745 369 944 427; x_wconf 79' lang='lat' dir='ltr'>EPISTOLAE</span> <span class='ocrx_word' id='word_1_2' title='bbox 962 367 1152 429; x_wconf 80' lang='lat' dir='ltr'><strong>SELEC&#39;I&#39;AE.</strong></span> <span class='ocrx_word' id='word_1_3' title='bbox 1188 371 1262 428; x_wconf 71' lang='lat'>1217.</span> <span class='ocrx_word' id='word_1_4' title='bbox 1375 383 1376 388; x_wconf 77' lang='grc'>’</span> <span class='ocrx_word' id='word_1_5' title='bbox 1788 377 1826 439; x_wconf 88' lang='grc'><strong>13</strong></span> 
     </span>
    </p>
   </div>
   <div class='ocr_carea' id='block_1_2' title="bbox 981 554 1038 628">
    <p class='ocr_par' dir='ltr' id='par_1_2' title="bbox 981 554 1038 628">
     <span class='ocr_line' id='line_1_2' title="bbox 981 554 1038 628; baseline 0.07 -4"><span class='ocrx_word' id='word_1_6' title='bbox 981 554 1038 628; x_wconf 92' lang='grc'><strong>16.</strong></span> 
     </span>
    </p>
   </div>
   <div class='ocr_carea' id='block_1_3' title="bbox 176 674 1827 993">
    <p class='ocr_par' dir='ltr' id='par_1_3' title="bbox 176 674 1827 993">
     <span class='ocr_line' id='line_1_3' title="bbox 284 674 1827 784; baseline -0.004 -14"><span class='ocrx_word' id='word_1_7' title='bbox 284 674 472 771; x_wconf 74' lang='lat' dir='ltr'><strong>Honoras</strong></span> <span class='ocrx_word' id='word_1_8' title='bbox 502 700 568 766; x_wconf 86' lang='lat'><strong>111</strong></span> <span class='ocrx_word' id='word_1_9' title='bbox 590 720 677 782; x_wconf 80' lang='lat' dir='ltr'><strong>papa</strong></span> <span class='ocrx_word' id='word_1_10' title='bbox 698 698 881 780; x_wconf 81' lang='lat' dir='ltr'><strong>praeposito</strong></span> <span class='ocrx_word' id='word_1_11' title='bbox 909 703 939 762; x_wconf 84' lang='lat' dir='ltr'><strong>ct</strong></span> <span class='ocrx_word' id='word_1_12' title='bbox 968 701 1104 780; x_wconf 80' lang='lat' dir='ltr'><strong>capitulo</strong></span> <span class='ocrx_word' id='word_1_13' title='bbox 1137 699 1319 766; x_wconf 65' lang='lat' dir='ltr'><strong>&amp;amimea</strong></span> <span class='ocrx_word' id='word_1_14' title='bbox 1346 701 1518 767; x_wconf 77' lang='lat' dir='ltr'><strong>libertatem</strong></span> <span class='ocrx_word' id='word_1_15' title='bbox 1547 723 1642 784; x_wconf 80' lang='lat' dir='ltr'><strong>quam</strong></span> <span class='ocrx_word' id='word_1_16' title='bbox 1664 701 1827 783; x_wconf 69' lang='lat' dir='ltr'><strong>principes</strong></span> 
     </span>
     <span class='ocr_line' id='line_1_4' title="bbox 176 802 1738 884; baseline 0.001 -16"><span class='ocrx_word' id='word_1_17' title='bbox 176 806 351 870; x_wconf 75' lang='lat' dir='ltr'><strong><em>saeculares</em></strong></span> <span class='ocrx_word' id='word_1_18' title='bbox 371 805 413 869; x_wconf 81' lang='lat' dir='ltr'><strong>iis</strong></span> <span class='ocrx_word' id='word_1_19' title='bbox 436 803 624 868; x_wconf 72' lang='lat' dir='ltr'><strong><em>contulerint</em></strong></span> <span class='ocrx_word' id='word_1_20' title='bbox 645 802 820 884; x_wconf 68' lang='lat' dir='ltr'><strong>confirment.</strong></span> <span class='ocrx_word' id='word_1_21' title='bbox 1444 807 1540 884; x_wconf 85' lang='lat'><strong><em>1217,</em></strong></span> <span class='ocrx_word' id='word_1_22' title='bbox 1561 805 1663 870; x_wconf 85' lang='lat' dir='ltr'><strong>Mart.</strong></span> <span class='ocrx_word' id='word_1_23' title='bbox 1688 805 1738 869; x_wconf 88' lang='lat'><strong>15.</strong></span> 
     </span>
     <span class='ocr_line' id='line_1_5' title="bbox 279 922 725 993; baseline -0.009 -15"><span class='ocrx_word' id='word_1_24' title='bbox 279 923 353 978; x_wconf 64' lang='lat' dir='ltr'><strong>uon</strong></span> <span class='ocrx_word' id='word_1_25' title='bbox 371 923 429 978; x_wconf 87' lang='lat'><strong>111</strong></span> <span class='ocrx_word' id='word_1_26' title='bbox 445 922 515 993; x_wconf 70' lang='lat' dir='ltr'><strong><em>Rey.</em></strong></span> <span class='ocrx_word' id='word_1_27' title='bbox 533 922 595 976; x_wconf 77' lang='lat' dir='ltr'><strong>aa</strong></span> <span class='ocrx_word' id='word_1_28' title='bbox 614 922 640 980; x_wconf 87' lang='lat'><strong>1.</strong></span> <span class='ocrx_word' id='word_1_29' title='bbox 660 923 725 975; x_wconf 84' lang='lat'><strong><em>330.</em></strong></span> 
     </span>
    </p>
   </div>
   <div class='ocr_carea' id='block_1_4' title="bbox 549 1115 1445 1209">
    <p class='ocr_par' dir='ltr' id='par_1_4' title="bbox 549 1115 1445 1209">
     <span class='ocr_line' id='line_1_6' title="bbox 549 1115 1445 1209; baseline 0.003 -18"><span class='ocrx_word' id='word_1_30' title='bbox 549 1173 558 1191; x_wconf 91' lang='lat'><strong>.</strong></span> <span class='ocrx_word' id='word_1_31' title='bbox 588 1173 597 1190; x_wconf 91' lang='lat'><strong>.</strong></span> <span class='ocrx_word' id='word_1_32' title='bbox 624 1115 860 1209; x_wconf 86' lang='lat' dir='ltr'><strong>preposito</strong></span> <span class='ocrx_word' id='word_1_33' title='bbox 890 1119 932 1188; x_wconf 84' lang='lat' dir='ltr'><strong>et</strong></span> <span class='ocrx_word' id='word_1_34' title='bbox 958 1115 1153 1207; x_wconf 83' lang='lat' dir='ltr'><strong>capitulo</strong></span> <span class='ocrx_word' id='word_1_35' title='bbox 1181 1117 1445 1194; x_wconf 85' lang='lat' dir='ltr'><strong>Caminensi.</strong></span> 
     </span>
    </p>
   </div>
   <div class='ocr_carea' id='block_1_5' title="bbox 114 1265 1827 1767">
    <p class='ocr_par' dir='ltr' id='par_1_5' title="bbox 114 1265 1827 1663">
     <span class='ocr_line' id='line_1_7' title="bbox 114 1265 1827 1356; baseline 0.004 -29"><span class='ocrx_word' id='word_1_36' title='bbox 114 1291 126 1327; x_wconf 78' lang='lat' dir='ltr'><strong>e</strong></span> <span class='ocrx_word' id='word_1_37' title='bbox 284 1265 367 1331; x_wconf 78' lang='lat' dir='ltr'><strong>Cum</strong></span> <span class='ocrx_word' id='word_1_38' title='bbox 390 1287 410 1331; x_wconf 93' lang='lat' dir='ltr'><strong>a</strong></span> <span class='ocrx_word' id='word_1_39' title='bbox 432 1266 527 1331; x_wconf 89' lang='lat' dir='ltr'><strong>nobis</strong></span> <span class='ocrx_word' id='word_1_40' title='bbox 549 1266 671 1352; x_wconf 90' lang='lat' dir='ltr'><strong>petitur</strong></span> <span class='ocrx_word' id='word_1_41' title='bbox 694 1270 756 1330; x_wconf 87' lang='lat' dir='ltr'><strong>etc.</strong></span> <span class='ocrx_word' id='word_1_42' title='bbox 779 1285 901 1350; x_wconf 87' lang='lat' dir='ltr'><strong>usque:</strong></span> <span class='ocrx_word' id='word_1_43' title='bbox 925 1285 1074 1329; x_wconf 87' lang='lat' dir='ltr'><strong>assensu.</strong></span> <span class='ocrx_word' id='word_1_44' title='bbox 1124 1266 1326 1333; x_wconf 80' lang='lat' dir='ltr'><strong>Libertatem</strong></span> <span class='ocrx_word' id='word_1_45' title='bbox 1356 1289 1452 1353; x_wconf 87' lang='lat' dir='ltr'><strong>quam</strong></span> <span class='ocrx_word' id='word_1_46' title='bbox 1474 1269 1639 1356; x_wconf 81' lang='lat' dir='ltr'><strong>principes</strong></span> <span class='ocrx_word' id='word_1_47' title='bbox 1662 1270 1827 1335; x_wconf 87' lang='lat' dir='ltr'><strong>seculares</strong></span> 
     </span>
     <span class='ocr_line' id='line_1_8' title="bbox 175 1368 1827 1458; baseline 0.002 -24"><span class='ocrx_word' id='word_1_48' title='bbox 175 1369 287 1434; x_wconf 79' lang='lat' dir='ltr'><strong>vobis·</strong></span> <span class='ocrx_word' id='word_1_49' title='bbox 312 1376 346 1434; x_wconf 87' lang='lat' dir='ltr'><strong>et</strong></span> <span class='ocrx_word' id='word_1_50' title='bbox 380 1371 500 1435; x_wconf 82' lang='lat' dir='ltr'><strong>vestris</strong></span> <span class='ocrx_word' id='word_1_51' title='bbox 531 1368 717 1434; x_wconf 90' lang='lat' dir='ltr'><strong>hominibus</strong></span> <span class='ocrx_word' id='word_1_52' title='bbox 741 1370 958 1448; x_wconf 82' lang='lat' dir='ltr'><strong>contulerunt,</strong></span> <span class='ocrx_word' id='word_1_53' title='bbox 982 1369 1066 1433; x_wconf 87' lang='lat' dir='ltr'><strong>sieut</strong></span> <span class='ocrx_word' id='word_1_54' title='bbox 1089 1391 1161 1434; x_wconf 86' lang='lat' dir='ltr'><strong>eam</strong></span> <span class='ocrx_word' id='word_1_55' title='bbox 1177 1371 1262 1435; x_wconf 91' lang='lat' dir='ltr'><strong>iuste</strong></span> <span class='ocrx_word' id='word_1_56' title='bbox 1278 1393 1316 1435; x_wconf 87' lang='lat' dir='ltr'><strong>ae</strong></span> <span class='ocrx_word' id='word_1_57' title='bbox 1331 1373 1467 1458; x_wconf 85' lang='lat' dir='ltr'><strong>pacifice</strong></span> <span class='ocrx_word' id='word_1_58' title='bbox 1483 1371 1653 1453; x_wconf 85' lang='lat' dir='ltr'><strong>obtinetis,</strong></span> <span class='ocrx_word' id='word_1_59' title='bbox 1676 1373 1770 1438; x_wconf 85' lang='lat' dir='ltr'><strong>vobis</strong></span> <span class='ocrx_word' id='word_1_60' title='bbox 1794 1379 1827 1437; x_wconf 87' lang='lat' dir='ltr'><strong>et</strong></span> 
     </span>
     <span class='ocr_line' id='line_1_9' title="bbox 175 1472 1826 1564; baseline 0.003 -28"><span class='ocrx_word' id='word_1_61' title='bbox 175 1494 235 1559; x_wconf 89' lang='lat' dir='ltr'><strong>per</strong></span> <span class='ocrx_word' id='word_1_62' title='bbox 256 1494 314 1536; x_wconf 79' lang='lat' dir='ltr'><strong>uos</strong></span> <span class='ocrx_word' id='word_1_63' title='bbox 337 1472 479 1537; x_wconf 81' lang='lat' dir='ltr'><strong>ecclesie</strong></span> <span class='ocrx_word' id='word_1_64' title='bbox 507 1479 616 1538; x_wconf 82' lang='lat' dir='ltr'><strong>vestre</strong></span> <span class='ocrx_word' id='word_1_65' title='bbox 645 1473 840 1537; x_wconf 78' lang='lat' dir='ltr'><strong>auctoritate</strong></span> <span class='ocrx_word' id='word_1_66' title='bbox 870 1472 1051 1556; x_wconf 80' lang='lat' dir='ltr'><strong>apostolica</strong></span> <span class='ocrx_word' id='word_1_67' title='bbox 1078 1474 1306 1539; x_wconf 87' lang='lat' dir='ltr'><strong>confirmamus</strong></span> <span class='ocrx_word' id='word_1_68' title='bbox 1336 1481 1370 1540; x_wconf 87' lang='lat' dir='ltr'><strong>et</strong></span> <span class='ocrx_word' id='word_1_69' title='bbox 1391 1477 1559 1561; x_wconf 90' lang='lat' dir='ltr'><strong>presentis</strong></span> <span class='ocrx_word' id='word_1_70' title='bbox 1583 1478 1695 1562; x_wconf 87' lang='lat' dir='ltr'><strong>scripti</strong></span> <span class='ocrx_word' id='word_1_71' title='bbox 1716 1483 1826 1564; x_wconf 87' lang='lat' dir='ltr'><strong>patro-</strong></span> 
     </span>
     <span class='ocr_line' id='line_1_10' title="bbox 176 1575 1750 1663; baseline 0.003 -25"><span class='ocrx_word' id='word_1_72' title='bbox 176 1576 260 1640; x_wconf 89' lang='lat' dir='ltr'><strong>cinio</strong></span> <span class='ocrx_word' id='word_1_73' title='bbox 284 1575 532 1640; x_wconf 89' lang='lat' dir='ltr'><strong>commuuimus.</strong></span> <span class='ocrx_word' id='word_1_74' title='bbox 575 1575 666 1640; x_wconf 87' lang='lat' dir='ltr'>Nulli</span> <span class='ocrx_word' id='word_1_75' title='bbox 689 1596 768 1659; x_wconf 87' lang='lat' dir='ltr'><strong>ergo</strong></span> <span class='ocrx_word' id='word_1_76' title='bbox 792 1576 1266 1641; x_wconf 84' lang='lat' dir='ltr'><strong>ete.n0streeonfirmati011is</strong></span> <span class='ocrx_word' id='word_1_77' title='bbox 1291 1585 1353 1642; x_wconf 87' lang='lat' dir='ltr'><strong>ete.</strong></span> <span class='ocrx_word' id='word_1_78' title='bbox 1400 1578 1435 1642; x_wconf 82' lang='lat' dir='ltr'><strong>Si</strong></span> <span class='ocrx_word' id='word_1_79' title='bbox 1459 1579 1532 1663; x_wconf 88' lang='lat' dir='ltr'><strong>quis</strong></span> <span class='ocrx_word' id='word_1_80' title='bbox 1554 1586 1663 1644; x_wconf 84' lang='lat' dir='ltr'><strong>autem</strong></span> <span class='ocrx_word' id='word_1_81' title='bbox 1687 1585 1750 1644; x_wconf 90' lang='lat' dir='ltr'><strong>etc.</strong></span> 
     </span>
    </p>

    <p class='ocr_par' dir='ltr' id='par_1_6' title="bbox 281 1677 1354 1767">
     <span class='ocr_line' id='line_1_11' title="bbox 281 1677 1354 1767; baseline 0.004 -25"><span class='ocrx_word' id='word_1_82' title='bbox 281 1677 359 1742; x_wconf 90' lang='lat' dir='ltr'><strong>Dat.</strong></span> <span class='ocrx_word' id='word_1_83' title='bbox 382 1677 534 1745; x_wconf 85' lang='lat' dir='ltr'><strong>Lateran.</strong></span> <span class='ocrx_word' id='word_1_84' title='bbox 557 1678 607 1742; x_wconf 90' lang='lat' dir='ltr'><strong>Id.</strong></span> <span class='ocrx_word' id='word_1_85' title='bbox 630 1678 751 1758; x_wconf 87' lang='lat' dir='ltr'><strong>Martii,</strong></span> <span class='ocrx_word' id='word_1_86' title='bbox 775 1677 983 1762; x_wconf 84' lang='lat' dir='ltr'><strong>pontificatus</strong></span> <span class='ocrx_word' id='word_1_87' title='bbox 1006 1680 1109 1744; x_wconf 86' lang='lat' dir='ltr'><strong>nostri</strong></span> <span class='ocrx_word' id='word_1_88' title='bbox 1133 1701 1217 1744; x_wconf 90' lang='lat' dir='ltr'><strong>anno</strong></span> <span class='ocrx_word' id='word_1_89' title='bbox 1239 1682 1354 1767; x_wconf 90' lang='lat' dir='ltr'><strong>primo.</strong></span> 
     </span>
    </p>
   </div>
   <div class='ocr_carea' id='block_1_6' title="bbox 796 1907 1206 1914">
    <p class='ocr_par' dir='ltr' id='par_1_7' title="bbox 796 1907 1206 1914">
     <span class='ocr_line' id='line_1_12' title="bbox 796 1907 1206 1914; baseline 0.002 -1"><span class='ocrx_word' id='word_1_90' title='bbox 796 1907 1180 1914; x_wconf 70' lang='lat'><strong>.—-----——---—-——...</strong></span> <span class='ocrx_word' id='word_1_91' title='bbox 1187 1909 1206 1914; x_wconf 87' lang='lat'><strong>-.</strong></span> 
     </span>
    </p>
   </div>
   <div class='ocr_carea' id='block_1_7' title="bbox 973 2149 1030 2222">
    <p class='ocr_par' dir='ltr' id='par_1_8' title="bbox 973 2149 1030 2222">
     <span class='ocr_line' id='line_1_13' title="bbox 973 2149 1030 2222; baseline 0.053 -3"><span class='ocrx_word' id='word_1_92' title='bbox 973 2149 1030 2222; x_wconf 87' lang='grc'><strong>17.</strong></span> 
     </span>
    </p>
   </div>
   <div class='ocr_carea' id='block_1_8' title="bbox 95 2272 1827 2487">
    <p class='ocr_par' dir='ltr' id='par_1_9' title="bbox 95 2272 1827 2487">
     <span class='ocr_line' id='line_1_14' title="bbox 95 2272 1827 2377; baseline -0.001 -15"><span class='ocrx_word' id='word_1_93' title='bbox 95 2325 120 2362; x_wconf 83' lang='grc' dir='ltr'><strong>ιο</strong></span> <span class='ocrx_word' id='word_1_94' title='bbox 283 2272 475 2366; x_wconf 67' lang='lat' dir='ltr'><strong>Henetus</strong></span> <span class='ocrx_word' id='word_1_95' title='bbox 496 2296 563 2363; x_wconf 89' lang='grc' dir='ltr'><strong>ΙΙΙ</strong></span> <span class='ocrx_word' id='word_1_96' title='bbox 585 2316 674 2377; x_wconf 81' lang='lat' dir='ltr'><strong>papa</strong></span> <span class='ocrx_word' id='word_1_97' title='bbox 696 2293 877 2376; x_wconf 65' lang='lat' dir='ltr'><strong>prensante</strong></span> <span class='ocrx_word' id='word_1_98' title='bbox 902 2293 1084 2362; x_wconf 60' lang='lat' dir='ltr'><strong>&amp;mineum</strong></span> <span class='ocrx_word' id='word_1_99' title='bbox 1112 2298 1220 2376; x_wconf 83' lang='lat' dir='ltr'><strong>villas,</strong></span> <span class='ocrx_word' id='word_1_100' title='bbox 1248 2299 1414 2363; x_wconf 78' lang='lat' dir='ltr'><strong>clauseras</strong></span> <span class='ocrx_word' id='word_1_101' title='bbox 1441 2303 1470 2362; x_wconf 85' lang='lat' dir='ltr'><strong>ct</strong></span> <span class='ocrx_word' id='word_1_102' title='bbox 1495 2301 1636 2365; x_wconf 75' lang='lat' dir='ltr'><strong>redditas</strong></span> <span class='ocrx_word' id='word_1_103' title='bbox 1663 2299 1700 2364; x_wconf 80' lang='lat' dir='ltr'><strong>cle</strong></span> <span class='ocrx_word' id='word_1_104' title='bbox 1721 2298 1827 2363; x_wconf 72' lang='lat' dir='ltr'><strong>laabin</strong></span> 
     </span>
     <span class='ocr_line' id='line_1_15' title="bbox 172 2403 1740 2487; baseline -0.001 -19"><span class='ocrx_word' id='word_1_105' title='bbox 172 2406 346 2487; x_wconf 61' lang='lat' dir='ltr'><strong>confimat.</strong></span> <span class='ocrx_word' id='word_1_106' title='bbox 1071 2433 1073 2436; x_wconf 95' lang='lat'>·</span> <span class='ocrx_word' id='word_1_107' title='bbox 1448 2405 1541 2483; x_wconf 77' lang='lat'><strong><em>1217,</em></strong></span> <span class='ocrx_word' id='word_1_108' title='bbox 1563 2405 1666 2469; x_wconf 83' lang='lat' dir='ltr'><strong>Mart.</strong></span> <span class='ocrx_word' id='word_1_109' title='bbox 1690 2403 1740 2466; x_wconf 89' lang='lat'><strong>15.</strong></span> 
     </span>
    </p>
   </div>
   <div class='ocr_carea' id='block_1_9' title="bbox 277 2518 717 2590">
    <p class='ocr_par' dir='ltr' id='par_1_10' title="bbox 277 2518 717 2590">
     <span class='ocr_line' id='line_1_16' title="bbox 277 2518 717 2590; baseline -0.016 -11"><span class='ocrx_word' id='word_1_110' title='bbox 277 2523 351 2578; x_wconf 65' lang='lat' dir='ltr'><strong>uos</strong></span> <span class='ocrx_word' id='word_1_111' title='bbox 370 2522 428 2577; x_wconf 86' lang='lat'><strong>111</strong></span> <span class='ocrx_word' id='word_1_112' title='bbox 442 2519 508 2590; x_wconf 63' lang='lat' dir='ltr'><strong>aeq.</strong></span> <span class='ocrx_word' id='word_1_113' title='bbox 527 2518 591 2574; x_wconf 75' lang='lat' dir='ltr'><strong>tec.</strong></span> <span class='ocrx_word' id='word_1_114' title='bbox 609 2519 635 2583; x_wconf 84' lang='lat'><strong>1,</strong></span> <span class='ocrx_word' id='word_1_115' title='bbox 656 2521 717 2573; x_wconf 85' lang='lat'><em>331.</em></span> 
     </span>
    </p>
   </div>
   <div class='ocr_carea' id='block_1_10' title="bbox 702 2714 1303 2808">
    <p class='ocr_par' dir='ltr' id='par_1_11' title="bbox 702 2714 1303 2808">
     <span class='ocr_line' id='line_1_17' title="bbox 702 2714 1303 2808; baseline 0.005 -21"><span class='ocrx_word' id='word_1_116' title='bbox 702 2771 710 2787; x_wconf 93' lang='lat'><strong>.</strong></span> <span class='ocrx_word' id='word_1_117' title='bbox 738 2769 748 2790; x_wconf 91' lang='lat'><strong>.</strong></span> <span class='ocrx_word' id='word_1_118' title='bbox 776 2714 1010 2808; x_wconf 84' lang='lat' dir='ltr'><strong>preposito</strong></span> <span class='ocrx_word' id='word_1_119' title='bbox 1039 2715 1303 2790; x_wconf 88' lang='lat' dir='ltr'><strong>Caminensi.</strong></span> 
     </span>
    </p>
   </div>
   <div class='ocr_carea' id='block_1_11' title="bbox 97 2860 1828 3361">
    <p class='ocr_par' dir='ltr' id='par_1_12' title="bbox 97 2860 1828 3361">
     <span class='ocr_line' id='line_1_18' title="bbox 283 2860 1826 2949; baseline -0.003 -21"><span class='ocrx_word' id='word_1_120' title='bbox 283 2863 366 2928; x_wconf 86' lang='lat' dir='ltr'><strong>Cum</strong></span> <span class='ocrx_word' id='word_1_121' title='bbox 389 2884 408 2927; x_wconf 83' lang='lat' dir='ltr'><strong>a</strong></span> <span class='ocrx_word' id='word_1_122' title='bbox 430 2863 526 2927; x_wconf 92' lang='lat' dir='ltr'><strong>nobis</strong></span> <span class='ocrx_word' id='word_1_123' title='bbox 548 2863 670 2949; x_wconf 87' lang='lat' dir='ltr'><strong>petitur</strong></span> <span class='ocrx_word' id='word_1_124' title='bbox 694 2870 755 2928; x_wconf 87' lang='lat' dir='ltr'><strong>ete.</strong></span> <span class='ocrx_word' id='word_1_125' title='bbox 778 2883 900 2947; x_wconf 87' lang='lat' dir='ltr'><strong>usque:</strong></span> <span class='ocrx_word' id='word_1_126' title='bbox 924 2884 1072 2929; x_wconf 86' lang='lat' dir='ltr'><strong>assensu.</strong></span> <span class='ocrx_word' id='word_1_127' title='bbox 1118 2863 1234 2944; x_wconf 84' lang='lat' dir='ltr'><strong>Villae,</strong></span> <span class='ocrx_word' id='word_1_128' title='bbox 1258 2866 1427 2929; x_wconf 89' lang='lat' dir='ltr'><strong>clausuras</strong></span> <span class='ocrx_word' id='word_1_129' title='bbox 1448 2870 1481 2929; x_wconf 92' lang='lat' dir='ltr'><strong>et</strong></span> <span class='ocrx_word' id='word_1_130' title='bbox 1501 2863 1647 2930; x_wconf 89' lang='lat' dir='ltr'><strong>redditus</strong></span> <span class='ocrx_word' id='word_1_131' title='bbox 1663 2862 1703 2926; x_wconf 89' lang='lat' dir='ltr'><strong>de</strong></span> <span class='ocrx_word' id='word_1_132' title='bbox 1718 2860 1826 2926; x_wconf 87' lang='lat' dir='ltr'><strong>Lubiu</strong></span> 
     </span>
     <span class='ocr_line' id='line_1_19' title="bbox 97 2964 1826 3053; baseline -0.002 -23"><span class='ocrx_word' id='word_1_133' title='bbox 97 2995 120 3030; x_wconf 79' lang='lat' dir='ltr'><strong>n</strong></span> <span class='ocrx_word' id='word_1_134' title='bbox 175 2988 249 3032; x_wconf 89' lang='lat' dir='ltr'><strong>eum</strong></span> <span class='ocrx_word' id='word_1_135' title='bbox 272 2966 422 3031; x_wconf 90' lang='lat' dir='ltr'><strong>omnibus</strong></span> <span class='ocrx_word' id='word_1_136' title='bbox 449 2967 658 3053; x_wconf 87' lang='lat' dir='ltr'><strong>pertinentiis</strong></span> <span class='ocrx_word' id='word_1_137' title='bbox 694 2967 761 3030; x_wconf 90' lang='lat' dir='ltr'><strong>suis</strong></span> <span class='ocrx_word' id='word_1_138' title='bbox 792 2964 834 3029; x_wconf 88' lang='lat' dir='ltr'><strong>ad</strong></span> <span class='ocrx_word' id='word_1_139' title='bbox 863 2971 952 3029; x_wconf 88' lang='lat' dir='ltr'><strong>tuam</strong></span> <span class='ocrx_word' id='word_1_140' title='bbox 986 2966 1226 3051; x_wconf 82' lang='lat' dir='ltr'><strong>preposituram</strong></span> <span class='ocrx_word' id='word_1_141' title='bbox 1260 2967 1500 3052; x_wconf 81' lang='lat' dir='ltr'><strong>spectantibus,</strong></span> <span class='ocrx_word' id='word_1_142' title='bbox 1533 2968 1618 3032; x_wconf 86' lang='lat' dir='ltr'><strong>sicut</strong></span> <span class='ocrx_word' id='word_1_143' title='bbox 1652 2987 1708 3030; x_wconf 84' lang='lat' dir='ltr'><strong>eas</strong></span> <span class='ocrx_word' id='word_1_144' title='bbox 1741 2965 1826 3029; x_wconf 85' lang='lat' dir='ltr'><strong>iuste</strong></span> 
     </span>
     <span class='ocr_line' id='line_1_20' title="bbox 172 3069 1828 3158; baseline -0.003 -24"><span class='ocrx_word' id='word_1_145' title='bbox 172 3069 324 3158; x_wconf 87' lang='lat' dir='ltr'><strong>possides</strong></span> <span class='ocrx_word' id='word_1_146' title='bbox 348 3076 381 3134; x_wconf 90' lang='lat' dir='ltr'><strong>et</strong></span> <span class='ocrx_word' id='word_1_147' title='bbox 404 3071 533 3155; x_wconf 83' lang='lat' dir='ltr'><strong>quiete,</strong></span> <span class='ocrx_word' id='word_1_148' title='bbox 568 3070 628 3135; x_wconf 89' lang='lat' dir='ltr'><strong>tibi</strong></span> <span class='ocrx_word' id='word_1_149' title='bbox 663 3077 696 3133; x_wconf 89' lang='lat' dir='ltr'><strong>et</strong></span> <span class='ocrx_word' id='word_1_150' title='bbox 732 3090 792 3154; x_wconf 90' lang='lat' dir='ltr'><strong>per</strong></span> <span class='ocrx_word' id='word_1_151' title='bbox 818 3074 850 3133; x_wconf 86' lang='lat' dir='ltr'><strong>te</strong></span> <span class='ocrx_word' id='word_1_152' title='bbox 878 3069 1019 3133; x_wconf 88' lang='lat' dir='ltr'><strong>ecclesie</strong></span> <span class='ocrx_word' id='word_1_153' title='bbox 1042 3075 1097 3133; x_wconf 86' lang='lat' dir='ltr'><strong>tue</strong></span> <span class='ocrx_word' id='word_1_154' title='bbox 1123 3069 1318 3133; x_wconf 87' lang='lat' dir='ltr'><strong>auctoritate</strong></span> <span class='ocrx_word' id='word_1_155' title='bbox 1341 3071 1522 3156; x_wconf 88' lang='lat' dir='ltr'><strong>apostolica</strong></span> <span class='ocrx_word' id='word_1_156' title='bbox 1544 3070 1770 3134; x_wconf 81' lang='lat' dir='ltr'><strong>confirmamus</strong></span> <span class='ocrx_word' id='word_1_157' title='bbox 1793 3071 1828 3132; x_wconf 88' lang='lat' dir='ltr'><strong>et</strong></span> 
     </span>
     <span class='ocr_line' id='line_1_21' title="bbox 173 3171 1111 3261; baseline -0.002 -24"><span class='ocrx_word' id='word_1_158' title='bbox 173 3173 337 3261; x_wconf 88' lang='lat' dir='ltr'><strong>presentis</strong></span> <span class='ocrx_word' id='word_1_159' title='bbox 363 3173 474 3258; x_wconf 88' lang='lat' dir='ltr'><strong>scripti</strong></span> <span class='ocrx_word' id='word_1_160' title='bbox 496 3174 677 3258; x_wconf 86' lang='lat' dir='ltr'><strong>patrocinio</strong></span> <span class='ocrx_word' id='word_1_161' title='bbox 701 3171 938 3236; x_wconf 88' lang='lat' dir='ltr'><strong>communimus</strong></span> <span class='ocrx_word' id='word_1_162' title='bbox 961 3179 1024 3236; x_wconf 88' lang='lat' dir='ltr'><strong>etc.</strong></span> <span class='ocrx_word' id='word_1_163' title='bbox 1048 3178 1111 3237; x_wconf 90' lang='lat' dir='ltr'><strong>etc.</strong></span> 
     </span>
     <span class='ocr_line' id='line_1_22' title="bbox 281 3274 547 3361; baseline 0.008 -22"><span class='ocrx_word' id='word_1_164' title='bbox 281 3274 357 3340; x_wconf 86' lang='lat' dir='ltr'><strong>Dat.</strong></span> <span class='ocrx_word' id='word_1_165' title='bbox 381 3281 417 3339; x_wconf 90' lang='lat' dir='ltr'><strong>ut</strong></span> <span class='ocrx_word' id='word_1_166' title='bbox 440 3297 547 3361; x_wconf 85' lang='lat' dir='ltr'><strong>supra.</strong></span> 
     </span>
    </p>
   </div>
   <div class='ocr_carea' id='block_1_12' title="bbox 788 3415 1199 3423">
    <p class='ocr_par' dir='ltr' id='par_1_13' title="bbox 788 3415 1199 3423">
     <span class='ocr_line' id='line_1_23' title="bbox 788 3415 1199 3423; baseline 0 -1"><span class='ocrx_word' id='word_1_167' title='bbox 788 3415 1199 3423; x_wconf 53' lang='grc' dir='ltr'><strong>-Ἦ-</strong></span> 
     </span>
    </p>
   </div>
   <div class='ocr_carea' id='block_1_13' title="bbox 976 3674 1033 3747">
    <p class='ocr_par' dir='ltr' id='par_1_14' title="bbox 976 3674 1033 3747">
     <span class='ocr_line' id='line_1_24' title="bbox 976 3674 1033 3747; baseline 0.018 -1"><span class='ocrx_word' id='word_1_168' title='bbox 976 3674 1033 3747; x_wconf 90' lang='grc'><strong>18.</strong></span> 
     </span>
    </p>
   </div>
   <div class='ocr_carea' id='block_1_14' title="bbox 96 3790 1828 4108">
    <p class='ocr_par' dir='ltr' id='par_1_15' title="bbox 96 3790 1828 4108">
     <span class='ocr_line' id='line_1_25' title="bbox 288 3790 1828 3909; baseline 0.002 -26"><span class='ocrx_word' id='word_1_169' title='bbox 288 3790 477 3884; x_wconf 74' lang='lat' dir='ltr'><strong>Honorias</strong></span> <span class='ocrx_word' id='word_1_170' title='bbox 499 3818 562 3884; x_wconf 85' lang='grc' dir='ltr'><strong>ΙΙΙ</strong></span> <span class='ocrx_word' id='word_1_171' title='bbox 587 3840 676 3901; x_wconf 82' lang='lat' dir='ltr'><strong>papa</strong></span> <span class='ocrx_word' id='word_1_172' title='bbox 702 3819 809 3885; x_wconf 85' lang='lat' dir='ltr'><strong>abbati</strong></span> <span class='ocrx_word' id='word_1_173' title='bbox 835 3826 865 3885; x_wconf 86' lang='lat' dir='ltr'><strong>et</strong></span> <span class='ocrx_word' id='word_1_174' title='bbox 893 3822 1056 3886; x_wconf 82' lang='lat' dir='ltr'><strong>conventui</strong></span> <span class='ocrx_word' id='word_1_175' title='bbox 1083 3822 1120 3885; x_wconf 83' lang='lat' dir='ltr'><strong>dc</strong></span> <span class='ocrx_word' id='word_1_176' title='bbox 1140 3822 1258 3904; x_wconf 74' lang='lat' dir='ltr'><strong>Belbop</strong></span> <span class='ocrx_word' id='word_1_177' title='bbox 1285 3823 1419 3887; x_wconf 78' lang='lat' dir='ltr'><strong>decimas</strong></span> <span class='ocrx_word' id='word_1_178' title='bbox 1450 3845 1471 3888; x_wconf 87' lang='lat' dir='ltr'><strong>a</strong></span> <span class='ocrx_word' id='word_1_179' title='bbox 1492 3822 1666 3909; x_wconf 74' lang='lat' dir='ltr'><strong>[Sepuiao]</strong></span> <span class='ocrx_word' id='word_1_180' title='bbox 1690 3821 1828 3902; x_wconf 80' lang='lat' dir='ltr'><strong>episcopo</strong></span> 
     </span>
     <span class='ocr_line' id='line_1_26' title="bbox 96 3923 1828 4007; baseline -0.003 -15"><span class='ocrx_word' id='word_1_181' title='bbox 96 3957 121 3992; x_wconf 70' lang='lat' dir='ltr'><strong>ze</strong></span> <span class='ocrx_word' id='word_1_182' title='bbox 177 3923 360 3988; x_wconf 74' lang='lat' dir='ltr'><strong>Camimci</strong></span> <span class='ocrx_word' id='word_1_183' title='bbox 381 3927 410 3986; x_wconf 83' lang='lat' dir='ltr'><strong>ct</strong></span> <span class='ocrx_word' id='word_1_184' title='bbox 431 3923 527 3987; x_wconf 77' lang='lat' dir='ltr'><strong>uillas</strong></span> <span class='ocrx_word' id='word_1_185' title='bbox 554 3926 583 3986; x_wconf 85' lang='lat' dir='ltr'><strong>ct</strong></span> <span class='ocrx_word' id='word_1_186' title='bbox 604 3923 673 3986; x_wconf 85' lang='lat' dir='ltr'><strong>alia</strong></span> <span class='ocrx_word' id='word_1_187' title='bbox 699 3923 780 3988; x_wconf 81' lang='lat' dir='ltr'><strong>bona</strong></span> <span class='ocrx_word' id='word_1_188' title='bbox 801 3945 822 3987; x_wconf 84' lang='lat' dir='ltr'><strong>a</strong></span> <span class='ocrx_word' id='word_1_189' title='bbox 844 3924 1005 4007; x_wconf 73' lang='lat' dir='ltr'><strong>Ropurlao</strong></span> <span class='ocrx_word' id='word_1_190' title='bbox 1026 3930 1055 3988; x_wconf 88' lang='lat' dir='ltr'><strong>ct</strong></span> <span class='ocrx_word' id='word_1_191' title='bbox 1079 3925 1250 3990; x_wconf 70' lang='lat' dir='ltr'><strong>Karimaro</strong></span> <span class='ocrx_word' id='word_1_192' title='bbox 1271 3926 1401 3989; x_wconf 78' lang='lat' dir='ltr'><strong>ducibus</strong></span> <span class='ocrx_word' id='word_1_193' title='bbox 1423 3925 1629 3991; x_wconf 76' lang='lat' dir='ltr'><strong>Pocrccraniac</strong></span> <span class='ocrx_word' id='word_1_194' title='bbox 1650 3926 1693 3988; x_wconf 82' lang='lat' dir='ltr'><strong>iis</strong></span> <span class='ocrx_word' id='word_1_195' title='bbox 1714 3925 1828 3988; x_wconf 76' lang='lat' dir='ltr'><strong>collata</strong></span> 
     </span>
     <span class='ocr_line' id='line_1_27' title="bbox 172 4027 1737 4108; baseline 0.004 -19"><span class='ocrx_word' id='word_1_196' title='bbox 172 4027 346 4108; x_wconf 79' lang='lat' dir='ltr'><strong>confirmat.</strong></span> <span class='ocrx_word' id='word_1_197' title='bbox 1443 4031 1536 4107; x_wconf 83' lang='lat'><strong><em>1217,</em></strong></span> <span class='ocrx_word' id='word_1_198' title='bbox 1558 4027 1662 4092; x_wconf 82' lang='lat' dir='ltr'><strong>Mart.</strong></span> <span class='ocrx_word' id='word_1_199' title='bbox 1686 4030 1737 4096; x_wconf 80' lang='lat'><strong>17,</strong></span> 
     </span>
    </p>
   </div>
   <div class='ocr_carea' id='block_1_15' title="bbox 279 4145 720 4304">
    <p class='ocr_par' dir='ltr' id='par_1_16' title="bbox 279 4145 720 4304">
     <span class='ocr_line' id='line_1_28' title="bbox 279 4145 720 4214; baseline 0.009 -16"><span class='ocrx_word' id='word_1_200' title='bbox 279 4145 351 4199; x_wconf 72' lang='lat' dir='ltr'><strong>Han.</strong></span> <span class='ocrx_word' id='word_1_201' title='bbox 370 4145 428 4198; x_wconf 87' lang='lat'><strong>111</strong></span> <span class='ocrx_word' id='word_1_202' title='bbox 442 4145 508 4214; x_wconf 65' lang='grc' dir='ltr'><strong>Κεφ.</strong></span> <span class='ocrx_word' id='word_1_203' title='bbox 527 4146 591 4200; x_wconf 69' lang='lat' dir='ltr'><strong>Lib.</strong></span> <span class='ocrx_word' id='word_1_204' title='bbox 609 4146 635 4210; x_wconf 89' lang='lat' dir='ltr'><strong>I,</strong></span> <span class='ocrx_word' id='word_1_205' title='bbox 654 4149 720 4202; x_wconf 75' lang='lat'><strong><em>332.</em></strong></span> 
     </span>
     <span class='ocr_line' id='line_1_29' title="bbox 279 4231 606 4304; baseline 0.006 -20"><span class='ocrx_word' id='word_1_206' title='bbox 279 4231 415 4297; x_wconf 74' lang='lat' dir='ltr'><strong>Pontem,</strong></span> <span class='ocrx_word' id='word_1_207' title='bbox 433 4232 503 4304; x_wconf 65' lang='lat' dir='ltr'><strong>nep.</strong></span> <span class='ocrx_word' id='word_1_208' title='bbox 523 4235 606 4286; x_wconf 84' lang='lat'><em>5656.</em></span> 
     </span>
    </p>
   </div>
   <div class='ocr_carea' id='block_1_16' title="bbox 609 4427 1398 4520">
    <p class='ocr_par' dir='ltr' id='par_1_17' title="bbox 609 4427 1398 4520">
     <span class='ocr_line' id='line_1_30' title="bbox 609 4427 1398 4520; baseline 0.001 -19"><span class='ocrx_word' id='word_1_209' title='bbox 609 4427 769 4503; x_wconf 83' lang='lat' dir='ltr'><strong>Abbati</strong></span> <span class='ocrx_word' id='word_1_210' title='bbox 796 4435 837 4503; x_wconf 90' lang='lat' dir='ltr'><strong>et</strong></span> <span class='ocrx_word' id='word_1_211' title='bbox 864 4429 1107 4504; x_wconf 86' lang='lat' dir='ltr'><strong>conventui</strong></span> <span class='ocrx_word' id='word_1_212' title='bbox 1135 4430 1186 4502; x_wconf 87' lang='lat' dir='ltr'><strong>de</strong></span> <span class='ocrx_word' id='word_1_213' title='bbox 1213 4429 1398 4520; x_wconf 84' lang='lat' dir='ltr'><strong>Belbog.</strong></span> 
     </span>
    </p>
   </div>
   <div class='ocr_carea' id='block_1_17' title="bbox 99 4576 1831 5384">
    <p class='ocr_par' dir='ltr' id='par_1_18' title="bbox 99 4576 1831 5384">
     <span class='ocr_line' id='line_1_31' title="bbox 99 4576 1828 4664; baseline -0.001 -22"><span class='ocrx_word' id='word_1_214' title='bbox 99 4617 124 4652; x_wconf 71' lang='lat' dir='ltr'><strong>ee</strong></span> <span class='ocrx_word' id='word_1_215' title='bbox 286 4578 368 4642; x_wconf 81' lang='lat' dir='ltr'><strong>Cum</strong></span> <span class='ocrx_word' id='word_1_216' title='bbox 391 4599 411 4642; x_wconf 80' lang='lat' dir='ltr'><strong>a</strong></span> <span class='ocrx_word' id='word_1_217' title='bbox 433 4576 528 4642; x_wconf 88' lang='lat' dir='ltr'><strong>nobis</strong></span> <span class='ocrx_word' id='word_1_218' title='bbox 544 4577 668 4664; x_wconf 89' lang='lat' dir='ltr'><strong>petitur</strong></span> <span class='ocrx_word' id='word_1_219' title='bbox 690 4585 751 4644; x_wconf 87' lang='lat' dir='ltr'><strong>ete.</strong></span> <span class='ocrx_word' id='word_1_220' title='bbox 767 4599 885 4663; x_wconf 90' lang='lat' dir='ltr'><strong>usque:</strong></span> <span class='ocrx_word' id='word_1_221' title='bbox 909 4598 1056 4642; x_wconf 85' lang='lat' dir='ltr'><strong>assensu.</strong></span> <span class='ocrx_word' id='word_1_222' title='bbox 1100 4576 1256 4642; x_wconf 82' lang='lat' dir='ltr'><strong>Decimae</strong></span> <span class='ocrx_word' id='word_1_223' title='bbox 1275 4577 1315 4641; x_wconf 88' lang='lat' dir='ltr'><strong>de</strong></span> <span class='ocrx_word' id='word_1_224' title='bbox 1330 4576 1526 4642; x_wconf 81' lang='lat' dir='ltr'><strong>Trebetowe</strong></span> <span class='ocrx_word' id='word_1_225' title='bbox 1545 4578 1639 4642; x_wconf 88' lang='lat' dir='ltr'><strong>vobis</strong></span> <span class='ocrx_word' id='word_1_226' title='bbox 1655 4599 1675 4642; x_wconf 84' lang='lat' dir='ltr'><strong>a</strong></span> <span class='ocrx_word' id='word_1_227' title='bbox 1689 4598 1828 4643; x_wconf 87' lang='lat' dir='ltr'><strong>venere-</strong></span> 
     </span>
     <span class='ocr_line' id='line_1_32' title="bbox 173 4679 1830 4767; baseline -0.001 -20"><span class='ocrx_word' id='word_1_228' title='bbox 173 4682 234 4748; x_wconf 91' lang='lat' dir='ltr'><strong>bili</strong></span> <span class='ocrx_word' id='word_1_229' title='bbox 245 4681 345 4746; x_wconf 81' lang='lat' dir='ltr'><strong>fratre</strong></span> <span class='ocrx_word' id='word_1_230' title='bbox 360 4687 471 4744; x_wconf 89' lang='lat' dir='ltr'><strong>nostro</strong></span> <span class='ocrx_word' id='word_1_231' title='bbox 485 4729 492 4744; x_wconf 92' lang='lat'>.</span> <span class='ocrx_word' id='word_1_232' title='bbox 508 4730 515 4746; x_wconf 88' lang='lat'><strong>.</strong></span> <span class='ocrx_word' id='word_1_233' title='bbox 529 4679 684 4765; x_wconf 86' lang='lat' dir='ltr'><strong>episcopo</strong></span> <span class='ocrx_word' id='word_1_234' title='bbox 701 4679 889 4744; x_wconf 84' lang='lat' dir='ltr'><strong>Caminensi</strong></span> <span class='ocrx_word' id='word_1_235' title='bbox 901 4679 942 4746; x_wconf 88' lang='lat' dir='ltr'><strong>de</strong></span> <span class='ocrx_word' id='word_1_236' title='bbox 959 4702 1120 4745; x_wconf 87' lang='lat' dir='ltr'><strong>consensu</strong></span> <span class='ocrx_word' id='word_1_237' title='bbox 1143 4681 1277 4767; x_wconf 81' lang='lat' dir='ltr'><strong>capituli</strong></span> <span class='ocrx_word' id='word_1_238' title='bbox 1296 4680 1344 4745; x_wconf 89' lang='lat' dir='ltr'><strong>sui</strong></span> <span class='ocrx_word' id='word_1_239' title='bbox 1361 4680 1480 4744; x_wconf 91' lang='lat' dir='ltr'><strong>intuitu</strong></span> <span class='ocrx_word' id='word_1_240' title='bbox 1495 4681 1628 4765; x_wconf 85' lang='lat' dir='ltr'><strong>pietatis</strong></span> <span class='ocrx_word' id='word_1_241' title='bbox 1647 4703 1830 4758; x_wconf 78' lang='lat' dir='ltr'><strong>concessas,</strong></span> 
     </span>
     <span class='ocr_line' id='line_1_33' title="bbox 176 4783 1831 4871; baseline -0.001 -20"><span class='ocrx_word' id='word_1_242' title='bbox 176 4785 262 4852; x_wconf 88' lang='lat' dir='ltr'><strong>etde</strong></span> <span class='ocrx_word' id='word_1_243' title='bbox 275 4783 403 4868; x_wconf 85' lang='lat' dir='ltr'><strong>Belbog</strong></span> <span class='ocrx_word' id='word_1_244' title='bbox 420 4783 506 4850; x_wconf 86' lang='lat' dir='ltr'><strong>etde</strong></span> <span class='ocrx_word' id='word_1_245' title='bbox 524 4783 640 4848; x_wconf 82' lang='lat' dir='ltr'><strong>Oholm</strong></span> <span class='ocrx_word' id='word_1_246' title='bbox 658 4784 752 4848; x_wconf 82' lang='lat' dir='ltr'><strong>villas</strong></span> <span class='ocrx_word' id='word_1_247' title='bbox 770 4804 843 4848; x_wconf 90' lang='lat' dir='ltr'><strong>cum</strong></span> <span class='ocrx_word' id='word_1_248' title='bbox 861 4785 1011 4850; x_wconf 91' lang='lat' dir='ltr'><strong>omnibus</strong></span> <span class='ocrx_word' id='word_1_249' title='bbox 1030 4785 1237 4871; x_wconf 81' lang='lat' dir='ltr'><strong>pertinentiis</strong></span> <span class='ocrx_word' id='word_1_250' title='bbox 1253 4783 1440 4865; x_wconf 79' lang='lat' dir='ltr'><strong>earundem,</strong></span> <span class='ocrx_word' id='word_1_251' title='bbox 1457 4783 1604 4849; x_wconf 89' lang='lat' dir='ltr'><strong>redditus</strong></span> <span class='ocrx_word' id='word_1_252' title='bbox 1620 4790 1653 4849; x_wconf 89' lang='lat' dir='ltr'><strong>et</strong></span> <span class='ocrx_word' id='word_1_253' title='bbox 1666 4786 1730 4850; x_wconf 83' lang='lat' dir='ltr'><strong>alie</strong></span> <span class='ocrx_word' id='word_1_254' title='bbox 1745 4785 1831 4851; x_wconf 89' lang='lat' dir='ltr'><strong>bona</strong></span> 
     </span>
     <span class='ocr_line' id='line_1_34' title="bbox 175 4885 1830 4974; baseline -0.001 -22"><span class='ocrx_word' id='word_1_255' title='bbox 175 4911 195 4952; x_wconf 89' lang='lat' dir='ltr'><strong>a</strong></span> <span class='ocrx_word' id='word_1_256' title='bbox 216 4885 381 4952; x_wconf 87' lang='lat' dir='ltr'><strong>nobilibus</strong></span> <span class='ocrx_word' id='word_1_257' title='bbox 400 4886 479 4949; x_wconf 85' lang='lat' dir='ltr'><strong>viris</strong></span> <span class='ocrx_word' id='word_1_258' title='bbox 495 4885 618 4950; x_wconf 82' lang='lat' dir='ltr'><strong>Bouluo</strong></span> <span class='ocrx_word' id='word_1_259' title='bbox 642 4893 675 4951; x_wconf 89' lang='lat' dir='ltr'><strong>et</strong></span> <span class='ocrx_word' id='word_1_260' title='bbox 697 4887 883 4969; x_wconf 82' lang='lat' dir='ltr'><strong>Kazimam,</strong></span> <span class='ocrx_word' id='word_1_261' title='bbox 907 4887 1044 4953; x_wconf 89' lang='lat' dir='ltr'><strong>ducibus</strong></span> <span class='ocrx_word' id='word_1_262' title='bbox 1065 4887 1272 4960; x_wconf 76' lang='lat' dir='ltr'><strong>Pomeranic,</strong></span> <span class='ocrx_word' id='word_1_263' title='bbox 1294 4889 1349 4974; x_wconf 89' lang='lat' dir='ltr'><strong>pia</strong></span> <span class='ocrx_word' id='word_1_264' title='bbox 1370 4886 1464 4952; x_wconf 87' lang='lat' dir='ltr'><strong>vobis</strong></span> <span class='ocrx_word' id='word_1_265' title='bbox 1483 4887 1680 4951; x_wconf 86' lang='lat' dir='ltr'><strong>liberalitate</strong></span> <span class='ocrx_word' id='word_1_266' title='bbox 1701 4888 1830 4968; x_wconf 69' lang='lat' dir='ltr'><strong>collata,</strong></span> 
     </span>
     <span class='ocr_line' id='line_1_35' title="bbox 178 4989 1831 5076; baseline 0.001 -24"><span class='ocrx_word' id='word_1_267' title='bbox 178 4989 263 5054; x_wconf 88' lang='lat' dir='ltr'><strong>sicut</strong></span> <span class='ocrx_word' id='word_1_268' title='bbox 285 5011 326 5055; x_wconf 86' lang='lat' dir='ltr'><strong>ea</strong></span> <span class='ocrx_word' id='word_1_269' title='bbox 348 4989 458 5053; x_wconf 84' lang='lat' dir='ltr'><strong>emnia</strong></span> <span class='ocrx_word' id='word_1_270' title='bbox 480 4989 565 5053; x_wconf 88' lang='lat' dir='ltr'><strong>iuste</strong></span> <span class='ocrx_word' id='word_1_271' title='bbox 589 5010 627 5053; x_wconf 83' lang='lat' dir='ltr'><strong>ec</strong></span> <span class='ocrx_word' id='word_1_272' title='bbox 651 4991 786 5075; x_wconf 84' lang='lat' dir='ltr'><strong>pacifice</strong></span> <span class='ocrx_word' id='word_1_273' title='bbox 809 4989 985 5076; x_wconf 84' lang='lat' dir='ltr'><strong>possidetis</strong></span> <span class='ocrx_word' id='word_1_274' title='bbox 1014 4990 1102 5054; x_wconf 89' lang='lat' dir='ltr'><strong>etin</strong></span> <span class='ocrx_word' id='word_1_275' title='bbox 1127 5011 1241 5054; x_wconf 91' lang='lat' dir='ltr'><strong>eorum</strong></span> <span class='ocrx_word' id='word_1_276' title='bbox 1264 4991 1438 5055; x_wconf 86' lang='lat' dir='ltr'><strong>autenticis</strong></span> <span class='ocrx_word' id='word_1_277' title='bbox 1461 4990 1589 5076; x_wconf 91' lang='lat' dir='ltr'><strong>plenius</strong></span> <span class='ocrx_word' id='word_1_278' title='bbox 1612 4990 1731 5054; x_wconf 88' lang='lat' dir='ltr'><strong>dicitnr</strong></span> <span class='ocrx_word' id='word_1_279' title='bbox 1753 5011 1831 5054; x_wconf 90' lang='lat' dir='ltr'><strong>cou-</strong></span> 
     </span>
     <span class='ocr_line' id='line_1_36' title="bbox 102 5091 1831 5179; baseline 0.001 -25"><span class='ocrx_word' id='word_1_280' title='bbox 102 5127 127 5166; x_wconf 60' lang='lat'><strong>3,</strong></span> <span class='ocrx_word' id='word_1_281' title='bbox 178 5091 285 5172; x_wconf 84' lang='lat' dir='ltr'><strong>tineri,</strong></span> <span class='ocrx_word' id='word_1_282' title='bbox 308 5091 401 5154; x_wconf 82' lang='lat' dir='ltr'><strong>vebis</strong></span> <span class='ocrx_word' id='word_1_283' title='bbox 425 5099 458 5156; x_wconf 93' lang='lat' dir='ltr'><strong>et</strong></span> <span class='ocrx_word' id='word_1_284' title='bbox 473 5113 534 5178; x_wconf 90' lang='lat' dir='ltr'><strong>per</strong></span> <span class='ocrx_word' id='word_1_285' title='bbox 550 5113 609 5156; x_wconf 87' lang='lat' dir='ltr'><strong>vos</strong></span> <span class='ocrx_word' id='word_1_286' title='bbox 625 5093 824 5157; x_wconf 89' lang='lat' dir='ltr'><strong>monasterio</strong></span> <span class='ocrx_word' id='word_1_287' title='bbox 842 5093 1160 5157; x_wconf 73' lang='lat' dir='ltr'><strong>nostraauctoritate</strong></span> <span class='ocrx_word' id='word_1_288' title='bbox 1178 5093 1359 5179; x_wconf 85' lang='lat' dir='ltr'><strong>apostolica</strong></span> <span class='ocrx_word' id='word_1_289' title='bbox 1374 5092 1601 5157; x_wconf 86' lang='lat' dir='ltr'><strong>confirmamus</strong></span> <span class='ocrx_word' id='word_1_290' title='bbox 1618 5099 1650 5156; x_wconf 88' lang='lat' dir='ltr'><strong>et</strong></span> <span class='ocrx_word' id='word_1_291' title='bbox 1668 5093 1831 5178; x_wconf 88' lang='lat' dir='ltr'><strong>presentis</strong></span> 
     </span>
     <span class='ocr_line' id='line_1_37' title="bbox 177 5195 1170 5280; baseline 0.002 -22"><span class='ocrx_word' id='word_1_292' title='bbox 177 5195 289 5280; x_wconf 90' lang='lat' dir='ltr'><strong>scripti</strong></span> <span class='ocrx_word' id='word_1_293' title='bbox 313 5195 493 5280; x_wconf 85' lang='lat' dir='ltr'><strong>patrocinio</strong></span> <span class='ocrx_word' id='word_1_294' title='bbox 517 5196 765 5264; x_wconf 88' lang='lat' dir='ltr'><strong>communimus.</strong></span> <span class='ocrx_word' id='word_1_295' title='bbox 810 5195 900 5260; x_wconf 88' lang='lat' dir='ltr'><strong>Nulli</strong></span> <span class='ocrx_word' id='word_1_296' title='bbox 924 5216 1002 5280; x_wconf 86' lang='lat' dir='ltr'><strong>ergo</strong></span> <span class='ocrx_word' id='word_1_297' title='bbox 1026 5202 1086 5260; x_wconf 88' lang='lat' dir='ltr'><strong>ete.</strong></span> <span class='ocrx_word' id='word_1_298' title='bbox 1108 5202 1170 5260; x_wconf 88' lang='lat' dir='ltr'><strong>etc.</strong></span> 
     </span>
     <span class='ocr_line' id='line_1_38' title="bbox 283 5295 1507 5384; baseline 0 -24"><span class='ocrx_word' id='word_1_299' title='bbox 283 5295 360 5361; x_wconf 84' lang='lat' dir='ltr'><strong>Dat.</strong></span> <span class='ocrx_word' id='word_1_300' title='bbox 384 5296 538 5361; x_wconf 77' lang='lat' dir='ltr'><strong>lateran.</strong></span> <span class='ocrx_word' id='word_1_301' title='bbox 562 5296 645 5361; x_wconf 81' lang='lat' dir='ltr'><strong>XVI</strong></span> <span class='ocrx_word' id='word_1_302' title='bbox 668 5296 742 5361; x_wconf 89' lang='lat' dir='ltr'><strong>Kal.</strong></span> <span class='ocrx_word' id='word_1_303' title='bbox 765 5297 901 5383; x_wconf 82' lang='lat' dir='ltr'><strong>Aprilis,</strong></span> <span class='ocrx_word' id='word_1_304' title='bbox 923 5297 1132 5384; x_wconf 85' lang='lat' dir='ltr'><strong>pontificatue</strong></span> <span class='ocrx_word' id='word_1_305' title='bbox 1155 5297 1259 5361; x_wconf 89' lang='lat' dir='ltr'><strong>nostri</strong></span> <span class='ocrx_word' id='word_1_306' title='bbox 1283 5318 1368 5361; x_wconf 86' lang='lat' dir='ltr'><strong>anno</strong></span> <span class='ocrx_word' id='word_1_307' title='bbox 1391 5297 1507 5383; x_wconf 89' lang='lat' dir='ltr'><strong>primo.</strong></span> 
     </span>
    </p>
   </div>
   <div class='ocr_carea' id='block_1_18' title="bbox 291 5557 457 5626">
    <p class='ocr_par' dir='ltr' id='par_1_19' title="bbox 291 5557 457 5626">
     <span class='ocr_line' id='line_1_39' title="bbox 291 5557 457 5626; baseline -0.012 -16"><span class='ocrx_word' id='word_1_308' title='bbox 291 5561 314 5626; x_wconf 81' lang='lat'><strong>⁸)</strong></span> <span class='ocrx_word' id='word_1_309' title='bbox 333 5558 407 5610; x_wconf 79' lang='lat' dir='ltr'><strong>nobis</strong></span> <span class='ocrx_word' id='word_1_310' title='bbox 426 5557 457 5608; x_wconf 77' lang='lat' dir='ltr'><strong>R.</strong></span> 
     </span>
    </p>
   </div>
   <div class='ocr_carea' id='block_1_19' title="bbox 0 0 2279 6420">
    <p class='ocr_par' dir='ltr' id='par_1_20' title="bbox 0 0 2279 6420">
     <span class='ocr_line' id='line_1_40' title="bbox 0 0 2279 6420; baseline 0 0"><span class='ocrx_word' id='word_1_311' title='bbox 0 0 2279 6420; x_wconf 95' lang='lat' dir='ltr'><strong> </strong></span> 
     </span>
    </p>
   </div>
  </div>
 </body>
</html>
