4524 6412
994 371 1042 428 ex
1060 371 1234 428 GREGORII
1253 369 1291 424 IX
1310 369 1490 425 REGIS'IRO

848 587 1119 660 Rectoribus
1148 592 1190 661 et
1216 586 1383 679 populo
1412 583 1638 658 Gaietana

521 738 702 803 Venientes
725 735 766 800 ad
788 756 848 800 nos
872 734 1008 800 dilectos
1032 734 1117 799 filios
1138 734 1320 800 Iohannem
1343 734 1463 798 dietum
1480 733 1642 798 Gabatum
1665 739 1699 796 et
1721 732 1856 798 Petrum
1871 733 2070 819 Bulgamin,

317 921 320 928 ,
415 842 503 907 cives
527 847 561 907 et
582 841 713 905 nuntios
728 845 866 918 vestros,
890 839 977 903 viros
994 838 1146 925 providos
1170 845 1204 904 et
1226 839 1398 918 discretos,
1421 836 1565 921 benigne
1588 836 1773 922 recepimus
1796 843 1829 902 et
1843 836 2070 902 intelleximus

415 945 600 1031 diligenter.
646 943 729 1008 Oum
764 949 875 1007 autem
908 940 949 1005 ad
983 963 1042 1006 vos
1078 943 1162 1006 sicut
1198 949 1292 1029 pate'r
1327 940 1367 1005 ad
1397 941 1481 1005 filios
1514 940 1640 1004 sincere
1670 939 1855 1004 dilectionis
1888 939 2069 1004 habeamus

415 1049 577 1127 affectum,
599 1069 637 1112 ac
652 1068 712 1133 per
731 1045 793 1110 hoo
809 1044 1006 1109 utilitatibus
1023 1045 1140 1110 vestris
1157 1045 1297 1111 libenter
1312 1051 1477 1129 tamquam
1493 1042 1633 1129 propriis
1650 1042 1866 1120 intendamus,
1889 1043 2068 1128 petitiones

414 1158 562 1232 vestras,
597 1151 630 1214 in
664 1150 923 1236 quibuscumque
960 1169 1034 1213 oum
1068 1147 1242 1215 honestate
1277 1149 1461 1234 potuimus,
1500 1146 1682 1210 studuimus
1720 1145 1885 1212 exaudire.
1945 1145 2072 1210 Verum

413 1253 651 1318 baiulationem
680 1259 714 1317 et
744 1253 956 1338 plateaticum
988 1253 1129 1316 civitatis
1153 1260 1262 1318 vestre
1285 1273 1323 1317 ac
1346 1250 1453 1336 borgii
1474 1249 1635 1313 Maletum
1664 1270 1737 1312 oum
1761 1249 1912 1314 omnibus
1936 1248 2071 1314 iustitiis

415 1349 449 1422 ct
471 1354 655 1420 redditibus
680 1355 770 1421 curie
794 1355 915 1421 debitis
939 1355 980 1419 ad
1003 1377 1118 1420 manus
1142 1363 1271 1420 nostras
1288 1355 1441 1419 duximus
1465 1352 1644 1432 retinenda,
1667 1362 1821 1437 gerentes
1844 1353 1878 1417 in
1900 1353 2071 1439 proposito

417 1481 517 1546 super
547 1460 619 1524 aliis
650 1463 811 1546 oportuno
842 1465 990 1544 tempore
1017 1460 1208 1545 providere,
1236 1465 1332 1546 prout
1357 1457 1492 1522 utilitati
1518 1463 1627 1521 vestre
1656 1449 1745 1520 salvo
1775 1456 1898 1521 honore
1927 1456 2071 1521 ecclesie

414 1562 598 1628 videbimus
634 1561 801 1647 expedire·
846 1561 1019 1627 Monemus
1055 1562 1156 1647 igitur
1187 1561 1436 1627 universitatem
1464 1566 1607 1624 vestram
1641 1581 1702 1644 per
1734 1559 1914 1644 apostolica
1943 1559 2067 1644 scripta

416 1664 624 1746 mandantes,
660 1664 811 1750 quatinus
839 1665 873 1728 in
901 1664 1059 1730 fidelitate
1089 1687 1127 1730 ac
1157 1665 1331 1730 devotione
1360 1664 1449 1729 sedis
1478 1663 1657 1749 apostolice
1686 1660 1726 1727 de
1756 1661 1841 1727 bono
1874 1683 2006 1748 semper
2035 1662 2069 1726 in

416 1768 533 1833 melius
567 1766 726 1853 proficere
757 1763 933 1846 studeatis,
964 1767 1011 1831 ita
1041 1766 1127 1852 quod
1157 1769 1261 1855 ipsius
1291 1766 1500 1832 dilectionem
1528 1771 1562 1830 et
1592 1765 1731 1852 gratiam
1760 1765 1864 1851 magis
1894 1787 1932 1830 ao
1963 1765 2070 1850 magis

396 1871 596 1958 promereri
632 1870 782 1956 possitis,
822 1877 856 1936 et
891 1893 951 1937 nos
984 1871 1018 1936 in
1057 1873 1333 1958 oportunitatibus
1367 1871 1485 1936 vestris
1519 1870 1613 1935 vobis
1651 1869 1874 1936 favorabiliter
1907 1871 2066 1936 assistere

416 1973 604 2039 debeamus.

522 2093 610 2157 Data
630 2091 770 2174 Perusii,
793 2093 878 2158 XIII
900 2093 976 2158 Kal.
998 2049 1086 2176 Iulii,
1108 2095 1317 2182 pontificatus
1340 2095 1444 2159 nostri
1466 2114 1551 2157 anno
1575 2094 1682 2158 tertio.

1036 2337 1445 2346 --—.----.-—--—-—-—-

1766 2485 1776 2518 l

1197 2563 1283 2636 392.

523 2674 713 2786 (trapetas
727 2702 784 2767 IX
801 2722 888 2783 papa
905 2703 1077 2767 Gaictaaos
1099 2702 1156 2767 sub
1173 2702 1363 2784 protectione
1384 2721 1443 2768 saa
1465 2703 1604 2784 mrsoipit,
1625 2707 1766 2768 staturas
1788 2722 1893 2766 comem
1914 2702 2070 2767 civitaten

415 2808 450 2870 ia
472 2806 616 2871 minaria
637 2805 719 2869 sedis
740 2805 925 2886 apostolicae
941 2809 1092 2886 perpetuo
1113 2805 1320 2872 retinendam.
1712 2807 1807 2884 1229,
1830 2806 1905 2870 Iao.
1927 2809 1980 2870 20.

521 2923 605 2994 Grep.
623 2924 673 2978 IX
689 2923 758 2995 ch.
783 2925 840 2979 Vol.
859 2924 884 2990 I,
902 2927 971 2991 123,·
989 2925 1051 2981 Lib.
1070 2926 1132 2990 ΙΙΙ,
1150 2931 1196 2981 28.

519 3009 654 3074 Pottbast,
672 3008 738 3078 ch.
759 3011 840 3064 8422.

797 3187 982 3270 Civibus
1002 3187 1236 3264 Gaietanis
1264 3189 1481 3264 fidelibus
1508 3189 1686 3263 nostris.
2109 3231 2146 3269 ¹20

526 3336 629 3403 Sedes
658 3339 838 3424 apostolica
866 3338 967 3402 veluti
995 3338 1050 3425 pia
1075 3345 1194 3418 mater,
1225 3360 1287 3424 que
1315 3339 1456 3403 filiorum
1485 3339 1569 3404 uteri
1606 3339 1656 3402 sui
1686 3337 1835 3402 oblivisci
1865 3359 1931 3403 non
1959 3345 2071 3425 potest

417 3439 498 3503 etc.²
520 3461 643 3527 usque:
668 3461 750 3506 onus
774 3441 845 3506 eius
870 3448 921 3506 est
943 3443 1027 3521 leve,
1051 3439 1091 3505 de
1115 3443 1244 3506 comuni
1267 3442 1402 3506 fratrum
1424 3449 1609 3506 nostrorum
1632 3441 1768 3505 consilio
1793 3447 1826 3506 et
1849 3462 1986 3507 assensu
2009 3463 2069 3507 vos

416 3547 449 3605 et
472 3542 637 3608 civitatem
655 3551 798 3609 vestram
822 3566 896 3610 cum
919 3545 1080 3621 omnibus,
1103 3566 1166 3629 que
1191 3545 1475 3631 impresentiarum
1498 3544 1735 3609 rationabiliter
1756 3543 1934 3630 possidetis
1956 3552 2013 3610 aut
2035 3547 2069 3610 in

415 3644 559 3710 futurum
582 3647 675 3712 iustis
698 3646 803 3714 modis
827 3655 995 3734 prestante
1019 3647 1161 3713 Domino
1189 3649 1340 3735 poteritis
1370 3649 1523 3735 adipisci,
1554 3647 1614 3711 sub
1638 3648 1780 3712 dominio
1803 3669 1842 3713 ac
1864 3648 2068 3734 protectione

416 3749 594 3834 apostolice
630 3749 718 3815 sedis
754 3759 787 3817 et
820 3758 933 3818 nostra
967 3753 1182 3839 suscipimus,
1219 3759 1400 3818 statuentes
1436 3752 1630 3817 auctoritate
1664 3752 1865 3837 presentium
1900 3752 2067 3816 civitatem
2120 3780 2145 3818 a

415 3851 597 3936 predictam
624 3853 838 3920 infidelitate
870 3855 959 3920 sedis
990 3857 1172 3942 apostolico
1200 3857 1447 3941 persistentem,
1476 3856 1509 3920 in
1537 3856 1607 3920 eius
1636 3855 1786 3920 demanio
1819 3861 1853 3920 et
1883 3853 1924 3919 ad
1953 3876 2069 3918 manue

415 3954 518 4040 ipsius
551 3963 711 4042 perpetuo
746 3956 971 4038 retinendam,
1008 3957 1053 4021 ita
1088 3956 1175 4043 quod
1209 3978 1274 4022 non
1306 3959 1427 4024 debeat
1462 3957 1503 4024 de
1538 3966 1648 4023 cetero
1684 3959 1818 4022 alterius
1856 3957 1999 4022 dominio
2034 3962 2069 4022 et

414 4060 570 4144 potestati
607 4061 755 4125 subesse.
800 4059 891 4124 Nulli
927 4080 1006 4143 ergo
1041 4067 1103 4127 etc.
1137 4068 1249 4127 nostre
1282 4061 1496 4147 protectionis
1532 4067 1565 4126 et
1597 4061 1840 4126 constitutionis
1877 4059 2067 4143 infringere.

416 4163 451 4226 Si
475 4164 548 4248 quis
571 4169 681 4228 autem
705 4171 766 4230 eto.

523 4282 610 4348 Dato
632 4283 771 4364 Perusii,
794 4283 862 4348 XII
885 4281 1053 4347 Kalendas
1076 4284 1163 4366 Iulii,
1186 4285 1396 4371 pontificatus
1418 4285 1522 4350 nostri
1545 4307 1630 4350 anno
1653 4287 1761 4348 tertio.

1038 4528 1448 4539 Μ-

1198 4757 1284 4829 393.

522 4862 713 4974 θνερονὶιιε
735 4890 791 4956 IX
807 4913 894 4976 papa
916 4892 1138 4978 [Bertoldam]
1156 4894 1373 4975 patriarcham
1388 4895 1639 4976 Aquilcpicascm
1659 4897 1800 4980 praviter
1821 4897 1959 4978 corripit,
1985 4895 2069 4977 qaod

408 4993 621 5072 personaliter
642 4994 679 5057 ia
706 4993 880 5076 liopertum
906 4994 1052 5060 accederes
1073 4996 1273 5081 [Andreara]
1294 5017 1394 5079 repara
1421 5019 1443 5061 a
1465 4996 1621 5062 devotiora
1643 4999 1786 5064 ecclcsiae
1808 4999 1970 5064 Romanae
1993 4999 2066 5063 ecb-

413 5095 537 5160 trabere
559 5095 689 5174 studeat,
712 5097 801 5178 cipue
815 5096 954 5161 districtc
973 5100 1137 5179 praecipit,
1159 5103 1195 5163 at
1217 5099 1353 5164 inimic-is
1367 5100 1510 5164 ecclcsiae
1531 5099 1568 5164 dc
1583 5099 1679 5166 Potae
1701 5107 1729 5164 ct
1751 5103 1892 5168 aliarum
1907 5107 2067 5168 terrorism

410 5199 563 5278 portabas
584 5201 620 5262 ia
642 5199 800 5280 Apuliam
822 5200 960 5264 transire
981 5201 1153 5265 calcatibus
1174 5201 1295 5266 aditam
1311 5203 1442 5282 partitas
1464 5203 1638 5270 interdicat.
1707 5207 1804 5283 1229,
1828 5206 1903 5271 lua.
1925 5208 1978 5272 20.

519 5317 601 5386 (ἶνες.
619 5318 669 5371 IX
685 5317 754 5387 ch.
779 5317 834 5372 Vol.
852 5319 877 5376 Ι,
895 5322 964 5376 123:
982 5319 1043 5374 Lib.
1063 5322 1126 5390 ΙΙΙ,
1143 5326 1188 5376 27.
2120 5338 2146 5376 oe

517 5404 651 5470 Paulae,
669 5404 735 5474 lep.
754 5407 833 5460 8421.

516 5645 542 5714 1)
561 5645 598 5714 rs.
616 5661 641 5700 a.
663 5649 728 5701 338.
