4448 6420
1053 401 1102 460 EX
1120 398 1277 459 eunoun
1294 401 1334 457 III
1352 395 1533 458 REGISTRO

943 730 952 747 .
983 730 992 746 .
1020 669 1353 761 archiepiscopo
1380 667 1646 760 hlaguntino.

578 823 660 890 Cum
683 823 761 889 olim
785 823 845 888 tibi
868 823 989 888 nostris
1006 821 1193 888 dederimus
1213 819 1332 883 litteris
1355 817 1389 881 in
1403 815 1576 898 mandatis,
1599 824 1635 882 ut
1658 839 1770 882 omnes
1787 819 1919 885 omnino
1940 827 2118 906 proventus

470 936 503 995 et
533 927 682 994 redditus
710 926 969 992 Warmaciensis
1004 925 1145 991 ecclesie
1180 923 1290 1007 colligi
1323 921 1457 1002 faciens,
1494 942 1550 986 eos
1584 922 1618 985 in
1648 921 1820 986 Franciam
1852 925 2002 988 mitteres
2033 922 2118 1010 apud

469 1033 601 1112 Trecas,
624 1036 661 1095 ut
684 1028 802 1096 exinde
825 1028 945 1095 dilecto
967 1029 1035 1093 filio
1058 1027 1192 1092 Matheo
1208 1024 1360 1089 Widonis
1383 1023 1527 1089 Marroui
1550 1032 1583 1089 et
1605 1026 1675 1090 eius
1700 1025 1797 1090 sociis
1820 1026 1946 1091 civibus
1962 1025 2118 1091 Romanis

470 1135 645 1199 satisfieret
672 1132 713 1198 de
742 1134 896 1220 pecunia,
933 1133 966 1196 in
1000 1152 1064 1216 qua
1097 1136 1148 1195 est
1179 1129 1227 1193 eis
1250 1126 1507 1191 Warmaciensis
1543 1128 1685 1193 ecclesis
1715 1129 1873 1214 obligato,
1909 1130 2003 1214 quia,
2037 1131 2121 1192 sicut

470 1237 709 1318 intelleximus,
740 1242 919 1323 proventus
943 1236 1013 1300 eius
1037 1233 1119 1298 adeo
1143 1238 1219 1296 sunt
1241 1231 1363 1312 exiles,
1390 1231 1477 1314 quod
1498 1233 1555 1295 vix
1578 1233 1676 1317 longo
1699 1239 1847 1320 tempore
1870 1239 1988 1321 posset·
2007 1255 2051 1298 ex
2074 1234 2121 1296 eis

471 1364 491 1407 a
518 1342 638 1407 debitis
673 1341 788 1406 eadem
818 1340 959 1406 ecclesia
984 1339 1134 1420 liberari,
1165 1336 1362 1401 fraternitati
1390 1343 1445 1401 tue
1473 1358 1532 1423 per
1559 1338 1740 1423 apostolica
1766 1337 1888 1423 scripta
1916 1336 2121 1416 mandamus,

473 1445 624 1529 quatinus
653 1451 832 1531 proventus
862 1442 996 1509 eosdem
1026 1441 1159 1507 studeas
1191 1441 1353 1524 obligare,
1387 1442 1664 1527 ecclesiarumque
1693 1442 1854 1527 prelatos,
1883 1443 2059 1506 canonicos
2089 1448 2123 1506 et

471 1549 554 1612 alios
578 1548 716 1613 clericos
740 1548 882 1611 civitatis
911 1552 944 1612 et
972 1547 1113 1611 diocesis
1135 1544 1394 1609 Warmaciensis
1423 1565 1484 1608 nec
1510 1566 1576 1608 non
1605 1546 1693 1610 cives
1722 1553 1755 1609 et
1783 1545 1942 1609 vassallos
1971 1545 2122 1625 ecclesie,

471 1651 563 1715 utin
586 1650 648 1715 hoc
671 1649 779 1715 eidem
802 1649 1005 1730 subveniant,
1038 1670 1171 1714 moneas
1194 1648 1390 1734 propensius
1414 1652 1447 1712 et
1468 1646 1603 1712 inducas
1628 1654 1675 1726 et,
1706 1648 1733 1712 si
1756 1669 1892 1712 necesse
1917 1648 2032 1726 fuerit,
2063 1669 2122 1734 per

473 1773 646 1818 censuram
674 1752 949 1830 ecelesiasticam,
979 1774 1016 1818 ac
1047 1751 1182 1832 Iudeos,
1210 1757 1275 1814 tam
1306 1751 1446 1814 civitatis
1475 1772 1572 1835 quam
1598 1751 1740 1816 diocesis
1762 1751 2037 1833 Warmaciensis,
2065 1773 2125 1838 per

473 1855 729 1920 subtractionem
757 1856 993 1921 communionis
1021 1854 1167 1920 fidelium
1195 1853 1236 1918 ad
1262 1852 1294 1917 id
1324 1853 1544 1939 appellatione
1577 1861 1705 1919 remota
1733 1856 1929 1942 compellas,
1961 1856 2008 1918 ita
2038 1854 2125 1939 quod

472 1979 577 2043 usque
602 1957 643 2021 ad
666 1937 850 2043 proximum
873 1959 993 2024 festum
1015 1958 1265 2024 resurrectionis
1280 1956 1477 2022 Dominiee¹
1501 1959 1590 2022 mille
1614 1965 1788 2023 sexcentas
1811 1967 1844 2025 et
1860 1961 1979 2046 viginti
1998 1982 2125 2026 marcas

473 2062 625 2146 colligas,
657 2063 852 2148 computatis
875 2063 909 2126 in
931 2063 1011 2149 ipsis
1035 2060 1283 2148 quadringentis
1307 2067 1341 2126 et
1368 2062 1502 2146 triginta
1528 2063 1647 2127 mareis
1670 2062 1735 2127 iam
1760 2063 1923 2142 collectis,
1955 2072 1989 2129 et
2013 2086 2069 2129 cas
2092 2066 2126 2127 in

473 2171 543 2229 tuto
567 2165 639 2229 loco
663 2162 808 2251 deponas
832 2171 865 2230 et
888 2166 1027 2230 collecta
1047 2166 1187 2251 pecunia
1209 2165 1282 2250 ipsa
1304 2163 1398 2228 nobis
1421 2165 1557 2231 festines
1581 2167 1768 2250 quantotius
1783 2168 1946 2248 intimare,
1969 2173 2006 2232 ut
2028 2166 2123 2232 dictis

472 2267 629 2332 Romanis
653 2266 693 2332 de
717 2270 856 2358 pecunia
879 2269 942 2333 sibi
964 2268 1076 2333 debita
1100 2269 1238 2333 celerius
1262 2267 1401 2331 satisfiat
1424 2275 1457 2332 et
1479 2269 1620 2332 ecclesia
1642 2269 1714 2354 ipsa
1736 2269 1865 2334 facilius
1889 2267 2059 2335 liberetur.

581 2388 658 2453 Dat.
680 2389 796 2471 Reate,
820 2397 936 2455 octavo
959 2390 1038 2455 Idus
1061 2390 1146 2470 lulii,
1171 2410 1256 2454 anno
1278 2410 1374 2455 nono.

1258 2995 1344 3068 274.

587 3108 774 3203 Honoras
796 3136 865 3201 ΙΙΙ
876 3157 967 3218 papa
988 3135 1212 3222 [Hermanno]
1239 3135 1388 3217 mapistro
1410 3137 1439 3200 ct
1456 3132 1616 3220 fratribus
1641 3135 1900 3202 Tbeatoaicoram
1922 3138 2073 3204 decimam
2094 3139 2128 3201 ia

475 3240 720 3340 Marpcatbcim,
754 3261 849 3322 quam
874 3240 1057 3322 Gotefridas
1086 3245 1116 3305 ct
1140 3241 1306 3306 Conradas
1333 3241 1370 3304 dc
1392 3239 1535 3304 Honloch
1562 3241 1778 3326 [Halicalolcc]
1804 3264 1825 3306 a
1850 3243 2036 3308 dheoderico
2065 3243 2127 3322 cpi

475 3365 563 3427 scopo
577 3344 798 3425 Herbipolensi
819 3345 856 3409 ia
874 3345 1004 3426 seudum
1026 3349 1199 3423 tenuerant,
1221 3345 1276 3408 scd
1295 3345 1339 3408 iis
1360 3345 1566 3423 contulerant,
1590 3347 1763 3426 confirmat.

1764 3449 1857 3526 1225,
1880 3448 1946 3516 Ial.
1970 3451 2045 3514 13².

580 3531 654 3586 Hora.
672 3535 727 3586 III
741 3533 807 3602 Περ.
831 3533 887 3588 Vol.
911 3533 940 3598 V,
959 3538 1023 3594 m,-
1042 3533 1104 3588 Isiu.
1124 3533 1161 3598 Χ,
1180 3539 1238 3588 211.

580 3618 718 3683 Postea,
737 3617 808 3688 Rea.
829 3624 905 3674 7441.
947 3699 948 3703 Ἰ

531 3887 539 3904 .
568 3887 577 3906 .
604 3833 814 3924 magistro
842 3839 884 3908 et
911 3833 1124 3908 fratribus
1150 3833 1315 3907 Domus
1342 3838 1499 3906 sancte
1525 3831 1661 3905 Maric
1687 3832 2079 3907 Theotonicorum.

589 3982 691 4047 Iustis
706 3985 889 4069 petentium
906 3989 968 4050 etc.
984 4005 1102 4070 usque:
1122 3984 1297 4070 complere.
1341 3982 1468 4047 Littera
1485 3980 1644 4067 siquidem
1661 3981 1746 4046 bone
1763 3983 1919 4047 memorie
1934 3982 2131 4048 Theudorici
2178 4005 2183 4041 r

478 4082 734 4172 Herbipolensis
758 4088 915 4174 episcopi,
939 4108 998 4152 suo
1022 4093 1055 4151 et
1078 4086 1331 4172 Herbipolensis
1354 4086 1488 4172 capituli
1510 4106 1548 4149 ac
1570 4085 1728 4150 nobilium
1751 4087 1894 4150 virorum
1916 4086 2080 4151 Gotefridi
2102 4093 2134 4151 et

480 4185 622 4252 Oonradi
646 4189 687 4255 de
709 4189 864 4255 Honloch
886 4192 1023 4256 fratrum
1040 4191 1237 4256 communite
1254 4190 1381 4275 sigillis,
1403 4189 1498 4255 nobis
1516 4189 1664 4254 exhibite
1686 4191 1772 4253 iuter
1788 4197 1897 4255 cetera
1912 4191 2132 4262 continebant,

479 4289 565 4374 quod
588 4312 662 4356 cum
684 4293 783 4359 iidem
805 4295 933 4359 nobiles
956 4294 1118 4359 decimam
1145 4295 1179 4357 in
1200 4293 1457 4377 Mergentheim,
1489 4313 1586 4378 quam
1609 4314 1693 4357 nunc
1716 4293 1749 4356 in
1771 4292 1904 4358 feudum
1927 4294 1969 4359 ab
1992 4295 2134 4360 ecclesia

479 4392 715 4480 Herbipolensi
743 4398 915 4478 tenebant,
946 4398 1038 4463 vobis
1069 4397 1147 4462 dare
1174 4396 1238 4463 fide
1270 4397 1464 4483 interposita
1485 4397 1728 4482 promisissent,
1761 4397 1896 4482 prefatis
1920 4399 2077 4484 episcopo
2102 4407 2135 4463 et

482 4498 624 4583 capitulo
649 4500 881 4586 supplicarunt,
905 4508 941 4565 ut
962 4501 1057 4566 vobis
1081 4501 1268 4566 conferrent
1287 4501 1448 4566 decimam
1464 4507 1688 4580 memoratam,
1710 4501 1939 4585 promittentes
1963 4501 2050 4586 quod
2074 4522 2132 4587 pro
2180 4523 2183 4558 ε

480 4600 537 4664 illa
572 4608 761 4688 competens
796 4604 892 4668 vobis
924 4604 1130 4669 excambium
1163 4605 1379 4690 assignarent.
1446 4603 1580 4668 Prefata
1611 4605 1711 4689 igitur
1741 4602 1870 4668 decima
1902 4610 1969 4668 tam
2002 4626 2023 4668 a
2056 4605 2134 4669 viris

480 4703 695 4789 prudentibus
719 4706 760 4772 de
782 4707 931 4792 predicto
957 4709 1098 4793 capitulo
1122 4728 1218 4793 quam
1242 4729 1261 4772 a
1283 4706 1478 4793 quibusdam
1495 4706 1647 4772 fidelibus
1671 4705 1818 4772 eiusdem
1835 4707 1976 4772 ecclesie
1999 4709 2136 4793 triginta

481 4812 515 4871 et
538 4829 599 4872 sex
621 4809 821 4874 talentorum
843 4812 950 4897 pretio
975 4812 1143 4890 extimata,
1167 4811 1305 4897 predicti
1329 4811 1457 4876 nobiles
1481 4811 1702 4897 proprietates
1726 4832 1801 4875 suas
1825 4811 1959 4895 triginta
1982 4819 2137 4896 quattuor

481 4912 603 4976 talenta
627 4918 660 4977 et
683 4915 822 5000 amplius
845 4915 939 4979 annis
963 4915 1100 5000 singulis
1118 4915 1310 4980 exolventes
1331 4915 1396 5001 ipsi
1415 4915 1555 4979 ecclesie
1577 4915 1793 4994 contulerunt,
1817 4913 1858 4977 ab
1882 4935 1922 4978 ea
1945 4914 1977 4978 iu
2000 4914 2135 4979 feudum

480 5015 678 5101 recipientes
708 5018 856 5097 easdem,
889 5039 1013 5102 vosque
1047 5018 1208 5103 quandam
1236 5020 1468 5105 proprietatem
1499 5027 1642 5083 vestram
1671 5018 1839 5082 annuatim
1861 5018 2046 5082 solventem
2069 5019 2133 5082 duo

481 5119 622 5200 talenta,
656 5142 718 5205 que
749 5122 885 5187 deerant
909 5121 1116 5185 estimationi
1142 5121 1306 5208 predicte,
1336 5123 1399 5209 ipsi
1423 5123 1562 5187 ecclesie
1593 5120 1788 5185 contulistis.
1833 5118 1926 5184 Idem
1954 5142 2033 5206 ergo
2064 5122 2134 5209 epi-

482 5245 600 5310 scopus
626 5227 800 5290 securitate
824 5231 958 5312 recepta
980 5223 1021 5290 de
1049 5227 1288 5291 restauratione
1317 5226 1468 5292 facienda
1494 5227 1557 5312 ipsi
1589 5226 1747 5303 ecclesie,
1778 5224 1806 5288 si
1835 5222 1978 5306 aliquam
2007 5233 2134 5310 partem

481 5328 599 5413 prefati
628 5328 790 5394 excambii
825 5329 1000 5413 contigerit
1027 5329 1135 5393 evinci
1167 5330 1314 5414 legitime
1343 5331 1385 5394 ab
1417 5329 1548 5411 eadem,
1582 5330 1744 5416 prefatam
1778 5326 1939 5391 decimam
1968 5330 2063 5393 vobis
2095 5329 2136 5395 de

586 5621 612 5688 1)
631 5621 722 5692 April.
740 5624 782 5676 19.
860 5621 889 5690 2)
907 5621 1010 5676 Datum
1028 5622 1125 5688 Reate,
1143 5623 1185 5677 ΠΙ
1202 5623 1267 5678 Idus
1284 5622 1358 5684 Iulii,
1378 5622 1557 5693 pontificatus
1574 5623 1662 5678 nostri
1681 5640 1755 5678 anno
1772 5640 1854 5685 nono,
1874 5630 1905 5678 at
1923 5624 1988 5694 lcpit
2005 5623 2134 5690 Streltte,

485 5707 552 5764 raa.
570 5708 629 5764 ord.
652 5708 784 5764 lhcatoa.
798 5726 829 5779 p.
847 5713 901 5763 162
919 5709 950 5763 ia
967 5710 1059 5764 rodae
1077 5710 1278 5780 Repimantoao
1296 5711 1330 5766 R.
1351 5715 1387 5764 77
1404 5710 1478 5764 iuter
1496 5711 1775 5782 Merqentlrcimcasia
1792 5727 1819 5763 a.
1840 5713 1881 5766 31.
