4576 6390
127 1093 139 1132 t

757 389 958 449 EPISTOLAE
975 389 1164 450 SELEG'I'AE.
1202 392 1277 450 1234.

450 609 595 683 Nobili
620 607 717 681 viro
744 607 964 680 Willelmo
994 608 1155 682 Tuscis
1183 609 1335 681 comiti
1362 611 1593 702 palatin0¹.

302 759 480 826 Studentes
512 757 693 845 apostolice
728 755 816 822 sedis
847 757 987 842 gratiam
1021 757 1257 842 obsequiorum
1287 759 1486 844 gratitudine
1516 761 1696 847 promereri
1727 763 1847 828 favoris

193 886 328 930 munere
357 863 511 951 prosequi
539 863 756 946 gratulamur,
790 866 826 923 ut
853 881 917 944 quo
950 861 1111 946 gratiores
1140 884 1176 926 se
1210 863 1326 928 haberi
1356 866 1602 950 perspexerint,
1640 887 1679 930 eo
1709 867 1775 931 sint
1806 866 1848 931 ad

192 967 375 1034 devotionis
395 966 592 1051 obsequiosa
613 964 829 1049 frequentiam
846 965 1074 1050 promptiores.
1120 965 1209 1031 Hinc
1232 973 1292 1048 est,
1316 968 1403 1052 quod
1427 989 1499 1032 curn
1522 975 1557 1032 tu
1580 990 1638 1055 pro
1663 972 1848 1034 reverentia

191 1071 422 1157 Redemptoris
447 1076 559 1134 sancte
583 1067 731 1132 Romane
755 1069 895 1132 ecclesie
922 1069 1036 1132 matris
1065 1075 1119 1134 tue
1151 1071 1319 1155 obsequiis
1348 1071 1541 1136 desudando
1570 1073 1692 1136 multos
1715 1073 1853 1138 labores,

192 1175 333 1239 subieris
357 1182 390 1238 et
413 1192 594 1258 expensas,
625 1171 791 1234 studiosus
815 1176 849 1234 et
875 1192 961 1235 nunc
988 1179 1141 1258 prompta
1163 1180 1273 1238 mente
1296 1174 1455 1260 perficere
1480 1196 1542 1260 que
1567 1181 1662 1258 grate
1683 1178 1846 1263 possimus

190 1279 308 1342 merito
331 1282 499 1363 reputare,
529 1281 634 1350 tuam,
666 1273 702 1337 T.
726 1274 893 1338 comitisse
917 1275 1030 1338 uxoris
1054 1296 1092 1338 ac
1115 1276 1256 1340 liliorum
1279 1283 1408 1341 tuorum
1431 1298 1609 1363 personas,
1632 1279 1845 1345 infidelitate

190 1403 228 1445 ac
251 1380 426 1446 devotione
450 1377 538 1443 sedis
561 1378 740 1463 apostolice
764 1377 990 1464 persistentes,
1015 1399 1089 1441 curn
1110 1379 1259 1444 omnibus
1282 1381 1378 1445 bonis
1401 1382 1467 1445 tuis
1490 1381 1530 1446 de
1554 1382 1690 1447 fratrum
1713 1391 1844 1449 nostro·

136 1563 142 1580 .
189 1506 262 1549 rum
296 1485 433 1548 consilio
469 1482 529 1546 sub
565 1481 771 1567 protectione
806 1503 844 1545 ac
881 1481 1073 1547 defensione
1111 1491 1224 1548 nostra
1257 1491 1291 1549 et
1324 1485 1505 1570 apostolice
1546 1485 1633 1550 sedis
1669 1487 1845 1574 recipimus

114 1616 139 1655 10

110 2649 134 2688 15

110 3329 136 3368 20

106 4880 131 4918 35

103 5575 131 5616 40

192 1589 338 1674 speciali.
382 1587 432 1651 Tu
455 1607 534 1650 vero
556 1585 737 1648 constantis
760 1585 861 1648 animi
884 1585 1086 1649 munimenta
1104 1587 1298 1673 suscipiens,
1321 1588 1355 1651 in
1379 1588 1519 1652 ecclesie
1535 1588 1737 1670 defensione,
1761 1593 1846 1656 sieut

191 1691 399 1756 laudabiliter
422 1688 591 1774 incepisti,
615 1687 794 1752 efficaciter
817 1709 1029 1773 perseveres,
1053 1689 1178 1754 firmam
1202 1712 1295 1776 spem
1319 1699 1352 1756 ct
1374 1691 1525 1756 fiduciam
1548 1692 1734 1776 habiturus,
1759 1695 1844 1780 quod
1906 1739 1908 1752 .
2024 1739 2027 1746 ·

190 1803 265 1860 tea
295 1794 447 1858 fluctibus
479 1787 722 1856 adversantium
750 1791 845 1854 obrui
878 1792 1059 1855 auxiliante
1082 1792 1224 1857 Domino
1252 1795 1438 1858 nullatenus
1470 1797 1708 1881 permittemus.
1752 1799 1843 1863 Nulli

190 1905 270 1982 ergo
294 1904 357 1962 etc.
381 1903 492 1961 nostre
515 1895 730 1983 protectionis
754 1901 787 1958 et
810 1895 1012 1960 defensionis
1036 1896 1225 1981 infringere.
1273 1897 1308 1962 si
1332 1899 1404 1984 quis
1427 1906 1538 1963 autem
1562 1905 1625 1965 etc.

297 2018 372 2082 Dat.
393 2019 533 2099 Perusii,
556 2017 588 2082 V
610 2014 685 2082 Kal.
709 2015 872 2098 Octobris,
897 2039 981 2081 anno
1006 2023 1132 2084 octavo.

970 2488 1056 2560 598.

296 2601 487 2712 (frecariis
506 2627 562 2692 IX
576 2648 666 2708 papa
688 2628 829 2712 [Vitali]
851 2589 1079 2707 arclatepiscopd
1102 2626 1222 2690 Pisano
1245 2627 1385 2706 mandat,
1408 2632 1443 2691 ut
1459 2632 1651 2708 potestatem,
1674 2631 1838 2694 consilium

184 2738 214 2799 et
236 2753 393 2799 eomrnaac
416 2733 552 2798 Scaeasc
572 2732 613 2796 ab
634 2733 767 2796 iniuriis
789 2737 818 2795 ct
839 2733 987 2796 molestiis
1019 2732 1174 2796 Willrclmi
1196 2733 1315 2795 comitis
1334 2734 1476 2812 palatini
1500 2735 1638 2811 tmere,
1662 2755 1751 2815 quem
1773 2757 1842 2799 cum

188 2839 224 2902 Τ.
248 2858 345 2901 acore
367 2840 396 2900 ct
416 2836 498 2917 filiis
519 2836 587 2898 suis
609 2836 665 2899 srcb
683 2837 873 2916 protectione
895 2855 954 2898 suc
976 2837 1152 2916 susceperit,
1175 2835 1319 2914 desistere
1340 2836 1448 2916 faciet.
1495 2840 1589 2915 1234,
1611 2837 1695 2917 Sept.
1710 2839 1762 2902 27.

291 2955 373 3024 Grep.
391 2955 442 3009 IX
459 2955 528 3025 ch.
551 2953 609 3010 vol.
628 2954 682 3020 IV,
700 2959 771 3021 2085
790 2955 853 3008 Lib.
875 2953 962 3014 VIII.
980 2959 1043 3009 226.

704 3207 712 3224 .
743 3208 751 3225 .
780 3151 1121 3244 archiepiscopo
1150 3151 1323 3226 Pisano

297 3300 379 3364 Cum
403 3301 596 3366 dilectorum
619 3301 770 3380 filiorum,
795 3301 916 3365 nobilis
939 3301 1000 3364 viri
1023 3301 1186 3366 Willelrni
1209 3302 1337 3367 comitis
1361 3299 1480 3364 Tuscia
1503 3302 1650 3386 palatini,
1674 3302 1711 3366 Τ.
1736 3304 1839 3368 corni-

185 3405 266 3469 tissc
290 3405 402 3469 uxoris
426 3427 464 3469 ao
494 3404 633 3468 filiorum
665 3425 797 3468 suorum
828 3425 1001 3490 personas,
1034 3406 1066 3468 in
1097 3405 1318 3470 fidelitateac
1341 3404 1517 3469 devotione
1548 3403 1636 3469 sedis
1660 3407 1860 3492 apostolice·

184 3509 417 3595 persistentes,
450 3507 509 3572 sub
545 3509 750 3593 protectione
786 3530 823 3572 ac
855 3508 1047 3573 defensione
1083 3517 1194 3574 nostra
1224 3518 1257 3575 et
1288 3509 1467 3597 apostolice
1498 3510 1585 3573 sedis
1619 3513 1840 3597 receperimus

186 3613 338 3699 speciali,
368 3613 517 3676 volentes
549 3633 569 3675 a
596 3613 845 3697 malignantium
874 3614 958 3677 tueri
981 3614 1176 3699 calumpniis
1201 3621 1233 3677 et
1260 3613 1505 3677 adversantium
1535 3614 1755 3693 nocumentis,
1785 3615 1839 3679 fir-

184 3718 281 3781 miter
304 3716 365 3780 tibi
394 3736 454 3801 per
481 3716 664 3801 apostolica
693 3718 817 3803 scripta
845 3717 1057 3804 precipiendo
1086 3717 1293 3798 mandamus,
1325 3717 1477 3802 quatinus
1500 3715 1729 3800 potestatem²,
1762 3739 1840 3782 con·

187 3819 294 3883 silium
318 3825 352 3883 et
375 3839 512 3883 comune
537 3817 684 3882 Senense
709 3818 750 3882 ad
774 3821 835 3883 hoc
859 3819 1035 3905 diligenter
1059 3827 1091 3884 et
1115 3821 1294 3884 efficaciter
1317 3818 1471 3883 inducere
1494 3838 1559 3882 non
1580 3824 1776 3904 postponas,
1804 3825 1840 3883 ut

184 3922 225 3986 ab
260 3922 386 3986 iniuriis
422 3929 456 3985 et
492 3924 653 3986 molestiis
690 3923 768 3987 dicti
803 3925 931 3988 comitis
966 3947 1027 3988 nec
1064 3946 1129 3988 non
1165 3925 1206 3988 ab
1242 3923 1470 3989 exactionibus
1505 3930 1538 3986 et
1573 3923 1839 3987 innovationibus

183 4025 342 4090 faciendis
365 4025 398 4089 in
421 4026 578 4090 comitatu
601 4027 749 4091 eiusdem
774 4029 903 4093 sublata
927 4029 1084 4094 dilatione
1108 4028 1278 4106 desistant,
1303 4026 1367 4092 sibi
1391 4025 1431 4092 de
1456 4025 1605 4110 dampnis
1630 4031 1663 4090 et
1685 4027 1838 4111 irrogatis

184 4130 312 4194 iniuriis
334 4127 591 4193 satisfactionem
609 4150 786 4215 congruam
802 4131 1032 4217 impendendo.
1078 4132 1245 4217 Alioquin,
1269 4152 1342 4194 cum
1365 4127 1513 4193 eiusdem
1537 4128 1675 4208 comitis,
1699 4129 1839 4193 ecclesie

184 4231 330 4296 Romane
348 4233 491 4314 vassalli,
515 4233 555 4297 de
579 4255 642 4318 quo
667 4235 941 4319 conquerentibus
965 4236 1069 4321 parati
1094 4256 1204 4299 sumus
1229 4234 1388 4298 exhibere
1413 4232 1536 4297 iustitie
1553 4231 1838 4316 complementum,

183 4338 253 4423 pati
276 4336 484 4422 gravamiua“
506 4337 723 4420 equanimiter
744 4358 810 4401 non
831 4338 1008 4423 possimus,
1032 4337 1136 4401 dictos
1153 4343 1351 4423 potestatem
1375 4342 1409 4400 et
1432 4335 1603 4400 consilium
1626 4355 1646 4399 a
1668 4335 1838 4422 premissis

183 4460 437 4525 percensuram
463 4440 722 4504 ecclesiasticam
750 4441 971 4526 appellatione
995 4447 1121 4504 remota
1144 4460 1350 4526 compescas;
1381 4439 1513 4526 proviso
1540 4460 1582 4503 ne
1613 4438 1646 4502 iu
1675 4438 1837 4504 universi-

183 4548 285 4607 tatem
308 4542 491 4608 Scnensem
523 4543 870 4607 excommunicationis
900 4544 953 4608 vel
985 4542 1150 4608 interdicti
1182 4544 1378 4608 sententiam
1406 4541 1602 4628 proferatisb
1630 4548 1692 4606 etc.
1719 4563 1837 4628 usque:

184 4646 331 4731 speciali.
379 4645 533 4709 Ceterum
557 4645 682 4710 eisdem
705 4647 879 4732 potestati,
910 4647 1047 4710 consilio
1072 4653 1105 4711 et
1128 4645 1291 4711 communi
1315 4667 1358 4709 ex
1380 4650 1473 4730 parte
1496 4649 1609 4710 nostra
1630 4643 1739 4710 dicere
1763 4646 1839 4710 viva

182 4769 263 4814 voce
285 4770 457 4835 procures,
488 4747 575 4834 quod
606 4749 671 4814 nisi
702 4750 854 4816 comitem
878 4756 1094 4814 memoratum
1123 4756 1156 4814 et
1183 4755 1303 4813 terram
1327 4769 1419 4812 suam
1441 4748 1618 4812 molestare
1641 4745 1838 4831 destiterint,

184 4859 298 4917 contra
321 4873 377 4917 eos
400 4853 516 4917 fortius
539 4873 718 4938 aggravare
743 4854 930 4918 curabimus
954 4874 1069 4918 manus
1092 4859 1233 4919 nostras.
1272 4863 1275 4870 '

291 4973 368 5040 Dat.
391 4979 428 5037 ut
451 4993 560 5059 supra.

291 5095 331 5158 In
365 5094 505 5160 eundem
539 5092 670 5159 modum
705 5097 862 5182 scripturn
899 5103 951 5162 est
987 5144 994 5158 .
1020 5144 1028 5158 .
1056 5096 1211 5182 episcopo
1235 5091 1436 5159 Vitcrbiensi
1468 5112 1588 5178 usque:
1625 5087 1837 5175 precipiendo

182 5197 393 5280 mandamus,
436 5199 588 5283 quatinus
621 5207 900 5286 ..potestatem,
939 5201 1112 5265 consilium
1147 5206 1181 5263 et
1215 5219 1387 5263 commune
1421 5195 1666 5260 Urbevetanum
1701 5191 1743 5256 ad
1776 5191 1838 5256 hoc

183 5303 361 5389 diligenter
382 5308 416 5368 et
439 5302 619 5368 efficaciter
641 5309 702 5368 etc.
727 5325 831 5391 usque
856 5306 889 5368 in
911 5303 1019 5368 finem.
1062 5309 1066 5312 ’

600 5461 746 5470 m»...—
754 5463 821 5468 ——-
832 5459 1170 5468 ———.-.-...—---.——-
1181 5459 1278 5465 ..d-
1286 5455 1732 5464 ---....-.-—-—--.--.-.—.-.—.-

289 5561 313 5630 ⁸)
330 5565 411 5631 parati
428 5565 569 5632 gravamiu.
589 5564 621 5616 R.
696 5560 719 5631 ι’)
735 5564 773 5616 ita
790 5563 822 5615 R.

285 5683 313 5752 1)
334 5681 376 5750 Os.
389 5698 420 5752 p.
439 5685 502 5748 479,
518 5686 574 5735 act.
593 5685 617 5733 1.
686 5679 715 5748 2)
738 5678 957 5734 rimoldum
975 5677 1158 5732 Anibatdam:
