4598 6158
699 297 899 358 EPIS'I'OLAE
917 300 1106 360 SELEC'I'AE.
1142 304 1218 359 1232.
1727 305 1790 370 379

128 471 375 558 tranquillitatis
398 479 582 559 assumpto,
605 480 641 537 ut
664 497 704 540 eo
728 475 856 541 facilius
878 482 956 542 vota
976 483 1034 542 tua
1055 478 1119 542 fine
1147 499 1306 564 prospero
1329 478 1560 560 terminentur,
1583 499 1647 565 quo
1669 478 1791 543 nullius

135 574 262 639 obiectu
287 576 426 640 turbinis
443 575 563 640 fuerint
579 575 746 663 impedita,
770 579 914 665 prefatos
932 582 1107 666 magistros
1132 589 1165 646 et
1187 582 1304 648 fratres
1329 583 1363 646 in
1388 583 1497 668 aliquo
1521 604 1586 647 non
1602 583 1790 664 conturbes,

135 685 183 742 set
209 679 238 742 si
264 687 400 766 propter
424 681 515 766 ipsos
545 680 718 765 aliquando
751 683 894 748 turbatio
921 685 1041 750 mentis
1073 686 1189 764 imunt,
1221 687 1268 751 sic
1300 687 1430 752 efficere
1459 684 1606 766 studeas,
1637 691 1673 750 ut
1697 686 1790 753 obice

133 782 251 847 virtute
281 785 442 868 quiescat3
471 804 528 848 eos
558 782 600 847 ad
632 785 735 849 teitu
760 785 938 872 prudenter
964 809 1123 853 revocans
1151 810 1211 875 per
1241 788 1478 855 exhibitionem
1508 790 1682 854 clementie
1711 811 1789 854 con-

133 885 286 966 solantis,
315 885 402 971 quod
432 886 567 951 eosdem
596 885 656 951 tibi
687 891 812 953 statuas
842 891 888 954 tui
916 890 1037 955 favoris
1065 913 1199 957 munere
1224 893 1405 978 gratiosos;
1436 914 1535 980 super
1562 893 1624 958 hoc
1654 899 1688 957 et
1715 894 1789 958 aliis

132 988 329 1054 excellentie
350 997 407 1054 tue
435 990 577 1074 negotiis
600 991 721 1055 nostris
746 992 943 1058 salutaribus
965 995 1098 1059 monitis
1121 1001 1155 1060 et
1179 997 1323 1061 consiliis
1346 998 1557 1081 aquiescens,
1588 1004 1624 1061 ut
1649 996 1691 1061 ad
1714 1018 1788 1083 per-

133 1091 317 1176 ceptionem
338 1092 506 1158 felicitatis
536 1094 690 1159 continue
720 1095 927 1160 celsitudinis
955 1103 1010 1162 tue
1046 1100 1193 1184 potentia
1213 1122 1372 1186 processu
1393 1101 1498 1166 libero
1523 1099 1691 1186 dirigatur.
1735 1099 1789 1164 Ad

134 1192 203 1274 hec,
226 1201 262 1260 ut
277 1179 417 1282 predicti
432 1197 619 1281 patriarcha
636 1199 750 1280 etalii,
775 1200 830 1284 qui
845 1207 1003 1265 vocantur
1018 1201 1059 1264 ad
1075 1203 1289 1288 apostolicam
1311 1203 1433 1284 sedem,
1456 1203 1629 1268 transitum
1645 1202 1790 1268 habeant

133 1295 269 1362 liberum
294 1306 328 1364 et
351 1321 533 1376 accessum,
557 1302 605 1366 eis
629 1301 670 1366 de
694 1324 811 1368 securo
828 1303 990 1370 conductu
1006 1326 1066 1390 per
1082 1312 1233 1391 patentes
1250 1307 1437 1392 imperiales
1453 1307 1582 1372 litteras
1600 1306 1787 1372 sublimitas

136 1405 188 1464 tua
208 1401 382 1487 provideat
404 1409 438 1467 et
460 1404 522 1468 iter
544 1405 664 1469 efficiat
687 1407 877 1493 expeditum
901 1409 977 1494 quia
1000 1409 1070 1474 sine
1094 1416 1204 1474 nostro
1227 1417 1349 1496 tuoque
1373 1411 1511 1476 roboreu
1532 1431 1597 1474 non
1619 1410 1723 1489 fieret,
1748 1411 1788 1491 si,

137 1502 215 1586 quod
238 1503 336 1586 absit,
361 1527 473 1571 eorum
496 1504 596 1571 fidosb
620 1507 779 1574 adventus
802 1510 934 1596 aliquod
951 1511 1157 1577 obstaculum
1180 1513 1351 1581 inveniret.
1397 1514 1554 1579 Ceterum
1578 1533 1677 1599 super
1700 1511 1786 1576 facto
1863 1535 1872 1563 ν

138 1604 269 1672 Saiete¹
292 1609 391 1695 plena
413 1610 633 1676 sollicitudine
657 1633 722 1676 non
745 1619 896 1678 carentes
921 1615 955 1678 in
976 1615 1098 1680 affectu
1121 1615 1264 1700 gerimus
1288 1624 1322 1682 et
1344 1617 1465 1683 effectu
1488 1616 1726 1703 prosequimur,
1750 1622 1786 1681 ut

136 1710 209 1775 illud
231 1711 274 1776 ad
296 1712 455 1778 honorem
479 1714 619 1778 ecclesie
642 1736 680 1780 ac
703 1722 794 1782 tuum
818 1722 852 1782 et
875 1719 1013 1783 salutem
1030 1739 1154 1800 corum,
1179 1720 1234 1804 qui
1257 1721 1399 1786 ecclesie
1416 1721 1627 1801 adheserunt,
1651 1726 1786 1785 auctore

134 1811 270 1880 Domino
294 1815 438 1881 feliciter
460 1818 642 1903 expleatur.

237 1937 326 2002 Data
350 1935 486 2024 Spoleti,
509 1937 558 2002 IV
580 1937 659 2003 Idus
682 1937 770 2021 Iulii,
793 1962 879 2006 anno
903 1947 1009 2006 sexto.

752 2203 823 2208 ---.-
837 2200 1162 2208 ..-—--—--·.1—---—---.

912 2443 1001 2517 470.

243 2559 435 2668 Graecei-ras
468 2583 524 2648 IX
553 2606 639 2666 papa
672 2585 841 2650 rectoribus
874 2583 1028 2648 socictatis
1061 2579 1268 2649 Lcmbardicc
1301 2585 1443 2663 aaatiot,
1480 2605 1512 2649 se
1549 2586 1714 2654 taracinam
1748 2585 1784 2649 dc

112 2691 296 2754 tractanda
312 2709 391 2768 paco
413 2689 450 2751 ia
466 2687 551 2773 festo
566 2689 646 2753 beati
661 2688 831 2752 Michaelis
844 2687 947 2771 [Sept.
963 2687 1024 2771 29]
1044 2691 1221 2768 practicam
1240 2688 1283 2751 ad
1299 2688 1417 2772 festam
1435 2686 1579 2752 Ornatam
1597 2689 1784 2755 Sanctorum

109 2794 224 2876 [Non.
249 2793 287 2877 1]
306 2810 498 2873 proropossc,
520 2809 628 2872 ecanae
650 2795 759 2870 atroam,
781 2795 817 2854 at
835 2795 1054 2872 procuratores
1075 2791 1269 2875 sufficienter
1290 2791 1458 2857 fastraclcs
1480 2792 1524 2856 ad
1544 2811 1575 2855 sc
1596 2792 1734 2856 mittant.

233 2963 316 3032 Grec.
335 2963 384 3016 ιιι
401 2961 467 3030 aeq.
491 2961 547 3016 aa.
565 2961 628 3030 111,
646 2961 776 3029 zara.
799 2962 847 3030 vr,
866 2965 912 3016 as.
1442 2897 1536 2974 1232,
1558 2895 1622 2960 lat.
1646 2898 1697 2962 12.

542 3170 810 3244 Rectoribus
837 3170 1069 3244 societatis
1096 3170 1369 3245 Lombardic.

235 3317 465 3383 sinceritatem
500 3317 684 3384 devotionis
718 3325 752 3383 et
788 3318 865 3383 fidei
900 3319 1096 3405 puritatem,
1134 3340 1230 3404 quam
1269 3340 1348 3404 erga
1380 3318 1562 3385 Romanam
1597 3322 1781 3403 ecclesiam,

114 3430 264 3487 matrem
288 3428 447 3501 vestram,
477 3423 628 3508 gratuitis
649 3421 776 3487 actibus
800 3423 981 3503 exhibetis,
1006 3422 1113 3507 dignis
1136 3422 1365 3508 prosequimur
1387 3424 1571 3489 actionibus
1594 3427 1782 3510 gratiarum,

118 3525 334 3612 diligentiam
362 3537 504 3591 vestram
531 3547 574 3590 ex
601 3526 663 3589 hoc
690 3526 845 3612 precipue
876 3527 910 3589 iu
933 3525 1074 3590 Domino
1103 3525 1385 3606 commendantes,
1417 3527 1502 3611 quod
1532 3528 1615 3592 sicut
1643 3528 1783 3594 dilectus

119 3630 213 3694 filius
249 3637 364 3695 noster
394 3680 402 3696 .
433 3630 677 3694 ‚Penestrinus
711 3629 858 3693 electus2
892 3636 926 3694 et
954 3626 1059 3715 Oltto]
1091 3627 1203 3693 Sancti
1230 3629 1360 3693 Nicolai
1394 3628 1428 3693 in
1456 3627 1598 3694 Carcere
1630 3630 1782 3696 Tulliano

118 3731 282 3798 diaconus
299 3732 484 3813 cardinalis,
507 3733 688 3819 apostolice
706 3731 793 3796 sedis
810 3733 922 3817 legati,
946 3732 1040 3796 nobis
1064 3732 1131 3796 suis
1146 3732 1266 3796 litteris
1289 3733 1481 3813 retulerunt,
1504 3733 1595 3819 pacis
1611 3735 1780 3819 negotium

122 3836 339 3901 sollicitudini
368 3843 477 3901 vestre
506 3835 716 3900 commissum
746 3837 779 3899 in
808 3836 957 3900 manibus
986 3835 1125 3900 ecclesie
1156 3835 1324 3921 posuistis.
1369 3834 1494 3900 Verum
1524 3835 1600 3921 quia
1628 3837 1663 3900 iu
1693 3837 1779 3901 festo
1827 3861 1830 3868 ¹

120 3938 213 4005 beati
230 3939 404 4004 Michaelis
421 3940 462 4004 ad
480 3939 734 4025 comparendum
757 3961 867 4005 coram
888 3940 984 4004 nobis
1008 3960 1066 4025 pro
1089 3940 1160 4025 ipso
1178 3940 1312 4024 negotio
1329 3945 1462 4003 auctore
1479 3938 1621 4003 Domino
1637 3939 1782 4006 feliciter

125 4043 349 4109 terminanda
374 4043 541 4110 mittendis
562 4066 604 4108 ex
625 4051 717 4130 parte
741 4043 869 4108 vestrad
888 4043 1158 4130 procuratoribus
1175 4043 1335 4108 terminus
1354 4048 1405 4108 est
1419 4042 1575 4127 prefixus,
1598 4043 1672 4128 quia
1692 4045 1783 4109 venit

128 4146 333 4230 indubium,
361 4148 389 4212 si
411 4154 487 4212 tunc
510 4148 628 4212 fratres
651 4155 781 4213 nostros
805 4150 973 4234 contingat
996 4148 1093 4212 simul
1114 4148 1149 4212 in
1172 4147 1262 4212 curia
1284 4146 1439 4232 reperiri,
1468 4166 1571 4230 usque
1594 4147 1636 4211 ad
1659 4147 1781 4212 festum

127 4249 280 4315 Omnium
310 4250 503 4316 Sanctorum
536 4253 685 4338 proximo
712 4260 885 4317 venturum
921 4251 1060 4318 eundem
1097 4247 1270 4315 terminum
1300 4247 1501 4335 providimus
1530 4250 1781 4336 prorogandum,

127 4355 158 4418 in
180 4376 244 4440 quo
268 4356 418 4420 volumus
441 4362 475 4420 et
506 4355 716 4437 mandamus,
746 4362 782 4420 ut
811 4378 870 4443 per
893 4363 1123 4443 procuratores
1152 4353 1288 4418 idoneos
1317 4353 1517 4417 sufficienter
1545 4353 1724 4419 instructos
1747 4362 1782 4420 ct

127 4458 292 4523 sufficiens
331 4458 518 4523 mandatum
555 4459 715 4525 habentes
752 4482 810 4524 vos
849 4468 961 4525 nostro
1000 4459 1189 4546 conspectui
1226 4456 1438 4542 presentctis.
1496 4455 1634 4522 Interim
1671 4465 1782 4524 autem

127 4562 275 4626 volentes
297 4567 333 4625 ut
355 4561 533 4626 secundum
556 4563 670 4627 statuti
698 4563 834 4628 formam
862 4562 942 4628 editi
973 4584 1072 4649 super
1093 4561 1227 4645 negotio
1250 4559 1463 4636 memorato³,
1496 4582 1558 4646 que
1582 4562 1616 4626 in
1640 4563 1782 4626 tractatu

129 4665 214 4748 pacis
245 4686 406 4750 expressa
433 4672 625 4748 noscuntur,
654 4667 781 4732 illibata
808 4673 964 4732 maneant
992 4672 1026 4731 et
1053 4666 1182 4751 quieta,
1213 4661 1420 4750 prudentiam
1442 4671 1586 4730 vestram
1616 4687 1780 4750 rogamus,

128 4787 295 4834 monemus
319 4775 354 4834 ct
380 4769 548 4834 hortamur
569 4776 709 4853 attente,
737 4793 796 4858 per
828 4770 1011 4858 apostolica
1039 4770 1132 4834 vohis
1165 4768 1286 4854 scripta
1314 4767 1524 4848 mandantes,
1556 4769 1708 4853 quatinus
1739 4769 1781 4833 ad

128 4873 214 4956 pacis
232 4872 474 4938 observantiam
489 4873 682 4960 diligentem
705 4898 816 4941 curam
840 4883 873 4940 et
896 4876 1063 4942 efficacem
1081 4872 1336 4938 sollicitudinem
1352 4871 1534 4957 apponatis,
1558 4870 1778 4956 predictorum

130 4975 338 5040 cardinalium
354 4976 570 5063 beneplacitis
586 4978 703 5044 devote
726 5001 764 5044 ac
780 4980 955 5044 humiliter·
966 4977 1185 5057 intendentes,
1208 4983 1244 5040 ut
1268 4998 1311 5041 ex
1333 4976 1394 5040 hoo
1411 4973 1520 5038 divine
1538 4971 1778 5038 benedictionis

131 5081 263 5161 gratiam
286 5089 319 5146 et
342 5083 523 5168 apostolice
547 5082 635 5149 sedis
659 5084 805 5149 favorem
828 5083 962 5170 possitis
985 5081 1118 5147 uberius
1143 5080 1334 5166 promereri.

233 5202 321 5268 Data
344 5203 480 5290 Spoleti,
504 5203 553 5268 IV
575 5203 654 5270 Idus
677 5203 764 5286 Iulii,
788 5225 872 5269 anno
896 5211 1002 5270 sexto.

230 5465 252 5532 ¹)
269 5467 351 5518 idest
369 5467 469 5518 rubore.
550 5466 573 5533 b)
591 5469 629 5518 ita
647 5468 678 5518 B.
760 5469 781 5534 ⁰)
799 5467 987 5519 terminandum
1007 5466 1038 5517 a.
1118 5462 1141 5530 ἅ)
1161 5472 1247 5514 nostra
1267 5461 1298 5512 a.

231 5605 255 5672 1)
277 5601 320 5670 Os.
337 5618 364 5655 a.
383 5605 443 5668 415,
460 5603 526 5670 ΙΙΙ,·
544 5602 641 5656 civitas
658 5602 820 5671 imperatori
839 5600 1004 5655 scacarium
1023 5599 1181 5655 subiecerat.
1252 5597 1279 5665 2)
1297 5595 1427 5650 Iacobus.
1498 5594 1526 5662 3)
1548 5593 1590 5662 Cf.
1609 5611 1636 5650 a.
1654 5596 1718 5646 466.

1522 5687 1577 5742 48⁴*
