4590 6366
762 383 964 440 EPISTOLAE
981 385 1173 476 senuerat-35
1209 386 1285 441 1235.
1787 392 1850 456 559

196 550 237 616 dc
260 551 459 638 Taoenberg
483 557 663 621 canonicos
687 557 965 644 Herbipolenses,
996 560 1051 643 qui
1074 558 1297 625 Mediolanum
1321 567 1434 625 contra
1456 562 1686 648 imperatorem
1710 562 1850 628 eundem

195 655 296 721 ivisse
330 657 371 722 dc
407 659 561 724 mandato
596 659 676 724 dicti
710 661 831 726 nobilis
866 662 1072 744 ferebantur,
1113 685 1292 749 suspensos
1327 664 1368 728 ab
1404 665 1510 730 officio
1548 673 1582 730 et
1618 666 1778 732 beneficio
1809 663 1850 730 ad

196 767 343 824 nostram
366 763 479 826 venire
508 765 707 850 presentiam
738 786 798 851 per
825 787 996 830 censuram
1025 767 1285 833 ecclesiasticam
1309 770 1531 856 appellatione
1554 771 1738 858 postposita
1761 792 1850 835 corn·

196 862 361 948 pellendo.
406 865 531 932 Verum
555 889 629 932 cum
658 869 743 932 siout
773 871 960 955 accepimus
984 891 1003 934 a
1026 869 1119 934 vobis
1142 892 1202 956 per
1224 872 1409 937 huiusmodi
1437 875 1563 938 litteras
1585 875 1696 938 nullus
1719 873 1849 938 habitos

197 966 240 1029 sit
263 989 454 1052 processus,
483 992 562 1052 nos,
589 972 706 1036 merito
736 973 910 1058 providere
941 975 1089 1038 volentes
1119 996 1160 1038 ne
1191 976 1255 1061 ipsi
1284 976 1323 1042 de
1353 984 1444 1041 tante
1472 977 1670 1042 temeritatis
1699 998 1850 1057 excessu,

196 1070 295 1156 digne
319 1093 384 1136 non
408 1075 515 1138 solum
537 1076 572 1139 in
595 1077 724 1141 clericis
749 1084 800 1141 set
823 1078 922 1141 etiam
946 1079 979 1142 in
1002 1078 1095 1142 laicis
1112 1079 1316 1144 correctione
1333 1081 1474 1145 sollicita
1491 1082 1657 1165 castigari,
1679 1081 1849 1145 materiam

195 1176 340 1241 habeant
362 1177 532 1262 gloriandi,
557 1181 754 1264 quinimmo
777 1187 814 1244 ut
836 1201 922 1266 pena
943 1179 984 1244 de
1008 1183 1165 1267 preterito
1189 1183 1279 1269 ipsos
1304 1191 1419 1270 cautos
1444 1184 1565 1249 efficiat
1588 1184 1628 1250 de
1651 1184 1771 1263 futuro,
1794 1183 1849 1268 qui

197 1281 225 1344 si
248 1281 360 1345 oculos
389 1280 429 1344 ad
459 1282 592 1368 superni
622 1282 801 1367 equitatem
830 1283 947 1348 iudicis
975 1285 1177 1366 erexissent,
1208 1307 1274 1350 non
1298 1287 1401 1350 filium
1425 1288 1458 1350 in
1479 1289 1744 1373 persecutionem
1766 1287 1850 1350 tanti

196 1385 298 1469 patris
322 1384 504 1449 accendere
528 1393 579 1450 set
607 1407 665 1472 pro
698 1386 786 1450 illius
809 1386 1024 1472 deprimenda
1053 1389 1219 1473 protervia
1247 1391 1352 1454 omnis
1374 1391 1544 1476 vigilantie
1576 1391 1718 1455 studium
1744 1389 1849 1455 debu·

198 1487 302 1552 issent
324 1490 435 1574 potius
458 1490 688 1575 assumpsisse,
711 1491 925 1577 precipiendo
948 1491 1152 1574 mandamus,
1176 1495 1329 1579 quatinus
1353 1517 1452 1582 super
1474 1495 1644 1580 premissis
1671 1496 1757 1558 circa
1780 1495 1849 1581 opi-

197 1613 330 1677 scopos,
358 1592 511 1657 abbatem
535 1600 568 1657 et
595 1593 770 1659 canonicos
793 1603 992 1660 memoratos
1015 1618 1143 1661 necnon
1167 1599 1254 1662 circa
1277 1646 1310 1664 ..
1333 1598 1616 1663 Warmaciensem
1646 1600 1787 1664 electum
1817 1603 1850 1662 et

197 1697 390 1781 magistrum
422 1695 611 1761 Devardum
651 1699 844 1763 canonicum
877 1699 1172 1788 Herbipoleusem,
1213 1703 1268 1787 qui
1303 1723 1377 1766 oum
1411 1702 1568 1789 predictis
1610 1702 1850 1788 presumpsisse

198 1800 318 1864 similia
340 1799 536 1884 referuntur,
559 1807 635 1888 post
658 1804 902 1889 susceptionem
918 1805 1122 1890 presentium
1139 1805 1232 1869 iuxta
1247 1806 1393 1891 priorum
1411 1806 1645 1870 continentiam
1668 1805 1850 1868 litterarum

198 1902 286 1966 omni
324 1905 496 1970 occasione
534 1907 718 1991 postposita
754 1908 883 1972 sublato
915 1909 1146 1994 appellationis
1178 1909 1369 1973 obstaculoR
1397 1908 1597 1996 procedatis;
1622 1907 1851 1995 quodsuper

136 2038 147 2074 s
200 2007 372 2092 premissis
396 2007 598 2088 inveneritis,
622 2007 716 2073 nobis
734 2011 853 2074 vestris
877 2012 995 2076 litteris
1018 2012 1103 2076 infra
1124 2011 1245 2077 dictum
1269 2013 1444 2108 terminum
1466 2012 1608 2078 fideliter
1630 2011 1818 2100 expressuri
1828 2011 1850 2074 ¹.

120 3142 147 3181 20

123 3831 148 3871 25

122 4347 149 4386 ³0

124 5625 150 5664 dt

303 2125 380 2190 Dat.
404 2127 518 2208 Asisii,
542 2128 627 2193 VIII
648 2129 723 2194 Kal.
747 2130 864 2199 Octob.
887 2154 972 2198 anno
995 2155 1092 2200 nono.

819 2404 1231 2414 ——-—-——..-....

979 2657 1066 2730 660:
1101 2719 1105 2728 .

307 2766 498 2880 Grepornns
513 2794 569 2860 IX
576 2816 666 2876 popa
681 2796 846 2880 [Attene]
854 2795 1060 2876 patriarchae
1074 2795 1269 2860 Antiocheno
1282 2797 1468 2876 apostolicae
1488 2797 1571 2861 sedis
1592 2797 1692 2880 lcpoto
1712 2797 1855 2874 mandat,

198 2902 234 2962 nt
255 2899 582 2963 excommonicationis
603 2904 633 2963 et
653 2900 814 2964 interdicti
835 2900 1015 2979 sententias,
1037 2919 1117 2981 qnos
1138 2901 1174 2963 tn
1197 2899 1416 2966 Cremonenses
1436 2901 1688 2984 promnlpnccrr't,
1711 2902 1853 2966 corcione

198 3007 318 3084 recepte
339 3004 468 3080 relocet.
1487 3005 1582 3082 1235,
1605 3002 1690 3086 Sept.
1712 3007 1764 3068 26.

302 3121 385 3193 Grep.
403 3122 453 3176 IX
470 3122 538 3192 Ray.
559 3123 618 3178 Vol.
642 3123 671 3192 V,
691 3128 742 3190 72;
760 3123 821 3178 Lib.
839 3122 896 3192 IX,
914 3126 980 3177 235.

429 3335 690 3410 Patriarche
717 3335 1014 3424 Antiocheno,
1041 3332 1288 3426 apostolice
1316 3335 1435 3408 sedis
1462 3337 1618 3428 legate.

308 3484 416 3572 Super
437 3506 595 3572 processu
619 3493 734 3549 contra
754 3486 910 3572 populum
928 3482 1188 3548 Cremonensem
1211 3481 1361 3547 habendo
1378 3485 1611 3550 consultationi
1634 3493 1690 3551 tue
1715 3507 1851 3572 respon-

201 3591 290 3656 disse
314 3591 538 3672 mcminimus,
569 3589 656 3676 quod
687 3597 776 3654 esset
805 3611 904 3675 super
926 3588 983 3653 illo
1006 3588 1172 3675 imperiali
1195 3587 1392 3652 excellentie
1416 3587 1646 3670 deserendum,
1677 3588 1852 3675 presertim

201 3716 275 3758 cum
305 3694 413 3759 eidem
440 3700 568 3758 nostras
598 3694 726 3758 litteras
753 3693 974 3772 misissemus,
1001 3699 1037 3756 ut
1067 3691 1153 3776 quod
1181 3712 1280 3777 super
1307 3691 1370 3754 hoc
1395 3712 1452 3756 sue
1476 3693 1654 3756 voluntatis
1683 3691 1852 3772 existeret,

202 3798 297 3862 nobis
321 3799 389 3862 suis
412 3798 531 3862 litteris
556 3799 760 3884 explanaret.
805 3797 930 3861 Verum
954 3818 1027 3860 oum
1058 3798 1143 3861 siout
1165 3797 1351 3882 accepimus
1380 3796 1413 3860 in
1437 3844 1469 3861 ..
1494 3801 1693 3882 potestatem
1716 3803 1750 3862 et
1773 3815 1850 3858 oon-

201 3901 310 3965 silium
339 3901 687 3966 excommunicationis
719 3907 752 3965 et
781 3901 815 3964 iu
846 3901 1013 3966 civitatem
1036 3899 1293 3964 Cremonensem
1321 3899 1489 3964 interdicti
1512 3900 1694 3964 sententias
1718 3899 1852 3963 duxeris

201 4004 464 4091 promulgandas,
487 4003 690 4084 mandamus,
713 4005 868 4090 quatinus
885 4003 926 4067 ab
944 4002 1071 4068 eisdem
1087 4009 1250 4089 potestate
1273 4023 1311 4066 ac
1329 4003 1467 4068 oonsilio
1491 4000 1531 4068 de
1555 4002 1672 4068 stando
1690 4001 1852 4066 mandatis

200 4109 341 4174 ecclesie
376 4115 508 4195 recepta
541 4109 698 4173 iuratoria
731 4107 902 4188 cautione,
945 4106 1034 4173 omni
1068 4106 1240 4170 occasione
1283 4105 1466 4192 postposita
1499 4114 1575 4193 post
1608 4107 1852 4193 susceptionem

197 4213 402 4298 presentium
426 4213 608 4278 sententias
630 4212 819 4277 huiusmodi
846 4214 997 4277 relaxare
1026 4233 1198 4297 procures,
1227 4211 1274 4274 ita
1303 4217 1415 4276 tamen
1442 4217 1479 4275 ut
1507 4217 1662 4297 pretextu
1691 4209 1852 4274 cautionis

201 4315 349 4380 eiusdem
372 4316 421 4380 eis
444 4315 568 4401 aliquid
588 4338 655 4381 non
678 4317 836 4402 iniungas.

309 4435 385 4502 Dat.
409 4436 525 4518 Asisii,
547 4436 596 4500 VI
619 4437 693 4502 Kal.
718 4437 835 4502 Octob.
860 4458 946 4502 anno
968 4456 1067 4503 nono.

820 4707 1232 4716 ————-—————-—·

977 4961 1065 5034 661.

306 5071 497 5182 Oenones
527 5098 584 5163 rx
608 5121 700 5182 papa
730 5101 896 5186 [Acran]
927 5099 1133 5182 mannans
1164 5097 1358 5164 Aaronem
1398 5095 1521 5176 enen,
1560 5097 1638 5179 qna
1668 5096 1854 5162 annena

200 5206 415 5271 Romanorum
447 5204 618 5284 imperator
648 5225 708 5284 pro
736 5203 933 5268 terminando
965 5204 1085 5286 nepotto
1113 5201 1322 5266 Lombcrdioe
1351 5200 1491 5282 petierit,
1524 5199 1612 5282 eique
1642 5199 1786 5281 retondat,
1819 5204 1855 5264 nt

310 5468 333 5533 ¹)
351 5469 400 5519 sub
418 5469 557 5535 apostolica
575 5467 722 5518 obedientia
738 5468 767 5518 a'n
785 5484 874 5534 cpopr.
893 5466 1001 5528 Pertaiif
1017 5467 1067 5518 rid.
1086 5483 1176 5532 aspro.

306 5604 334 5672 1)
360 5602 403 5668 Os.
430 5603 502 5686 Ann.
536 5602 667 5660 wormat.
694 5619 720 5662 o.
748 5605 837 5674 1235,
869 5602 919 5658 SS.
946 5605 965 5658 t.
991 5601 1099 5669 XVII,
1127 5618 1158 5672 p.
1185 5604 1222 5654 45
1250 5605 1276 5654 rt
1302 5597 1568 5670 Bitiam-Mer,
1600 5596 1670 5670 Rey.
1701 5597 1780 5652 tric.
1814 5601 1857 5666 11,

201 5707 230 5748 n.
247 5693 328 5749 2140.
