4596 6406
1010 400 1058 454 ax
1079 399 1254 455 aaaeoau
1271 399 1311 454 tx
1328 398 1509 454 aaalsrao

1215 715 1301 789 775.

538 830 729 942 Geapolis
751 858 808 924 IX
822 879 914 939 papa
934 857 972 920 dc
996 854 1087 920 aaa
1108 860 1137 920 ct
1158 857 1195 921 dc
1216 856 1394 939 Dobrilaplc
1416 856 1580 920 abbatibus
1601 859 1631 920 ct
1649 854 1754 936 primi
1775 853 1811 918 dc
1832 852 1926 918 Bnct
1947 849 2094 926 mandat,

430 966 466 1027 at
488 963 728 1028 controversiam
755 961 792 1026 a
814 960 1001 1042 quibasdam
1029 959 1147 1024 loaisa
1173 959 1382 1045 W[artislao]
1409 959 1484 1024 daco
1507 958 1716 1023 Pomcramac
1741 955 1923 1024 Camincnsi
1944 953 2094 1019 ecclcsiae

429 1065 564 1145 donatis,
587 1086 668 1147 qnae
689 1064 899 1142 baiocensis,
925 1062 1235 1145 Brandctnrpcnsis,
1258 1062 1519 1145 Haoolborpcnsis
1541 1067 1570 1126 ct
1591 1061 1794 1128 Sacrincnsis
1816 1058 1950 1140 episcopi
1972 1059 2009 1121 in
2031 1077 2094 1120 sna

433 1169 548 1235 diocesi
570 1169 738 1235 constituta
760 1187 824 1233 csso
848 1167 1043 1244 contendant,
1064 1167 1129 1248 tine
1151 1167 1251 1231 dctito
1274 1167 1448 1230 terminent.
1725 1166 1818 1242 1240,
1839 1162 1925 1229 Mai.
1948 1165 2001 1226 12.

535 1288 616 1359 (ἔτερ.
634 1288 684 1342 IX
699 1287 769 1358 ch.
794 1287 851 1342 Vol.
875 1286 942 1352 VII,
961 1292 1008 1351 15;
1027 1285 1089 1340 Lib.
1109 1286 1193 1352 XIV,
1212 1290 1255 1340 81.

435 1540 444 1558 .
475 1540 483 1558 .
511 1485 566 1558 de
593 1484 735 1559 Buch¹
764 1487 806 1558 et
838 1541 847 1559 .
876 1536 885 1551 .
922 1484 973 1557 de
1000 1480 1241 1555 Derberlu²
1274 1481 1530 1556 abbatibus
1558 1486 1599 1554 et
1633 1536 1641 1554 .
1670 1536 1679 1554 .
1715 1479 1853 1572 priori
1880 1480 1931 1552 de
1959 1477 2091 1550 Buch

1024 1602 1262 1676 Misnensis
1289 1601 1491 1677 diocesis

541 1751 632 1817 Onus
656 1753 802 1839 suscepti
826 1752 994 1837 regiminis
1017 1775 1077 1818 uos
1100 1752 1236 1830 inducit,
1259 1758 1296 1816 ut
1319 1774 1433 1816 omnes
1450 1757 1541 1816 ectus
1559 1758 1689 1816 nostros
1706 1773 1765 1836 per
1780 1750 1933 1837 equitatis
1952 1750 2090 1813 semitas

433 1856 625 1941 dirigentes,
649 1856 766 1921 delatis
789 1855 830 1920 ad
854 1878 914 1920 uos
939 1857 1107 1943 implicitis
1132 1856 1359 1942 questionibus
1381 1855 1552 1941 explicatis
1575 1856 1625 1920 ius
1650 1876 1744 1918 suum
1768 1854 1884 1939 cuique
1907 1852 2092 1940 postulanti

431 1959 532 2024 tribui
560 1960 730 2026 faciamus.
783 1959 871 2023 Sene
900 1959 1098 2025 venerabilis
1127 1961 1235 2024 fratris
1263 1960 1367 2024 nostri
1397 1959 1630 2045 ..episcopi³
1660 1965 1692 2022 ct
1721 1958 1915 2023 dilectorum
1943 1958 2090 2021 filiorum

434 2063 569 2149 capituli
594 2062 800 2127 Oemiuensis
828 2062 924 2127 nobis
954 2063 1102 2128 exhibita
1131 2065 1247 2149 petitio
1277 2062 1481 2140 continebat,
1512 2063 1599 2148 quod
1629 2084 1702 2126 cum
1733 2060 1938 2126 venerabiles
1968 2060 2091 2125 fratres

433 2167 537 2231 nostri
562 2216 595 2232 ..
618 2166 856 2245 Lubusensie⁴,
880 2166 1236 2253 ..Brendcburgeusis
1249 2170 1270 2248 ⁵,
1296 2165 1715 2233 ..Heveldeberdensis·⁰
1739 2172 1772 2230 et
1797 2214 1828 2229 ..
1852 2163 2091 2229 Zuerinensis⁷

433 2270 581 2357 episcopi
605 2269 645 2334 de
662 2268 775 2334 Dimin
784 2270 807 2350 ⁸,
831 2269 872 2334 de
889 2269 1073 2351 Tribitim⁰,
1098 2270 1138 2336 de
1162 2270 1311 2335 Βιοιίθιο
1333 2277 1366 2334 et
1389 2270 1453 2334 alia
1476 2274 1584 2333 castra
1608 2275 1641 2334 et
1663 2269 1758 2332 villas
1782 2289 1855 2333 cum
1878 2267 2091 2354 pertinentiis

433 2373 516 2453 suis,
549 2394 611 2458 que
642 2378 717 2436 sunt
745 2373 831 2437 inter
862 2374 982 2437 tlumen
1012 2373 1100 2459 quod
1130 2373 1250 2438 dicitur
1271 2373 1401 2437 Leba¹¹
1433 2393 1547 2436 versus
1579 2373 1755 2453 orientem,
1790 2378 1825 2437 et
1851 2372 1972 2437 flumen
2000 2370 2089 2457 quod

436 2476 556 2541 dieitur
570 2475 785 2541 Rekezsan¹²
808 2497 923 2541 sersus
947 2477 1161 2556 occidentem,
1185 2499 1313 2542 necnon
1336 2476 1377 2541 de
1393 2475 1503 2541 Odere
1526 2482 1560 2540 et
1583 2475 1739 2561 quasdam
1761 2476 1842 2541 alias
1858 2477 2090 2561 possessiones

438 2579 645 2644 Oaminensis
669 2579 811 2644 ecclesie
834 2602 854 2644 a
876 2581 963 2644 clare
986 2582 1142 2646 memorie
1158 2579 1214 2646 W.
1237 2579 1320 2645 duce
1336 2579 1542 2668 Pomerenie,
1567 2578 1715 2643 eiusdem
1739 2580 1880 2644 ecclesie
1904 2577 2092 2656 fundatore,

437 2684 494 2770 pia
517 2683 716 2748 liberalitate
733 2683 863 2756 donate,
886 2691 983 2770 prout
1005 2685 1038 2749 in
1060 2685 1164 2772 ipsisb
1187 2684 1306 2748 litteris
1330 2704 1429 2769 super
1452 2682 1513 2747 hoc
1538 2681 1694 2746 coniectis
1718 2682 1835 2746 dicitur
1857 2683 1987 2768 plenius
2010 2704 2091 2747 con-

434 2786 548 2866 tineri,
579 2787 724 2872 ipsorum
755 2787 876 2871 singuli
899 2787 934 2850 in
957 2809 1016 2852 sua
1040 2785 1238 2852 contendant
1262 2786 1386 2852 diocesi
1410 2786 1602 2866 constitute,
1632 2785 1797 2871 provideri
1820 2807 1918 2873 super
1941 2785 2003 2852 hoe
2026 2787 2092 2851 sibi

433 2911 454 2954 a
483 2889 579 2954 nobie
608 2891 774 2956 humiliter
804 2890 978 2976 petierunt.
1038 2890 1218 2977 Cupientes
1251 2890 1350 2976 igitur
1381 2889 1623 2954 contentionem
1652 2889 1838 2955 huiusmodi
1867 2890 2030 2976 amputari
2059 2895 2093 2955 et

434 2991 664 3079 indempnitsti
688 2995 863 3059 cuiuslibet
886 2993 1026 3080 paterni
1046 2994 1221 3059 clementia
1243 2991 1434 3079 providere,
1462 2991 1669 3072 mandemus,
1695 2993 1846 3078 quatinus
1870 2993 2092 3079 personaliter

435 3095 635 3161 accedentes
658 3096 700 3160 ad
723 3097 847 3178 locum,
872 3097 996 3161 voeatis
1021 3099 1076 3184 qui
1100 3105 1234 3184 propter
1255 3095 1317 3160 hoc
1340 3097 1461 3160 fuerint
1484 3095 1658 3176 evocandi,
1682 3096 1729 3160 sic
1750 3096 1915 3182 predictas
1938 3097 2092 3161 dioceses

436 3199 582 3284 equitate
605 3201 719 3287 previa
740 3200 876 3287 provide
900 3201 1041 3267 limitare
1065 3200 1396 3281 curetie,'cuiuslibet
1420 3201 1649 3285 episcoporum
1672 3200 1817 3286 ipsorum
1841 3223 1899 3265 suo
1922 3201 1994 3265 iure
2018 3223 2092 3265 ser·

437 3308 524 3384 veto,
548 3324 611 3390 quo
636 3305 816 3390 quemlibet
840 3306 966 3371 faciatis
990 3327 1123 3371 manere
1148 3310 1348 3384 contentum,
1373 3303 1458 3388 quod
1483 3302 1738 3368 sollicitudinem
1758 3309 1901 3369 vestram
1924 3303 2092 3390 possimus

434 3405 554 3472 exinde
590 3429 656 3473 uon
690 3409 852 3474 immerito
889 3408 1134 3483 commendare;
1169 3407 1425 3472 contradictores
1454 3411 1517 3472 etc.
1569 3406 1687 3472 Testes
1719 3412 1782 3472 etc.
1838 3405 1930 3483 Quod
1963 3407 1991 3470 si
2022 3427 2093 3471 nou

434 3529 548 3574 omnes
573 3516 635 3576 etc.

540 3629 616 3696 Dat.
640 3632 793 3700 Lateran.
818 3633 889 3698 1111
912 3633 991 3698 Idus
1014 3632 1104 3714 Maii,
1129 3653 1214 3696 anno
1236 3629 1351 3696 XIIII.

1218 4140 1304 4213 776.

540 4248 731 4358 Graecas
762 4275 819 4340 IX
843 4296 934 4356 papa
964 4275 1119 4361 [Uterto]
1150 4279 1289 4360 episcopo
1322 4277 1462 4344 Ganrano
1494 4281 1733 4344 controversiam
1764 4280 1847 4344 inter
1878 4280 2094 4366 [Hearicam]

429 4378 645 4458 praepositam
666 4380 695 4442 ct
722 4378 896 4444 Waltcrnm
918 4378 1101 4443 monacham
1123 4379 1235 4446 Sancti
1258 4381 1350 4447 Galli
1375 4380 1412 4444 dc
1438 4382 1567 4446 abbatia
1588 4384 1723 4448 ciusdem
1744 4384 1926 4448 monasterii
1946 4389 2093 4450 exortam

433 4479 666 4544 terminandam
687 4482 854 4546 committit.
1754 4487 1944 4567 1240‚1on.
1966 4492 1999 4553 2.

538 4597 619 4667 arcp.
637 4598 687 4652 rx
703 4599 771 4668 aa.
795 4599 852 4654 aa.
873 4600 943 4667 on,
963 4605 1007 4663 ra·
1024 4602 1087 4656 aaa.
1106 4603 1190 4668 xro,
1211 4607 1254 4656 m.

1001 4851 1010 4869 .
1039 4851 1047 4867 .
1075 4799 1269 4870 Cumano
1297 4797 1517 4891 episcopa.

542 4940 610 5005 Sua
639 4941 733 5006 nobis
757 4990 789 5005 ..
813 4942 916 5028 prior,
948 4946 1052 5010 maior
1082 4951 1115 5010 et
1143 4947 1253 5010 sanior
1280 4969 1355 5033 pars
1387 4948 1619 5014 monachorum
1650 4951 1837 5016 monasterii
1861 4952 1965 5016 saneti
1988 4951 2089 5033 Galli,

433 5044 474 5110 ed
507 5043 688 5110 Romanam
723 5046 896 5111 ecclesiam
934 5056 970 5112 ut
997 5049 1116 5113 dicitur
1147 5051 1236 5114 nullo
1271 5050 1379 5114 medio
1414 5053 1624 5137 pertinentis,
1658 5054 1817 5140 petitione
1852 5061 2090 5139 monstrarunt,

539 5303 561 5371 ⁸)
577 5306 615 5356 ita
633 5305 665 5356 a.
763 5305 785 5369 ι’)
803 5323 839 5356 aa
856 5308 954 5374 ipsius?

2144 4617 2173 4656 ³0

536 5424 562 5490 1)
580 5422 630 5476 Ea·
648 5422 786 5477 occidente
813 5423 862 5480 cio.
882 5426 1045 5481 Misenensis.
1148 5429 1175 5496 2)
1195 5427 1288 5482 Hodie
1305 5428 1477 5502 Dobritapt,
1501 5431 1531 5484 in
1553 5431 1728 5485 meridionali
1745 5435 1826 5502 parte
1840 5449 1920 5503 moa.
1938 5433 2089 5492 Branden-
2144 5446 2173 5486 ³⁵

434 5507 515 5578 bnrp.
607 5510 636 5577 3)
657 5509 780 5563 Conradi
797 5513 854 5566 ΙΙΙ.
937 5513 966 5582 4)
985 5513 1132 5568 chricas.
1219 5515 1246 5582 5)
1267 5512 1442 5569 Geraandas.
1530 5519 1558 5584 6)
1585 5517 1752 5573 Wiltclmas.
1843 5519 1869 5587 7)
1894 5520 2088 5580 Theodericus.

431 5595 459 5662 8)
478 5611 496 5648 a
520 5593 569 5648 cia.
597 5593 770 5664 Greissnald
792 5597 830 5652 ad
853 5599 992 5654 meridiem
1016 5606 1042 5655 et
1063 5602 1233 5656 occidentem.
1320 5602 1347 5670 9)
1372 5601 1407 5657 Ut
1433 5603 1541 5657 oidrtm
1564 5603 1689 5673 Triptow
1711 5622 1725 5659 c
1746 5606 1860 5662 insidia
1881 5607 1930 5660 cia.
1950 5607 2090 5665 Dnnmin.

436 5679 480 5748 10)
486 5695 577 5751 prope
586 5681 855 5755 Neutrnndcntmp.
928 5688 972 5754 11)
981 5689 1011 5742 in
1030 5689 1157 5744 orientali
1166 5689 1349 5744 Pancram'ac
1362 5693 1454 5759 parte.
1529 5689 1710 5758 lalaconite
1726 5709 1761 5748 ca
1780 5694 1882 5749 oriente
1898 5695 1949 5750 cio.
1959 5695 2090 5758 Bonae.
