4590 6366
745 371 944 426 EPIS'l'OLrlE
962 373 1151 427 SELECTAE.
1189 374 1263 427 1236.
1772 381 1834 442 583

182 543 316 627 poterit,
340 550 438 630 prout
465 545 628 609 communi
652 544 785 608 utilitati
808 546 949 631 partium
971 545 1090 610 viderit
1114 547 1282 632 expedire,
1308 548 1360 611 vel
1384 547 1425 612 de
1448 569 1533 613 novo
1556 549 1644 613 inter
1664 572 1722 614 vos
1745 551 1835 638 pacis

183 645 296 710 federa
319 646 450 711 studeat
476 648 664 712 reformare.
709 647 752 710 ut
784 655 820 711 ut
846 649 964 712 melius
988 655 1021 713 et
1051 648 1187 714 liberius
1215 650 1339 736 absque
1364 651 1502 715 alieuius
1526 652 1752 738 impedimenti
1776 654 1834 718 ob-

184 751 310 814 staculo
334 751 503 836 premissis
527 752 636 815 valeat
658 751 840 831 imminere,
864 772 1079 836 compescens
1103 753 1293 817 violentiam
1317 754 1497 838 quamlibet
1520 765 1555 819 et
1578 777 1707 828 omnem
1730 758 1834 843 repri-

183 874 276 918 mens
301 855 367 917 vim
390 873 568 935 armorum,
599 853 827 939 undecumque
858 854 1028 919 venientes
1057 856 1090 919 in
1121 855 1303 920 subsidium
1330 858 1471 944 partium
1499 867 1623 938 arceat,
1653 860 1835 926 existentes

122 1000 127 1013 ·
187 958 375 1022 incivitate
399 959 473 1044 ipsa
494 981 553 1045 pro
578 959 770 1042 cuiusquam
794 965 939 1022 vestrum
963 958 1108 1024 subsidio
1132 959 1173 1023 ad
1196 961 1329 1046 propria
1351 961 1458 1025 redire
1483 963 1672 1047 compellat,
1705 972 1835 1028 contra-

183 1061 327 1126 dictores
352 1069 414 1126 etc.
462 1061 633 1140 Ceterum,
657 1062 733 1146 quia
757 1082 938 1147 speramus,
962 1063 1049 1146 quod
1072 1084 1132 1148 per
1155 1085 1229 1128 eum
1254 1065 1348 1148 quasi
1371 1086 1431 1150 per
1454 1066 1543 1150 pacis
1566 1067 1719 1150 angelum
1742 1069 1835 1132 iuxta
1909 1141 1913 1150 .

182 1171 329 1230 nostrum
353 1165 552 1230 desiderium
575 1187 676 1252 prava
704 1167 736 1230 in
759 1165 883 1228 directa
913 1172 946 1229 ct
973 1187 1090 1252 aspera
1121 1173 1352 1232 convertentur
1382 1169 1415 1231 in
1443 1170 1557 1254 plana,
1587 1171 1834 1235 universitatem
1848 1187 1954 1240 mma.
2040 1211 2043 1220 1

183 1276 326 1333 vestram
351 1268 545 1333 monendam
571 1269 723 1333 duximus
746 1274 780 1331 et
813 1267 1021 1348 hortandam,
1052 1290 1112 1354 per
1142 1271 1324 1356 apostoliea
1340 1271 1448 1335 ¹uobis
1482 1273 1605 1358 scripta
1629 1273 1833 1355 mandantes,

183 1374 335 1458 quatinus
367 1373 474 1458 ipsum
511 1373 709 1458 recipientes
739 1372 864 1437 ilariter
896 1379 928 1437 et
958 1372 1097 1438 honeste
1135 1381 1332 1454 tractantes,
1367 1376 1439 1439 eius
1471 1375 1656 1441 salubribus
1691 1378 1834 1459 monitis,

186 1477 332 1540 consiliis
357 1483 391 1540 ct
413 1475 575 1540 mandatis
600 1476 716 1540 devote
740 1498 778 1540 ac
801 1476 969 1540 humiliter
989 1476 1256 1557 intendatis‚-ita
1279 1477 1364 1562 quod
1388 1485 1526 1542 matrem
1548 1485 1691 1544 vestram
1712 1479 1834 1544 Roma-

185 1601 260 1643 nam
285 1579 461 1644 ecclesiam
490 1580 522 1642 in
546 1579 720 1644 devotione
744 1587 855 1644 vestra
881 1580 1031 1643 letificari
1054 1580 1224 1664 contingat
1253 1587 1286 1644 et
1316 1601 1381 1644 non
1412 1581 1518 1645 minus
1549 1583 1582 1645 in
1604 1583 1699 1648 vobis
1725 1584 1833 1648 filialis

184 1683 368 1746 allectionis
395 1683 542 1747 inveniat
569 1705 665 1768 quam
692 1683 851 1769 speravit,
883 1681 1023 1767 indeque
1054 1683 1245 1747 mereamini
1279 1682 1427 1748 obtinere
1458 1684 1491 1748 in
1519 1687 1637 1750 vestris
1666 1687 1833 1774 oportuni-

184 1785 306 1851 tatibus
329 1792 476 1851 nostrum
499 1787 659 1850 auxilium
683 1792 716 1851 et
738 1787 893 1851 favorem.

290 1906 366 1972 Dat.
390 1907 544 1989 viterbii,
567 1908 672 1972 Nonis
695 1908 799 1993 April.
823 1929 908 1971 anno
931 1908 1087 1975 decimor.

802 2171 1213 2180 ————-.-.—.—

965 2415 1051 2488 686.

286 2529 491 2621 Fridericus
512 2555 728 2620 Rornanorum
750 2556 921 2634 irriperator
946 2555 1098 2637 Greqcrio
1115 2556 1173 2620 IX
1191 2577 1294 2636 rrapae
1317 2557 1361 2620 ml
1381 2560 1448 2622 eius
1469 2559 1612 2639 querelas
1634 2560 1832 2641 reqrmrdet¹z

182 2664 211 2726 si
238 2663 273 2724 in
304 2682 399 2744 reque
422 2661 552 2726 Siciliae
578 2660 619 2725 ab
647 2660 781 2724 ecelesiis
807 2662 837 2723 ct
856 2660 1003 2739 peremis
1031 2659 1244 2728 ecclesiasticis
1270 2660 1374 2726 debita
1396 2663 1501 2726 cir-riae
1523 2682 1598 2726 sirac
1619 2663 1776 2744 deposeat,
1805 2663 1835 2726 si

184 2765 332 2830 minacia
361 2785 420 2828 sna
446 2764 490 2828 ad
509 2764 633 2845 fiscalia
662 2765 792 2839 reuocet,
822 2763 853 2827 si
879 2783 947 2826 cnm
970 2763 1045 2826 locis
1067 2762 1299 2827 umerabilibus
1320 2769 1490 2844 persumet,
1521 2767 1551 2828 si
1576 2767 1628 2830 ius
1654 2765 1834 2829 electionum

183 2868 433 2952 procenitoribas
454 2869 522 2932 suis
543 2867 678 2930 debiturn
701 2869 848 2944 reservet,
878 2885 909 2928 se
931 2865 1016 2929 nulli
1041 2864 1149 2950 faeere
1172 2866 1329 2930 iniuriam
1351 2867 1405 2931 seri
1426 2869 1495 2932 inre
1516 2889 1572 2932 suo
1594 2869 1659 2947 uli,·
1685 2869 1834 2944 iniurias,

183 2971 219 3034 in
255 2991 335 3052 qrras
371 2971 529 3035 interdurn
562 2970 715 3056 officiales
748 2971 800 3034 sni
832 2970 930 3034 nimio
968 2971 1032 3034 selo
1064 2971 1186 3035 acmnsi
1221 2971 1449 3052 motabantur,
1487 2973 1555 3036 sibi
1584 2972 1736 3052 insputari
1770 2990 1835 3034 non

107 3095 119 3132 i
183 3075 307 3153 debere,
334 3079 363 3138 et
382 3075 599 3157 molissimum
626 3073 688 3137 sibi
714 3093 795 3150 esse,
823 3073 906 3154 qnod
920 3094 982 3153 per
1002 3073 1260 3158 [Ferruciacum]
1281 3076 1465 3156 maqistrnm
1490 3075 1726 3140 Yeutonicorum
1748 3073 1836 3154 aprrd

182 3178 281 3242 scriem
302 3180 504 3259 apostolicam
521 3179 702 3242 existentem
716 3177 825 3240 iisdem
846 3177 1024 3239 iniunctum
1046 3177 1104 3254 sit‚·
1125 3197 1159 3240 eo
1182 3177 1265 3258 quod
1280 3177 1474 3242 Sarracenos
1494 3199 1511 3241 e
1533 3178 1689 3242 urentibus
1703 3175 1834 3242 Siciliae

181 3285 312 3345 reurotos
333 3282 368 3344 in
392 3282 493 3345 rudia
512 3281 765 3346 Christianorum
784 3279 920 3360 planitie
936 3279 1138 3357 collocaverit,
1160 3285 1189 3343 et
1211 3281 1285 3344 truie
1308 3281 1434 3345 insulae
1448 3282 1617 3346 utilitatem
1639 3301 1670 3345 se
1692 3280 1834 3344 attulisse

181 3389 210 3450 ct
238 3385 271 3448 id
300 3383 449 3462 effecisse,
478 3389 513 3448 ut
541 3386 606 3448 iam
634 3385 728 3448 tertia
750 3403 834 3463 pars
863 3403 968 3446 eornm
996 3383 1040 3446 ad
1068 3383 1161 3464 fidem
1190 3385 1373 3450 autolicum
1398 3383 1526 3448 reducta
1552 3385 1611 3462 sit;
1642 3381 1724 3464 quod
1744 3401 1834 3461 papa

182 3493 292 3554 eontra
312 3488 501 3552 Veronenses
522 3487 566 3550 ad
586 3487 912 3551 incommunicatimris
926 3487 1113 3550 seutentiam
1122 3488 1290 3568 procedere
1311 3487 1393 3564 velit,
1416 3507 1448 3551 sc
1469 3487 1505 3551 ob
1527 3487 1671 3550 irruerem
1692 3485 1835 3548 eeclesiae

106 3619 118 3656 ιν
184 3591 380 3669 dissuadere,
403 3611 472 3655 eum
493 3590 642 3654 nonnulli
664 3591 743 3667 sint,
766 3590 821 3670 qui
843 3591 946 3670 ipsimi
967 3589 1229 3656 haereaitatem
1251 3591 1308 3654 sub
1324 3593 1493 3670 praetextu
1512 3589 1674 3670 petitionis
1695 3587 1836 3652 cumdum

182 3695 321 3760 societati
349 3692 558 3757 Lombardiae
590 3713 758 3774 aqqreqare
791 3692 867 3756 velle
898 3692 1110 3772 arbitrentnr‚·
1144 3694 1277 3775 denique
1310 3694 1347 3757 de
1380 3694 1500 3776 neqolio
1535 3693 1626 3775 requi
1655 3690 1774 3776 Cypri²
1805 3693 1834 3753 ct

182 3796 350 3883 [Gerulati]
381 3796 584 3876 patriarchae
610 3795 913 3880 Hierosolymitani³
944 3814 977 3859 se
1004 3815 1229 3876 responsurum
1253 3797 1427 3876 monrittit,
1462 3817 1531 3861 cunr
1562 3796 1597 3858 in
1628 3794 1759 3858 Italiam
1787 3811 1835 3856 rc-

182 3921 290 3966 versus
311 3902 361 3967 sit.

1452 3987 1546 4062 1236,
1567 3983 1675 4064 April.
1698 3984 1748 4045 16.

108 4081 134 4118 ³⁰
291 4071 374 4139 Grec.
392 4071 442 4124 IX
460 4072 528 4139 Rea.
551 4071 610 4125 Vol.
631 4069 663 4134 V,
681 4073 835 4133 162-163,·
853 4069 915 4124 Lib.
933 4070 971 4132 X,
990 4074 1053 4125 107.

286 4157 531 4224 Borrae-Fater,
549 4157 617 4226 Rea.
635 4157 715 4211 Frid.
735 4156 780 4222 ΙΙ,
797 4173 823 4210 n.
843 4160 922 4210 2149.

804 4400 1214 4409 ——-——.—.--—-—

966 4643 1054 4716 687.

293 4737 483 4872 Grcqorius
508 4785 563 4850 IX
585 4808 676 4868 papa
709 4785 866 4870 [Hernico
893 4783 973 4869 ΙΙΙ]
999 4783 1138 4865 episcmio
1165 4780 1371 4845 Eielrstetensi
1392 4778 1537 4856 mandat,
1566 4782 1601 4841 ut
1629 4777 1836 4842 excommuni-

186 4893 319 4958 cationis
341 4891 527 4956 sententiam
550 4889 585 4952 in
607 4889 745 4953 comitem
766 4889 803 4952 de
828 4887 994 4952 Tollcstein
1014 4887 1244 4968 iucnrulqatam
1266 4884 1394 4948 relocet.
1453 4969 1538 5031 1236
1568 4966 1600 5029 Α
1648 4965 1667 5028 Ἰ
1697 4967 1742 5028 27

108 5072 133 5111 u
291 5062 375 5133 arey.
393 5061 442 5115 rx
459 5060 528 5130 eq.
553 5057 947 5126 r01.r,1r9,·eu.x,5s.
1537 5015 1546 5044 '
1599 4985 1675 5046 pn.
1742 5013 1749 5027 ⁸

289 5148 426 5215 Pontou,
443 5146 514 5216 aeq.
532 5149 629 5200 rozir.

291 5309 383 5314 --—...-.
391 5308 414 5313 .-
703 5303 1156 5310 ——.-—-—.--...
1166 5301 1303 5308 -a--—-
1309 5293 1728 5305 --—--————--·-··-———·

291 5429 314 5492 ¹)
333 5446 400 5479 nono
419 5426 465 5488 lt.‚·
482 5427 602 5478 umidum
620 5426 751 5492 scripta-is
769 5424 840 5490 Rea,
857 5441 923 5490 meae
940 5440 982 5473 rer
1000 5431 1023 5472 et
1040 5439 1071 5471 en
1090 5419 1202 5486 epistolia
1213 5418 1427 5484 praecedentibus
1444 5426 1467 5468 et
1483 5433 1514 5467 aa
1531 5415 1622 5466 ordine
1640 5413 1700 5478 Ray.
1719 5421 1835 5478 armaret.

292 5565 318 5632 1)
340 5563 382 5630 Cf.
400 5579 426 5616 n.
448 5564 511 5615 676.
581 5561 610 5628 2)
630 5559 673 5629 Of.
691 5575 719 5614 n.
739 5561 803 5624 656,
820 5558 865 5611 11.
936 5557 965 5624 3)
986 5555 1049 5624 Qua
1068 5555 1102 5608 de
1121 5569 1152 5607 re
1170 5557 1283 5622 ceatur,
1300 5567 1386 5622 neque
1402 5551 1432 5604 in
1446 5547 1591 5620 prioribus
1609 5547 1732 5619 centolla
1744 5561 1839 5616 papae

187 5667 273 5720 neque
291 5649 361 5706 alibi
379 5651 612 5705 comnrnuoratum
629 5647 798 5712 isserninus,¹
816 5645 853 5713 cs.
870 5660 898 5699 n.
910 5647 980 5700 1702.
