<?xml version="1.0" encoding="UTF-8"?>
<!DOCTYPE html PUBLIC "-//W3C//DTD XHTML 1.0 Transitional//EN"
    "http://www.w3.org/TR/xhtml1/DTD/xhtml1-transitional.dtd">
<html xmlns="http://www.w3.org/1999/xhtml" xml:lang="en" lang="en">
 <head>
  <title>
</title>
<meta http-equiv="Content-Type" content="text/html;charset=utf-8" />
  <meta name='ocr-system' content='tesseract 3.04.00' />
  <meta name='ocr-capabilities' content='ocr_page ocr_carea ocr_par ocr_line ocrx_word'/>
</head>
<body>
  <div class='ocr_page' id='page_1' title='image "./monumentagerman00peipgoog/monumentagerman00peipgoog_0535.png"; bbox 0 0 4590 6366; ppageno 0'>
   <div class='ocr_carea' id='block_1_1' title="bbox 437 366 1512 431">
    <p class='ocr_par' dir='ltr' id='par_1_1' title="bbox 437 366 1512 431">
     <span class='ocr_line' id='line_1_1' title="bbox 437 366 1512 431; baseline -0.007 0"><span class='ocrx_word' id='word_1_1' title='bbox 437 370 499 431; x_wconf 80' lang='lat' dir='ltr'><strong>5l2</strong></span> <span class='ocrx_word' id='word_1_2' title='bbox 1016 367 1063 420; x_wconf 81' lang='lat' dir='ltr'><strong>EX</strong></span> <span class='ocrx_word' id='word_1_3' title='bbox 1082 366 1257 422; x_wconf 79' lang='lat' dir='ltr'><strong>GREGORII</strong></span> <span class='ocrx_word' id='word_1_4' title='bbox 1275 367 1313 422; x_wconf 85' lang='lat' dir='ltr'><strong>IX</strong></span> <span class='ocrx_word' id='word_1_5' title='bbox 1332 367 1512 423; x_wconf 73' lang='lat' dir='ltr'><strong>audranno</strong></span> 
     </span>
    </p>
   </div>
   <div class='ocr_carea' id='block_1_2' title="bbox 431 537 2180 3303">
    <p class='ocr_par' dir='ltr' id='par_1_2' title="bbox 431 537 2180 3303">
     <span class='ocr_line' id='line_1_2' title="bbox 435 537 2099 625; baseline -0.001 -22"><span class='ocrx_word' id='word_1_6' title='bbox 435 560 493 624; x_wconf 95' lang='lat' dir='ltr'><strong>pro</strong></span> <span class='ocrx_word' id='word_1_7' title='bbox 517 539 660 603; x_wconf 91' lang='lat' dir='ltr'><strong>ccclesia</strong></span> <span class='ocrx_word' id='word_1_8' title='bbox 675 538 822 602; x_wconf 89' lang='lat' dir='ltr'><strong>Romana</strong></span> <span class='ocrx_word' id='word_1_9' title='bbox 838 539 1043 604; x_wconf 89' lang='lat' dir='ltr'><strong>commissam</strong></span> <span class='ocrx_word' id='word_1_10' title='bbox 1053 540 1076 618; x_wconf 83' lang='lat'><strong>¹,</strong></span> <span class='ocrx_word' id='word_1_11' title='bbox 1098 561 1157 625; x_wconf 94' lang='lat' dir='ltr'><strong>pro</strong></span> <span class='ocrx_word' id='word_1_12' title='bbox 1181 561 1263 625; x_wconf 86' lang='lat' dir='ltr'><strong>pace</strong></span> <span class='ocrx_word' id='word_1_13' title='bbox 1287 563 1324 605; x_wconf 90' lang='lat' dir='ltr'><strong>ae</strong></span> <span class='ocrx_word' id='word_1_14' title='bbox 1347 540 1584 625; x_wconf 79' lang='lat' dir='ltr'><strong>tranquillitate</strong></span> <span class='ocrx_word' id='word_1_15' title='bbox 1608 537 1650 602; x_wconf 94' lang='lat' dir='ltr'><strong>ad</strong></span> <span class='ocrx_word' id='word_1_16' title='bbox 1666 538 1823 604; x_wconf 89' lang='lat' dir='ltr'><strong>honorem</strong></span> <span class='ocrx_word' id='word_1_17' title='bbox 1849 539 1940 602; x_wconf 89' lang='lat' dir='ltr'><strong>sedis</strong></span> <span class='ocrx_word' id='word_1_18' title='bbox 1963 543 2099 624; x_wconf 91' lang='lat' dir='ltr'><strong>aposto-</strong></span> 
     </span>
     <span class='ocr_line' id='line_1_3' title="bbox 433 640 2100 728; baseline -0.002 -21"><span class='ocrx_word' id='word_1_19' title='bbox 433 644 496 708; x_wconf 86' lang='lat' dir='ltr'><strong>lice</strong></span> <span class='ocrx_word' id='word_1_20' title='bbox 519 643 735 724; x_wconf 81' lang='lat' dir='ltr'><strong>conservasti,</strong></span> <span class='ocrx_word' id='word_1_21' title='bbox 766 644 911 726; x_wconf 76' lang='lat' dir='ltr'><strong>regalem</strong></span> <span class='ocrx_word' id='word_1_22' title='bbox 934 644 1210 728; x_wconf 83' lang='lat' dir='ltr'><strong>magnificentiam</strong></span> <span class='ocrx_word' id='word_1_23' title='bbox 1234 644 1342 728; x_wconf 86' lang='lat' dir='ltr'><strong>dignis</strong></span> <span class='ocrx_word' id='word_1_24' title='bbox 1365 645 1399 708; x_wconf 93' lang='lat' dir='ltr'><strong>in</strong></span> <span class='ocrx_word' id='word_1_25' title='bbox 1422 644 1564 708; x_wconf 91' lang='lat' dir='ltr'><strong>Domino</strong></span> <span class='ocrx_word' id='word_1_26' title='bbox 1588 642 1742 707; x_wconf 78' lang='lat' dir='ltr'><strong>laudibus</strong></span> <span class='ocrx_word' id='word_1_27' title='bbox 1767 640 2040 707; x_wconf 90' lang='lat' dir='ltr'><strong>commendamus</strong></span> <span class='ocrx_word' id='word_1_28' title='bbox 2065 647 2100 706; x_wconf 90' lang='lat' dir='ltr'><strong>et</strong></span> 
     </span>
     <span class='ocr_line' id='line_1_4' title="bbox 431 744 2098 830; baseline -0.001 -20"><span class='ocrx_word' id='word_1_29' title='bbox 431 746 550 810; x_wconf 81' lang='lat' dir='ltr'><strong>uberes</strong></span> <span class='ocrx_word' id='word_1_30' title='bbox 585 746 645 811; x_wconf 90' lang='lat' dir='ltr'><strong>tibi</strong></span> <span class='ocrx_word' id='word_1_31' title='bbox 680 745 860 830; x_wconf 90' lang='lat' dir='ltr'><strong>gratiarum</strong></span> <span class='ocrx_word' id='word_1_32' title='bbox 891 746 1063 810; x_wconf 85' lang='lat' dir='ltr'><strong>referimus</strong></span> <span class='ocrx_word' id='word_1_33' title='bbox 1092 747 1250 811; x_wconf 86' lang='lat' dir='ltr'><strong>actiones.</strong></span> <span class='ocrx_word' id='word_1_34' title='bbox 1297 746 1379 812; x_wconf 87' lang='lat' dir='ltr'><strong>Oum</strong></span> <span class='ocrx_word' id='word_1_35' title='bbox 1414 753 1523 811; x_wconf 90' lang='lat' dir='ltr'><strong>autem</strong></span> <span class='ocrx_word' id='word_1_36' title='bbox 1557 746 1744 810; x_wconf 89' lang='lat' dir='ltr'><strong>carissimus</strong></span> <span class='ocrx_word' id='word_1_37' title='bbox 1778 745 1811 808; x_wconf 93' lang='lat' dir='ltr'><strong>in</strong></span> <span class='ocrx_word' id='word_1_38' title='bbox 1840 744 1975 809; x_wconf 81' lang='lat' dir='ltr'><strong>Christo</strong></span> <span class='ocrx_word' id='word_1_39' title='bbox 2008 745 2098 808; x_wconf 87' lang='lat' dir='ltr'><strong>filius</strong></span> 
     </span>
     <span class='ocr_line' id='line_1_5' title="bbox 432 848 2097 936; baseline -0.001 -23"><span class='ocrx_word' id='word_1_40' title='bbox 432 856 544 913; x_wconf 90' lang='lat' dir='ltr'><strong>noster</strong></span> <span class='ocrx_word' id='word_1_41' title='bbox 566 848 755 913; x_wconf 81' lang='lat' dir='ltr'><strong>Fridericus</strong></span> <span class='ocrx_word' id='word_1_42' title='bbox 785 854 847 914; x_wconf 89' lang='lat' dir='ltr'><strong>etc.</strong></span> <span class='ocrx_word' id='word_1_43' title='bbox 877 849 941 912; x_wconf 91' lang='lat' dir='ltr'><strong>sibi</strong></span> <span class='ocrx_word' id='word_1_44' title='bbox 970 851 1099 914; x_wconf 91' lang='lat' dir='ltr'><strong>restitui</strong></span> <span class='ocrx_word' id='word_1_45' title='bbox 1126 857 1248 914; x_wconf 91' lang='lat' dir='ltr'><strong>terram</strong></span> <span class='ocrx_word' id='word_1_46' title='bbox 1277 850 1380 936; x_wconf 84' lang='lat' dir='ltr'><strong>ipsam</strong></span> <span class='ocrx_word' id='word_1_47' title='bbox 1410 872 1482 914; x_wconf 92' lang='lat' dir='ltr'><strong>cum</strong></span> <span class='ocrx_word' id='word_1_48' title='bbox 1512 849 1667 913; x_wconf 90' lang='lat' dir='ltr'><strong>instantia</strong></span> <span class='ocrx_word' id='word_1_49' title='bbox 1693 849 1883 935; x_wconf 88' lang='lat' dir='ltr'><strong>postularit,</strong></span> <span class='ocrx_word' id='word_1_50' title='bbox 1914 855 1949 911; x_wconf 90' lang='lat' dir='ltr'><strong>et</strong></span> <span class='ocrx_word' id='word_1_51' title='bbox 1981 849 2097 933; x_wconf 90' lang='lat' dir='ltr'><strong>plures</strong></span> 
     </span>
     <span class='ocr_line' id='line_1_6' title="bbox 435 951 2096 1038; baseline -0.002 -21"><span class='ocrx_word' id='word_1_52' title='bbox 435 952 647 1017; x_wconf 89' lang='lat' dir='ltr'><strong>ecelesiarum</strong></span> <span class='ocrx_word' id='word_1_53' title='bbox 670 951 788 1038; x_wconf 91' lang='lat' dir='ltr'><strong>prelati</strong></span> <span class='ocrx_word' id='word_1_54' title='bbox 812 972 850 1014; x_wconf 93' lang='lat' dir='ltr'><strong>ac</strong></span> <span class='ocrx_word' id='word_1_55' title='bbox 873 952 928 1014; x_wconf 93' lang='lat' dir='ltr'><strong>alii</strong></span> <span class='ocrx_word' id='word_1_56' title='bbox 952 952 1012 1015; x_wconf 84' lang='lat' dir='ltr'><strong>viri</strong></span> <span class='ocrx_word' id='word_1_57' title='bbox 1037 953 1190 1017; x_wconf 88' lang='lat' dir='ltr'><strong>catholici</strong></span> <span class='ocrx_word' id='word_1_58' title='bbox 1207 953 1347 1038; x_wconf 91' lang='lat' dir='ltr'><strong>quedam</strong></span> <span class='ocrx_word' id='word_1_59' title='bbox 1370 953 1411 1018; x_wconf 89' lang='lat' dir='ltr'><strong>ad</strong></span> <span class='ocrx_word' id='word_1_60' title='bbox 1435 975 1470 1018; x_wconf 91' lang='lat' dir='ltr'><strong>se</strong></span> <span class='ocrx_word' id='word_1_61' title='bbox 1493 954 1527 1017; x_wconf 95' lang='lat' dir='ltr'><strong>in</strong></span> <span class='ocrx_word' id='word_1_62' title='bbox 1550 960 1639 1016; x_wconf 89' lang='lat' dir='ltr'><strong>terra</strong></span> <span class='ocrx_word' id='word_1_63' title='bbox 1660 952 1809 1038; x_wconf 89' lang='lat' dir='ltr'><strong>predicta</strong></span> <span class='ocrx_word' id='word_1_64' title='bbox 1824 952 1992 1038; x_wconf 89' lang='lat' dir='ltr'><strong>pertinere</strong></span> <span class='ocrx_word' id='word_1_65' title='bbox 2017 972 2096 1038; x_wconf 92' lang='lat' dir='ltr'><strong>pro·</strong></span> 
     </span>
     <span class='ocr_line' id='line_1_7' title="bbox 435 1053 2097 1142; baseline 0.001 -24"><span class='ocrx_word' id='word_1_66' title='bbox 435 1060 576 1141; x_wconf 87' lang='lat' dir='ltr'><strong>ponant,</strong></span> <span class='ocrx_word' id='word_1_67' title='bbox 613 1055 689 1139; x_wconf 91' lang='lat' dir='ltr'><strong>quia</strong></span> <span class='ocrx_word' id='word_1_68' title='bbox 720 1054 783 1118; x_wconf 89' lang='lat' dir='ltr'><strong>etsi</strong></span> <span class='ocrx_word' id='word_1_69' title='bbox 815 1074 951 1137; x_wconf 92' lang='lat' dir='ltr'><strong>regnum</strong></span> <span class='ocrx_word' id='word_1_70' title='bbox 982 1053 1179 1120; x_wconf 85' lang='lat' dir='ltr'><strong>Arelatense</strong></span> <span class='ocrx_word' id='word_1_71' title='bbox 1211 1055 1252 1119; x_wconf 93' lang='lat' dir='ltr'><strong>ad</strong></span> <span class='ocrx_word' id='word_1_72' title='bbox 1282 1057 1456 1142; x_wconf 89' lang='lat' dir='ltr'><strong>imperium</strong></span> <span class='ocrx_word' id='word_1_73' title='bbox 1486 1061 1635 1141; x_wconf 90' lang='lat' dir='ltr'><strong>spectare</strong></span> <span class='ocrx_word' id='word_1_74' title='bbox 1666 1062 1835 1127; x_wconf 90' lang='lat' dir='ltr'><strong>noscatur,</strong></span> <span class='ocrx_word' id='word_1_75' title='bbox 1873 1054 1953 1139; x_wconf 94' lang='lat' dir='ltr'><strong>quid</strong></span> <span class='ocrx_word' id='word_1_76' title='bbox 1982 1062 2097 1119; x_wconf 92' lang='lat' dir='ltr'><strong>tamen</strong></span> 
     </span>
     <span class='ocr_line' id='line_1_8' title="bbox 435 1156 2096 1244; baseline -0.001 -22"><span class='ocrx_word' id='word_1_77' title='bbox 435 1158 608 1244; x_wconf 91' lang='lat' dir='ltr'><strong>imperium</strong></span> <span class='ocrx_word' id='word_1_78' title='bbox 636 1157 682 1220; x_wconf 92' lang='lat' dir='ltr'><strong>ibi</strong></span> <span class='ocrx_word' id='word_1_79' title='bbox 709 1157 814 1220; x_wconf 88' lang='lat' dir='ltr'><strong>tenuit</strong></span> <span class='ocrx_word' id='word_1_80' title='bbox 839 1157 893 1220; x_wconf 85' lang='lat' dir='ltr'><strong>vel</strong></span> <span class='ocrx_word' id='word_1_81' title='bbox 920 1156 997 1240; x_wconf 92' lang='lat' dir='ltr'><strong>quid</strong></span> <span class='ocrx_word' id='word_1_82' title='bbox 1027 1157 1084 1221; x_wconf 90' lang='lat' dir='ltr'><strong>alii</strong></span> <span class='ocrx_word' id='word_1_83' title='bbox 1115 1157 1154 1221; x_wconf 98' lang='lat' dir='ltr'><strong>ab</strong></span> <span class='ocrx_word' id='word_1_84' title='bbox 1182 1180 1221 1223; x_wconf 91' lang='lat' dir='ltr'><strong>eo</strong></span> <span class='ocrx_word' id='word_1_85' title='bbox 1253 1158 1443 1224; x_wconf 88' lang='lat' dir='ltr'><strong>immediate</strong></span> <span class='ocrx_word' id='word_1_86' title='bbox 1470 1160 1645 1236; x_wconf 88' lang='lat' dir='ltr'><strong>tenebant,</strong></span> <span class='ocrx_word' id='word_1_87' title='bbox 1681 1166 1737 1222; x_wconf 91' lang='lat' dir='ltr'><strong>aut</strong></span> <span class='ocrx_word' id='word_1_88' title='bbox 1766 1179 1828 1243; x_wconf 90' lang='lat' dir='ltr'><strong>que</strong></span> <span class='ocrx_word' id='word_1_89' title='bbox 1862 1166 1896 1221; x_wconf 91' lang='lat' dir='ltr'><strong>et</strong></span> <span class='ocrx_word' id='word_1_90' title='bbox 1923 1179 1944 1220; x_wconf 94' lang='lat' dir='ltr'><strong>a</strong></span> <span class='ocrx_word' id='word_1_91' title='bbox 1974 1158 2096 1244; x_wconf 89' lang='lat' dir='ltr'><strong>quibus</strong></span> 
     </span>
     <span class='ocr_line' id='line_1_9' title="bbox 434 1258 2098 1348; baseline 0 -24"><span class='ocrx_word' id='word_1_92' title='bbox 434 1261 542 1347; x_wconf 89' lang='lat' dir='ltr'><strong>posita</strong></span> <span class='ocrx_word' id='word_1_93' title='bbox 568 1260 703 1324; x_wconf 80' lang='lat' dir='ltr'><strong>suerunt</strong></span> <span class='ocrx_word' id='word_1_94' title='bbox 730 1259 763 1323; x_wconf 94' lang='lat' dir='ltr'><strong>in</strong></span> <span class='ocrx_word' id='word_1_95' title='bbox 793 1258 942 1323; x_wconf 91' lang='lat' dir='ltr'><strong>manibus</strong></span> <span class='ocrx_word' id='word_1_96' title='bbox 976 1261 1117 1325; x_wconf 89' lang='lat' dir='ltr'><strong>ecclesie</strong></span> <span class='ocrx_word' id='word_1_97' title='bbox 1147 1283 1204 1347; x_wconf 92' lang='lat' dir='ltr'><strong>pro</strong></span> <span class='ocrx_word' id='word_1_98' title='bbox 1236 1263 1412 1327; x_wconf 82' lang='lat' dir='ltr'><strong>securitate</strong></span> <span class='ocrx_word' id='word_1_99' title='bbox 1450 1263 1540 1348; x_wconf 85' lang='lat' dir='ltr'><strong>pacis</strong></span> <span class='ocrx_word' id='word_1_100' title='bbox 1569 1269 1602 1326; x_wconf 89' lang='lat' dir='ltr'><strong>et</strong></span> <span class='ocrx_word' id='word_1_101' title='bbox 1631 1261 1725 1341; x_wconf 91' lang='lat' dir='ltr'><strong>fidei,</strong></span> <span class='ocrx_word' id='word_1_102' title='bbox 1764 1261 1869 1325; x_wconf 89' lang='lat' dir='ltr'><strong>adhue</strong></span> <span class='ocrx_word' id='word_1_103' title='bbox 1899 1261 1997 1325; x_wconf 92' lang='lat' dir='ltr'><strong>nobis</strong></span> <span class='ocrx_word' id='word_1_104' title='bbox 2030 1281 2098 1324; x_wconf 90' lang='lat' dir='ltr'><strong>non</strong></span> 
     </span>
     <span class='ocr_line' id='line_1_10' title="bbox 435 1361 2095 1451; baseline -0.001 -22"><span class='ocrx_word' id='word_1_105' title='bbox 435 1363 595 1429; x_wconf 91' lang='lat' dir='ltr'><strong>constitit:</strong></span> <span class='ocrx_word' id='word_1_106' title='bbox 624 1361 841 1448; x_wconf 89' lang='lat' dir='ltr'><strong>supersedere</strong></span> <span class='ocrx_word' id='word_1_107' title='bbox 869 1362 978 1447; x_wconf 90' lang='lat' dir='ltr'><strong>potius</strong></span> <span class='ocrx_word' id='word_1_108' title='bbox 1009 1362 1050 1427; x_wconf 90' lang='lat' dir='ltr'><strong>ad</strong></span> <span class='ocrx_word' id='word_1_109' title='bbox 1081 1370 1210 1449; x_wconf 91' lang='lat' dir='ltr'><strong>tempus</strong></span> <span class='ocrx_word' id='word_1_110' title='bbox 1241 1365 1417 1450; x_wconf 89' lang='lat' dir='ltr'><strong>elegimus,</strong></span> <span class='ocrx_word' id='word_1_111' title='bbox 1446 1386 1542 1449; x_wconf 91' lang='lat' dir='ltr'><strong>quam</strong></span> <span class='ocrx_word' id='word_1_112' title='bbox 1564 1365 1737 1449; x_wconf 86' lang='lat' dir='ltr'><strong>quiequam</strong></span> <span class='ocrx_word' id='word_1_113' title='bbox 1760 1365 1800 1429; x_wconf 91' lang='lat' dir='ltr'><strong>de</strong></span> <span class='ocrx_word' id='word_1_114' title='bbox 1830 1365 1903 1451; x_wconf 90' lang='lat' dir='ltr'><strong>ipsa</strong></span> <span class='ocrx_word' id='word_1_115' title='bbox 1931 1369 2095 1444; x_wconf 87' lang='lat' dir='ltr'><strong>statuere,</strong></span> 
     </span>
     <span class='ocr_line' id='line_1_11' title="bbox 435 1466 2094 1553; baseline -0.001 -21"><span class='ocrx_word' id='word_1_116' title='bbox 435 1489 495 1553; x_wconf 93' lang='lat' dir='ltr'><strong>per</strong></span> <span class='ocrx_word' id='word_1_117' title='bbox 517 1467 602 1552; x_wconf 94' lang='lat' dir='ltr'><strong>quod</strong></span> <span class='ocrx_word' id='word_1_118' title='bbox 625 1467 688 1530; x_wconf 93' lang='lat' dir='ltr'><strong>iuri</strong></span> <span class='ocrx_word' id='word_1_119' title='bbox 711 1466 849 1530; x_wconf 89' lang='lat' dir='ltr'><strong>alicuius</strong></span> <span class='ocrx_word' id='word_1_120' title='bbox 873 1467 1079 1552; x_wconf 91' lang='lat' dir='ltr'><strong>contingeret</strong></span> <span class='ocrx_word' id='word_1_121' title='bbox 1101 1467 1281 1552; x_wconf 75' lang='lat' dir='ltr'><strong>derogari2.</strong></span> <span class='ocrx_word' id='word_1_122' title='bbox 1327 1469 1438 1547; x_wconf 92' lang='lat' dir='ltr'><strong>Porro,</strong></span> <span class='ocrx_word' id='word_1_123' title='bbox 1465 1469 1549 1533; x_wconf 89' lang='lat' dir='ltr'><strong>sicut</strong></span> <span class='ocrx_word' id='word_1_124' title='bbox 1572 1468 1780 1533; x_wconf 84' lang='lat' dir='ltr'><strong>manifestum</strong></span> <span class='ocrx_word' id='word_1_125' title='bbox 1803 1475 1854 1533; x_wconf 91' lang='lat' dir='ltr'><strong>est</strong></span> <span class='ocrx_word' id='word_1_126' title='bbox 1876 1475 1910 1532; x_wconf 88' lang='lat' dir='ltr'><strong>et</strong></span> <span class='ocrx_word' id='word_1_127' title='bbox 1933 1468 1997 1531; x_wconf 93' lang='lat' dir='ltr'><strong>erit</strong></span> <span class='ocrx_word' id='word_1_128' title='bbox 2021 1487 2094 1531; x_wconf 91' lang='lat' dir='ltr'><strong>me-</strong></span> 
     </span>
     <span class='ocr_line' id='line_1_12' title="bbox 435 1569 2096 1658; baseline -0.001 -24"><span class='ocrx_word' id='word_1_129' title='bbox 435 1571 571 1634; x_wconf 91' lang='lat' dir='ltr'><strong>moriale</strong></span> <span class='ocrx_word' id='word_1_130' title='bbox 602 1570 634 1633; x_wconf 90' lang='lat' dir='ltr'><strong>in</strong></span> <span class='ocrx_word' id='word_1_131' title='bbox 662 1569 797 1641; x_wconf 84' lang='lat' dir='ltr'><strong>seculis,</strong></span> <span class='ocrx_word' id='word_1_132' title='bbox 832 1569 918 1634; x_wconf 89' lang='lat' dir='ltr'><strong>clare</strong></span> <span class='ocrx_word' id='word_1_133' title='bbox 947 1570 1104 1634; x_wconf 88' lang='lat' dir='ltr'><strong>memorie</strong></span> <span class='ocrx_word' id='word_1_134' title='bbox 1134 1618 1167 1633; x_wconf 92' lang='lat'><strong>..</strong></span> <span class='ocrx_word' id='word_1_135' title='bbox 1190 1577 1284 1656; x_wconf 90' lang='lat' dir='ltr'><strong>pater</strong></span> <span class='ocrx_word' id='word_1_136' title='bbox 1314 1571 1423 1651; x_wconf 76' lang='lat' dir='ltr'><strong>tuus³,</strong></span> <span class='ocrx_word' id='word_1_137' title='bbox 1456 1572 1581 1636; x_wconf 85' lang='lat' dir='ltr'><strong>zelatus</strong></span> <span class='ocrx_word' id='word_1_138' title='bbox 1613 1573 1699 1635; x_wconf 91' lang='lat' dir='ltr'><strong>sicut</strong></span> <span class='ocrx_word' id='word_1_139' title='bbox 1730 1573 1880 1658; x_wconf 89' lang='lat' dir='ltr'><strong>princeps</strong></span> <span class='ocrx_word' id='word_1_140' title='bbox 1910 1570 2096 1634; x_wconf 91' lang='lat' dir='ltr'><strong>catholicus</strong></span> 
     </span>
     <span class='ocr_line' id='line_1_13' title="bbox 436 1671 2097 1759; baseline -0.001 -22"><span class='ocrx_word' id='word_1_141' title='bbox 436 1673 606 1757; x_wconf 87' lang='lat' dir='ltr'><strong>negotium</strong></span> <span class='ocrx_word' id='word_1_142' title='bbox 630 1673 720 1758; x_wconf 88' lang='lat' dir='ltr'><strong>pacis</strong></span> <span class='ocrx_word' id='word_1_143' title='bbox 744 1679 777 1736; x_wconf 90' lang='lat' dir='ltr'><strong>et</strong></span> <span class='ocrx_word' id='word_1_144' title='bbox 799 1671 891 1752; x_wconf 84' lang='lat' dir='ltr'><strong>fidei,</strong></span> <span class='ocrx_word' id='word_1_145' title='bbox 913 1694 971 1758; x_wconf 93' lang='lat' dir='ltr'><strong>pro</strong></span> <span class='ocrx_word' id='word_1_146' title='bbox 995 1673 1066 1759; x_wconf 91' lang='lat' dir='ltr'><strong>ipso</strong></span> <span class='ocrx_word' id='word_1_147' title='bbox 1089 1674 1310 1759; x_wconf 85' lang='lat' dir='ltr'><strong>promovendo</strong></span> <span class='ocrx_word' id='word_1_148' title='bbox 1340 1675 1468 1740; x_wconf 89' lang='lat' dir='ltr'><strong>ardenti</strong></span> <span class='ocrx_word' id='word_1_149' title='bbox 1490 1676 1652 1739; x_wconf 85' lang='lat' dir='ltr'><strong>laboravit</strong></span> <span class='ocrx_word' id='word_1_150' title='bbox 1676 1675 1811 1754; x_wconf 81' lang='lat' dir='ltr'><strong>affectu,</strong></span> <span class='ocrx_word' id='word_1_151' title='bbox 1843 1676 1934 1738; x_wconf 90' lang='lat' dir='ltr'><strong>cuius</strong></span> <span class='ocrx_word' id='word_1_152' title='bbox 1958 1673 2097 1759; x_wconf 89' lang='lat' dir='ltr'><strong>pietatis</strong></span> 
     </span>
     <span class='ocr_line' id='line_1_14' title="bbox 437 1775 2098 1864; baseline -0.001 -24"><span class='ocrx_word' id='word_1_153' title='bbox 437 1776 601 1841; x_wconf 86' lang='lat' dir='ltr'><strong>fervorem</strong></span> <span class='ocrx_word' id='word_1_154' title='bbox 623 1775 851 1852; x_wconf 84' lang='lat' dir='ltr'><strong>Dominusex</strong></span> <span class='ocrx_word' id='word_1_155' title='bbox 874 1775 940 1840; x_wconf 89' lang='lat' dir='ltr'><strong>alto</strong></span> <span class='ocrx_word' id='word_1_156' title='bbox 964 1777 1161 1862; x_wconf 86' lang='lat' dir='ltr'><strong>respiciens,</strong></span> <span class='ocrx_word' id='word_1_157' title='bbox 1186 1779 1262 1862; x_wconf 91' lang='lat' dir='ltr'><strong>quia</strong></span> <span class='ocrx_word' id='word_1_158' title='bbox 1283 1779 1372 1842; x_wconf 92' lang='lat' dir='ltr'><strong>illius</strong></span> <span class='ocrx_word' id='word_1_159' title='bbox 1395 1780 1503 1842; x_wconf 92' lang='lat' dir='ltr'><strong>anima</strong></span> <span class='ocrx_word' id='word_1_160' title='bbox 1525 1779 1647 1864; x_wconf 89' lang='lat' dir='ltr'><strong>placita</strong></span> <span class='ocrx_word' id='word_1_161' title='bbox 1671 1779 1733 1843; x_wconf 90' lang='lat' dir='ltr'><strong>sibi</strong></span> <span class='ocrx_word' id='word_1_162' title='bbox 1755 1785 1840 1854; x_wconf 88' lang='lat' dir='ltr'><strong>erat,</strong></span> <span class='ocrx_word' id='word_1_163' title='bbox 1868 1778 1991 1862; x_wconf 90' lang='lat' dir='ltr'><strong>ipsum,</strong></span> <span class='ocrx_word' id='word_1_164' title='bbox 2016 1776 2098 1840; x_wconf 90' lang='lat' dir='ltr'><strong>dum</strong></span> 
     </span>
     <span class='ocr_line' id='line_1_15' title="bbox 439 1876 2095 1965; baseline -0.001 -22"><span class='ocrx_word' id='word_1_165' title='bbox 439 1886 529 1943; x_wconf 87' lang='lat' dir='ltr'><strong>esset</strong></span> <span class='ocrx_word' id='word_1_166' title='bbox 549 1879 583 1941; x_wconf 94' lang='lat' dir='ltr'><strong>in</strong></span> <span class='ocrx_word' id='word_1_167' title='bbox 605 1878 833 1964; x_wconf 89' lang='lat' dir='ltr'><strong>prosecutione</strong></span> <span class='ocrx_word' id='word_1_168' title='bbox 850 1876 930 1941; x_wconf 91' lang='lat' dir='ltr'><strong>dicti</strong></span> <span class='ocrx_word' id='word_1_169' title='bbox 946 1879 1080 1962; x_wconf 87' lang='lat' dir='ltr'><strong>negotii,</strong></span> <span class='ocrx_word' id='word_1_170' title='bbox 1105 1878 1144 1943; x_wconf 94' lang='lat' dir='ltr'><strong>de</strong></span> <span class='ocrx_word' id='word_1_171' title='bbox 1168 1881 1435 1965; x_wconf 89' lang='lat' dir='ltr'><strong>peregrinatione</strong></span> <span class='ocrx_word' id='word_1_172' title='bbox 1451 1882 1517 1945; x_wconf 87' lang='lat' dir='ltr'><strong>vite</strong></span> <span class='ocrx_word' id='word_1_173' title='bbox 1534 1882 1632 1945; x_wconf 91' lang='lat' dir='ltr'><strong>huius</strong></span> <span class='ocrx_word' id='word_1_174' title='bbox 1655 1880 1696 1944; x_wconf 91' lang='lat' dir='ltr'><strong>ad</strong></span> <span class='ocrx_word' id='word_1_175' title='bbox 1712 1879 1925 1946; x_wconf 89' lang='lat' dir='ltr'><strong>beatitudinis</strong></span> <span class='ocrx_word' id='word_1_176' title='bbox 1941 1879 2095 1965; x_wconf 87' lang='lat' dir='ltr'><strong>patriam,</strong></span> 
     </span>
     <span class='ocr_line' id='line_1_16' title="bbox 438 1980 2097 2068; baseline -0.001 -22"><span class='ocrx_word' id='word_1_177' title='bbox 438 1989 474 2047; x_wconf 91' lang='lat' dir='ltr'><strong>ut</strong></span> <span class='ocrx_word' id='word_1_178' title='bbox 508 1981 645 2046; x_wconf 90' lang='lat' dir='ltr'><strong>firmiter</strong></span> <span class='ocrx_word' id='word_1_179' title='bbox 678 1980 856 2060; x_wconf 90' lang='lat' dir='ltr'><strong>eredimus,</strong></span> <span class='ocrx_word' id='word_1_180' title='bbox 892 1982 1049 2046; x_wconf 85' lang='lat' dir='ltr'><strong>evocavit.</strong></span> <span class='ocrx_word' id='word_1_181' title='bbox 1094 1981 1243 2046; x_wconf 86' lang='lat' dir='ltr'><strong>Petimus</strong></span> <span class='ocrx_word' id='word_1_182' title='bbox 1273 1983 1386 2067; x_wconf 91' lang='lat' dir='ltr'><strong>igitur,</strong></span> <span class='ocrx_word' id='word_1_183' title='bbox 1421 1983 1467 2046; x_wconf 89' lang='lat' dir='ltr'><strong>lili</strong></span> <span class='ocrx_word' id='word_1_184' title='bbox 1503 1984 1693 2062; x_wconf 88' lang='lat' dir='ltr'><strong>karissime,</strong></span> <span class='ocrx_word' id='word_1_185' title='bbox 1728 1990 1761 2049; x_wconf 92' lang='lat' dir='ltr'><strong>et</strong></span> <span class='ocrx_word' id='word_1_186' title='bbox 1790 1982 2000 2047; x_wconf 89' lang='lat' dir='ltr'><strong>obsecramus</strong></span> <span class='ocrx_word' id='word_1_187' title='bbox 2036 2003 2097 2068; x_wconf 91' lang='lat' dir='ltr'><strong>per</strong></span> 
     </span>
     <span class='ocr_line' id='line_1_17' title="bbox 437 2082 2098 2174; baseline 0.001 -25"><span class='ocrx_word' id='word_1_188' title='bbox 437 2086 566 2149; x_wconf 85' lang='lat' dir='ltr'><strong>viscera</strong></span> <span class='ocrx_word' id='word_1_189' title='bbox 582 2082 805 2149; x_wconf 91' lang='lat' dir='ltr'><strong>misericordie</strong></span> <span class='ocrx_word' id='word_1_190' title='bbox 823 2082 901 2147; x_wconf 92' lang='lat' dir='ltr'><strong>Iesu</strong></span> <span class='ocrx_word' id='word_1_191' title='bbox 917 2082 1049 2154; x_wconf 81' lang='lat' dir='ltr'><strong>Christi.</strong></span> <span class='ocrx_word' id='word_1_192' title='bbox 1077 2085 1110 2148; x_wconf 90' lang='lat' dir='ltr'><strong>in</strong></span> <span class='ocrx_word' id='word_1_193' title='bbox 1133 2086 1360 2150; x_wconf 91' lang='lat' dir='ltr'><strong>remissionem</strong></span> <span class='ocrx_word' id='word_1_194' title='bbox 1377 2087 1437 2150; x_wconf 92' lang='lat' dir='ltr'><strong>tibi</strong></span> <span class='ocrx_word' id='word_1_195' title='bbox 1453 2088 1680 2174; x_wconf 88' lang='lat' dir='ltr'><strong>peccaminum</strong></span> <span class='ocrx_word' id='word_1_196' title='bbox 1696 2087 1916 2171; x_wconf 90' lang='lat' dir='ltr'><strong>iniungentss,</strong></span> <span class='ocrx_word' id='word_1_197' title='bbox 1940 2087 2098 2170; x_wconf 89' lang='lat' dir='ltr'><strong>quatinus</strong></span> 
     </span>
     <span class='ocr_line' id='line_1_18' title="bbox 438 2187 2098 2276; baseline 0 -24"><span class='ocrx_word' id='word_1_198' title='bbox 438 2190 526 2276; x_wconf 92' lang='lat' dir='ltr'><strong>piam</strong></span> <span class='ocrx_word' id='word_1_199' title='bbox 548 2189 650 2274; x_wconf 89' lang='lat' dir='ltr'><strong>patris</strong></span> <span class='ocrx_word' id='word_1_200' title='bbox 674 2187 884 2252; x_wconf 88' lang='lat' dir='ltr'><strong>devotionem</strong></span> <span class='ocrx_word' id='word_1_201' title='bbox 907 2187 1047 2252; x_wconf 88' lang='lat' dir='ltr'><strong>sollicite</strong></span> <span class='ocrx_word' id='word_1_202' title='bbox 1071 2188 1281 2252; x_wconf 87' lang='lat' dir='ltr'><strong>considerans</strong></span> <span class='ocrx_word' id='word_1_203' title='bbox 1305 2189 1339 2252; x_wconf 93' lang='lat' dir='ltr'><strong>in</strong></span> <span class='ocrx_word' id='word_1_204' title='bbox 1368 2189 1437 2254; x_wconf 86' lang='lat' dir='ltr'><strong>hae</strong></span> <span class='ocrx_word' id='word_1_205' title='bbox 1453 2198 1546 2276; x_wconf 88' lang='lat' dir='ltr'><strong>parte</strong></span> <span class='ocrx_word' id='word_1_206' title='bbox 1570 2198 1604 2255; x_wconf 91' lang='lat' dir='ltr'><strong>et</strong></span> <span class='ocrx_word' id='word_1_207' title='bbox 1627 2191 1733 2255; x_wconf 89' lang='lat' dir='ltr'><strong>eidem</strong></span> <span class='ocrx_word' id='word_1_208' title='bbox 1757 2191 1791 2253; x_wconf 89' lang='lat' dir='ltr'><strong>in</strong></span> <span class='ocrx_word' id='word_1_209' title='bbox 1814 2190 1934 2253; x_wconf 83' lang='lat' dir='ltr'><strong>virtute</strong></span> <span class='ocrx_word' id='word_1_210' title='bbox 1958 2188 2098 2254; x_wconf 87' lang='lat' dir='ltr'><strong>studens</strong></span> 
     </span>
     <span class='ocr_line' id='line_1_19' title="bbox 440 2291 2098 2379; baseline -0.002 -21"><span class='ocrx_word' id='word_1_211' title='bbox 440 2293 586 2359; x_wconf 85' lang='lat' dir='ltr'><strong>existere</strong></span> <span class='ocrx_word' id='word_1_212' title='bbox 609 2297 646 2355; x_wconf 92' lang='lat' dir='ltr'><strong>ut</strong></span> <span class='ocrx_word' id='word_1_213' title='bbox 669 2291 701 2354; x_wconf 95' lang='lat' dir='ltr'><strong>in</strong></span> <span class='ocrx_word' id='word_1_214' title='bbox 725 2311 827 2374; x_wconf 90' lang='lat' dir='ltr'><strong>regno</strong></span> <span class='ocrx_word' id='word_1_215' title='bbox 845 2311 1027 2370; x_wconf 89' lang='lat' dir='ltr'><strong>successor,</strong></span> <span class='ocrx_word' id='word_1_216' title='bbox 1052 2291 1229 2375; x_wconf 89' lang='lat' dir='ltr'><strong>benignum</strong></span> <span class='ocrx_word' id='word_1_217' title='bbox 1249 2292 1401 2357; x_wconf 91' lang='lat' dir='ltr'><strong>habendo</strong></span> <span class='ocrx_word' id='word_1_218' title='bbox 1417 2301 1605 2379; x_wconf 88' lang='lat' dir='ltr'><strong>respectum</strong></span> <span class='ocrx_word' id='word_1_219' title='bbox 1620 2293 1661 2358; x_wconf 89' lang='lat' dir='ltr'><strong>ad</strong></span> <span class='ocrx_word' id='word_1_220' title='bbox 1682 2294 1849 2378; x_wconf 92' lang='lat' dir='ltr'><strong>negotium</strong></span> <span class='ocrx_word' id='word_1_221' title='bbox 1867 2298 2098 2371; x_wconf 88' lang='lat' dir='ltr'><strong>memoratum,</strong></span> 
     </span>
     <span class='ocr_line' id='line_1_20' title="bbox 439 2392 2098 2482; baseline 0 -23"><span class='ocrx_word' id='word_1_222' title='bbox 439 2401 560 2460; x_wconf 90' lang='lat' dir='ltr'><strong>terram</strong></span> <span class='ocrx_word' id='word_1_223' title='bbox 589 2392 784 2479; x_wconf 86' lang='lat' dir='ltr'><strong>predictam,</strong></span> <span class='ocrx_word' id='word_1_224' title='bbox 822 2414 895 2457; x_wconf 92' lang='lat' dir='ltr'><strong>cum</strong></span> <span class='ocrx_word' id='word_1_225' title='bbox 928 2393 1114 2478; x_wconf 90' lang='lat' dir='ltr'><strong>periculosa</strong></span> <span class='ocrx_word' id='word_1_226' title='bbox 1142 2416 1215 2458; x_wconf 88' lang='lat' dir='ltr'><strong>esse</strong></span> <span class='ocrx_word' id='word_1_227' title='bbox 1249 2403 1363 2480; x_wconf 89' lang='lat' dir='ltr'><strong>posset</strong></span> <span class='ocrx_word' id='word_1_228' title='bbox 1393 2398 1565 2482; x_wconf 86' lang='lat' dir='ltr'><strong>repentina</strong></span> <span class='ocrx_word' id='word_1_229' title='bbox 1594 2398 1730 2460; x_wconf 89' lang='lat' dir='ltr'><strong>mutatio</strong></span> <span class='ocrx_word' id='word_1_230' title='bbox 1763 2403 1866 2460; x_wconf 90' lang='lat' dir='ltr'><strong>status</strong></span> <span class='ocrx_word' id='word_1_231' title='bbox 1898 2395 2019 2480; x_wconf 91' lang='lat' dir='ltr'><strong>ipsius,</strong></span> <span class='ocrx_word' id='word_1_232' title='bbox 2056 2394 2098 2459; x_wconf 93' lang='lat' dir='ltr'><strong>de</strong></span> 
     </span>
     <span class='ocr_line' id='line_1_21' title="bbox 439 2495 2180 2584; baseline -0.002 -23"><span class='ocrx_word' id='word_1_233' title='bbox 439 2497 559 2582; x_wconf 89' lang='lat' dir='ltr'><strong>gratia,</strong></span> <span class='ocrx_word' id='word_1_234' title='bbox 589 2517 685 2580; x_wconf 92' lang='lat' dir='ltr'><strong>quam</strong></span> <span class='ocrx_word' id='word_1_235' title='bbox 709 2496 813 2580; x_wconf 88' lang='lat' dir='ltr'><strong>gratie</strong></span> <span class='ocrx_word' id='word_1_236' title='bbox 838 2495 1053 2580; x_wconf 87' lang='lat' dir='ltr'><strong>superaddas,</strong></span> <span class='ocrx_word' id='word_1_237' title='bbox 1082 2497 1167 2560; x_wconf 89' lang='lat' dir='ltr'><strong>sicut</strong></span> <span class='ocrx_word' id='word_1_238' title='bbox 1195 2497 1354 2562; x_wconf 87' lang='lat' dir='ltr'><strong>hactenus</strong></span> <span class='ocrx_word' id='word_1_239' title='bbox 1383 2499 1425 2562; x_wconf 91' lang='lat' dir='ltr'><strong>ad</strong></span> <span class='ocrx_word' id='word_1_240' title='bbox 1448 2499 1606 2564; x_wconf 90' lang='lat' dir='ltr'><strong>honorem</strong></span> <span class='ocrx_word' id='word_1_241' title='bbox 1637 2500 1796 2579; x_wconf 90' lang='lat' dir='ltr'><strong>ecclesie,</strong></span> <span class='ocrx_word' id='word_1_242' title='bbox 1826 2499 1930 2563; x_wconf 91' lang='lat' dir='ltr'><strong>donec</strong></span> <span class='ocrx_word' id='word_1_243' title='bbox 1953 2498 1994 2562; x_wconf 91' lang='lat' dir='ltr'><strong>de</strong></span> <span class='ocrx_word' id='word_1_244' title='bbox 2019 2519 2096 2584; x_wconf 92' lang='lat' dir='ltr'><strong>pre·</strong></span> <span class='ocrx_word' id='word_1_245' title='bbox 2154 2519 2180 2557; x_wconf 79' lang='lat' dir='ltr'><strong>ao</strong></span> 
     </span>
     <span class='ocr_line' id='line_1_22' title="bbox 439 2599 2101 2687; baseline -0.001 -22"><span class='ocrx_word' id='word_1_246' title='bbox 439 2600 550 2665; x_wconf 90' lang='lat' dir='ltr'><strong>missis</strong></span> <span class='ocrx_word' id='word_1_247' title='bbox 573 2600 630 2663; x_wconf 89' lang='lat' dir='ltr'><strong>fiat</strong></span> <span class='ocrx_word' id='word_1_248' title='bbox 652 2599 834 2682; x_wconf 88' lang='lat' dir='ltr'><strong>inquisitio,</strong></span> <span class='ocrx_word' id='word_1_249' title='bbox 864 2619 1058 2663; x_wconf 84' lang='lat' dir='ltr'><strong>conservare</strong></span> <span class='ocrx_word' id='word_1_250' title='bbox 1088 2621 1261 2685; x_wconf 88' lang='lat' dir='ltr'><strong>procures,</strong></span> <span class='ocrx_word' id='word_1_251' title='bbox 1293 2601 1339 2665; x_wconf 91' lang='lat' dir='ltr'><strong>ita</strong></span> <span class='ocrx_word' id='word_1_252' title='bbox 1361 2601 1446 2685; x_wconf 94' lang='lat' dir='ltr'><strong>quod</strong></span> <span class='ocrx_word' id='word_1_253' title='bbox 1469 2601 1577 2666; x_wconf 90' lang='lat' dir='ltr'><strong>Deum</strong></span> <span class='ocrx_word' id='word_1_254' title='bbox 1602 2603 1722 2666; x_wconf 87' lang='lat' dir='ltr'><strong>exinde</strong></span> <span class='ocrx_word' id='word_1_255' title='bbox 1751 2602 1810 2665; x_wconf 89' lang='lat' dir='ltr'><strong>tibi</strong></span> <span class='ocrx_word' id='word_1_256' title='bbox 1843 2600 1961 2664; x_wconf 87' lang='lat' dir='ltr'><strong>reddas</strong></span> <span class='ocrx_word' id='word_1_257' title='bbox 1985 2601 2101 2687; x_wconf 90' lang='lat' dir='ltr'><strong>propi-</strong></span> 
     </span>
     <span class='ocr_line' id='line_1_23' title="bbox 440 2700 2100 2789; baseline -0.001 -21"><span class='ocrx_word' id='word_1_258' title='bbox 440 2705 522 2768; x_wconf 89' lang='lat' dir='ltr'><strong>tium</strong></span> <span class='ocrx_word' id='word_1_259' title='bbox 545 2709 642 2767; x_wconf 86' lang='lat' dir='ltr'><strong>etex</strong></span> <span class='ocrx_word' id='word_1_260' title='bbox 665 2701 727 2764; x_wconf 93' lang='lat' dir='ltr'><strong>hoc</strong></span> <span class='ocrx_word' id='word_1_261' title='bbox 750 2700 888 2784; x_wconf 88' lang='lat' dir='ltr'><strong>gloriam</strong></span> <span class='ocrx_word' id='word_1_262' title='bbox 919 2702 953 2765; x_wconf 92' lang='lat' dir='ltr'><strong>in</strong></span> <span class='ocrx_word' id='word_1_263' title='bbox 984 2704 1131 2787; x_wconf 90' lang='lat' dir='ltr'><strong>presenti</strong></span> <span class='ocrx_word' id='word_1_264' title='bbox 1155 2711 1188 2768; x_wconf 93' lang='lat' dir='ltr'><strong>et</strong></span> <span class='ocrx_word' id='word_1_265' title='bbox 1217 2705 1355 2789; x_wconf 89' lang='lat' dir='ltr'><strong>gratiam</strong></span> <span class='ocrx_word' id='word_1_266' title='bbox 1379 2705 1528 2770; x_wconf 92' lang='lat' dir='ltr'><strong>obtineas</strong></span> <span class='ocrx_word' id='word_1_267' title='bbox 1552 2706 1585 2768; x_wconf 94' lang='lat' dir='ltr'><strong>in</strong></span> <span class='ocrx_word' id='word_1_268' title='bbox 1608 2705 1726 2769; x_wconf 89' lang='lat' dir='ltr'><strong>futuro.</strong></span> <span class='ocrx_word' id='word_1_269' title='bbox 1773 2704 1841 2768; x_wconf 89' lang='lat' dir='ltr'><strong>Nos</strong></span> <span class='ocrx_word' id='word_1_270' title='bbox 1865 2705 1952 2768; x_wconf 91' lang='lat' dir='ltr'><strong>enim</strong></span> <span class='ocrx_word' id='word_1_271' title='bbox 1976 2704 2100 2769; x_wconf 91' lang='lat' dir='ltr'><strong>dilecto</strong></span> 
     </span>
     <span class='ocr_line' id='line_1_24' title="bbox 441 2803 2101 2893; baseline 0 -23"><span class='ocrx_word' id='word_1_272' title='bbox 441 2807 508 2872; x_wconf 92' lang='lat' dir='ltr'><strong>filio</strong></span> <span class='ocrx_word' id='word_1_273' title='bbox 538 2805 694 2889; x_wconf 90' lang='lat' dir='ltr'><strong>magistro</strong></span> <span class='ocrx_word' id='word_1_274' title='bbox 724 2803 761 2868; x_wconf 92' lang='lat' dir='ltr'><strong>P.</strong></span> <span class='ocrx_word' id='word_1_275' title='bbox 786 2803 827 2869; x_wconf 89' lang='lat' dir='ltr'><strong>de</strong></span> <span class='ocrx_word' id='word_1_276' title='bbox 851 2803 1068 2884; x_wconf 88' lang='lat' dir='ltr'><strong>Oollemedio,</strong></span> <span class='ocrx_word' id='word_1_277' title='bbox 1103 2808 1270 2892; x_wconf 90' lang='lat' dir='ltr'><strong>preposito</strong></span> <span class='ocrx_word' id='word_1_278' title='bbox 1300 2806 1413 2871; x_wconf 82' lang='lat' dir='ltr'><strong>Sancti</strong></span> <span class='ocrx_word' id='word_1_279' title='bbox 1444 2807 1638 2887; x_wconf 86' lang='lat' dir='ltr'><strong>Audomari,</strong></span> <span class='ocrx_word' id='word_1_280' title='bbox 1669 2808 1837 2893; x_wconf 90' lang='lat' dir='ltr'><strong>capellano</strong></span> <span class='ocrx_word' id='word_1_281' title='bbox 1866 2813 1996 2886; x_wconf 92' lang='lat' dir='ltr'><strong>nostro,</strong></span> <span class='ocrx_word' id='word_1_282' title='bbox 2027 2809 2101 2870; x_wconf 80' lang='lat' dir='ltr'><strong>viro</strong></span> 
     </span>
     <span class='ocr_line' id='line_1_25' title="bbox 441 2907 2101 2995; baseline 0.001 -23"><span class='ocrx_word' id='word_1_283' title='bbox 441 2907 577 2995; x_wconf 83' lang='lat' dir='ltr'><strong>provido</strong></span> <span class='ocrx_word' id='word_1_284' title='bbox 602 2913 635 2970; x_wconf 89' lang='lat' dir='ltr'><strong>et</strong></span> <span class='ocrx_word' id='word_1_285' title='bbox 658 2907 817 2986; x_wconf 89' lang='lat' dir='ltr'><strong>discreto,</strong></span> <span class='ocrx_word' id='word_1_286' title='bbox 849 2907 944 2972; x_wconf 93' lang='lat' dir='ltr'><strong>nobis</strong></span> <span class='ocrx_word' id='word_1_287' title='bbox 973 2914 1006 2971; x_wconf 89' lang='lat' dir='ltr'><strong>et</strong></span> <span class='ocrx_word' id='word_1_288' title='bbox 1032 2909 1187 2972; x_wconf 87' lang='lat' dir='ltr'><strong>fratribus</strong></span> <span class='ocrx_word' id='word_1_289' title='bbox 1214 2911 1335 2973; x_wconf 88' lang='lat' dir='ltr'><strong>nostris</strong></span> <span class='ocrx_word' id='word_1_290' title='bbox 1364 2911 1481 2974; x_wconf 91' lang='lat' dir='ltr'><strong>merito</strong></span> <span class='ocrx_word' id='word_1_291' title='bbox 1513 2932 1571 2975; x_wconf 93' lang='lat' dir='ltr'><strong>sue</strong></span> <span class='ocrx_word' id='word_1_292' title='bbox 1603 2910 1773 2995; x_wconf 89' lang='lat' dir='ltr'><strong>probitatis</strong></span> <span class='ocrx_word' id='word_1_293' title='bbox 1797 2917 1948 2995; x_wconf 88' lang='lat' dir='ltr'><strong>accepto,</strong></span> <span class='ocrx_word' id='word_1_294' title='bbox 1981 2909 2101 2973; x_wconf 90' lang='lat' dir='ltr'><strong>damus</strong></span> 
     </span>
     <span class='ocr_line' id='line_1_26' title="bbox 441 3009 2180 3097; baseline -0.002 -22"><span class='ocrx_word' id='word_1_295' title='bbox 441 3012 561 3075; x_wconf 90' lang='lat' dir='ltr'><strong>litteris</strong></span> <span class='ocrx_word' id='word_1_296' title='bbox 585 3011 618 3074; x_wconf 93' lang='lat' dir='ltr'><strong>in</strong></span> <span class='ocrx_word' id='word_1_297' title='bbox 642 3009 817 3089; x_wconf 87' lang='lat' dir='ltr'><strong>mandatis,</strong></span> <span class='ocrx_word' id='word_1_298' title='bbox 848 3017 884 3074; x_wconf 92' lang='lat' dir='ltr'><strong>ut</strong></span> <span class='ocrx_word' id='word_1_299' title='bbox 906 3011 1125 3096; x_wconf 86' lang='lat' dir='ltr'><strong>personaliter</strong></span> <span class='ocrx_word' id='word_1_300' title='bbox 1147 3011 1188 3075; x_wconf 90' lang='lat' dir='ltr'><strong>ad</strong></span> <span class='ocrx_word' id='word_1_301' title='bbox 1217 3019 1328 3097; x_wconf 87' lang='lat' dir='ltr'><strong>partes</strong></span> <span class='ocrx_word' id='word_1_302' title='bbox 1353 3013 1426 3077; x_wconf 89' lang='lat' dir='ltr'><strong>illas</strong></span> <span class='ocrx_word' id='word_1_303' title='bbox 1450 3013 1630 3092; x_wconf 90' lang='lat' dir='ltr'><strong>accedens,</strong></span> <span class='ocrx_word' id='word_1_304' title='bbox 1660 3013 1700 3078; x_wconf 91' lang='lat' dir='ltr'><strong>de</strong></span> <span class='ocrx_word' id='word_1_305' title='bbox 1724 3014 1874 3077; x_wconf 89' lang='lat' dir='ltr'><strong>omnibus</strong></span> <span class='ocrx_word' id='word_1_306' title='bbox 1898 3021 1931 3077; x_wconf 89' lang='lat' dir='ltr'><strong>et</strong></span> <span class='ocrx_word' id='word_1_307' title='bbox 1955 3013 2098 3097; x_wconf 88' lang='lat' dir='ltr'><strong>singulis</strong></span> <span class='ocrx_word' id='word_1_308' title='bbox 2154 3035 2180 3073; x_wconf 80' lang='lat' dir='ltr'><strong>rs</strong></span> 
     </span>
     <span class='ocr_line' id='line_1_27' title="bbox 443 3112 2104 3201; baseline 0.002 -25"><span class='ocrx_word' id='word_1_309' title='bbox 443 3113 568 3198; x_wconf 90' lang='lat' dir='ltr'><strong>negotii</strong></span> <span class='ocrx_word' id='word_1_310' title='bbox 591 3112 843 3177; x_wconf 89' lang='lat' dir='ltr'><strong>circumstantiis</strong></span> <span class='ocrx_word' id='word_1_311' title='bbox 871 3113 1013 3198; x_wconf 92' lang='lat' dir='ltr'><strong>inquirat</strong></span> <span class='ocrx_word' id='word_1_312' title='bbox 1043 3113 1293 3198; x_wconf 89' lang='lat' dir='ltr'><strong>diligentissime</strong></span> <span class='ocrx_word' id='word_1_313' title='bbox 1318 3116 1505 3195; x_wconf 86' lang='lat' dir='ltr'><strong>veritatem,</strong></span> <span class='ocrx_word' id='word_1_314' title='bbox 1537 3115 1623 3201; x_wconf 94' lang='lat' dir='ltr'><strong>quod</strong></span> <span class='ocrx_word' id='word_1_315' title='bbox 1654 3116 1816 3180; x_wconf 88' lang='lat' dir='ltr'><strong>invenerit</strong></span> <span class='ocrx_word' id='word_1_316' title='bbox 1837 3115 1932 3179; x_wconf 92' lang='lat' dir='ltr'><strong>nobis</strong></span> <span class='ocrx_word' id='word_1_317' title='bbox 1955 3115 2104 3180; x_wconf 85' lang='lat' dir='ltr'><strong>fideliter</strong></span> 
     </span>
     <span class='ocr_line' id='line_1_28' title="bbox 443 3216 2102 3303; baseline 0.002 -23"><span class='ocrx_word' id='word_1_318' title='bbox 443 3217 679 3302; x_wconf 86' lang='lat' dir='ltr'><strong>rescripturus,</strong></span> <span class='ocrx_word' id='word_1_319' title='bbox 711 3223 747 3280; x_wconf 92' lang='lat' dir='ltr'><strong>ut</strong></span> <span class='ocrx_word' id='word_1_320' title='bbox 775 3217 905 3301; x_wconf 92' lang='lat' dir='ltr'><strong>plenius</strong></span> <span class='ocrx_word' id='word_1_321' title='bbox 936 3216 1088 3280; x_wconf 88' lang='lat' dir='ltr'><strong>instructi</strong></span> <span class='ocrx_word' id='word_1_322' title='bbox 1117 3237 1176 3301; x_wconf 92' lang='lat' dir='ltr'><strong>per</strong></span> <span class='ocrx_word' id='word_1_323' title='bbox 1204 3217 1312 3302; x_wconf 91' lang='lat' dir='ltr'><strong>ipsum</strong></span> <span class='ocrx_word' id='word_1_324' title='bbox 1344 3239 1525 3283; x_wconf 85' lang='lat' dir='ltr'><strong>exonerare</strong></span> <span class='ocrx_word' id='word_1_325' title='bbox 1549 3219 1824 3303; x_wconf 90' lang='lat' dir='ltr'><strong>magnificentiam</strong></span> <span class='ocrx_word' id='word_1_326' title='bbox 1851 3224 1941 3281; x_wconf 91' lang='lat' dir='ltr'><strong>tuam</strong></span> <span class='ocrx_word' id='word_1_327' title='bbox 1965 3226 1999 3283; x_wconf 92' lang='lat' dir='ltr'><strong>et</strong></span> <span class='ocrx_word' id='word_1_328' title='bbox 2021 3219 2102 3284; x_wconf 91' lang='lat' dir='ltr'><strong>inde</strong></span> 
     </span>
    </p>
   </div>
   <div class='ocr_carea' id='block_1_3' title="bbox 443 3319 2102 3489">
    <p class='ocr_par' dir='ltr' id='par_1_3' title="bbox 443 3319 2102 3489">
     <span class='ocr_line' id='line_1_29' title="bbox 443 3319 2102 3406; baseline 0.003 -23"><span class='ocrx_word' id='word_1_329' title='bbox 443 3319 591 3384; x_wconf 87' lang='lat' dir='ltr'><strong>securius</strong></span> <span class='ocrx_word' id='word_1_330' title='bbox 615 3319 787 3405; x_wconf 91' lang='lat' dir='ltr'><strong>disponere</strong></span> <span class='ocrx_word' id='word_1_331' title='bbox 812 3321 992 3398; x_wconf 86' lang='lat' dir='ltr'><strong>valeamus,</strong></span> <span class='ocrx_word' id='word_1_332' title='bbox 1016 3321 1071 3404; x_wconf 93' lang='lat' dir='ltr'><strong>qui</strong></span> <span class='ocrx_word' id='word_1_333' title='bbox 1095 3322 1206 3405; x_wconf 90' lang='lat' dir='ltr'><strong>utique</strong></span> <span class='ocrx_word' id='word_1_334' title='bbox 1231 3324 1280 3385; x_wconf 90' lang='lat' dir='ltr'><strong>ius</strong></span> <span class='ocrx_word' id='word_1_335' title='bbox 1306 3345 1398 3386; x_wconf 91' lang='lat' dir='ltr'><strong>suum</strong></span> <span class='ocrx_word' id='word_1_336' title='bbox 1420 3322 1597 3406; x_wconf 89' lang='lat' dir='ltr'><strong>unicuique</strong></span> <span class='ocrx_word' id='word_1_337' title='bbox 1619 3325 1771 3386; x_wconf 86' lang='lat' dir='ltr'><strong>volumus</strong></span> <span class='ocrx_word' id='word_1_338' title='bbox 1796 3324 2000 3402; x_wconf 86' lang='lat' dir='ltr'><strong>conservari,</strong></span> <span class='ocrx_word' id='word_1_339' title='bbox 2025 3346 2102 3388; x_wconf 90' lang='lat' dir='ltr'><strong>cunr</strong></span> 
     </span>
     <span class='ocr_line' id='line_1_30' title="bbox 444 3421 1126 3489; baseline 0.003 -2"><span class='ocrx_word' id='word_1_340' title='bbox 444 3423 547 3487; x_wconf 91' lang='lat' dir='ltr'><strong>simus</strong></span> <span class='ocrx_word' id='word_1_341' title='bbox 571 3421 721 3486; x_wconf 91' lang='lat' dir='ltr'><strong>omnibus</strong></span> <span class='ocrx_word' id='word_1_342' title='bbox 745 3423 778 3485; x_wconf 92' lang='lat' dir='ltr'><strong>in</strong></span> <span class='ocrx_word' id='word_1_343' title='bbox 802 3423 927 3487; x_wconf 82' lang='lat' dir='ltr'><strong>iustitia</strong></span> <span class='ocrx_word' id='word_1_344' title='bbox 950 3422 1126 3489; x_wconf 91' lang='lat' dir='ltr'><strong>debitores.</strong></span> 
     </span>
    </p>
   </div>
   <div class='ocr_carea' id='block_1_4' title="bbox 551 3541 1729 3763">
    <p class='ocr_par' dir='ltr' id='par_1_4' title="bbox 551 3541 1729 3763">
     <span class='ocr_line' id='line_1_31' title="bbox 551 3541 1362 3625; baseline 0.004 -20"><span class='ocrx_word' id='word_1_345' title='bbox 551 3542 626 3610; x_wconf 89' lang='lat' dir='ltr'><strong>Dat.</strong></span> <span class='ocrx_word' id='word_1_346' title='bbox 650 3543 790 3625; x_wconf 90' lang='lat' dir='ltr'><strong>Perusii,</strong></span> <span class='ocrx_word' id='word_1_347' title='bbox 813 3542 894 3608; x_wconf 86' lang='lat' dir='ltr'><strong>XVI</strong></span> <span class='ocrx_word' id='word_1_348' title='bbox 917 3541 991 3606; x_wconf 90' lang='lat' dir='ltr'><strong>Kal.</strong></span> <span class='ocrx_word' id='word_1_349' title='bbox 1015 3541 1135 3620; x_wconf 88' lang='lat' dir='ltr'><strong>Martii,</strong></span> <span class='ocrx_word' id='word_1_350' title='bbox 1160 3565 1244 3609; x_wconf 87' lang='lat' dir='ltr'><strong>anno</strong></span> <span class='ocrx_word' id='word_1_351' title='bbox 1268 3544 1362 3608; x_wconf 87' lang='lat' dir='ltr'><strong>VIII.</strong></span> 
     </span>
     <span class='ocr_line' id='line_1_32' title="bbox 551 3664 1729 3763; baseline 0.001 -34"><span class='ocrx_word' id='word_1_352' title='bbox 551 3665 590 3729; x_wconf 95' lang='lat' dir='ltr'><strong>In</strong></span> <span class='ocrx_word' id='word_1_353' title='bbox 614 3666 754 3763; x_wconf 87' lang='lat' dir='ltr'><strong>eundem</strong></span> <span class='ocrx_word' id='word_1_354' title='bbox 777 3667 847 3730; x_wconf 85' lang='lat' dir='ltr'><strong>fere</strong></span> <span class='ocrx_word' id='word_1_355' title='bbox 871 3665 1000 3729; x_wconf 86' lang='lat' dir='ltr'><strong>modurn</strong></span> <span class='ocrx_word' id='word_1_356' title='bbox 1025 3666 1257 3762; x_wconf 84' lang='lat' dir='ltr'><strong>scriptumest</strong></span> <span class='ocrx_word' id='word_1_357' title='bbox 1282 3714 1315 3732; x_wconf 87' lang='lat'><strong>..</strong></span> <span class='ocrx_word' id='word_1_358' title='bbox 1339 3667 1507 3752; x_wconf 91' lang='lat' dir='ltr'><strong>preposito</strong></span> <span class='ocrx_word' id='word_1_359' title='bbox 1532 3664 1729 3754; x_wconf 88' lang='lat' dir='ltr'><strong>supradicto.</strong></span> 
     </span>
    </p>
   </div>
   <div class='ocr_carea' id='block_1_5' title="bbox 1064 3909 1475 3918">
    <p class='ocr_par' dir='ltr' id='par_1_5' title="bbox 1064 3909 1475 3918">
     <span class='ocr_line' id='line_1_33' title="bbox 1064 3909 1475 3918; baseline 0.007 -3"><span class='ocrx_word' id='word_1_360' title='bbox 1064 3909 1475 3918; x_wconf 78' lang='lat'><strong>-—----—..-—-—..—</strong></span> 
     </span>
    </p>
   </div>
   <div class='ocr_carea' id='block_1_6' title="bbox 1229 4133 1316 4207">
    <p class='ocr_par' dir='ltr' id='par_1_6' title="bbox 1229 4133 1316 4207">
     <span class='ocr_line' id='line_1_34' title="bbox 1229 4133 1316 4207; baseline 0.011 -1"><span class='ocrx_word' id='word_1_361' title='bbox 1229 4133 1316 4207; x_wconf 63' lang='lat'><strong>626.</strong></span> 
     </span>
    </p>
   </div>
   <div class='ocr_carea' id='block_1_7' title="bbox 449 4247 2103 4460">
    <p class='ocr_par' dir='ltr' id='par_1_7' title="bbox 449 4247 2103 4460">
     <span class='ocr_line' id='line_1_35' title="bbox 552 4247 2103 4356; baseline -0.003 -16"><span class='ocrx_word' id='word_1_362' title='bbox 552 4247 743 4356; x_wconf 58' lang='lat' dir='ltr'><strong>&amp;reportas</strong></span> <span class='ocrx_word' id='word_1_363' title='bbox 767 4273 823 4337; x_wconf 92' lang='lat' dir='ltr'><strong>IX</strong></span> <span class='ocrx_word' id='word_1_364' title='bbox 839 4293 927 4353; x_wconf 80' lang='lat' dir='ltr'><strong>papa</strong></span> <span class='ocrx_word' id='word_1_365' title='bbox 949 4274 1046 4338; x_wconf 80' lang='lat' dir='ltr'><strong>eidem</strong></span> <span class='ocrx_word' id='word_1_366' title='bbox 1068 4274 1191 4350; x_wconf 77' lang='lat' dir='ltr'><strong>scribat,</strong></span> <span class='ocrx_word' id='word_1_367' title='bbox 1223 4275 1308 4337; x_wconf 81' lang='lat' dir='ltr'><strong>atsi</strong></span> <span class='ocrx_word' id='word_1_368' title='bbox 1335 4277 1452 4336; x_wconf 84' lang='lat' dir='ltr'><strong>terram</strong></span> <span class='ocrx_word' id='word_1_369' title='bbox 1480 4272 1676 4337; x_wconf 77' lang='lat' dir='ltr'><strong>Venusinam</strong></span> <span class='ocrx_word' id='word_1_370' title='bbox 1695 4275 1833 4355; x_wconf 81' lang='lat' dir='ltr'><strong>amplius</strong></span> <span class='ocrx_word' id='word_1_371' title='bbox 1854 4273 1989 4337; x_wconf 86' lang='lat' dir='ltr'><strong>retinere</strong></span> <span class='ocrx_word' id='word_1_372' title='bbox 2010 4274 2103 4351; x_wconf 84' lang='lat' dir='ltr'><strong>nolil,</strong></span> 
     </span>
     <span class='ocr_line' id='line_1_36' title="bbox 449 4375 1887 4460; baseline -0.003 -16"><span class='ocrx_word' id='word_1_373' title='bbox 449 4401 517 4444; x_wconf 86' lang='lat' dir='ltr'><strong>eam</strong></span> <span class='ocrx_word' id='word_1_374' title='bbox 538 4377 688 4459; x_wconf 64' lang='lat' dir='ltr'><strong>magistro</strong></span> <span class='ocrx_word' id='word_1_375' title='bbox 710 4375 839 4460; x_wconf 84' lang='lat' dir='ltr'><strong>P[etro]</strong></span> <span class='ocrx_word' id='word_1_376' title='bbox 860 4375 897 4439; x_wconf 85' lang='lat' dir='ltr'><strong>dc</strong></span> <span class='ocrx_word' id='word_1_377' title='bbox 923 4376 1106 4442; x_wconf 80' lang='lat' dir='ltr'><strong>Collcrnedio</strong></span> <span class='ocrx_word' id='word_1_378' title='bbox 1127 4379 1270 4459; x_wconf 70' lang='lat' dir='ltr'><strong>resipiant,</strong></span> <span class='ocrx_word' id='word_1_379' title='bbox 1294 4377 1362 4440; x_wconf 84' lang='lat' dir='ltr'><strong>inre</strong></span> <span class='ocrx_word' id='word_1_380' title='bbox 1384 4377 1546 4440; x_wconf 80' lang='lat' dir='ltr'><strong>cuiuslibet</strong></span> <span class='ocrx_word' id='word_1_381' title='bbox 1568 4378 1604 4439; x_wconf 83' lang='lat' dir='ltr'><strong>in</strong></span> <span class='ocrx_word' id='word_1_382' title='bbox 1626 4378 1769 4442; x_wconf 84' lang='lat' dir='ltr'><strong>omnibns</strong></span> <span class='ocrx_word' id='word_1_383' title='bbox 1790 4377 1887 4441; x_wconf 82' lang='lat' dir='ltr'><strong>salvo.</strong></span> 
     </span>
    </p>
   </div>
   <div class='ocr_carea' id='block_1_8' title="bbox 551 4479 2185 4632">
    <p class='ocr_par' dir='ltr' id='par_1_8' title="bbox 551 4479 2185 4632">
     <span class='ocr_line' id='line_1_37' title="bbox 1728 4479 2010 4558; baseline 0.004 -15"><span class='ocrx_word' id='word_1_384' title='bbox 1728 4480 1820 4558; x_wconf 81' lang='lat'><strong>1235,</strong></span> <span class='ocrx_word' id='word_1_385' title='bbox 1842 4479 1937 4545; x_wconf 84' lang='lat' dir='ltr'><strong>Febr.</strong></span> <span class='ocrx_word' id='word_1_386' title='bbox 1960 4485 2010 4544; x_wconf 73' lang='lat'><strong>14.</strong></span> 
     </span>
     <span class='ocr_line' id='line_1_38' title="bbox 551 4563 2185 4632; baseline -0.001 -12"><span class='ocrx_word' id='word_1_387' title='bbox 551 4566 632 4632; x_wconf 64' lang='lat' dir='ltr'><strong>arey.</strong></span> <span class='ocrx_word' id='word_1_388' title='bbox 652 4565 698 4616; x_wconf 84' lang='lat' dir='ltr'><strong>IX</strong></span> <span class='ocrx_word' id='word_1_389' title='bbox 714 4563 780 4632; x_wconf 71' lang='lat' dir='ltr'><strong>Rea.</strong></span> <span class='ocrx_word' id='word_1_390' title='bbox 804 4563 860 4617; x_wconf 83' lang='lat' dir='ltr'><strong>Vol.</strong></span> <span class='ocrx_word' id='word_1_391' title='bbox 880 4567 899 4616; x_wconf 94' lang='lat' dir='ltr'><strong>I</strong></span> <span class='ocrx_word' id='word_1_392' title='bbox 903 4566 932 4628; x_wconf 81' lang='lat' dir='ltr'><strong>V,</strong></span> <span class='ocrx_word' id='word_1_393' title='bbox 949 4569 1021 4632; x_wconf 81' lang='lat'><strong>256,-</strong></span> <span class='ocrx_word' id='word_1_394' title='bbox 1039 4565 1102 4619; x_wconf 82' lang='lat' dir='ltr'><strong>Ia&#39;b.</strong></span> <span class='ocrx_word' id='word_1_395' title='bbox 1127 4568 1206 4630; x_wconf 88' lang='lat' dir='ltr'><strong>VIII,</strong></span> <span class='ocrx_word' id='word_1_396' title='bbox 1226 4569 1288 4620; x_wconf 77' lang='lat'><strong>445.</strong></span> <span class='ocrx_word' id='word_1_397' title='bbox 2157 4591 2185 4629; x_wconf 68' lang='lat'><strong>35</strong></span> 
     </span>
    </p>
   </div>
   <div class='ocr_carea' id='block_1_9' title="bbox 1187 4757 1350 4831">
    <p class='ocr_par' dir='ltr' id='par_1_9' title="bbox 1187 4757 1350 4831">
     <span class='ocr_line' id='line_1_39' title="bbox 1187 4757 1350 4831; baseline 0.012 -2"><span class='ocrx_word' id='word_1_398' title='bbox 1187 4757 1350 4831; x_wconf 85' lang='lat' dir='ltr'><strong>Eidem.</strong></span> 
     </span>
    </p>
   </div>
   <div class='ocr_carea' id='block_1_10' title="bbox 447 4887 2186 5284">
    <p class='ocr_par' dir='ltr' id='par_1_10' title="bbox 447 4887 2186 5284">
     <span class='ocr_line' id='line_1_40' title="bbox 554 4887 2103 4976; baseline 0.001 -25"><span class='ocrx_word' id='word_1_399' title='bbox 554 4887 619 4952; x_wconf 90' lang='lat' dir='ltr'><strong>Per</strong></span> <span class='ocrx_word' id='word_1_400' title='bbox 644 4888 726 4951; x_wconf 92' lang='lat' dir='ltr'><strong>alias</strong></span> <span class='ocrx_word' id='word_1_401' title='bbox 748 4888 875 4952; x_wconf 90' lang='lat' dir='ltr'><strong>litteras</strong></span> <span class='ocrx_word' id='word_1_402' title='bbox 899 4888 1112 4954; x_wconf 90' lang='lat' dir='ltr'><strong>serenitatem</strong></span> <span class='ocrx_word' id='word_1_403' title='bbox 1136 4896 1225 4953; x_wconf 90' lang='lat' dir='ltr'><strong>tuam</strong></span> <span class='ocrx_word' id='word_1_404' title='bbox 1248 4889 1427 4973; x_wconf 89' lang='lat' dir='ltr'><strong>rogandam</strong></span> <span class='ocrx_word' id='word_1_405' title='bbox 1450 4890 1603 4954; x_wconf 85' lang='lat' dir='ltr'><strong>duximus</strong></span> <span class='ocrx_word' id='word_1_406' title='bbox 1631 4890 1826 4976; x_wconf 88' lang='lat' dir='ltr'><strong>propensius</strong></span> <span class='ocrx_word' id='word_1_407' title='bbox 1850 4897 1884 4954; x_wconf 91' lang='lat' dir='ltr'><strong>et</strong></span> <span class='ocrx_word' id='word_1_408' title='bbox 1906 4889 2103 4954; x_wconf 91' lang='lat' dir='ltr'><strong>monendam</strong></span> 
     </span>
     <span class='ocr_line' id='line_1_41' title="bbox 447 4990 2101 5079; baseline 0 -23"><span class='ocrx_word' id='word_1_409' title='bbox 447 4999 480 5057; x_wconf 89' lang='lat' dir='ltr'><strong>et</strong></span> <span class='ocrx_word' id='word_1_410' title='bbox 511 5010 574 5077; x_wconf 50' lang='lat' dir='ltr'><strong>per*</strong></span> <span class='ocrx_word' id='word_1_411' title='bbox 602 4990 758 5055; x_wconf 89' lang='lat' dir='ltr'><strong>dilectum</strong></span> <span class='ocrx_word' id='word_1_412' title='bbox 790 4991 891 5055; x_wconf 89' lang='lat' dir='ltr'><strong>lilium</strong></span> <span class='ocrx_word' id='word_1_413' title='bbox 923 4993 1116 5075; x_wconf 89' lang='lat' dir='ltr'><strong>magistrum</strong></span> <span class='ocrx_word' id='word_1_414' title='bbox 1145 4992 1182 5056; x_wconf 91' lang='lat' dir='ltr'><strong>P.</strong></span> <span class='ocrx_word' id='word_1_415' title='bbox 1212 4992 1251 5057; x_wconf 95' lang='lat' dir='ltr'><strong>de</strong></span> <span class='ocrx_word' id='word_1_416' title='bbox 1281 4993 1500 5073; x_wconf 82' lang='lat' dir='ltr'><strong>Collemedio,</strong></span> <span class='ocrx_word' id='word_1_417' title='bbox 1535 4995 1737 5079; x_wconf 90' lang='lat' dir='ltr'><strong>prepositum</strong></span> <span class='ocrx_word' id='word_1_418' title='bbox 1768 4991 1880 5056; x_wconf 88' lang='lat' dir='ltr'><strong>Sancti</strong></span> <span class='ocrx_word' id='word_1_419' title='bbox 1908 4991 2101 5072; x_wconf 84' lang='lat' dir='ltr'><strong>Audomari,</strong></span> 
     </span>
     <span class='ocr_line' id='line_1_42' title="bbox 447 5095 2101 5180; baseline 0.001 -22"><span class='ocrx_word' id='word_1_420' title='bbox 447 5095 652 5179; x_wconf 88' lang='lat' dir='ltr'><strong>capellanum</strong></span> <span class='ocrx_word' id='word_1_421' title='bbox 675 5101 836 5171; x_wconf 90' lang='lat' dir='ltr'><strong>nostrum,</strong></span> <span class='ocrx_word' id='word_1_422' title='bbox 861 5095 966 5159; x_wconf 88' lang='lat' dir='ltr'><strong>virum</strong></span> <span class='ocrx_word' id='word_1_423' title='bbox 995 5096 1166 5180; x_wconf 87' lang='lat' dir='ltr'><strong>providum</strong></span> <span class='ocrx_word' id='word_1_424' title='bbox 1190 5104 1223 5161; x_wconf 90' lang='lat' dir='ltr'><strong>et</strong></span> <span class='ocrx_word' id='word_1_425' title='bbox 1247 5096 1443 5178; x_wconf 88' lang='lat' dir='ltr'><strong>discretum,</strong></span> <span class='ocrx_word' id='word_1_426' title='bbox 1470 5097 1566 5161; x_wconf 94' lang='lat' dir='ltr'><strong>nobis</strong></span> <span class='ocrx_word' id='word_1_427' title='bbox 1598 5104 1632 5161; x_wconf 93' lang='lat' dir='ltr'><strong>et</strong></span> <span class='ocrx_word' id='word_1_428' title='bbox 1660 5097 1814 5161; x_wconf 84' lang='lat' dir='ltr'><strong>fratribus</strong></span> <span class='ocrx_word' id='word_1_429' title='bbox 1838 5097 1958 5160; x_wconf 89' lang='lat' dir='ltr'><strong>nostris</strong></span> <span class='ocrx_word' id='word_1_430' title='bbox 1981 5095 2101 5160; x_wconf 89' lang='lat' dir='ltr'><strong>merito</strong></span> 
     </span>
     <span class='ocr_line' id='line_1_43' title="bbox 448 5197 2186 5284; baseline 0 -22"><span class='ocrx_word' id='word_1_431' title='bbox 448 5219 506 5262; x_wconf 93' lang='lat' dir='ltr'><strong>sue</strong></span> <span class='ocrx_word' id='word_1_432' title='bbox 528 5197 700 5283; x_wconf 87' lang='lat' dir='ltr'><strong>probitatis</strong></span> <span class='ocrx_word' id='word_1_433' title='bbox 723 5205 908 5284; x_wconf 87' lang='lat' dir='ltr'><strong>acceptum,</strong></span> <span class='ocrx_word' id='word_1_434' title='bbox 940 5205 973 5262; x_wconf 93' lang='lat' dir='ltr'><strong>te</strong></span> <span class='ocrx_word' id='word_1_435' title='bbox 996 5200 1121 5264; x_wconf 90' lang='lat' dir='ltr'><strong>hortari</strong></span> <span class='ocrx_word' id='word_1_436' title='bbox 1143 5200 1385 5281; x_wconf 87' lang='lat' dir='ltr'><strong>mandavimus,</strong></span> <span class='ocrx_word' id='word_1_437' title='bbox 1414 5210 1450 5264; x_wconf 87' lang='lat' dir='ltr'><strong>ut</strong></span> <span class='ocrx_word' id='word_1_438' title='bbox 1479 5207 1600 5264; x_wconf 91' lang='lat' dir='ltr'><strong>terram</strong></span> <span class='ocrx_word' id='word_1_439' title='bbox 1621 5198 1842 5278; x_wconf 76' lang='lat' dir='ltr'><strong>VenusInam,</strong></span> <span class='ocrx_word' id='word_1_440' title='bbox 1874 5198 1978 5263; x_wconf 92' lang='lat' dir='ltr'><strong>donec</strong></span> <span class='ocrx_word' id='word_1_441' title='bbox 2001 5219 2102 5284; x_wconf 89' lang='lat' dir='ltr'><strong>super</strong></span> <span class='ocrx_word' id='word_1_442' title='bbox 2155 5223 2186 5262; x_wconf 71' lang='lat' dir='ltr'><strong>ro</strong></span> 
     </span>
    </p>
   </div>
   <div class='ocr_carea' id='block_1_11' title="bbox 445 5453 2105 5702">
    <p class='ocr_par' dir='ltr' id='par_1_11' title="bbox 445 5453 2105 5702">
     <span class='ocr_line' id='line_1_44' title="bbox 550 5453 2102 5525; baseline 0.001 -18"><span class='ocrx_word' id='word_1_443' title='bbox 550 5455 575 5520; x_wconf 92' lang='lat'><strong>1)</strong></span> <span class='ocrx_word' id='word_1_444' title='bbox 593 5472 619 5510; x_wconf 86' lang='lat' dir='ltr'><strong>a.</strong></span> <span class='ocrx_word' id='word_1_445' title='bbox 638 5459 716 5519; x_wconf 81' lang='lat'><strong>1229,</strong></span> <span class='ocrx_word' id='word_1_446' title='bbox 734 5455 802 5511; x_wconf 80' lang='lat' dir='ltr'><strong>Dec.</strong></span> <span class='ocrx_word' id='word_1_447' title='bbox 820 5460 874 5522; x_wconf 85' lang='lat'><strong>29;</strong></span> <span class='ocrx_word' id='word_1_448' title='bbox 897 5455 1044 5520; x_wconf 80' lang='lat' dir='ltr'><strong>Illlemont,</strong></span> <span class='ocrx_word' id='word_1_449' title='bbox 1066 5456 1116 5510; x_wconf 76' lang='lat' dir='ltr'><strong>Vir</strong></span> <span class='ocrx_word' id='word_1_450' title='bbox 1136 5455 1169 5509; x_wconf 85' lang='lat' dir='ltr'><strong>de</strong></span> <span class='ocrx_word' id='word_1_451' title='bbox 1186 5456 1225 5509; x_wconf 83' lang='lat' dir='ltr'><strong>St.</strong></span> <span class='ocrx_word' id='word_1_452' title='bbox 1238 5454 1326 5510; x_wconf 73' lang='lat' dir='ltr'><strong>Locris</strong></span> <span class='ocrx_word' id='word_1_453' title='bbox 1345 5455 1386 5511; x_wconf 81' lang='lat' dir='ltr'><strong>ed.</strong></span> <span class='ocrx_word' id='word_1_454' title='bbox 1405 5455 1438 5508; x_wconf 86' lang='lat' dir='ltr'><strong>de</strong></span> <span class='ocrx_word' id='word_1_455' title='bbox 1457 5453 1563 5518; x_wconf 78' lang='lat' dir='ltr'><strong>Gauiis,</strong></span> <span class='ocrx_word' id='word_1_456' title='bbox 1582 5461 1600 5509; x_wconf 86' lang='lat' dir='ltr'><strong>t.</strong></span> <span class='ocrx_word' id='word_1_457' title='bbox 1620 5457 1663 5520; x_wconf 92' lang='lat' dir='ltr'><strong>II,</strong></span> <span class='ocrx_word' id='word_1_458' title='bbox 1680 5475 1709 5525; x_wconf 80' lang='lat' dir='ltr'><strong>p.</strong></span> <span class='ocrx_word' id='word_1_459' title='bbox 1727 5460 1773 5509; x_wconf 81' lang='lat'><strong>23.</strong></span> <span class='ocrx_word' id='word_1_460' title='bbox 1838 5455 1866 5520; x_wconf 78' lang='grc'><strong>2)</strong></span> <span class='ocrx_word' id='word_1_461' title='bbox 1885 5473 1910 5508; x_wconf 87' lang='lat' dir='ltr'><strong>a.</strong></span> <span class='ocrx_word' id='word_1_462' title='bbox 1929 5456 2010 5522; x_wconf 71' lang='lat'><strong>1234,</strong></span> <span class='ocrx_word' id='word_1_463' title='bbox 2028 5455 2102 5524; x_wconf 72' lang='lat' dir='ltr'><strong>Sept.</strong></span> 
     </span>
     <span class='ocr_line' id='line_1_45' title="bbox 445 5539 2105 5611; baseline 0.001 -20"><span class='ocrx_word' id='word_1_464' title='bbox 445 5539 597 5608; x_wconf 70' lang='lat' dir='ltr'><strong>Imperator</strong></span> <span class='ocrx_word' id='word_1_465' title='bbox 609 5541 778 5611; x_wconf 77' lang='lat' dir='ltr'><strong>Rayrnnndo</strong></span> <span class='ocrx_word' id='word_1_466' title='bbox 797 5542 858 5596; x_wconf 87' lang='lat' dir='ltr'><strong>VII</strong></span> <span class='ocrx_word' id='word_1_467' title='bbox 867 5542 959 5596; x_wconf 72' lang='lat' dir='ltr'><strong>conniti</strong></span> <span class='ocrx_word' id='word_1_468' title='bbox 974 5543 1108 5597; x_wconf 81' lang='lat' dir='ltr'><strong>Tolosano</strong></span> <span class='ocrx_word' id='word_1_469' title='bbox 1124 5549 1225 5596; x_wconf 82' lang='lat' dir='ltr'><strong>terram</strong></span> <span class='ocrx_word' id='word_1_470' title='bbox 1244 5541 1407 5596; x_wconf 78' lang='lat' dir='ltr'><strong>Venusinam</strong></span> <span class='ocrx_word' id='word_1_471' title='bbox 1419 5541 1592 5608; x_wconf 81' lang='lat' dir='ltr'><strong>restituerat,·</strong></span> <span class='ocrx_word' id='word_1_472' title='bbox 1610 5542 1855 5609; x_wconf 66' lang='lat' dir='ltr'><strong>Baltasar-Ficta,</strong></span> <span class='ocrx_word' id='word_1_473' title='bbox 1871 5542 1940 5608; x_wconf 68' lang='lat' dir='ltr'><strong>Rea.</strong></span> <span class='ocrx_word' id='word_1_474' title='bbox 1958 5539 2039 5595; x_wconf 69' lang='lat' dir='ltr'><strong>libid.</strong></span> <span class='ocrx_word' id='word_1_475' title='bbox 2058 5541 2105 5608; x_wconf 85' lang='lat'><strong>11,</strong></span> 
     </span>
     <span class='ocr_line' id='line_1_46' title="bbox 447 5625 1997 5702; baseline 0.002 -23"><span class='ocrx_word' id='word_1_476' title='bbox 447 5641 474 5681; x_wconf 85' lang='lat' dir='ltr'><strong>n.</strong></span> <span class='ocrx_word' id='word_1_477' title='bbox 491 5630 583 5692; x_wconf 83' lang='lat'><strong>2057,-</strong></span> <span class='ocrx_word' id='word_1_478' title='bbox 599 5626 646 5680; x_wconf 79' lang='lat' dir='ltr'><strong>sed</strong></span> <span class='ocrx_word' id='word_1_479' title='bbox 662 5628 707 5683; x_wconf 81' lang='lat' dir='ltr'><strong>tic</strong></span> <span class='ocrx_word' id='word_1_480' title='bbox 725 5635 755 5682; x_wconf 83' lang='lat' dir='ltr'><strong>nt</strong></span> <span class='ocrx_word' id='word_1_481' title='bbox 775 5628 899 5685; x_wconf 80' lang='lat' dir='ltr'><strong>videmur</strong></span> <span class='ocrx_word' id='word_1_482' title='bbox 919 5628 978 5682; x_wconf 79' lang='lat' dir='ltr'><strong>elus</strong></span> <span class='ocrx_word' id='word_1_483' title='bbox 993 5628 1195 5700; x_wconf 77' lang='lat' dir='ltr'><strong>possessionem</strong></span> <span class='ocrx_word' id='word_1_484' title='bbox 1211 5643 1376 5702; x_wconf 79' lang='lat' dir='ltr'><strong>recuperare</strong></span> <span class='ocrx_word' id='word_1_485' title='bbox 1393 5641 1448 5680; x_wconf 86' lang='lat' dir='ltr'><strong>non</strong></span> <span class='ocrx_word' id='word_1_486' title='bbox 1462 5633 1603 5699; x_wconf 77' lang='lat' dir='ltr'><strong>potuerat.</strong></span> <span class='ocrx_word' id='word_1_487' title='bbox 1674 5627 1701 5695; x_wconf 86' lang='lat'><strong>3)</strong></span> <span class='ocrx_word' id='word_1_488' title='bbox 1720 5626 1889 5682; x_wconf 81' lang='lat' dir='ltr'><strong>Ladowr&#39;cas</strong></span> <span class='ocrx_word' id='word_1_489' title='bbox 1909 5625 1997 5686; x_wconf 82' lang='lat' dir='ltr'><strong>VIII.</strong></span> 
     </span>
    </p>
   </div>
   <div class='ocr_carea' id='block_1_12' title="bbox 0 0 2314 6356">
    <p class='ocr_par' dir='ltr' id='par_1_12' title="bbox 0 0 2314 6356">
     <span class='ocr_line' id='line_1_47' title="bbox 0 0 2314 6356; baseline 0 0"><span class='ocrx_word' id='word_1_490' title='bbox 0 0 2314 6356; x_wconf 95' lang='lat' dir='ltr'><strong> </strong></span> 
     </span>
    </p>
   </div>
  </div>
 </body>
</html>
