4576 6390
444 374 507 442 462
1024 362 1071 421 EX
1090 359 1264 420 aasabim
1282 355 1321 414 IX
1338 351 1519 412 assisina

444 554 479 613 et
510 547 608 612 tertia
634 551 727 632 parte
751 543 949 608 decimarum
978 540 1082 626 ipsius
1103 537 1197 616 ville,
1228 541 1261 599 et
1290 534 1420 598 tertiam
1446 540 1571 618 partem
1595 536 1796 602 decimarum
1820 534 1903 598 ville
1928 528 2103 594 Wachowe

446 674 520 717 cum
543 651 671 715 duobus
694 649 816 713 mansis
839 643 1079 732 pertinentibus
1102 641 1142 705 ad
1167 640 1342 705 ecclesiam
1368 639 1401 702 in
1425 638 1539 716 Goliz;
1573 643 1746 707 eeclesiam
1770 642 1873 706 etiam
1900 639 1936 702 in
1959 633 2104 700 Niebede

445 776 519 819 cum
542 753 620 818 dote
644 773 704 816 sua
733 759 767 816 et
795 750 923 814 duobus
954 748 1076 812 mansis
1100 753 1134 811 et
1156 744 1256 809 tertia
1277 750 1369 829 parte
1393 742 1593 809 decimarum
1617 747 1720 833 ipsius
1743 748 1839 826 ville,
1868 751 1906 810 et
1931 741 2103 807 ecclesiam

445 858 479 922 in
514 855 719 920 Swanebeke
756 874 829 918 cum
861 851 939 916 dote
973 871 1032 914 sua
1066 856 1100 914 et
1135 849 1232 913 tertia
1264 853 1356 932 parte
1391 846 1589 924 decimarum
1623 849 1772 915 eiusdem
1806 849 2037 935 pertinentem
2067 843 2104 906 ad

446 959 623 1024 ecclesiam
647 959 680 1021 in
695 956 877 1029 Nieblelre;
901 954 1075 1019 ecclesiam
1098 973 1227 1036 quoque
1251 951 1285 1014 in
1302 950 1462 1014 Zachowe
1487 973 1559 1015 cum
1583 951 1659 1016 dote
1684 960 1800 1018 suaet
1823 950 1960 1016 duobus
1984 949 2103 1013 mansis

447 1070 481 1128 et
502 1069 573 1126 tota
596 1062 724 1126 decima
746 1082 789 1125 ex
810 1059 898 1143 agris
922 1056 1028 1122 eidem
1053 1057 1130 1121 ville
1154 1055 1397 1134 adiacentibus,
1427 1077 1555 1120 necnon
1578 1063 1613 1120 et
1635 1056 1795 1121 decimam
1820 1055 1973 1120 carnium
1998 1057 2106 1124 totam,

447 1172 481 1230 et
507 1165 639 1230 tertiam
669 1169 797 1250 partem
823 1161 1023 1226 decimarum
1054 1159 1094 1224 de
1124 1159 1211 1222 villis
1248 1157 1290 1222 ad
1319 1159 1425 1244 ipsam
1454 1160 1627 1223 ecclesiam
1655 1159 1921 1246 pertinentibus,
1956 1156 2108 1220 videlieet

447 1267 560 1342 Lodiz,
584 1267 692 1332 Parne
716 1271 750 1330 et
764 1264 944 1338 Werdere3
967 1262 1190 1326 molendinum
1215 1282 1343 1346 quoque
1367 1261 1400 1324 in
1425 1259 1542 1325 Olinke
1566 1284 1639 1327 curn
1662 1284 1739 1328 area
1762 1283 1831 1332 sua
1855 1262 1956 1346 aquis
1981 1281 2107 1345 quoque

448 1379 481 1436 et
513 1390 670 1455 aquarum
693 1367 901 1444 decursibus,
933 1366 1045 1429 rillam
1072 1364 1206 1450 insuper
1229 1363 1369 1427 Damme
1400 1362 1518 1427 dictam
1546 1387 1565 1428 a
1596 1366 1681 1430 bone
1710 1366 1871 1430 memorie
1897 1363 2047 1428 Rodollo
2070 1362 2108 1426 de

447 1473 576 1538 Iericho
606 1471 787 1536 marchioni
810 1469 923 1534 Ottoni
951 1468 1151 1552 resignatam
1181 1473 1214 1530 et
1242 1465 1283 1529 ab
1315 1487 1354 1529 eo
1385 1487 1458 1529 cum
1483 1468 1634 1532 omnibus
1657 1468 1698 1532 ad
1721 1469 1826 1554 ipsam
1848 1465 2107 1554 pertinentibus,

449 1577 546 1642 cultis
570 1583 604 1641 et
625 1575 772 1650 incultis,
801 1571 1025 1648 silvestribus,
1056 1569 1256 1656 palustribus
1280 1569 1367 1632 dicte
1398 1570 1538 1634 ecclesie
1561 1570 1849 1655 Brandeburgensi
1883 1571 2050 1650 oblatam,
2078 1575 2109 1632 et

449 1679 594 1744 decimas
617 1699 731 1742 omnes
755 1675 904 1741 eiusdem
920 1674 997 1738 ville
1021 1694 1041 1736 a
1063 1673 1117 1757 pie
1140 1673 1296 1736 memorie
1312 1671 1473 1736 Wilmaro
1497 1674 1601 1758 ipsius
1625 1674 1765 1739 ecclesie
1788 1675 1950 1760 episcopo
1977 1675 2011 1737 in
2036 1696 2109 1738 usus

450 1781 628 1848 eorundem
651 1781 787 1844 fratrum
812 1797 1004 1850 concessas;
1026 1783 1129 1839 totam
1150 1775 1285 1860 insuper
1299 1776 1410 1838 villam
1427 1775 1600 1840 Pluzinin
1616 1776 1728 1840 Zucha
1751 1777 1847 1840 sitam
1873 1799 1950 1841 cum
1970 1779 2110 1842 ecclesia

450 1887 555 1973 ipsius
585 1891 618 1950 et
648 1884 798 1948 omnibus
827 1881 964 1946 decimis
994 1885 1029 1943 et
1057 1879 1208 1942 omnibus
1237 1877 1453 1964 appenditiis,
1483 1880 1580 1942 cultis
1604 1887 1638 1944 et
1666 1880 1813 1960 incultis,
1845 1880 2058 1966 palustribus
2080 1889 2111 1944 et

451 1988 706 2074 campestribus3
729 1987 842 2050 villam
865 2004 994 2070 quoquc
1021 1981 1140 2047 Sconlo
1164 1981 1300 2058 dictam,
1324 1982 1357 2045 in
1381 2002 1444 2066 qua
1467 1989 1543 2046 sunt
1564 1984 1701 2068 triginta
1722 1985 1844 2062 mansi,
1871 2007 1949 2049 cum
1975 1985 2109 2048 decimis

451 2101 485 2158 et
509 2092 660 2158 omnibus
684 2089 883 2177 appenditiis
908 2088 993 2166 suis,
1018 2087 1114 2150 cultis
1138 2091 1171 2149 et
1194 2085 1340 2162 incultis,
1365 2085 1604 2170 campestribus
1626 2095 1660 2150 et
1683 2086 1904 2173 palustribus;
1935 2088 2109 2152 ecclesiam

451 2215 579 2280 quoque
603 2194 644 2258 de
660 2192 825 2257 Marcone
842 2213 915 2256 cum
932 2190 1008 2254 dote
1032 2210 1091 2252 sua
1114 2197 1148 2252 et
1170 2187 1297 2251 duobus
1314 2189 1436 2252 mansis
1460 2194 1493 2252 ct
1516 2190 1615 2253 tertia
1629 2196 1721 2275 parte
1741 2189 1945 2254 decimarum
1963 2190 2109 2256 eiusdem

451 2299 528 2363 ville
551 2305 585 2362 et
608 2297 685 2360 ville
707 2294 880 2368 Marhede3
903 2291 1077 2357 ecclesiam
1101 2311 1230 2376 quoque
1254 2291 1287 2354 in
1304 2290 1417 2354 Cotsin
1441 2313 1513 2355 cum
1537 2292 1613 2355 dote
1638 2314 1705 2371 sua,
1730 2293 1857 2356 scilicet
1881 2315 1960 2357 cum
1986 2294 2109 2358 duobus

451 2400 574 2464 mansis
604 2400 638 2464 in
665 2399 754 2483 agris
777 2398 854 2462 ville
880 2395 1036 2460 Clebeloc
1060 2396 1091 2458 ei
1114 2394 1296 2478 designatis
1317 2401 1351 2459 et
1373 2394 1415 2458 ad
1438 2395 1576 2459 eandem
1600 2396 1774 2460 ecclesiam
1799 2397 1832 2460 in
1857 2399 2109 2461 consecratione

451 2503 538 2568 dotis
575 2503 709 2567 nomine
744 2501 961 2576 confirmatis,
1005 2506 1038 2564 et
1078 2498 1182 2562 tribus
1216 2499 1302 2562 arcis
1337 2499 1370 2561 in
1404 2497 1519 2562 eadem
1554 2500 1632 2562 villa
1666 2498 1798 2564 Cotsin.
1837 2519 1922 2583 quas
1959 2501 2110 2564 sacerdos
2152 2541 2160 2552 ·

452 2607 655 2672 {leodericus
678 2605 719 2670 de
742 2605 893 2669 manibus
915 2603 1072 2667 laicorum
1096 2602 1157 2665 sub
1181 2601 1370 2665 testimonio
1390 2602 1582 2665 villanorum
1598 2601 1762 2665 redimens
1785 2603 1819 2664 in
1842 2625 1948 2667 unam
1973 2605 2111 2690 redegit;

453 2710 615 2796 capellam
639 2708 738 2773 etiam
767 2709 800 2772 in
824 2706 998 2786 Clebeloc‚
1029 2704 1135 2768 eidem
1164 2705 1294 2768 matrici
1324 2705 1465 2768 ecclesie
1489 2705 1522 2767 in
1546 2703 1661 2767 Cotsin
1683 2705 1897 2784 attinentem,
1930 2729 2009 2771 cum
2038 2708 2110 2771 dote

456 2835 515 2877 sua
539 2820 572 2877 et
594 2813 693 2876 tertia
714 2817 807 2896 parte
831 2809 1030 2874 decimarum
1053 2807 1201 2872 eiusdem
1224 2809 1322 2880 ville;
1344 2809 1474 2872 tertiam
1497 2828 1626 2892 quoque
1649 2815 1775 2893 partem
1797 2809 2007 2874 deeimarum
2030 2811 2111 2874 dicte

457 2915 597 2980 ecclesie
622 2913 736 2978 Cotsin
760 2913 966 2977 etr-illarum
989 2912 1125 2976 adeam
1149 2911 1396 2996 pertinentium,
1428 2910 1582 2975 videlicet
1606 2907 1698 2996 Stolp
1721 2917 1754 2974 et
1775 2911 1897 2976 Porets
1922 2919 1958 2977 et
1981 2915 2111 2977 alterius

458 3017 608 3082 Solarice
634 3017 712 3080 ville
735 3015 869 3082 Porets:
900 3015 1075 3079 ecclesiam
1104 3036 1233 3100 quoque
1260 3016 1293 3078 in
1317 3013 1411 3098 Oyne
1434 3035 1508 3078 cum
1537 3014 1604 3077 filia
1627 3035 1704 3092 sua,
1735 3013 1892 3078 videlicet
1915 3017 2061 3080 ecclesia
2081 3017 2111 3079 in
2153 3036 2171 3072 e

459 3119 650 3206 Golisdorp,
685 3139 756 3184 oum
787 3119 873 3183 areis
909 3125 944 3181 et
977 3118 1101 3181 mansis
1135 3123 1169 3181 et
1203 3119 1300 3181 tertia
1333 3125 1425 3202 parto
1459 3117 1657 3181 decimarum
1686 3116 1866 3181 earundem
1898 3121 2053 3184 villarum
2082 3127 2112 3184 et

458 3224 608 3288 villarum
630 3222 866 3307 hlodelendorp
890 3229 923 3286 et
947 3220 1130 3304 Canisdorp
1154 3240 1174 3283 a
1196 3220 1487 3305 predecessoribus
1511 3221 1630 3284 nostris
1654 3219 1740 3284 boue
1763 3222 1925 3285 memorie
1950 3222 2111 3287 Norberto

459 3334 492 3392 ct
514 3325 705 3391 Baldewino
735 3325 899 3412 episcopis
923 3324 1010 3389 dicte
1034 3323 1175 3388 ecclesie
1199 3323 1363 3396 oblatam;
1391 3324 1522 3388 vineam
1549 3325 1648 3387 etiarn
1675 3323 1854 3387 eorundem
1880 3328 2112 3390 canonicorum

458 3431 491 3495 in
514 3437 624 3494 monte
640 3429 862 3513 Arlungorum
879 3449 994 3492 versus
1018 3427 1179 3491 orientem
1202 3426 1235 3488 in
1258 3427 1362 3511 ipsius
1385 3428 1505 3490 montis
1528 3428 1631 3491 latore
1655 3428 1827 3491 iacentem.
1875 3427 2112 3494 Confirmamus

458 3535 593 3620 insuper
625 3532 744 3596 dilecto
774 3533 842 3596 tilio
872 3529 1027 3594 Alverieo
1061 3528 1148 3592 dicte
1183 3529 1325 3593 ecclesie
1354 3531 1521 3615 preposito
1551 3531 1686 3614 eiusque
1718 3533 1970 3596 successoribus
2007 3555 2113 3597 curam
2166 3555 2168 3558 ·

458 3637 639 3702 animarum
661 3635 702 3700 dc
726 3636 893 3704 ecclesiis.
925 3656 988 3718 que
1020 3633 1063 3697 ad
1092 3653 1171 3695 usus
1200 3631 1361 3696 dictorum
1385 3635 1614 3697 canonicorum
1638 3634 1928 3718 impresentiarum
1952 3637 2114 3722 pertinent

458 3747 515 3804 aut
546 3739 578 3802 in
607 3745 775 3823 posterum
805 3737 1036 3824 pertinebunt,
1072 3734 1291 3799 concedentes
1324 3745 1360 3799 ut
1394 3735 1571 3810 earundem
1601 3736 1813 3800 ecclesiarum
1839 3737 1988 3818 fructus,
2023 3747 2115 3826 prout

459 3840 617 3928 expedire
652 3841 811 3912 viderint,
847 3841 880 3904 in
914 3861 994 3903 usus
1029 3839 1179 3924 proprios
1215 3845 1416 3902 convertant.
1477 3839 1592 3903 Liceat
1627 3861 1754 3923 quoque
1793 3843 1876 3926 ipsis
1919 3843 1954 3906 in
1991 3843 2114 3907 eisdem

459 3945 625 4017 ecclesiis,
655 3946 748 4008 iuxta
771 3943 858 4028 quod
887 3943 929 4007 ab
952 3942 1217 4006 antecessoribus
1241 3943 1361 4005 nostris
1384 3951 1435 4006 est
1458 3964 1668 4022 concessum,
1691 3942 1732 4006 de
1754 3943 1911 4008 fratribus
1936 3947 2006 4009 suis
2030 3947 2114 4009 viros

460 4047 597 4114 idoneos
631 4045 803 4111 instituere
835 4045 1009 4132 plebanos,
1043 4047 1097 4129 qui
1132 4067 1242 4109 curam
1273 4046 1306 4108 in
1334 4047 1414 4131 ipsis
1443 4055 1560 4130 gerant
1589 4047 1779 4111 animarum.
1834 4047 2114 4113 Predecessorum

460 4172 589 4237 quoque
612 4159 800 4214 nostrorum
822 4150 972 4233 vestigiis
996 4149 1199 4226 inherentes,
1230 4147 1441 4211 rationabiles
1465 4157 1498 4211 et
1529 4148 1686 4211 honestas
1709 4149 1969 4214 consuetudines
1992 4159 2026 4215 et
2049 4153 2117 4214 iura

460 4255 546 4318 dicto
562 4254 871 4338 Bnrndeburgcnsis
895 4253 1037 4317 ecclesie
1053 4252 1285 4316 nichilominus
1307 4249 1462 4315 duximus
1485 4250 1731 4315 confirmandas.
1776 4251 1932 4317 Obeunte
1958 4254 2116 4340 siquidem

461 4359 565 4444 ipsius
589 4357 731 4421 ecclesie
754 4357 912 4424 antistite,
936 4356 969 4418 in
988 4376 1178 4419 successore
1203 4355 1305 4440 ipsius
1322 4354 1475 4439 eligendo
1499 4357 1590 4417 iuxta
1607 4375 1729 4418 morem
1746 4355 1883 4419 aliarum
1899 4357 2116 4421 eeclesiarum

461 4459 698 4526 cathedralium
716 4459 859 4524 Saxonie
883 4459 988 4543 ipsius
1012 4459 1151 4522 ecclesie
1175 4458 1350 4522 canonicos
1374 4457 1508 4520 liberam
1532 4457 1654 4521 habere
1677 4456 1885 4522 decernimus
1908 4461 2116 4536 electionem,

462 4564 637 4648 nullusque
669 4563 717 4626 eis
746 4562 858 4626 inritis
886 4583 946 4646 per
974 4562 1212 4646 surreptionem
1240 4560 1382 4643 aliquam
1411 4569 1629 4646 preponatur;
1658 4569 1708 4623 set
1736 4561 1792 4625 ille
1820 4563 1854 4624 in
1877 4563 1953 4647 ipsa
1977 4562 2115 4627 ecclesia

462 4669 571 4731 locuni
594 4675 628 4730 et
651 4665 794 4728 osticium
818 4665 981 4750 pontilicis
1006 4665 1170 4734 obtineat,
1202 4684 1299 4748 quem
1321 4663 1465 4725 unanimi
1490 4664 1657 4727 voluntate
1680 4663 1732 4726 rel
1755 4662 1796 4727 de
1819 4667 1962 4728 consilio
1985 4666 2116 4729 maioris

464 4779 498 4836 et
525 4769 664 4834 sanioris
696 4769 798 4853 partis
838 4768 985 4832 eiusdem
1015 4769 1156 4832 ecclesie
1192 4768 1326 4852 capituli
1353 4767 1394 4830 de
1431 4769 1556 4850 gremio
1592 4769 1694 4852 ipsius
1727 4767 1869 4830 ecclesie
1899 4769 1955 4832 vel
1986 4767 2116 4832 aliunde

462 4873 603 4938 uiderint
627 4871 826 4955 eligendum.
872 4871 947 4934 alie
972 4891 1050 4934 rero
1073 4871 1309 4934 conventuales
1325 4871 1465 4934 ecclesie
1489 4879 1522 4934 et
1544 4871 1676 4955 plebani
1699 4871 1802 4955 ipsius
1824 4870 1972 4936 diocesis
1994 4893 2061 4935 non
2083 4893 2116 4934 se

462 4975 611 5042 l'acicnde
635 4975 790 5038 electioni
819 4974 1027 5056 aliquatenus
1056 4974 1207 5056 ingerere
1230 4985 1448 5058 presunrant¹.
1479 4983 1529 5036 set
1558 4995 1754 5036 consensum
1782 4973 1940 5037 electioni
1963 4975 2117 5038 canonice

462 5081 549 5144 lacte
573 5079 745 5165 prebeant.
791 5077 962 5140 Sancimus
986 5077 1130 5160 insuper.
1154 5085 1190 5139 ut
1213 5077 1512 5140 archidiaconatum
1536 5076 1869 5160 Brandeburgenscm
1892 5075 1936 5140 de
1960 5077 2062 5142 Ketia
2086 5084 2118 5140 et
2162 5095 2184 5132 e

461 5183 598 5248 Rinowe
627 5201 731 5264 usque
761 5179 953 5246 luterbokl,
988 5178 1121 5242 lczzant
1151 5187 1184 5243 et
1206 5177 1312 5242 Dama
1341 5201 1456 5242 versus
1484 5179 1671 5256 meridiem,
1705 5189 1739 5242 et
1767 5185 1855 5243 terre
1885 5179 1929 5244 dc
1954 5180 2119 5244 Hsrelant

462 5307 578 5350 rersus
601 5284 761 5348 orientem
783 5305 888 5367 usquc
912 5281 952 5344 ad
976 5281 1114 5348 tlurnen.
1145 5282 1230 5365 quad
1253 5282 1362 5346 Odera
1386 5282 1521 5350 dicitur,
1550 5291 1583 5345 et
1606 5290 1908 5368 quantumcumque
1932 5285 2011 5348 illuc
2034 5284 2119 5347 idem

462 5389 672 5473 episcopante
695 5387 728 5450 in
760 5401 928 5471 posterum
948 5385 1046 5448 luerit
1076 5386 1267 5470 ampliatus,
1303 5387 1381 5448 item
1403 5407 1519 5448 versus
1552 5385 1756 5448 occidentem
1785 5408 1891 5471 usque
1924 5387 1968 5450 ad
1991 5389 2120 5466 flumen,

572 5545 663 5550 ..--.--
819 5541 978 5550 -—-----—

569 5647 590 5706 ¹)
610 5649 726 5714 irrgcrcrc
744 5665 771 5697 sc
791 5657 938 5712 passarana
957 5645 988 5694 R.
1070 5643 1093 5696 bl
1112 5648 1178 5696 iuter
1197 5647 1251 5696 ltrk
1271 5646 1301 5696 Il.
