4524 6412
804 387 1003 448 EPISTOLAE
1020 388 1209 448 SELECTAE.
1244 389 1320 448 1227.

349 636 621 714 Rectoribus
647 639 880 713 societatis
907 639 1185 730 Lombardie,
1213 640 1403 714 Marchic
1431 645 1473 714 ct
1499 639 1773 716 Romaniolc.

347 789 430 854 Sum
459 790 492 854 in
520 789 625 853 forma
655 787 828 854 concordie
863 789 951 854 inter
983 810 1042 853 vos
1077 796 1111 854 et
1144 771 1353 855 karissimum
1386 789 1420 855 in
1449 787 1580 854 Christo
1614 789 1716 855 filium
1744 795 1891 856 nostrum

238 893 452 974 Fridericum,
474 891 697 957 Romanorum
714 891 946 977 imperatorem
969 892 1130 958 illustrem
1155 915 1286 979 semper
1301 898 1476 978 augustum
1500 898 1534 957 et
1554 912 1668 978 regem
1683 892 1807 974 Sicilie,
1831 913 1892 978 per

239 1019 299 1062 nos
321 997 407 1061 iacto
430 995 583 1060 duximus
615 995 837 1075 statuendum,
869 1002 905 1060 ut
933 995 974 1061 ad
997 995 1155 1062 honorem
1177 996 1243 1062 Dei
1272 996 1506 1083 omnipotentis
1534 1003 1569 1061 et
1596 998 1737 1064 ecclesie
1765 1018 1823 1062 sue
1853 1017 1892 1061 ac

242 1101 345 1187 ipsius
368 1099 575 1186 imperatoris
599 1098 684 1164 detis
708 1099 816 1164 eidem
831 1099 1021 1185 imperatori
1042 1121 1100 1186 pro
1118 1099 1265 1165 subsidio
1281 1101 1382 1166 Terre
1401 1099 1520 1165 Sancte
1542 1100 1577 1164 in
1594 1101 1749 1187 expensis
1772 1099 1891 1164 vestris

239 1225 298 1290 per
319 1202 488 1268 biennium
517 1203 639 1268 milites
669 1201 944 1288 quadringentos,
974 1204 1167 1268 transituros
1191 1205 1224 1268 in
1246 1204 1351 1290 ipsius
1373 1204 1580 1290 imperatoris
1602 1205 1773 1292 passagio,
1806 1202 1892 1289 quod

239 1315 291 1374 est
325 1313 482 1372 statutum
517 1307 559 1371 ab
596 1306 668 1392 ipso
703 1313 736 1370 et
769 1327 789 1370 a
821 1304 970 1370 Romana
1004 1307 1145 1371 ecclesia
1184 1306 1415 1394 approbatum,
1454 1307 1648 1373 auctoritate
1690 1308 1910 1394 presentium

240 1409 461 1490 declaramus,
484 1417 521 1474 ut
544 1410 572 1474 si
594 1410 677 1474 forte
700 1409 788 1494 ipse,
819 1405 903 1493 quod
927 1408 1032 1489 absit,
1056 1429 1121 1472 non
1144 1409 1311 1492 transierit
1333 1409 1526 1494 imperator,
1550 1411 1690 1475 transire
1712 1431 1778 1475 non
1799 1417 1892 1474 tene-

240 1523 337 1579 antur
358 1515 480 1578 milites
497 1511 685 1600 supradicti,
708 1511 772 1574 nisi
794 1510 903 1575 forsan
927 1511 1035 1597 ipsum
1057 1513 1287 1597 imperatorem
1302 1517 1437 1598 propter
1451 1513 1684 1579 necessitatem
1706 1511 1893 1578 evidentem

242 1626 275 1682 et
297 1618 506 1683 manifestam
529 1622 562 1681 et
585 1638 605 1680 a
627 1614 706 1680 sede
730 1614 911 1700 apostolica
934 1614 1149 1701 approbatam
1172 1615 1378 1700 contingeret
1400 1635 1464 1679 non
1487 1617 1637 1681 transire.

346 1739 424 1804 Dat.
446 1739 599 1804 Lateran.
623 1738 707 1802 Non.
729 1735 858 1800 Ianuar.
881 1757 967 1801 anno
989 1734 1050 1800 XI.

1027 2172 1113 2246 332.

347 2289 536 2386 Honorias
571 2315 639 2380 III
670 2335 761 2396 papa
796 2312 961 2378 Frimrco
997 2312 1212 2378 Romanorum
1255 2310 1438 2392 imperatori
1473 2307 1581 2373 scribit
1616 2307 1654 2372 de
1689 2307 1894 2393 [Willrelmo]

237 2424 414 2490 marchione
436 2419 684 2504 Montisferrote'.
1560 2413 1654 2492 1227,
1677 2410 1752 2478 Ian.
1775 2412 1806 2474 5.

342 2543 417 2598 Hom
435 2543 489 2595 111
504 2540 573 2609 Rea.
591 2538 653 2593 Lib.
672 2539 728 2608 XI,
747 2543 809 2593 445.

321 2733 578 2822 Fredcricc,
604 2730 777 2804 illustri
805 2730 1109 2804 Romanorum
1136 2728 1398 2820 imperatori
1425 2748 1603 2819 semper
1629 2732 1816 2819 augusto

889 2857 930 2927 et
956 2853 1047 2946 regi
1074 2849 1242 2925 Sicilie.

344 3003 552 3068 Auctoritatc
581 3004 782 3092 presentium
811 3008 1045 3090 protestamur,
1079 3022 1206 3078 nosex
1229 3021 1286 3082 eo,
1317 2998 1404 3086 quod
1426 2999 1460 3062 in
1483 2999 1588 3064 forma
1610 2995 1785 3063 concordie
1808 2995 1894 3106 facte

237 3109 323 3172 inter
350 3114 383 3172 tc
412 3128 450 3172 ac
482 3109 676 3174 societatem
695 3108 922 3198 ¹Lombardie,
951 3106 1098 3173 Marchie
1126 3127 1164 3170 ac
1187 3105 1380 3170 Romaniolc
1408 3101 1609 3189 providendo
1642 3101 1831 3182 statuimus,
1860 3107 1896 3164 ut

236 3210 459 3276 marchionem
482 3210 718 3277 Montisicrrati
746 3211 779 3276 in
808 3211 1045 3299 plenitudinem
1069 3211 1173 3296 gratie
1202 3217 1257 3274 tue
1281 3209 1435 3295 recipias,
1466 3207 1553 3271 nolle
1585 3207 1617 3270 in
1646 3205 1720 3269 aliis
1752 3205 1816 3269 iuri
1838 3210 1895 3268 tuo

238 3303 461 3379 vel'eiusdem
484 3315 583 3378 etiam
607 3315 804 3380 marchionis
826 3314 1042 3401 preiudicium
1064 3312 1198 3399 aliquod
1220 3312 1371 3398 generari
1384 3313 1406 3376 ¹.

344 3433 421 3499 Dat.
444 3434 598 3500 Lateran.
621 3434 706 3500 Non.
730 3435 860 3501 Ianuar.
884 3456 969 3500 anno
992 3434 1176 3508 undecimo.

1031 3872 1117 3944 333.

346 3982 533 4076 Horremus
544 4009 612 4075 111
617 4030 708 4092 papa
723 4008 923 4074 Fridcm'eum
938 4009 1153 4076 Rocmnomrm
1169 4012 1384 4091 temeratorem
1407 4011 1437 4072 ct
1455 4006 1523 4072 cias
1543 4006 1647 4088 filium
1668 4023 1737 4069 eum
1757 4001 1896 4084 imperio,

236 4134 331 4198 repca
353 4117 382 4180 et
403 4113 546 4178 ommibus
567 4113 692 4178 luridas
712 4115 742 4178 et
763 4111 931 4177 describas
952 4113 1010 4176 aab
1031 4132 1091 4180 arm
1106 4115 1297 4195 protectione
1318 4111 1457 4194 mercipit.
1563 4112 1657 4190 1227,
1681 4107 1755 4172 Ian.
1778 4108 1808 4170 8.

341 4233 414 4288 uon.
433 4233 490 4287 111
506 4233 575 4304 aeq.
598 4233 655 4287 ror.
677 4232 708 4300 V,
727 4235 791 4298 rea
810 4231 873 4286 rao.
893 4232 948 4296 ιιι,
966 4235 1030 4286 rec.

418 4429 663 4522 Friderico,
693 4431 997 4505 Romanorum
1023 4427 1283 4523 imperatori
1310 4447 1486 4520 semper
1512 4427 1706 4517 augusto

893 4557 936 4624 et
962 4550 1056 4644 regi
1083 4549 1246 4623 Sicilie.

348 4699 484 4765 Sincera
507 4697 653 4782 devotio,
684 4721 780 4786 quam
807 4707 841 4765 te
864 4701 905 4766 ad
927 4700 1036 4767 Deum
1060 4707 1093 4766 et
1124 4701 1195 4766 eius
1219 4698 1393 4764 eeclesiam
1421 4695 1544 4761 habere
1568 4694 1803 4780 conspicimur,
1836 4713 1895 4757 nos

239 4802 377 4883 inducit,
411 4809 447 4867 ut
476 4802 518 4867 ad
546 4809 636 4868 tuam
661 4804 931 4889 tranquillitatem
959 4811 993 4870 et
1020 4826 1140 4892 pacem
1168 4802 1320 4888 diligenti
1349 4800 1456 4864 studio
1485 4805 1519 4864 et
1547 4797 1694 4863 studiosa
1723 4796 1896 4882 diligentia

241 4905 458 4972 intendamus.
504 4905 586 4971 Cum
608 4907 714 4992 igitur
744 4909 815 4973 nelo
843 4907 921 4974 fidei
951 4929 989 4974 ac
1017 4908 1201 4975 devotionis
1229 4927 1389 4971 accensus
1412 4902 1453 4968 ad
1476 4901 1705 4966 liberationem
1728 4907 1832 4982 terre,
1861 4901 1893 4963 in

159 5051 185 5088 3,
241 5030 305 5096 qua
338 5032 397 5076 rex
428 5030 544 5096 regum
579 5017 612 5075 ct
648 5009 798 5076 dominus
833 5012 1068 5077 dominantium
1105 5013 1199 5075 lesus
1233 5009 1382 5075 Christus
1418 5007 1548 5093 generis
1584 5002 1717 5067 humani
1755 5003 1895 5067 salutem

239 5111 461 5196 dignatusest
481 5113 739 5179 misericorditer
753 5116 892 5201 operari,
915 5120 1077 5200 potenter,
1101 5115 1185 5180 sicut
1201 5113 1402 5200 imperialem
1418 5111 1515 5177 decet
1534 5104 1838 5192 magnificentiam
1863 5111 1896 5168 te

349 5371 372 5438 ⁸)
390 5373 597 5424 munificentiam
615 5371 656 5434 R,·
673 5375 707 5440 cf.
724 5391 751 5425 rr.
770 5353 829 5426 3'37.

344 5509 371 5576 1)
389 5509 500 5579 Apitcr,
525 5511 556 5562 ut
573 5508 692 5578 videtur,
715 5509 749 5565 de
765 5516 860 5564 mutuo
881 5525 976 5564 aorem
999 5507 1103 5562 milium
1127 5524 1281 5563 marcar-um
1304 5506 1423 5576 aramei,
1446 5519 1503 5576 pro
1525 5518 1580 5574 quo
1601 5503 1724 5557 marchio
1747 5501 1819 5555 borsa
1844 5517 1897 5556 sua

239 5594 390 5648 immobilia
412 5594 574 5662 imperatori
601 5595 771 5665 oblipacerat
796 5596 890 5662 [122l,
917 5595 1026 5664 Mart.]‚
1055 5595 1181 5664 quodque
1207 5611 1265 5649 eum
1290 5609 1345 5647 noa
1373 5591 1486 5646 soluisse
1510 5589 1664 5650 mediatam
1692 5589 1728 5656 cs.
1751 5587 1896 5642 lircilbmd·

162 5705 187 5742 35
240 5679 389 5748 Bramme,
418 5679 493 5734 Hirr.
511 5680 578 5750 dipl.
598 5680 678 5734 Pria.
697 5681 740 5744 II,
760 5686 778 5734 t.
796 5680 839 5744 II,
854 5697 884 5750 p.
904 5683 958 5734 4¹25
976 5687 1000 5736 cl
1024 5685 1084 5748 713,
1102 5688 1127 5735 et
1144 5700 1171 5736 rr.
1192 5687 1254 5738 340.

1636 5771 1690 5824 32*
