4448 6420
665 336 865 391 aersromn
883 336 1073 393 senacula.
1105 299 1192 393 1223.¹

288 565 328 639 F.
357 565 527 639 illustri
553 567 855 641 Romanorum
882 568 1145 659 imperatori
1171 589 1345 660 semper
1371 574 1565 662 augusto

751 693 791 760 et
818 688 911 780 regi
937 688 1101 761 Sicilie.
1207 773 1208 778 η

207 831 401 898 Serenitatis
424 840 480 898 tue
502 835 641 898 litteris⁸
667 835 762 900 nobis
785 857 844 922 pro
868 836 1067 900 monasterio
1092 837 1196 901 sancti
1217 835 1394 902 Salvatoris
1419 838 1459 904 de
1479 839 1608 924 Lingua
1623 839 1750 904 Messa-

97 936 192 1000 nensi
220 937 421 1000 transmissis
450 937 546 1000 solito
572 935 777 1022 benignitate
807 939 949 1023 receptis
974 943 1006 1001 et
1034 959 1146 1002 earum
1174 945 1288 1004 tenore
1315 942 1550 1028 perspicaciter
1573 941 1751 1020 intellecto,

41 1066 50 1102 r
98 1039 207 1102 mirati
231 1061 344 1103 sumus
361 1039 563 1125 imperialem
581 1039 809 1104 celsitudinem
827 1042 991 1104 ammirari
1015 1061 1112 1126 super
1127 1042 1323 1126 provisione,
1349 1064 1446 1128 quam
1470 1045 1555 1109 inter
1578 1044 1751 1108 ecclesiam

98 1142 347 1207 Messanensem
371 1148 404 1206 et
427 1141 550 1205 dictum
573 1145 808 1207 monasterium
830 1164 889 1229 pro
913 1145 997 1208 bono
1022 1145 1112 1230 pacis
1137 1144 1297 1209 edidimus
1321 1146 1475 1231 equitatis
1498 1145 1750 1211 mansuetudine

99 1243 277 1325 suadente,
306 1245 400 1329 quasi
423 1243 543 1308 exinde
566 1244 689 1308 dictum
712 1247 947 1310 monasterium
970 1246 1116 1311 indebite
1141 1247 1183 1310 sit
1205 1255 1386 1331 gravatum.
1433 1249 1515 1313 Cum
1538 1249 1623 1314 enim
1649 1247 1751 1333 quod-

98 1346 179 1411 libet
201 1347 435 1412 monasterium
466 1348 652 1411 necessario
676 1348 718 1411 sit
741 1349 920 1433 episcopali
950 1349 1021 1413 sedi
1051 1349 1250 1430 subiectum,
1279 1351 1343 1414 nisi
1366 1350 1476 1415 forsan
1500 1358 1687 1437 exemptum
1710 1351 1753 1414 sit

98 1471 156 1536 per
178 1450 387 1536 privilegium
410 1449 499 1514 sedis
523 1451 703 1536 apostolice
728 1452 889 1536 speciale,
919 1473 979 1516 neo
1003 1451 1123 1516 dictum
1146 1454 1380 1517 monasterium
1407 1453 1616 1540 privilegium
1640 1473 1751 1518 exem·
1848 1479 1851 1486 ¹

99 1554 221 1640 ptionis
236 1552 425 1634 ostenderit,
442 1573 640 1638 quamquam.
655 1554 763 1619 felicis
778 1555 935 1618 memorie
951 1555 1142 1619 Alexander
1158 1577 1243 1642 papa
1258 1555 1473 1641 predecessor
1487 1563 1598 1620 noster
1614 1555 1753 1641 quedam

99 1658 242 1743 capitula
265 1657 347 1721 citra
369 1657 613 1743 exemptionem
637 1657 820 1722 concedens
844 1657 950 1722 eidem
975 1659 1172 1722 monasterio
1197 1659 1405 1739 confirmarit,
1428 1679 1491 1743 que
1514 1679 1573 1745 per
1595 1680 1654 1724 nos
1679 1665 1754 1723 sunt

98 1760 306 1848 postmodum
335 1766 507 1840 renovata,
537 1761 638 1825 nichil
666 1783 726 1848 per
754 1763 974 1847 provisionem
997 1763 1118 1847 ipsam,
1147 1763 1210 1826 nisi
1239 1762 1279 1827 de
1306 1763 1456 1847 hiisque
1486 1761 1573 1826 clare
1596 1761 1753 1826 memorie

99 1885 158 1928 rex
173 1862 358 1949 Roggerius
382 1871 416 1930 et
437 1864 604 1951 predictus
621 1863 837 1950 predecessor
860 1872 972 1929 noster
991 1866 1133 1930 ecclesie
1149 1865 1357 1930 Messanensi
1372 1865 1576 1929 concessisse
1592 1863 1753 1944 videntur,

100 1975 150 2032 est
179 1969 365 2033 nullatenus
396 1967 608 2047 diminutum,
636 1988 697 2032 neo
725 1974 776 2032 est
804 1969 997 2048 verisimile,
1027 1967 1112 2052 quod
1139 1990 1214 2049 nos,
1246 1970 1301 2053 qui
1323 1969 1411 2032 viros
1439 1967 1612 2053 religiosos
1640 1967 1754 2030 intimo

100 2071 245 2134 caritatis
267 2072 494 2156 amplexantes
518 2071 655 2150 affectu,
685 2092 742 2136 eos
773 2079 928 2156 quantum
951 2093 1124 2157 possumus
1147 2073 1296 2137 fovemus
1328 2072 1362 2136 in
1383 2071 1555 2136 dulcedine
1578 2069 1752 2150 libertatis,

99 2193 256 2258 personas
278 2173 313 2237 in
335 2179 514 2238 memorato
537 2162 736 2238 monasterio
757 2174 899 2239 Domino
922 2175 1119 2240 famulantes
1136 2176 1275 2240 velimus
1300 2174 1446 2239 indebite
1469 2173 1651 2258 aggravari,
1674 2194 1755 2258 quas

101 2276 208 2362 potius
232 2276 274 2340 ob
303 2277 350 2341 tui
379 2277 517 2361 gratiam
545 2276 746 2342 intendimus
776 2278 1000 2343 favorabiliter
1028 2279 1213 2344 confovere.
1257 2279 1301 2342 Et
1324 2278 1456 2364 quidem
1486 2298 1552 2340 non
1580 2283 1631 2341 est
1658 2277 1755 2340 alicui

101 2379 169 2442 viro
198 2377 341 2444 discreto
371 2379 586 2457 credendum,
619 2386 657 2445 ut
689 2401 750 2444 nos
782 2381 913 2466 aliquod
952 2388 1140 2468 exemptum
1176 2382 1410 2446 monasterium
1441 2380 1579 2445 ecclesie
1607 2378 1755 2443 Romane

101 2482 238 2546 velimus
260 2482 426 2562 adimere,
451 2483 543 2546 cuius
566 2464 637 2545 iura
659 2488 811 2546 tenemur
834 2483 1026 2548 omnimodis
1051 2505 1259 2549 conservare.
1306 2484 1357 2548 Ne
1380 2484 1480 2569 igitur
1501 2480 1636 2545 vocibus
1658 2480 1755 2545 facile

41 2637 49 2648 .
103 2584 340 2668 querelantium
363 2583 505 2649 videaris
529 2585 602 2671 plus
626 2584 736 2649 debito
761 2586 969 2663 commoveri,
993 2585 1278 2651 mansuetudinem
1300 2593 1389 2650 tuam
1412 2606 1564 2670 rogamus
1588 2590 1621 2648 et
1643 2604 1755 2647 mone-

102 2706 171 2749 mus
192 2692 328 2766 attente,
351 2687 503 2774 quatinus
524 2695 672 2752 tenorem
695 2687 891 2773 provisionis
914 2689 1032 2774 inspici
1053 2689 1177 2752 faciens
1194 2687 1379 2773 diligenter,
1401 2687 1634 2752 monasterium
1649 2686 1756 2771 ipsum

103 2788 220 2854 exinde
250 2796 419 2874 gravatum
446 2811 511 2854 non
540 2795 689 2876 reputes,
719 2811 779 2854 neo
807 2789 866 2853 tibi
895 2811 938 2855 ex
967 2790 1029 2855 hoc
1065 2790 1180 2855 credas
1212 2792 1377 2855 ullatenus
1406 2789 1609 2874 derogatum.
1660 2787 1758 2852 Absit

103 2911 228 2976 quoque
256 2912 276 2954 a
304 2897 351 2972 te,
381 2892 428 2955 fili
456 2892 645 2971 karissime,
674 2899 711 2956 ut
739 2913 839 2979 pravo
869 2894 1006 2957 alicuius
1036 2894 1193 2957 instinctu
1220 2901 1353 2979 propter
1379 2893 1482 2957 heca
1509 2892 1563 2978 pio
1586 2891 1754 2977 proposito

104 2993 313 3058 construendi
342 3001 376 3059 et
406 2994 540 3059 dotandi
572 2995 731 3058 ecclesias
759 2995 812 3058 vel
841 2995 874 3058 in
903 2993 1030 3059 modico
1059 2996 1239 3074 revoceris,
1275 3001 1326 3060 set
1360 2994 1548 3081 provoceris
1576 2993 1686 3081 potius
1714 2990 1757 3057 ad

41 3129 42 3138 κ
105 3097 250 3181 quelibet
272 3118 373 3184 opera
395 3099 538 3184 pietatis,
562 3119 624 3183 que
649 3097 828 3162 secundum
847 3099 1032 3184 apostolum
1056 3097 1097 3161 ad
1121 3099 1229 3161 omnia
1251 3099 1364 3162 valens
1385 3097 1636 3184 promissionem
1658 3094 1756 3159 habet
1765 3127 1783 3163 1.
1794 3119 1849 3164 rim.
1863 3129 1905 3177 qs.

104 3201 167 3264 vite
191 3221 255 3287 que
282 3222 367 3265 nunc
391 3209 443 3266 est
465 3209 499 3267 et
519 3201 637 3281 future,
662 3201 739 3286 quia
754 3199 914 3265 Dominus
934 3201 1174 3286 exequentibus
1197 3222 1269 3264 eam
1289 3199 1376 3265 bona
1392 3199 1544 3266 retribuit
1563 3197 1757 3284 temporalia

105 3313 136 3370 et
157 3311 282 3370 eterna.

209 3425 285 3490 Dat.
308 3425 472 3509 Anagnis,
495 3424 530 3488 11
553 3424 600 3489 Id.
625 3425 741 3489 Octub.
766 3447 850 3490 anno
875 3431 1001 3490 octavo.

725 3666 1136 3674 W

889 3890 974 3965 237.

215 4008 403 4101 Honorius
425 4031 468 4097 II
471 4031 491 4096 I
511 4053 601 4114 popu
624 4031 790 4096 Ludoroico
818 4029 911 4095 VIII
935 4029 1002 4111 rcpi
1023 4028 1237 4106 Francorum,
1264 4027 1321 4108 qui
1342 4025 1522 4111 Pbffilr'ppr]
1547 4026 1630 4110 repis
1653 4024 1760 4106 patris

109 4143 154 4206 sui
176 4141 293 4206 obitum
314 4155 463 4217 suumque
486 4137 520 4198 iu
543 4156 642 4218 repom
659 4135 881 4216 promotionem
902 4133 1114 4207 nuntiaverat,
1137 4131 1280 4195 rescribit
1294 4135 1418 4211 patrem
1435 4130 1582 4196 laudibus
1602 4129 1760 4196 celebrans

108 4245 219 4326 offitio
239 4239 418 4325 pratulaus,
441 4238 594 4320 simulque
617 4239 646 4302 ei
667 4242 773 4301 uotum
794 4238 890 4317 facit,
913 4256 945 4301 sc
970 4235 1143 4300 Ilicobaldo
1165 4235 1202 4297 dc
1230 4233 1352 4300 Ulliaco
1374 4233 1490 4298 eteius
1511 4231 1760 4316 consanguineis,

109 4367 178 4429 quos
198 4367 258 4411 res
279 4340 586 4419 cicommcudavcrit,
608 4339 777 4406 secuudum
798 4340 880 4421 quod
893 4339 1016 4404 boncstc
1034 4339 1178 4419 potuerit,
1201 4357 1295 4418 super
1314 4338 1433 4421 repotia
1451 4357 1557 4403 corum
1572 4335 1759 4419 prouidisse.

1415 4443 1501 4505 1223
1591 4490 1598 4504 .
1649 4439 1674 4506 ⁸.

207 4551 281 4606 Hori.
301 4552 357 4603 III
370 4549 437 4618 ch.
455 4546 518 4601 Lib.
535 4545 625 4614 -VJJI,
645 4549 688 4598 77.
724 4545 846 4600 Edimua
867 4545 938 4599 lom
961 4545 1103 4615 epistolam
1123 4561 1158 4598 ec·
1175 4543 1268 4616 Rapa.
1285 4543 1357 4598 Anu.
1380 4544 1442 4598 cccl.
1462 4559 1488 4596 a.
1500 4439 1591 4608 '12ng
1606 4442 1760 4607 ἷζε-37,
1877 4523 1879 4526 ’

111 4639 260 4710 suppletam
278 4653 312 4691 ec
330 4635 395 4690 Rea.
414 4634 463 4688 des
480 4632 545 4688 list.
563 4633 611 4687 des
630 4631 741 4701 cauus,
758 4633 777 4686 t.
795 4631 882 4701 XIX,
896 4649 927 4701 p.
952 4636 1015 4686 737.
1130 4635 1133 4640 '

205 4723 342 4786 Pontou,
361 4719 429 4790 Rq.
449 4721 533 4774 7089.

511 4897 735 4972 Ludovico
762 4896 854 4990 regi
881 4895 1153 4970 Francorum
1179 4892 1357 4968 illustri.

213 5051 396 5118 Ineffabilis
418 5048 623 5136 providentie
644 5048 753 5112 divine
774 5046 978 5132 profunditas
999 5048 1164 5130 attingens
1188 5067 1208 5108 a
1229 5045 1293 5108 fine
1314 5061 1417 5126 usque
1441 5037 1611 5116 adfinem,
1633 5033 1763 5099 fortiter

114 5157 216 5220 omnia
250 5155 459 5238 suaviterque
494 5151 689 5237 disponens,
724 5171 762 5214 ac
798 5148 976 5213 secundum
1013 5170 1070 5213 sue
1095 5146 1318 5234 dispositionis
1353 5163 1508 5209 arcanum
1543 5147 1671 5204 mutans
1702 5159 1763 5224 per

114 5258 335 5322 successiones
350 5256 531 5320 labentium
552 5262 737 5341 tempomm
752 5275 849 5338 reges
871 5261 968 5332 terre,
992 5253 1114 5338 inclyte
1136 5249 1372 5316 recordationis
1387 5247 1451 5311 Ph.
1466 5266 1545 5331 rege
1562 5241 1762 5308 Francorum

113 5368 199 5444 patre
232 5365 289 5424 tuo
318 5364 393 5445 post
422 5357 632 5423 laudabiliter
663 5362 737 5420 acta
767 5357 861 5441 regni
891 5357 1014 5421 terreni
1043 5355 1190 5440 negotia,
1225 5353 1310 5416 sicut
1341 5350 1479 5414 firmiter
1509 5347 1689 5426 credimus,
1721 5342 1762 5408 ad

213 5619 235 5692 ⁸)
253 5619 351 5672 num
368 5617 401 5670 a.
