4538 6426
435 382 474 442 48
1019 375 1066 429 EX
1084 374 1241 430 Hononu
1259 375 1300 428 Ill
1319 371 1498 428 REGISTRO

435 550 512 614 liter
533 549 633 614 habet
654 571 840 636 personam,
863 551 915 614 vel
938 549 1116 614 seeundum
1139 549 1210 612 iura
1233 555 1319 612 terre
1342 545 1575 625 iudicabimus,
1598 544 1651 608 vel
1674 550 1783 608 vestro
1808 543 1943 623 iudicio,
1967 545 1994 607 si
2017 543 2088 630 ipse

434 653 609 739 episeopus
632 653 781 728 voluerit,
801 650 1054 717 reservabimus.
1088 650 1174 715 Sane
1195 651 1222 714 si
1238 647 1391 714 veniendi
1406 648 1590 712 Pattaviam
1610 653 1733 711 metum
1750 647 1952 732 allegaverit,
1976 646 2089 711 dicens

433 777 492 841 per
524 756 646 820 amicos
679 761 808 820 nostros
843 756 877 818 in
910 756 964 818 via
998 754 1062 819 sibi
1095 775 1194 840 posse
1229 753 1438 839 procurans,
1473 773 1571 838 super
1606 751 1668 816 boe
1704 773 1763 838 per
1790 751 1972 838 apostolice
2000 749 2089 816 sedis

434 855 652 924 reverentiam
682 859 776 923 vobis
799 857 935 923 iurando
958 857 1196 944 promittimus,
1228 863 1361 921 euntem
1387 856 1572 920 Pattaviam
1604 853 1657 919 ctb
1671 853 1712 918 ad
1745 859 1804 919 voi
1827 853 2019 920 redeuntem
2047 852 2088 918 ab

432 961 495 1027 hoc
518 968 607 1027 metu
630 983 705 1026 eum
719 960 858 1026 liberum
877 982 951 1026 esse
972 960 1105 1025 debere.
1139 959 1290 1045 Denique
1304 958 1391 1044 quod
1410 958 1450 1022 de
1471 978 1630 1045 suspenso
1649 957 1742 1022 nobis
1763 958 1883 1022 elerico
1904 958 2088 1043 imponitur,

421 1065 545 1140 sciatis
560 1086 635 1130 eum
649 1064 854 1130 effractorem
868 1065 1009 1150 quinque
1029 1064 1242 1128 ecelesiarum
1260 1069 1294 1128 et
1310 1062 1475 1127 falsarium
1492 1067 1602 1126 nostre
1625 1067 1755 1125 monete
1774 1060 1877 1125 fuisse
1895 1060 2090 1134 convictum,

433 1168 488 1253 qui
511 1175 628 1254 postea
649 1167 833 1232 latronibus
856 1175 942 1232 terre
967 1167 1109 1231 sociatus
1133 1173 1166 1230 et
1189 1187 1262 1230 cum
1284 1166 1365 1252 ipsis
1385 1165 1418 1228 in
1441 1164 1612 1228 latrocinio
1642 1163 1676 1226 in
1699 1163 1798 1226 armis
1822 1163 2089 1248 comprehensus,

434 1292 508 1335 cum
543 1270 704 1334 similibus
739 1270 890 1335 similiter
924 1277 974 1334 est
1004 1269 1148 1355 punitus.
1204 1269 1256 1333 De
1293 1268 1356 1333 hiis
1386 1274 1495 1332 tamen
1525 1289 1563 1332 ae
1587 1265 1627 1331 de
1651 1267 1801 1330 omnibus
1824 1286 1887 1350 que
1908 1265 2106 1351 paternitas.

433 1381 544 1439 vestra
566 1374 599 1437 in
622 1374 698 1438 filiis
733 1375 800 1438 suis
833 1375 887 1460 pie
918 1372 1109 1458 corrigendo
1143 1373 1306 1437 censuerit
1336 1370 1471 1437 obedire
1500 1370 1619 1458 parati,
1649 1368 1735 1454 quod
1763 1369 1877 1434 iubere
1900 1368 2090 1454 dignemini,

434 1499 507 1541 curn
529 1476 702 1541 devotione
725 1475 837 1541 debita
859 1481 1083 1561 expectamus,
1116 1475 1179 1540 hoc
1203 1476 1308 1539 solum
1335 1496 1396 1539 vos
1418 1474 1608 1538 meminisse
1632 1471 1801 1537 humiliter
1823 1472 2029 1556 postulantes
2053 1473 2088 1537 in

433 1580 555 1643 nostris
590 1580 746 1664 negotiis,
784 1578 869 1663 qnod
901 1579 935 1641 in
964 1579 1052 1642 omni
1082 1577 1282 1641 necessitate
1304 1577 1452 1641 Romane
1479 1576 1620 1640 ecclesie
1651 1581 1764 1639 contra
1787 1595 1882 1639 omne
1905 1575 2090 1661 principum

434 1702 554 1746 nomen
582 1682 845 1746 antecessoribus
868 1682 985 1746 vestris
1008 1681 1182 1760 astitimus,
1206 1686 1239 1745 et
1269 1680 1362 1744 vobis
1386 1680 1631 1759 nichilominus,
1655 1679 1683 1742 si
1711 1699 1746 1743 se
1769 1683 1898 1764 tempus
1922 1678 2089 1759 obtulerit,

435 1805 508 1848 cum
530 1782 656 1870 dignati
678 1783 817 1864 fueritis,
841 1784 1043 1849 assistemus.

1054 1975 1466 1983 ——-————-———

1232 2260 1293 2332 67.

543 2370 731 2466 Honorias
754 2401 822 2465 III
836 2423 923 2482 papa
944 2399 1110 2486 [Conrado
1132 2400 1152 2464 1
1159 2399 1203 2484 V]
1232 2401 1371 2480 episcopo
1392 2399 1618 2480 Ratisponcasi
1644 2407 1673 2466 ct
1694 2401 1916 2487 [Eberhardo]
1941 2403 1978 2466 dc
2000 2403 2091 2466 Ebra

433 2506 463 2566 et
476 2501 696 2588 [Hermionae]
711 2504 748 2568 cic
769 2504 964 2570 Waltsassea
980 2503 1143 2567 abbatibus
1157 2503 1296 2580 madai,
1318 2507 1354 2566 ot
1370 2503 1543 2567 cantionem
1557 2508 1585 2567 et
1600 2504 1846 2585 satisfactionem
1859 2505 1899 2569 ab
1914 2504 2091 2590 [Otalcaro]

433 2604 602 2669 Bobemrae
623 2627 691 2689 rcqc
712 2607 848 2672 oblatam
863 2626 925 2686 pro
947 2606 1114 2690 [Andrca]
1136 2607 1275 2686 episcopo
1296 2604 1452 2688 Prapcasi
1473 2607 1637 2686 recipiant.
1728 2609 1821 2685 1218,
1843 2607 1928 2674 Mai.
1952 2611 2003 2674 15.

538 2723 612 2777 Han.
630 2726 686 2776 III
699 2724 768 2793 Rea.
793 2724 849 2778 Vel.
868 2728 892 2788 Ι,
910 2728 981 2791 253,-
999 2725 1061 2778 Lib.
1082 2727 1123 2793 ΙῙ,
1141 2728 1223 2778 1079.

539 2808 677 2872 Pettbast,
697 2810 767 2879 Ray.
788 2813 870 2864 ctae.

437 3037 660 3131 Episcopo
688 3038 1026 3130 Ratisponensi‚
1057 3096 1096 3112 ..
1125 3039 1309 3112 deEbra
1336 3043 1379 3111 et
1409 3094 1448 3111 ..
1477 3040 1830 3116 deWsltsassen⁰
1857 3041 2092 3116 abbatibus

483 3159 798 3232 Cisterciensis
826 3159 992 3232 ordinis
1021 3159 1365 3250 Herbipolensis
1392 3163 1435 3233 et
1461 3158 1807 3252 Ratisponensis
1833 3162 2039 3236 diocesia.
2144 3196 2155 3233 ε

544 3325 745 3390 Rarissimus
774 3327 808 3389 in
839 3325 969 3389 Christo
996 3325 1082 3389 filius
1110 3331 1222 3390 noster
1245 3375 1253 3391 .
1277 3373 1284 3387 .
1308 3325 1445 3390 Boemie
1474 3346 1534 3389 rex
1564 3326 1700 3390 illustris
1731 3346 1808 3390 suas
1838 3327 1934 3391 nobis
1965 3328 2093 3392 litteras

436 3430 624 3510 destinavit,
649 3427 897 3504 continentesd,
931 3429 1017 3514 quod
1046 3430 1228 3493 venerabili
1257 3429 1349 3493 fratri
1379 3435 1489 3494 nostro
1520 3429 1742 3513 ..Pragensi
1774 3429 1928 3516 episeopo
1958 3436 2092 3516 paratus

438 3540 509 3598 erat
532 3532 573 3597 de
595 3532 745 3597 omnibus
769 3555 869 3619 super
891 3533 1008 3618 quibus
1032 3533 1072 3598 de
1096 3535 1168 3619 ipso
1197 3539 1230 3598 et
1261 3533 1438 3597 baronibus
1473 3533 1541 3596 suis
1573 3533 1797 3617 conqueritur,
1825 3554 1883 3619 pro
1908 3535 2093 3600 reverentia

437 3641 550 3700 nostra
573 3635 828 3700 satisfactionem
854 3657 1028 3720 congruam
1053 3636 1221 3714 exhibere,
1245 3640 1361 3722 petens
1386 3641 1421 3698 ut
1451 3635 1593 3718 aliquem
1624 3635 1665 3698 de
1697 3636 1799 3700 latere
1823 3643 1936 3701 nostro
1959 3645 2094 3723 propter
2144 3659 2169 3694 2⁵

436 3740 499 3804 boc
522 3759 626 3824 usqne
649 3737 838 3803 Pactaviam
870 3760 942 3802 cum
971 3739 1042 3825 ipso
1075 3739 1230 3824 episcopo
1259 3739 1474 3802 mitteremus.
1524 3738 1610 3813 Quia
1637 3759 1714 3803 vcro
1742 3737 1829 3802 idem
1852 3741 2027 3825 episcopus
2051 3739 2091 3804 de

436 3839 631 3928 prudentum
654 3842 799 3906 virorum
830 3841 966 3906 oonsilio
1001 3863 1066 3904 non
1090 3840 1184 3905 duxit
1206 3840 1353 3904 laborem
1382 3839 1568 3904 huiusmodi
1592 3840 1811 3924 subeundum,
1836 3841 1940 3906 donec
1962 3843 2091 3928 plenius

436 3945 642 4030 disquisitum
670 3947 831 4024 extiterit,
860 3945 990 4030 qualem
1012 3944 1117 4030 possit
1146 3943 1402 4007 satisfactionem
1425 3943 1547 4009 habere
1575 3943 1616 4008 de
1646 3943 1796 4031 dampnis
1824 3951 1858 4010 et
1879 3946 2006 4010 iniuriis
2030 3945 2093 4010 sibi

436 4055 471 4112 et
493 4050 580 4113 clero
605 4069 664 4112 suo
694 4049 855 4112 hactenus
885 4049 1054 4132 irrogatis,
1090 4068 1228 4131 quamve
1263 4047 1386 4112 habere
1422 4048 1531 4111 valeat
1554 4048 1756 4128 cautionem,
1784 4070 1826 4113 ne
1856 4053 2093 4134 attemptentur

437 4151 555 4215 similia
576 4152 611 4215 in
633 4151 792 4215 futurum:
820 4173 880 4215 nos
904 4152 1011 4238 ipsum
1034 4171 1146 4234 regem
1168 4171 1228 4236 per
1251 4157 1381 4214 nostras
1406 4172 1559 4235 rogamus
1586 4151 1712 4215 litteras
1735 4158 1769 4216 et
1792 4152 1974 4231 hortamur,
1995 4157 2032 4216 nt
2057 4152 2092 4216 in
2143 4172 2170 4211 ao

436 4255 586 4318 manibus
613 4255 731 4318 vestris
760 4259 886 4340 prestet
914 4260 947 4318 et
974 4275 994 4317 a
1023 4254 1189 4317 nobilibus
1222 4260 1309 4318 terre
1341 4276 1398 4318 sne
1428 4254 1566 4340 prestari
1594 4253 1694 4318 faeiat
1722 4253 1874 4319 idoneam
1896 4255 2091 4330 cautionem,

436 4355 630 4421 dimittendo
657 4354 697 4420 de
728 4363 837 4421 cetero
870 4357 932 4443 ipsi
963 4356 1116 4442 episcopo
1148 4357 1371 4421 institutiones
1402 4378 1439 4420 ac
1475 4355 1704 4421 destitutiones
1734 4364 1767 4422 et
1796 4356 1916 4422 iudicia
1945 4357 2092 4442 quelibet

436 4460 638 4538 clericorum,
662 4480 699 4523 ac
722 4459 786 4523 alia
809 4481 871 4544 qne
896 4465 1075 4523 noscuntur
1106 4458 1148 4522 ad
1176 4459 1227 4522 ins
1257 4459 1452 4545 pontificalis
1476 4459 1573 4522 officii
1597 4460 1771 4545 pertinere.
1821 4459 1873 4523 Ad
1900 4461 1962 4525 hec
1984 4461 2094 4546 ipsum

437 4562 624 4649 episcopum
647 4583 705 4648 per
726 4569 954 4648 procuratores
981 4583 1058 4625 suos
1082 4562 1233 4625 restituat
1255 4563 1288 4625 in
1316 4563 1525 4648 episcopatus
1555 4562 1604 4625 sui
1627 4563 1873 4648 possessionem
1899 4563 2038 4628 liberam
2059 4571 2094 4628 et

437 4666 590 4751 quietam,
614 4671 647 4729 et
664 4663 704 4729 de
724 4667 935 4752 proventibus
960 4665 1135 4728 subtractis
1159 4665 1222 4728 sibi
1245 4686 1283 4728 ac
1307 4665 1370 4729 hiis
1389 4666 1444 4750 qui
1463 4663 1660 4730 adheserunt
1677 4665 1783 4731 eidem
1801 4687 1978 4751 congruam
1991 4655 2091 4731 satis-
2143 4688 2169 4728 ss

437 4769 615 4833 factionem
639 4768 814 4848 exhibeat,
846 4775 880 4833 et
903 4790 922 4832 a
945 4769 1012 4832 suis
1035 4767 1135 4833 faciat
1161 4768 1299 4834 subditis
1323 4769 1483 4850 exhiberi,
1506 4790 1566 4854 per
1586 4790 1686 4833 unum
1710 4777 1856 4834 vestrum
1877 4770 1972 4835 nobis
1995 4771 2093 4857 plene

435 4894 474 4938 ac
496 4872 593 4958 plane
610 4873 805 4950 rescribens,
829 4871 984 4957 quiequid
1007 4894 1107 4958 super
1122 4873 1328 4937 restitutione
1345 4872 1565 4958 possessionis
1586 4873 1690 4959 ipsius
1711 4874 1919 4959 episcopatus
1934 4895 1973 4937 ae
1996 4875 2093 4938 satis-

436 4976 579 5039 factione
603 4974 817 5060 dampnornm
841 4982 874 5039 et
897 4975 970 5039 aliis
994 4973 1189 5061 supradietis
1220 4974 1350 5039 duxerit
1377 4974 1578 5056 faciendum,
1608 4982 1644 5040 ut
1667 4982 1733 5040 tam
1757 4977 1878 5063 scripto
1901 4998 1971 5058 suo,
1995 4999 2093 5062 quam

435 5080 594 5145 relatione
625 5080 712 5144 illius
742 5080 892 5152 evobis,
922 5080 977 5163 qui
1005 5079 1045 5142 ad
1076 5101 1137 5142 nos
1160 5079 1286 5144 venerit
1309 5079 1371 5143 bae
1406 5078 1447 5142 de
1477 5099 1592 5158 causa,
1619 5077 1698 5142 facti
1727 5101 1828 5165 snper
1854 5079 1917 5143 biis
1940 5080 2093 5145 omnibns

436 5184 606 5262 certiores,
629 5182 816 5247 huiusmodi
839 5183 971 5267 negotio
996 5182 1131 5267 dignum
1146 5184 1243 5248 finem
1261 5185 1429 5270 imponere
1448 5185 1627 5247 valeamus.
1671 5183 1758 5248 Sane
1782 5184 1920 5248 salutem
1945 5184 2094 5249 eiusdem
2145 5206 2169 5243 a

435 5287 523 5371 regis
552 5287 715 5367 zelantes,
746 5287 810 5373 ipsi
830 5286 1047 5365 consulimus,
1082 5294 1117 5350 nt
1146 5309 1244 5374 super
1270 5308 1309 5352 eo
1338 5285 1424 5372 quod
1453 5286 1608 5350 clericum
1631 5286 1794 5371 quendam
1817 5286 1858 5351 ad
1882 5286 2094 5373 suspendium

434 5389 600 5467 iudicavit,
620 5389 698 5454 licet
714 5390 847 5469 reiecto,
869 5397 906 5453 ut
922 5389 1049 5471 dicitur,
1072 5391 1216 5455 clericali
1236 5390 1350 5455 habitu
1369 5389 1514 5454 clericali
1525 5388 1692 5454 videretur
1701 5391 1875 5476 privilegio
1888 5411 1924 5455 se
1937 5391 2096 5476 privasse,

1044 5551 1099 5558 ..-
1397 5551 1432 5557 .-

541 5648 564 5715 “)
583 5649 623 5700 bic
641 5667 738 5715 qumque
755 5650 858 5700 cerbara
877 5650 961 5702 &aare
980 5659 1096 5716 apparet.
1180 5647 1204 5717 υ)
1221 5658 1247 5701 et
1264 5651 1332 5701 dccet
1349 5653 1377 5701 ia
1396 5649 1427 5701 R.
1508 5650 1529 5715 ‘J
1548 5651 1694 5702 Waltsaseri
1711 5650 1742 5701 R.
1824 5647 1848 5716 ἃ)
1866 5652 2045 5720 contingentes
2062 5653 2094 5704 a.
