4604 6420
814 392 1015 453 EPISTOLAE
1032 392 1222 452 SELEC'I'AE.
1253 396 1328 452 1231.
1837 397 1899 462 365

245 568 340 637 aliter
380 577 566 636 sanctarum
606 570 798 635 ancillarum
834 570 957 636 Christi
1000 571 1204 635 orationibus
1240 571 1477 652 commendari,
1515 571 1709 638 detestando
1747 561 1922 659 patenter

245 675 424 741 hereticam
453 674 692 760 pravitateml¹
738 673 793 738 Sic
825 675 937 755 nobis,
973 675 1072 739 immo
1102 673 1245 739 Domino
1274 675 1411 740 illudere
1442 675 1659 741 intendebas?
1703 675 1757 740 Au
1788 677 1896 742 nescis

246 777 332 864 quod
354 778 506 843 illusores
529 777 600 863 ipse
623 777 768 859 deludit,
800 784 834 843 et
857 777 998 864 Spiritus
1022 785 1154 843 sanctus
1184 779 1294 842 fictum
1322 779 1438 864 effugit
1461 779 1656 864 discipline?
1700 777 1784 845 Redi
1807 801 2019 865 ergo,sap.1‚s.

246 880 560 967 rediprevarioator
580 878 622 944 ad
645 901 717 962 cor,
747 888 784 945 ut
813 881 854 946 ad
877 880 1054 945 Dominum
1077 902 1137 966 per
1166 882 1381 967 penitentiam
1404 881 1619 963 convertaris,
1649 888 1683 946 et
1706 883 1777 968 ipse
1800 883 1842 946 ad
1865 889 1898 948 te

245 1005 305 1071 per
326 983 583 1050 miscricordiam
605 990 822 1049 convertatur.
867 983 992 1049 Desine
1014 1004 1073 1069 pro
1087 984 1206 1072 ‘verbis
1230 985 1411 1069 penitentie
1434 985 1543 1050 verbis
1566 985 1719 1071 superbie
1742 984 1897 1072 blaspbe-

246 1108 353 1168 mare,
384 1087 461 1172 quia
490 1087 616 1151 cunetis
645 1085 762 1151 diebus
793 1087 942 1174 superbit
970 1087 1089 1172 impius
1117 1093 1151 1152 et
1179 1108 1333 1152 numerus
1355 1087 1482 1153 dierum
1511 1088 1615 1174 ipsius
1636 1088 1818 1175 tyrannidis
1846 1096 2039 1166 estunam.

244 1190 400 1256 incertus.
444 1188 490 1253 Ut
512 1189 613 1274 igitur
627 1190 680 1255 rel
703 1190 749 1254 sic
772 1189 861 1256 fosso
882 1191 1009 1276 pariete
1032 1191 1150 1256 mentis
1174 1197 1229 1278 tue
1251 1191 1396 1276 aliquem
1418 1192 1577 1257 introrsus
1597 1191 1749 1258 admittes
1772 1190 1899 1258 radium

246 1293 398 1374 rationis,
425 1292 630 1358 nobilitatem
658 1300 749 1357 tuem
776 1314 947 1358 monemus
970 1299 1002 1358 et
1029 1293 1198 1357 hortamur
1220 1299 1362 1373 attente,
1392 1315 1452 1380 per
1481 1295 1662 1381 apostolica
1693 1296 1814 1382 scripte
1838 1296 1898 1361 sub

246 1395 466 1461 obtestatione
505 1395 606 1460 divini
646 1396 758 1462 iudicii
798 1397 936 1461 firmiter
970 1396 1184 1483 precipiendo
1224 1395 1438 1476 mandantes,
1476 1406 1636 1483 quatenus
1670 1399 1783 1486 culpas
1825 1408 1898 1465 tuas

248 1501 414 1566 humiliter
431 1521 683 1585 recognoscens,
708 1522 793 1582 eum,
816 1501 870 1586 qui
893 1502 1015 1566 multus
1039 1506 1091 1566 est
1112 1500 1154 1566 ad
1178 1502 1424 1586 ignoscendum,
1449 1503 1509 1567 tibi
1532 1503 1665 1568 studeas
1682 1503 2020 1589 complecterentur.

245 1604 369 1670 relictis
392 1603 558 1668 erroribus
582 1611 614 1668 et
636 1626 656 1668 a
678 1611 766 1669 terra
788 1611 846 1669 tua
868 1605 1022 1670 hereticis
1047 1606 1228 1690 profligatis
1250 1606 1292 1670 ad
1315 1607 1476 1691 gremium
1499 1608 1612 1671 matris
1637 1607 1777 1673 ecclesie
1802 1605 1898 1672 cordo

246 1729 328 1794 puro
351 1708 519 1773 humiliter
541 1707 719 1791 redeundo,
743 1709 827 1774 inira
846 1709 928 1774 duos
951 1730 1082 1774 menses
1105 1716 1180 1795 post
1203 1710 1445 1795 susceptionem
1466 1711 1668 1796 presentium
1690 1708 1733 1775 ad
1754 1715 1899 1774 nostram

246 1811 446 1898 presentiam
479 1813 698 1898 personaliter
730 1834 941 1893 accessurus,
976 1818 1109 1898 paratus
1143 1813 1272 1898 precise
1308 1834 1424 1898 parere
1460 1815 1582 1879 nostris
1615 1813 1831 1901 beneplacitis
1867 1819 1901 1878 et

246 1913 420 1979 mendatis.
465 1912 638 1999 Alioquin,
669 1921 705 1978 ut
735 1937 777 1980 ex
804 1916 960 1999 qualitate
990 1936 1148 2001 penarum
1178 1921 1306 1980 tuarum
1337 1915 1544 2001 iniquitatum
1573 1918 1749 1983 enormitas
1781 1917 1900 1982 seculis

184 2039 195 2076 s
248 2018 447 2099 innotescat,
477 2023 591 2082 contra
618 2023 652 2083 te
681 2019 788 2083 celum
818 2019 1008 2083 invocamus
1039 2025 1073 2084 et
1103 2025 1224 2084 terram
1247 2019 1290 2083 sd
1316 2025 1349 2084 te
1372 2040 1410 2084 eo
1433 2020 1516 2084 elios
1538 2020 1651 2086 hostes
1672 2019 1750 2085 fidei
1773 2019 1899 2107 disper-

248 2121 407 2203 dendum,
442 2128 546 2187 terras
580 2129 614 2187 et
644 2123 753 2187 omnia
785 2122 871 2187 bona
900 2133 958 2186 tua
992 2123 1229 2207 occupantibus
1259 2121 1471 2208 exponendo,
1504 2129 1539 2187 ut
1571 2124 1625 2208 qui
1660 2123 1769 2188 multis
1802 2144 1838 2187 es
1867 2123 1900 2186 in

248 2224 438 2290 scandalum
461 2232 495 2291 et
517 2226 696 2308 horrorem,
719 2228 779 2292 fias
802 2227 835 2290 in
858 2224 1070 2314 opprobrium
1097 2226 1332 2311 sempiternum
1354 2230 1407 2289 etc.

354 2345 432 2412 Det.
454 2345 570 2429 Reate,
594 2347 670 2413 Kal.
695 2347 786 2435 Sept.
810 2347 1020 2434 pontificatus
1043 2347 1147 2412 nostri
1169 2368 1254 2412 auno
1277 2346 1318 2412 V.

870 2610 1278 2618 —ss———fl

1033 2853 1120 2926 459.

356 2964 547 3074 Gripum
568 2990 624 3056 rx
643 3012 730 3073 papa
751 2990 920 3075 [nicolao]
941 2991 1077 3074 uerno,
1104 2991 1311 3076 mertem]
1332 2989 1526 3071 Mutinensi,
1548 2991 1713 3077 [cuum]
1734 2990 1903 3056 emma

249 3096 399 3176 episeopis
420 3099 450 3160 ct
469 3095 659 3179 [Guidetto]
679 3095 770 3160 eleeto
791 3093 975 3158 Mantuano
996 3094 1169 3177 sipnifieat,
1191 3113 1223 3158 se
1245 3115 1312 3159 erem
1335 3115 1486 3160 emisenae
1507 3096 1666 3161 Frideriei
1688 3095 1902 3159 Rauracorum

246 3200 445 3280 desperatoris
485 3197 529 3262 ad
563 3219 682 3263 munem
708 3198 910 3278 suspitionem
944 3199 1026 3262 inter
1057 3199 1161 3278 ipsam
1186 3202 1215 3261 et
1243 3197 1435 3264 Lembardos
1462 3199 1664 3264 amovendam
1692 3201 1799 3280 partes
1828 3215 1904 3260 meas

246 3303 488 3384 interposuisse,
515 3320 623 3382 eosque
645 3305 761 3379 menet,
791 3304 828 3364 ut
848 3320 917 3364 cunr
938 3300 1110 3381 imperator
1124 3301 1257 3382 pracifim
1278 3321 1347 3366 arm
1368 3300 1543 3386 [Henriee]
1562 3304 1631 3384 pilio
1652 3307 1680 3366 et
1701 3301 1904 3382 principibus

248 3407 316 3470 selis
337 3404 522 3486 colloquium
544 3403 698 3470 celebrare
719 3403 873 3482 interant,
894 3408 1027 3470 rectores
1047 3404 1203 3469 societatis
1224 3403 1268 3468 ml
1287 3405 1571 3469 reconciliationem
1592 3403 1754 3470 inducant.

354 3591 435 3660 Gi‘t·
453 3592 504 3646 ῙΧ
521 3591 591 3664 Rq.
617 3593 672 3648 Vol.
691 3593 734 3657 ΙΙ,
754 3597 821 3660 12ος
839 3591 901 3646 Lib.
922 3590 954 3655 V,
973 3595 1031 3645 122.
1559 3510 1653 3588 1231’
1676 3507 1760 3588 Sept·
1783 3509 1814 3572 4·

352 3679 488 3749 Poltlrast,
506 3679 572 3748 Rep.
592 3683 676 3734 8796.

445 3931 455 3949 .
485 3931 494 3950 .
523 3874 712 3968 Regina,
741 3931 750 3948 .
780 3874 1058 3949 ‚Mutinensi
1086 3871 1128 3948 et
1157 3930 1166 3948 .
1197 3931 1205 3949 .
1233 3873 1458 3949 Brixiensi
1485 3873 1709 3966 episcopis

793 4001 836 4068 et
863 4051 872 4069 .
902 4052 911 4070 .
940 3997 1082 4070 electo
1108 3995 1364 4070 Mantuano,

360 4142 413 4208 Ex
437 4144 582 4210 iniuncto
606 4143 701 4208 uobis
725 4145 892 4210 servitutis
916 4145 1024 4210 officio
1056 4145 1120 4209 biis
1144 4145 1199 4230 qui
1227 4166 1330 4232 prope
1355 4166 1393 4210 ac
1423 4144 1487 4208 biis
1510 4145 1565 4229 qui
1593 4144 1692 4230 longe
1715 4149 1791 4208 sunt
1813 4143 1903 4230 pacis

253 4248 391 4313 consilia
414 4249 608 4333 cogitantes,
632 4248 675 4312 ad
691 4249 883 4334 sopiendam
902 4249 1111 4315 dissidiorum
1127 4249 1297 4314 materiam
1314 4249 1467 4331 libenter,
1490 4253 1646 4334 quantum
1662 4245 1718 4312 dat
1731 4246 1904 4328 Dominus,

251 4351 453 4416 intendimus
477 4373 550 4417 cum
575 4353 713 4433 effectu,
744 4351 972 4418 dissidentium
996 4355 1182 4418 voluntates
1213 4374 1392 4439 proposse
1416 4351 1458 4416 ad
1481 4350 1686 4417 concordiam
1710 4352 1904 4432 revocando,

249 4460 287 4519 nt
309 4476 374 4541 quo
397 4456 523 4540 gratius
555 4461 761 4541 acceptatur,
794 4478 834 4522 eo
863 4456 980 4522 fortius
1013 4459 1232 4523 convalescat.
1276 4456 1364 4520 Hinc
1395 4461 1462 4536 est,
1492 4454 1579 4540 quod
1606 4455 1706 4542 quieti
1737 4455 1904 4524 societatis

249 4558 447 4624 Lombardie
471 4565 562 4624 tanto
587 4558 764 4624 studiosius
798 4560 970 4646 providere
993 4562 1158 4642 volentes,
1187 4567 1308 4646 quanto
1338 4559 1445 4646 ipsam
1472 4579 1531 4624 sue
1558 4558 1635 4624 fidei
1662 4564 1696 4623 et
1722 4557 1904 4624 devotionis

250 4663 376 4728 meritis
406 4663 616 4749 exigentibus
646 4663 834 4730 dilectionis
864 4665 986 4731 affectu
1017 4665 1264 4750 complectimur
1294 4663 1436 4750 puriori,
1469 4662 1510 4727 ad
1547 4682 1676 4728 omnem
1709 4662 1905 4749 suspicionis

247 4767 441 4858 'scrupulum
478 4767 565 4833 inter
601 4766 828 4832 canssimum‘
851 4768 884 4832 in
923 4766 1054 4832 Christo
1092 4768 1193 4832 filium
1235 4773 1382 4832 nostrum
1418 4765 1639 4846 Friderioum,
1683 4763 1905 4832 Romanorum

251 4870 481 4957 imperatorem
512 4870 674 4935 illustrem
707 4892 838 4957 semper
859 4879 1054 4957 augustum,
1085 4872 1268 4936 Ierusalem
1294 4876 1329 4936 et
1352 4869 1462 4934 Sicilie
1493 4889 1621 4955 regern,
1649 4875 1684 4933 et
1713 4869 1904 4934 societatem

251 4971 389 5038 eandem
412 4973 545 5060 penitus
567 4972 784 5039 amovendum
807 4975 1056 5062 interponentes
1080 4995 1123 5040 ex
1145 4975 1254 5039 animo
1276 4979 1387 5060 partes
1411 4977 1552 5050 nostras,
1576 4991 1701 5058 preces,
1724 4973 1849 5036 monita
1871 4979 1905 5037 et
1957 4959 1960 4964 ¹

252 5078 389 5143 consilia
417 5075 525 5142 eidem
555 5076 745 5164 imperatori
774 5078 971 5158 direximus,
1004 5085 1040 5143 ut
1070 5079 1190 5142 uostris
1219 5077 1436 5164 beneplacitis
1467 5074 1696 5160 acquiescens,
1729 5094 1764 5140 se
1793 5080 1904 5138 nostre

252 5203 350 5268 super
377 5182 439 5246 boc
472 5186 654 5267 exponeret
678 5181 814 5246 arbitrio
845 5183 1040 5264 voluntatis,
1070 5182 1167 5247 uobis
1197 5182 1293 5268 plene
1322 5203 1360 5247 ac
1390 5182 1487 5267 plane
1516 5177 1594 5264 quid
1621 5175 1697 5242 iude
1721 5177 1906 5242 intenderet

174 5321 201 5360 m
253 5305 480 5371 responsurus.
525 5282 622 5348 Unde
651 5282 723 5369 ipse
751 5285 873 5349 nostris
901 5286 1048 5350 consiliis
1072 5283 1314 5364 obsecundans,
1344 5283 1480 5348 arbitrio
1509 5287 1620 5345 nostro
1647 5279 1842 5345 fiducialiter
1870 5301 1905 5346 se

253 5387 434 5468 commisit,
464 5387 548 5451 sicut
570 5407 612 5452 ex
636 5387 754 5453 litteris
778 5389 850 5453 eius
872 5411 974 5455 aures
996 5390 1086 5454 bullo
1108 5389 1258 5469 munitis,
1285 5408 1421 5473 quarum
1443 5394 1591 5452 tenorem
1615 5385 1709 5451 vobis
1732 5386 1793 5450 sub
1816 5385 1907 5452 bulla

1166 5567 1271 5574 --.-.,
1460 5564 1621 5570 —----—.--
1630 5563 1798 5570 ———-—.—.

355 5681 381 5748 1)
402 5677 444 5748 0Ῑὶ
465 5679 559 5750 Rapsa.
578 5695 604 5734 a.
623 5684 697 5742 1221,
716 5685 732 5746 §
750 5686 795 5734 50.
