4596 6406
645 351 646 354 Ὺ
770 391 972 454 saissonis
990 391 1179 456 suasoria.
1218 393 1293 457 aaa
1797 407 1859 472 645

205 562 388 635 debitorum
418 565 614 635 solutionem
637 589 696 656 per
719 591 833 636 manus
856 579 985 638 vestras
1013 575 1158 639 totaliter
1187 575 1403 656 convertatis,
1435 575 1481 640 ita
1504 574 1590 662 quod
1613 575 1686 644 Deo
1710 585 1742 644 et
1764 582 1858 647 nobis

205 674 337 760 dignam
366 675 498 761 possitis
526 673 664 739 reddere
698 675 871 752 rationem;
906 677 1162 743 contradictores
1186 686 1248 744 otc.
1294 678 1456 743 Volumus
1483 688 1608 760 autem,
1640 690 1677 746 ut
1706 685 1859 771 quicquid
1974 697 1977 708 ’

205 799 304 865 super
325 778 386 841 hiis
409 778 567 842 duxeritis
581 777 776 860 faciendum,
799 781 895 844 nobis
912 783 1030 846 restris
1046 783 1163 846 litteris
1178 781 1378 848 rescribatis.
1417 781 1513 855 Quod
1530 785 1556 848 si
1573 807 1637 850 non
1659 809 1772 852 omnes
1791 796 1854 854 etc.

313 899 389 966 Dat.
411 901 566 966 Laterau.
590 901 620 964 V
644 899 719 966 Kal.
743 901 840 982 Iunii,
865 924 952 967 anno
974 903 1068 968 XIII.

825 1165 1236 1173 --.-—-—-—-————-—-——-

988 1444 1074 1516 749.

141 1588 152 1626 ⁵
314 1557 505 1670 (tropatus
527 1584 582 1650 IX
600 1605 687 1666 popo
709 1585 871 1648 univorsos
892 1583 1059 1666 anaqistros
1080 1589 1109 1648 ct
1126 1583 1251 1670 fratres
1272 1584 1382 1648 domus
1397 1584 1632 1648 Tosrloaicorum
1654 1586 1859 1666 rcprchcudit,

204 1691 286 1774 quod
307 1690 489 1755 adversario
510 1690 653 1753 ccclesiae
670 1685 812 1772 favorem
834 1687 1031 1768 impendant,
1053 1689 1154 1769 iisque
1175 1688 1316 1766 maudut,
1339 1691 1374 1750 at
1396 1688 1561 1752 abluisse
1583 1689 1760 1770 ontimana
1780 1691 1860 1756 olio-

204 1797 282 1877 qur'a
298 1793 478 1876 privilegis
500 1794 651 1856 concessis
672 1811 722 1856 cos
737 1792 914 1873 pacandos
936 1811 1009 1857 cssc.
1506 1794 1599 1870 1239,
1621 1793 1697 1857 Ian.
1722 1797 1772 1884 11,

310 1915 390 1984 Grcy.
408 1913 457 1967 IX
475 1913 544 1982 Rey.
566 1912 625 1967 Vol.
648 1913 696 1976 VI,
715 1919 775 1976 1¹2?
794 1912 857 1968 Lib.
877 1913 970 1978 XIII,
990 1915 1032 1966 74.

359 2144 595 2220 Universis
621 2144 853 2238 magistris
880 2149 923 2217 et
947 2143 1173 2217 fratribus
1199 2145 1355 2218 domus
1381 2151 1540 2219 sancte
1568 2145 1705 2219 Marie

851 2265 1212 2338 Teutonicorum.

312 2415 386 2498 Non
409 2415 529 2481 iniuste
552 2417 706 2481 miramur
728 2437 788 2479 nec
817 2413 951 2499 indigne
980 2434 1165 2492 movemur,
1195 2413 1282 2499 quod
1314 2436 1388 2478 cum
1416 2436 1475 2480 vos
1505 2421 1538 2478 et
1562 2414 1693 2480 domum
1717 2425 1858 2482 vestram

204 2527 380 2606 gerentesa
407 2521 595 2608 specialiter
628 2521 662 2584 in
689 2520 872 2584 visceribus
905 2518 1068 2598 caritatis,
1104 2518 1197 2582 vobis
1233 2525 1266 2582 et
1293 2540 1353 2605 per
1384 2539 1442 2582 vos
1476 2519 1582 2584 eidem
1615 2520 1725 2586 domui
1758 2525 1860 2587 multa

206 2645 390 2709 magnaque
413 2625 585 2710 privilegia
608 2633 641 2690 et
664 2623 884 2708 indulgentias
908 2621 1097 2687 duxerimus
1121 2622 1341 2702 concedenda,
1364 2645 1432 2702 vos,
1456 2625 1540 2688 siout
1556 2623 1597 2687 ad
1614 2645 1709 2690 aures
1731 2633 1860 2690 nostras

208 2727 412 2813 quorundam
435 2727 499 2792 fide
523 2727 695 2814 dignorum
718 2729 879 2792 relatione
902 2727 1065 2814 pervenit,
1090 2734 1200 2791 nostre
1224 2728 1406 2792 dilectionis
1430 2729 1521 2792 obliti
1544 2735 1577 2792 et
1599 2729 1704 2812 gratie
1728 2751 1860 2816 prorsus

130 2853 155 2891 a
208 2832 345 2916 ingrati,
380 2832 500 2896 malum
533 2830 627 2896 nobis
656 2853 715 2918 pro
744 2829 830 2894 bono
859 2829 1052 2910 reddentes,
1081 2831 1268 2895 adversario
1299 2831 1438 2896 ecclesie
1462 2830 1559 2895 fidem
1583 2832 1776 2897 catholicam
1799 2835 1859 2897 im·

204 2935 362 3021 pugnanti
394 2944 427 3001 ct
460 2935 663 2999 conculcanti
696 2934 951 2998 ecclesiasticam
983 2934 1168 2998 libertatem
1204 2935 1375 2998 consilium
1414 2943 1447 2999 et
1481 2935 1626 3000 favorem
1662 2937 1859 3024 impenditis,

205 3046 318 3103 contra
334 3040 541 3104 honestatem
557 3039 717 3103 modestia
733 3037 903 3122 regularis,
927 3057 990 3122 qua
1013 3037 1108 3101 nobis
1132 3043 1165 3101 et
1188 3058 1309 3123 sponse
1327 3037 1458 3116 Christi,
1475 3040 1615 3104 ecclesie
1640 3047 1859 3120 sacrosancte,

205 3143 334 3207 debetis
357 3143 390 3207 in
414 3143 563 3206 omnihus
586 3142 719 3206 filialem
747 3141 963 3206 reverentiam
995 3141 1169 3222 exhibere,
1197 3141 1322 3204 animos
1354 3140 1547 3206 devotorum
1575 3144 1616 3206 ab
1647 3144 1803 3230 obsequio
1828 3151 1861 3209 et

205 3247 379 3311 deuotione
416 3247 519 3333 ipsius
553 3246 695 3310 ecclesie
729 3246 904 3310 molientes
937 3265 995 3331 pro
1029 3265 1128 3330 posse
1162 3251 1272 3309 restro
1308 3245 1500 3310 subvertere
1533 3267 1572 3310 aa
1604 3267 1661 3309 eos
1695 3245 1736 3309 ad
1770 3248 1858 3311 illius

126 3365 152 3403 ²⁰
206 3351 342 3415 sathane
371 3351 564 3435 obsequium
588 3356 621 3413 ct
645 3370 805 3429 amorem,
835 3354 945 3412 vestre
979 3348 1092 3412 salutis
1126 3355 1159 3412 et
1187 3348 1274 3413 fame
1302 3346 1446 3434 prodigi,
1479 3370 1644 3413 revocare.
1702 3349 1861 3414 Nolentos

202 3462 309 3518 autom
333 3460 423 3519 tanto
448 3453 687 3539 ingratitudinis
711 3455 823 3517 vitium
846 3459 981 3538 propter
1003 3451 1182 3536 periculum
1206 3452 1362 3538 precipue
1388 3453 1583 3534 animarum,
1619 3451 1705 3537 quod
1729 3474 1774 3517 ex
1797 3454 1859 3518 hoo

204 3558 349 3623 noscitur
372 3559 552 3638 imminere,
576 3558 636 3623 sub
660 3557 930 3634 dissimulatione,
954 3575 1017 3639 que
1034 3554 1129 3619 valde
1151 3557 1334 3641 perniciosa
1357 3556 1532 3636 existeret,
1555 3557 1765 3644 pertransire,
1790 3558 1860 3622 uni-

204 3661 392 3725 versitatem
416 3667 559 3726 vestrum
583 3682 754 3725 moncmus
778 3666 812 3725 et
834 3659 1003 3723 hortamur
1025 3660 1182 3723 attentius
1205 3659 1237 3723 in
1261 3660 1381 3723 virtute
1405 3658 1592 3724 obedientie
1616 3658 1763 3724 districtc
1786 3681 1860 3746 pre-

205 3764 354 3851 cipiendo
386 3765 591 3843 mandantes,
624 3765 776 3850 quatinus
806 3763 1014 3826 dilectionem
1049 3769 1082 3827 et
1111 3764 1249 3848 gratiam
1279 3771 1424 3828 nostram
1447 3763 1582 3849 provide
1615 3764 1811 3842 recolentes,
1843 3784 1862 3826 a

205 3869 391 3954 promissis,
416 3890 458 3932 ex
482 3869 599 3953 quihus
622 3867 881 3953 indignationem
905 3867 1047 3932 divinam
1071 3875 1105 3932 et
1127 3876 1271 3931 nostram
1295 3867 1518 3932 indubitanter
1539 3867 1721 3941 incurritis,
1744 3867 1861 3930 saltem

204 3978 357 4057 suscepte
381 3972 549 4057 roligionis
578 3973 699 4036 affectu
727 3971 846 4035 curetis
874 3991 932 4034 vos
962 3970 1003 4033 de
1036 3977 1146 4034 cetero
1181 3970 1292 4035 taliter
1321 3970 1476 4036 cohibere
1506 3991 1544 4035 ao
1574 3969 1674 4035 verbo
1703 3975 1735 4033 et
1762 3990 1862 4055 opcre

204 4075 385 4160 apostolice
419 4074 505 4139 sedis
540 4083 573 4160 et
605 4076 725 4141 nostris
757 4074 974 4160 beneplacitis
1008 4080 1174 4158 coaptare,
1210 4073 1295 4159 quod
1331 4075 1438 4139 studio
1466 4075 1574 4140 future
1604 4071 1861 4137 conversationis

204 4179 317 4265 culpas
341 4177 497 4243 abholcro
520 4181 694 4266 preteritas
716 4179 831 4242 merito
861 4177 1010 4241 valeatis.
1060 4175 1229 4260 Alioquin,
1261 4177 1338 4262 quia
1370 4185 1446 4242 sunt
1475 4178 1570 4263 culpo
1601 4177 1634 4240 in
1663 4176 1780 4260 quibus
1811 4182 1863 4239 est

205 4284 302 4369 culpa
324 4282 473 4346 relaxare
497 4283 690 4360 vindictam,
719 4283 876 4346 noveritis
899 4303 956 4344 vos
985 4286 1018 4345 et
1041 4279 1172 4344 domum
1195 4288 1337 4345 vostram
1361 4283 1513 4346 omnibus
1540 4280 1722 4366 privilegiis
1751 4288 1784 4343 et
1813 4279 1862 4342 in-

129 4415 156 4454 so
208 4385 399 4472 dulgentiis,
423 4408 486 4472 que
509 4387 604 4451 robis
629 4393 661 4452 et
684 4387 793 4452 domui
818 4384 926 4449 cidem
950 4384 1182 4464 concessimus,
1206 4393 1368 4471 perpetuo
1392 4387 1462 4450 sore
1485 4383 1670 4470 privandos.

313 4508 388 4572 Dat.
411 4509 565 4574 Lateran.
589 4507 639 4571 111
662 4507 741 4572 Idus
764 4505 861 4584 lunii,
886 4527 971 4570 anno
994 4504 1089 4570 Xlll.

826 4768 1236 4776 m

994 5049 1079 5122 750.

313 5157 505 5271 Gregorius
534 5185 592 5253 IX
614 5209 706 5270 popa
741 5187 916 5274 [IIcurico]
952 5189 1180 5270 archiepiscopo
1207 5187 1355 5252 Renum
1388 5191 1418 5250 ot
1449 5184 1661 5267 suffragancis
1693 5185 1761 5248 circs
1788 5182 1865 5268 susc

208 5291 326 5368 scritti,
349 5292 528 5372 encyclicae,
551 5313 646 5374 quam
662 5293 847 5358 Fridcricrm
870 5294 1039 5374 iomcrclor
1059 5294 1106 5378 [a.
1123 5294 1217 5370 1239,
1239 5291 1443 5375 Apataost
1461 5289 1653 5372 propalavit,
1673 5289 1814 5352 semotior
1836 5292 1865 5352 cl

318 5451 539 5460 ..—..-.—.----....-
556 5453 902 5462 ..-..--..-......-.-.--.-...-—.
916 5457 944 5462 -.
961 5455 1078 5462 -..-.----
1108 5456 1151 5460 —
1179 5455 1233 5460 -.--
1268 5455 1271 5458 .
1291 5455 1298 5460 .
1359 5455 1364 5460 .
1387 5453 1532 5460 --,--

308 5550 329 5616 ·)
346 5561 447 5619 gcrctea
467 5552 498 5603 Il.

127 5713 152 5752 ῃ
310 5689 336 5756 1)
356 5688 595 5752 Rotam-Fictor,
615 5689 683 5756 Bcg.
703 5689 783 5742 Μ.
802 5689 846 5752 II,
863 5706 892 5742 n.
910 5691 990 5742 2⁴31.
