4538 6426
408 415 448 477 Ἠ
995 411 1041 464 ΕΧ
1061 410 1217 465 Hononu
1235 411 1275 463 Ill
1293 407 1473 464 nnulsrno

515 584 592 648 Dat.
613 585 766 650 Lateran.
788 605 848 669 per
863 605 993 648 manum
1008 583 1143 648 Rancrii
1167 588 1278 648 sancte
1301 582 1448 646 Romane
1464 582 1604 646 ecclesie
1618 579 1887 659 vicecancellarii,
1908 579 1971 642 XV
1986 579 2063 643 Kal.

407 689 497 769 Maii,
532 688 709 752 indictione
732 687 773 767 V,
808 686 1039 751 incarnationis
1062 686 1233 751 Dominicc
1258 707 1342 750 anno
1370 684 1575 766 MOCXVII,
1603 685 1812 771 pontificatus
1835 704 1914 748 vero
1941 683 2064 747 domini

407 791 549 856 Honorii
571 813 656 879 pape
679 790 732 856 ΙΙΙ
755 810 839 854 anno
867 790 983 876 primo.

1204 1188 1265 1262 29.

521 1285 709 1387 Honorias
730 1322 797 1386 111
806 1342 892 1403 papa
914 1320 1063 1402 mapistro
1077 1323 1106 1383 ct
1118 1319 1275 1400 fratribus
1289 1319 1455 1400 hospitalis
1469 1321 1571 1386 sancti
1585 1321 1720 1384 Antonii
1740 1319 1923 1386 Viennensis
1937 1321 2067 1385 diocesis

408 1425 568 1489 ecclesiam
596 1425 634 1489 cte
659 1424 874 1507 Maroninpin
909 1446 931 1488 a
956 1423 1120 1488 Friderico
1151 1422 1366 1488 Romanorum
1396 1445 1465 1506 repa
1497 1429 1527 1488 ct
1553 1424 1677 1505 Siliido
1704 1424 1898 1506 Anpnstensi
1926 1424 2066 1504 merope

409 1527 571 1593 diocesano
593 1528 742 1592 donatam
763 1530 935 1608 confirmat.
1677 1529 1771 1604 1217,
1794 1526 1901 1606 April.
1924 1527 1977 1590 25.

513 1646 587 1700 Han.
607 1647 665 1700 ΙΙΙ
679 1646 748 1718 ch.
773 1645 829 1700 Vol.
848 1646 873 1710 Ι,
891 1651 955 1709 101;
975 1644 1039 1698 Lib.
1059 1645 1084 1713 Ι,
1104 1648 1164 1699 415.

513 1731 650 1796 Pottbast,
669 1733 737 1800 ch.
755 1731 828 1786 Aac.
847 1731 868 1784 I
884 1732 983 1785 5532t
1002 1761 1035 1768 -
1054 1733 1155 1784 25929.

475 1925 687 2018 Magistro
720 1931 762 1999 et
790 1923 1017 1997 fratribus
1049 1921 1294 2012 hospitalis
1321 1924 1481 1997 sancti
1514 1923 1697 1997 Antonii
1723 1924 1992 1998 Viennensis

1129 2043 1338 2118 diocesis,

517 2194 617 2259 Iustis
639 2195 821 2281 petentium
845 2200 906 2258 etc.
929 2211 1049 2278 usquc:
1083 2212 1231 2256 assensu.
1276 2191 1460 2258 Ecclesiam
1482 2193 1523 2259 dc
1547 2194 1761 2280 Mammingin
1785 2217 1857 2259 cum
1881 2197 2066 2282 possessio-

410 2297 516 2376 nibus,
539 2297 724 2362 hominibus
748 2305 781 2362 ct
796 2297 1003 2384 pertinentiis
1019 2295 1087 2358 suis
1109 2316 1129 2358 a
1147 2296 1314 2360 carissimo
1332 2297 1364 2359 in
1382 2296 1513 2362 Christo
1531 2299 1597 2362 filio
1615 2305 1726 2363 nostro
1743 2297 1929 2380 Frederico,
1946 2300 2067 2364 illustri

410 2421 490 2484 rege
508 2399 620 2466 Sicilie
644 2402 678 2464 in
694 2401 916 2468 Romanorum
929 2400 1159 2485 imperatorem
1176 2399 1292 2478 electo,
1316 2400 1371 2484 qui
1393 2399 1443 2463 ius
1466 2406 1658 2486 patronatus
1676 2402 1846 2466 obtinebat
1867 2401 1901 2464 in
1923 2403 2005 2487 ipsa,
2034 2407 2068 2466 et

409 2525 430 2566 a
456 2503 637 2568 venerabili
669 2503 769 2568 fratre
802 2509 914 2568 nostro
938 2501 1059 2567 Silrido
1082 2502 1286 2586 Augustensi
1317 2503 1489 2589 episcopo,
1523 2506 1586 2569 loci
1620 2505 1814 2585 diocesano,
1848 2505 1982 2591 capituli
2016 2505 2068 2569 sui

409 2606 587 2672 accedente
611 2628 783 2688 consensu,
816 2608 871 2692 pia
902 2606 995 2670 vobis
1030 2613 1063 2670 et
1095 2604 1229 2691 provida
1266 2605 1463 2671 liberalitate
1495 2608 1657 2688 collatam,
1691 2609 1775 2674 sicut
1810 2629 1882 2672 cam
1912 2607 1997 2671 iuste
2028 2630 2067 2672 aa

409 2709 545 2795 pacifice
567 2709 745 2794 possidetis
769 2716 802 2774 ct
825 2711 858 2774 in
880 2711 1025 2796 ipsorum
1047 2709 1135 2793 regis
1160 2715 1193 2772 et
1216 2709 1363 2794 episcopi
1385 2710 1505 2775 litteris
1529 2713 1724 2790 continetur,
1748 2712 1841 2776 vobis
1866 2717 1900 2776 ct
1921 2733 1981 2797 per
2003 2731 2062 2775 vos

409 2811 522 2876 domui
544 2820 653 2877 vestre
676 2814 868 2878 auctoritate
892 2813 1073 2900 apostolica
1097 2812 1325 2875 confirmamus
1349 2819 1383 2875 ct
1405 2814 1568 2897 presentis
1593 2817 1704 2901 scripti
1720 2814 1900 2902 patrocinio
1923 2836 2067 2878 commu-

410 2916 529 2979 nimus.
573 2916 663 2980 Nulli
687 2940 765 3002 ergo
790 2925 851 2983 etc.
874 2923 985 2982 nostre
1009 2915 1262 2980 confirmationis
1286 2922 1348 2979 etc.
1395 2915 1429 2979 Si
1453 2918 1525 3001 quis
1549 2925 1658 2982 autom
1683 2925 1744 2983 etc.

519 3017 594 3082 Dat.
619 3020 772 3088 Lateran.
795 3020 862 3084 VH
885 3019 959 3084 Kal.
983 3019 1072 3099 Maii,
1095 3019 1302 3106 pontificatus
1326 3020 1430 3083 nostri
1454 3042 1538 3085 anno
1562 3022 1679 3108 primo.

1037 3231 1123 3238 —-.-.
1130 3231 1448 3239 -—————-—--·----.

1211 3421 1271 3492 30.

2120 1445 2131 1480 h

2122 2071 2145 2106 10

522 3513 709 3612 Honorias
731 3547 797 3611 ΙΙΙ
809 3567 901 3628 papa
916 3549 1080 3632 A[tbcrto]
1101 3548 1329 3630 archiepiscopo
1344 3549 1609 3631 Mapdebnrpensi
1632 3547 1775 3624 contradit,
1809 3551 1844 3610 nt
1866 3552 1951 3612 tarra
1972 3570 2068 3629 qaam
2123 3574 2134 3608 ε

413 3654 448 3716 in
466 3652 603 3716 Lioonia
619 3652 687 3715 sais
708 3653 737 3714 et
751 3663 879 3714 moram
895 3653 1068 3731 sacrantibus
1090 3657 1118 3715 ct
1135 3653 1294 3718 laboribus
1312 3655 1355 3718 ad
1373 3654 1494 3719 Christi
1507 3653 1599 3734 facin
1617 3654 1782 3726 cociomtat,
1804 3649 2071 3734 Mapdebnrpcnsi

413 3754 555 3818 ecclesiae
575 3755 796 3835 metropolitico
817 3754 887 3818 inre
908 3754 1016 3818 subsit.
1684 3756 1777 3830 1217,
1800 3752 1907 3832 April.
1929 3759 1982 3820 26.
2106 3841 2108 3846 ,

521 3872 596 3926 Han.
615 3872 673 3925 ΙΙΙ
688 3872 757 3941 Ray.
782 3871 838 3926 Vct.
858 3872 882 3936 I,
902 3877 970 3932 102,-
989 3872 1051 3926 Ia'b.
1071 3873 1095 3936 1,
1115 3877 1178 3926 420.

516 3957 655 4026 Pottbast,
674 3957 742 4026 Rep.
760 3957 867 4011 naar
883 3961 982 4012 5532a
1000 3989 1034 3996 -
1052 3961 1159 4011 25928.

811 4149 855 4222 Α.
884 4151 1234 4243 archiepiscopo
1267 4150 1668 4244 Magdcburgensi.

521 4297 775 4363 Considerantcs
798 4299 980 4364 devotionis
1013 4300 1175 4364 fervorem
1213 4322 1309 4386 quam
1332 4300 1374 4365 ad
1397 4303 1609 4387 apostolicam
1632 4300 1744 4366 sedem
1766 4302 1865 4386 geris,
1889 4307 1922 4366 et
1938 4302 2070 4367 labores

414 4400 530 4484 quibus
564 4408 596 4465 te
630 4423 668 4464 ac
701 4409 774 4467 tuos
802 4403 941 4490 exponis
984 4426 1042 4489 pro
1076 4403 1267 4468 dilatatione
1297 4403 1481 4470 Christiane
1520 4404 1596 4470 fidei
1624 4404 1841 4485 attendentes,
1865 4405 2069 4490 presentium

413 4503 605 4568 auctoritato
629 4506 811 4584 statuimus,
834 4513 870 4570 ut
892 4512 979 4570 terra
1001 4527 1098 4591 quam
1125 4507 1158 4570 in
1181 4507 1319 4572 Livonia
1341 4509 1406 4572 tuis
1430 4516 1463 4573 ct
1486 4516 1616 4574 tuorum
1639 4509 1823 4594 sumptibus
1847 4512 1880 4571 et
1902 4507 2071 4572 laboribus

415 4607 456 4672 ad
478 4607 601 4671 Christi
628 4607 725 4673 fidem
748 4609 820 4696 ipso
843 4608 1017 4674 adiuvante
1047 4618 1236 4688 convertes,
1258 4611 1538 4696 Magdeburgcnsi
1568 4612 1708 4676 ccclcsie
1734 4610 1973 4697 metropolitico
1997 4610 2069 4675 iure

415 4710 530 4775 subsit.
574 4710 665 4775 Nulli
688 4733 765 4797 ergo
789 4719 851 4777 etc.
874 4719 985 4778 nostre
1008 4713 1248 4777 constitutionis
1271 4721 1334 4781 etc.
1381 4715 1416 4778 Si
1439 4715 1510 4799 quis
1535 4721 1644 4778 autem
1667 4721 1729 4778 etc.

523 4811 599 4876 Dat.
622 4813 773 4879 Lateran.
797 4816 846 4879 VI
869 4815 943 4882 Kal.
967 4815 1057 4895 Maii,
1080 4817 1288 4901 pontificatus
1311 4819 1415 4882 nostri
1437 4839 1522 4882 anno
1545 4818 1661 4904 primo.

1221 5202 1281 5274 31.

524 5291 712 5390 Honor-ius
734 5327 802 5392 111
816 5349 903 5408 papa
923 5329 1081 5393 universis
1100 5330 1246 5410 firtelibas
1258 5353 1320 5412 pcr
1337 5330 1482 5396 Tusciam
1504 5331 1680 5396 constitutis
1695 5331 1855 5410 pernrittit,
1878 5334 1912 5392 nt
1931 5329 2073 5392 sectatori

415 5432 444 5492 et
465 5427 583 5492 civibus
604 5427 759 5493 Rationis
781 5430 816 5494 in
837 5430 956 5496 ductans
978 5433 1101 5498 casibus
1122 5435 1312 5499 nwdcratam
1333 5434 1492 5499 ancilium
1515 5433 1688 5513 conferant.

1707 5537 1803 5615 1217,
1825 5532 1911 5596 Mai.
1933 5536 1984 5597 10.

520 5619 594 5672 Hori.
612 5618 670 5671 III
684 5618 751 5686 Rea.
777 5619 830 5673 Vol.
849 5619 875 5684 Ι,
892 5623 961 5682 106,·
980 5619 1042 5674 Lib.
1062 5621 1087 5684 I,
1106 5624 1168 5675 435.

519 5704 655 5770 Pottlrast,
672 5705 738 5773 Rep.
755 5703 828 5759 aad.
846 5705 868 5759 I
883 5709 978 5760 totta
996 5739 1028 5746 -
1046 5710 1143 5761 uasta.

2126 5652 2152 5691 35
