4604 6420
763 397 964 454 EPISTOLAE
981 398 1171 458 subucula
1206 402 1282 458 lacu.
1793 415 1856 476 4l5

203 566 400 653 perfidorum
427 575 595 654 prematur
616 568 779 652 dominio,
811 571 1074 659 sihlasphemus
1104 576 1264 660 sauguine
1287 575 1411 641 Christi
1442 576 1648 665 redemptum
1679 581 1857 648 obnoxium

203 669 350 736 detincat
373 670 538 752 servituti,
560 672 768 740 universitati
790 681 899 741 resne
922 676 1135 762 precipiendo
1159 677 1367 760 mandamus,
1390 680 1543 765 quatinus
1566 681 1688 768 singuli
1710 690 1855 750 vestrum

203 773 237 838 in
260 771 464 855 diocesibus,
495 776 646 842 ecclesiis
669 783 703 843 et
729 777 909 863 parrochiis
932 779 1000 843 suis
1028 779 1206 864 premissos
1229 788 1264 848 et
1286 782 1474 848 consimiles
1497 783 1674 851 Iudecrum
1697 808 1856 854 excessus

205 877 336 942 omnino
358 878 493 964 reprimi
519 879 663 960 faciatis,
692 901 734 945 ne
761 880 923 946 cervicem
953 888 1112 968 perpetue
1145 883 1312 949 servitutis
1341 885 1417 970 iugo
1447 886 1645 954 submissam
1667 898 1858 976 presumant

204 979 332 1064 erigere
354 980 388 1045 in
411 982 641 1049 contumeliam
663 982 910 1068 Redemptoris;
943 983 1122 1050 districtius
1145 985 1331 1052 inhibentes
1354 1009 1396 1054 ne
1418 987 1460 1054 de
1483 989 1547 1056 fide
1570 992 1623 1057 vel
1645 990 1686 1078 de
1709 991 1775 1058 ritu
1796 1015 1856 1059 suo

204 1103 279 1148 cum
295 1082 491 1151 Christianis
516 1093 707 1172 presumant
728 1087 936 1172 aliquatenus
959 1086 1137 1175 disputare,
1160 1111 1203 1154 ne
1226 1083 1290 1155 sub
1309 1097 1465 1177 pretextu
1487 1091 1719 1179 disputationis
1741 1095 1855 1162 huius·

203 1185 293 1252 modi
322 1186 355 1252 in
384 1189 502 1254 erroris
532 1188 685 1274 laqueum
708 1188 795 1274 quod
817 1189 904 1255 absit
933 1189 1100 1276 simplices
1123 1191 1332 1276 delabantur,
1363 1195 1513 1261 invocato
1544 1196 1586 1261 ad
1612 1196 1689 1279 hcc,
1717 1198 1745 1263 si
1774 1219 1856 1285 opus

203 1289 317 1370 fuerit,
346 1290 469 1355 auxilio
496 1290 621 1357 brachii
651 1292 825 1368 secularis;
858 1293 1131 1374 contradictores,
1164 1293 1368 1362 Christianos
1397 1296 1567 1378 videlicet,
1598 1321 1657 1387 per
1684 1321 1856 1368 censuram

204 1393 478 1477 ecclesiasticam,
507 1394 629 1462 Iudeos
656 1418 734 1463 vero
764 1417 823 1483 per
854 1397 1105 1468 subventionem
1134 1418 1307 1465 comunem
1336 1400 1482 1467 fidelium
1512 1402 1736 1489 appellatione
1764 1411 1855 1492 post-

129 1515 154 1594 ro
205 1495 314 1581 posita
335 1499 584 1584 compescendo.

312 1614 390 1681 Dat.
413 1617 575 1704 Anagnis,
598 1618 647 1684 IV
668 1619 781 1686 Nonas
804 1619 924 1700 Martii,
947 1640 1032 1684 anno
1055 1618 1113 1684 VI.

987 2089 1074 2163 516.

314 2196 505 2310 (uirqorius
536 2228 592 2292 IX
613 2249 703 2308 popu
731 2229 931 2294 Fridericunr
959 2228 1175 2294 Rmnunoram
1202 2228 1421 2308 imperatorem
1452 2232 1555 2310 rogat,
1587 2232 1622 2292 at
1650 2251 1666 2294 c
1689 2231 1859 2312 priuilegio

208 2330 377 2394 Gaiehrnis
391 2330 579 2397 commendo
594 2333 684 2397 allam
698 2317 894 2398 clnumlamr
913 2333 1014 2398 ‘saluo
1029 2332 1155 2397 sermio
1176 2330 1259 2412 qaod
1278 2353 1300 2395 u
1318 2330 1464 2397 Conrado
1485 2353 1555 2416 repe
1570 2334 1677 2398 marcho
1699 2334 1859 2414 imperiali

205 2434 355 2511 debctar’,
389 2440 543 2515 camoeot,
573 2441 603 2501 ct
623 2440 659 2501 ut
681 2441 783 2502 terroe
807 2437 1038 2504 Guietomm
1059 2456 1155 2517 acque
1176 2435 1220 2500 od
1241 2437 1386 2518 quintam
1409 2435 1561 2502 dcimam
1581 2455 1702 2500 anuum
1721 2435 1786 2516 filii
1806 2435 1859 2500 sui

130 2563 154 2600 s
206 2536 391 2622 [londoni]
411 2539 639 2620 archicpisoqro
653 2540 855 2604 Messarwnsi
874 2544 904 2604 ct
917 2538 1139 2624 [Hammone]
1158 2539 1308 2623 magistro
1326 2538 1564 2604 Tadonicoram
1584 2537 1860 2604 meraubaudes

205 2640 381 2706 oomrntdot.
425 2641 530 2706 Mittit
551 2641 595 2706 ud
614 2663 684 2707 cans
705 2643 743 2708 de
765 2643 823 2710 hcc
843 2664 878 2708 re
898 2642 1071 2708 Iohannem
1091 2642 1129 2707 dc
1154 2641 1274 2725 capra
1295 2642 1455 2708 mariam
1476 2661 1578 2707 saum

1478 2747 1572 2825 1233,
1593 2743 1696 2810 Mart.
1718 2746 1771 2810 24.

310 2828 391 2900 Grec.
409 2831 459 2885 IX
474 2829 542 2901 ch.
564 2829 622 2886 Vol.
640 2831 694 2899 IV,
713 2836 743 2899 33
761 2831 822 2886 [Ᾰὸ.
843 2829 967 2898 V11,11.
1066 2893 1067 2896 Ἰ

250 3042 493 3135 FridericO,
520 3042 821 3117 Romanorum
847 3041 1106 3146 imperatori
1132 3023 1306 3136 semper
1334 3051 1542 3138 augusto,
1568 3045 1810 3120 Ierusalem

129 3187 155 3226 ao
763 3166 804 3237 et
831 3161 981 3236 Sicilie
1008 3162 1100 3255 regi
1126 3162 1303 3238 illustri.

314 3312 411 3377 Illum
441 3311 638 3378 sinceritatis
673 3311 834 3376 fervorem
863 3310 904 3376 ad
933 3331 1108 3397 personam
1136 3318 1280 3377 nostram
1309 3312 1473 3378 oredimus
1508 3319 1541 3379 te
1569 3312 1706 3393 hahere,
1736 3312 1857 3396 illoque

205 3416 510 3502 circumspectionis
543 3414 656 3500 vigere
688 3435 824 3480 munere
856 3412 1094 3500 comprobaris,
1125 3421 1161 3480 ut
1191 3415 1378 3481 tacentibus
1409 3415 1504 3480 nobis
1538 3421 1573 3481 et
1605 3416 1679 3480 aliis
1712 3413 1857 3480 studiose

206 3541 322 3584 cavere
351 3517 488 3597 debeas,
520 3540 562 3584 ne
590 3517 752 3583 malivolis
779 3517 984 3582 estuantibus
1016 3516 1154 3582 libidine
1183 3517 1377 3583 detrahendi
1404 3517 1611 3583 occasionem
1640 3517 1795 3605 prebeas,
1823 3522 1859 3582 ut

208 3628 321 3688 contra
342 3643 402 3687 nos
425 3621 478 3686 vel
500 3627 533 3686 te
561 3620 668 3707 ipsum
691 3621 820 3705 linguas
847 3620 1041 3705 maliloquas
1068 3627 1187 3685 acuant
1219 3627 1253 3686 et
1283 3620 1451 3700 relaxent,
1481 3620 1537 3703 qui
1564 3641 1695 3706 semper
1723 3619 1758 3683 in
1781 3638 1858 3703 sug·

131 3735 157 3775 ²³
210 3724 413 3810 gilloticnem
435 3729 581 3789 nostram
604 3729 638 3788 et
660 3729 750 3788 tuam
772 3729 863 3787 recta
885 3743 1014 3808 quoque
1032 3722 1212 3808 depravare
1228 3722 1380 3808 nequiter
1394 3720 1579 3787 moliuntur.
1623 3720 1776 3808 Denique
1799 3741 1858 3806 pro

208 3829 443 3894 Gaietanorum
458 3826 674 3914 oppressione
696 3846 736 3890 ac
757 3826 906 3906 aliorum,
930 3826 985 3911 qui
1007 3833 1156 3912 tempore
1172 3825 1335 3892 discordie
1359 3824 1430 3890 sedi
1453 3823 1632 3911 apostolice
1648 3822 1858 3904 adheserunt,

206 3937 256 3997 tot
278 3937 391 3996 contra
412 3951 473 3996 nos
487 3930 763 3995 submurmurant
785 3934 819 3994 et
848 3929 881 3994 in
903 3935 1017 4015 aperto
1041 3930 1137 3995 nobis
1161 3931 1260 3995 etiam
1283 3930 1520 4016 imprecantur,
1550 3933 1587 3993 ut
1614 3928 1707 4014 quasi
1737 3928 1802 3993 iam
1824 3927 1859 3992 in

209 4033 408 4115 scandalum,
431 4031 519 4119 quod
542 4054 616 4098 cum
639 4033 757 4098 rubore
781 4032 963 4113 referimus,
985 4031 1135 4118 pluribus
1157 4031 1236 4096 facti
1260 4033 1372 4114 simus,
1395 4031 1673 4098 subsannantibus
1696 4052 1796 4117 super
1818 4051 1858 4097 eo

209 4136 296 4223 quod
318 4137 415 4223 plene
437 4136 604 4223 provisum
627 4135 830 4221 speravimus
853 4141 887 4200 et
909 4155 1078 4222 speramus
1101 4133 1142 4200 de
1166 4134 1355 4217 concordia,
1379 4156 1442 4222 que
1464 4136 1550 4199 iuter
1571 4140 1605 4199 te
1628 4140 1661 4200 et
1684 4133 1859 4200 ecclesiam

131 4258 158 4298 ³⁰
209 4239 320 4306 extitit
349 4238 536 4304 reformata.
580 4237 675 4303 Licet
702 4244 811 4303 autem
840 4238 939 4303 nullis
963 4236 1087 4303 dolosis
1117 4238 1385 4324 suggestionibus
1408 4238 1461 4304 vol
1488 4236 1635 4304 subdolis
1657 4237 1858 4322 argumentis

209 4363 229 4408 a
256 4340 465 4422 credulitate,
498 4361 594 4426 quam
623 4339 664 4405 de
696 4339 838 4427 puritate
866 4346 922 4405 tua
951 4339 1125 4405 habuimus
1157 4347 1191 4405 et
1220 4339 1397 4422 habemus,
1428 4340 1533 4406 averti
1560 4339 1762 4426 potuerimus
1790 4339 1858 4405 ullo

209 4443 321 4526 modo,
348 4445 425 4530 quin
452 4443 561 4530 potius
588 4441 672 4508 adeo
695 4443 728 4507 in
750 4441 812 4508 hoc
835 4442 1047 4508 immobiliter
1069 4442 1327 4530 perstiterimus,
1359 4440 1446 4528 quod
1468 4443 1568 4507 etiem
1590 4439 1678 4528 apud
1699 4442 1803 4507 honos
1825 4446 1859 4507 et

208 4569 325 4634 graves
349 4569 414 4612 nun
436 4549 543 4613 levem
560 4546 775 4633 suspitionem
798 4546 964 4611 noscimur
980 4546 1171 4612 incurrisse:
1197 4545 1442 4612 considerantes
1457 4551 1570 4610 mmcn
1585 4544 1758 4610 nonnullas
1781 4541 1858 4608 inde

208 4673 307 4739 posse
330 4650 540 4716 difficultates
556 4669 736 4734 emergere,
760 4670 841 4735 quas
864 4671 929 4715 nou
951 4649 1088 4737 expedit
1110 4650 1230 4716 litteris
1248 4647 1418 4735 explicari,
1442 4653 1476 4714 et
1498 4645 1691 4713 credentes·
1712 4647 1858 4728 firmiter,

132 4773 158 4812 a
210 4760 248 4819 ut
269 4752 355 4839 quod
376 4753 472 4819 nohis
495 4752 688 4818 iniuriosum
711 4752 835 4831 existit,
857 4753 917 4817 tihi
941 4752 1063 4818 debeas
1087 4758 1238 4840 reputare
1254 4750 1459 4840 probrosum,
1481 4748 1685 4838 imperialem
1706 4771 1858 4816 mansue·

210 4855 358 4923 tudinem
380 4856 507 4921 iteratis
530 4855 662 4920 monitis
685 4861 719 4920 et
747 4855 901 4942 precibus
923 4854 1120 4940 requirimus
1144 4861 1178 4922 et
1200 4856 1383 4942 pulsamus,
1412 4853 1623 4920 obsecrantes
1646 4873 1706 4939 per
1726 4851 1858 4918 Patrem

211 4967 245 5025 et
266 4959 386 5024 Filium
409 4964 444 5023 et
466 4957 623 5044 Spiritum
646 4964 794 5023 sanctum
816 4964 851 5023 et
880 4958 966 5023 bona
992 4956 1057 5023 fide
1080 4957 1310 5024 nichilominus
1334 4955 1559 5035 consulentes,
1591 4954 1741 5040 quatinus
1765 4953 1859 5019 nobis

211 5069 246 5128 ct
267 5062 328 5128 tibi
351 5081 488 5149 parcens
511 5060 647 5147 provide
670 5061 704 5125 in
726 5061 787 5126 hac
809 5067 917 5147 parte,
946 5081 1021 5126 cum
1043 5059 1316 5126 dissimulationib
1344 5059 1436 5125 locus
1458 5057 1596 5125 ulterius
1618 5076 1684 5121 non
1706 5056 1859 5143 supersit,

211 5163 398 5231 huiusmodi
432 5163 566 5248 negotio
602 5162 663 5228 hac
697 5164 769 5229 vioe
800 5163 899 5229 finem
929 5163 1092 5250 imponas,
1131 5169 1165 5228 et
1194 5162 1328 5228 maioris
1358 5160 1523 5226 dilationis
1556 5157 1762 5224 obstaculum
1793 5177 1860 5224 uon

133 5289 161 5328 co
212 5273 378 5348 annectas,
400 5266 618 5353 privilegium,
640 5274 749 5332 amota
771 5288 815 5332 ex
837 5287 877 5331 eo
899 5266 957 5331 illa
979 5265 1143 5332 clausula:
1167 5265 1274 5329 ‘salvo
1296 5263 1451 5330 mandato
1473 5269 1508 5329 ct
1531 5281 1690 5347 expresso
1713 5260 1747 5326 in
1768 5259 1858 5341 alia‘,

212 5370 368 5436 videlicet
395 5370 487 5434 salvo
517 5369 650 5434 servitio
677 5367 765 5455 quod
792 5389 812 5434 a
841 5369 1008 5435 carissimo
1037 5368 1072 5433 in
1095 5367 1227 5433 Christo
1254 5367 1321 5434 lilio
1348 5373 1462 5433 nostro
1485 5363 1655 5444 Conrado,
1685 5367 1762 5428 nato
1791 5368 1858 5444 nro,

314 5547 350 5553 -—
1133 5545 1191 5553 ...-

316 5661 339 5738 ·)
357 5664 483 5722 cradimru
501 5663 533 5722 B·
612 5660 637 5734 s)
655 5663 856 5720 mussona
874 5663 906 5718 a.
