4590 6366
778 395 978 460 amsroma
996 394 1185 457 saracena.
1223 393 1298 456 raas.
1803 399 1865 468 533

213 576 268 665 qni
286 573 476 646 Sarracenis
499 583 673 665 portavere
697 579 854 665 predicta,
879 575 998 642 exinde
1018 574 1223 641 satisfaciant
1245 575 1339 640 iuxta
1362 580 1519 639 statutum
1537 573 1667 640 concilii
1689 577 1865 661 generalis,

212 684 387 749 dummodo
411 706 476 749 non
499 684 600 748 fuerit
622 683 704 746 adeo
721 684 829 767 gravis
854 689 886 748 et
909 682 1051 746 enormis
1069 702 1226 745 excessus
1242 701 1396 744 manuum
1410 679 1614 760 iniectorum,
1639 679 1726 765 quod
1749 682 1865 746 merito

215 789 280 852 siut
307 787 347 851 ad
378 787 489 851 sedem
517 788 730 872 apostolicam
761 784 1015 850 transmittendi.
1060 785 1285 858 Quantitatem
1312 789 1421 847 autem
1453 804 1580 864 eorum,
1611 805 1673 868 que
1701 805 1759 869 pro
1791 805 1865 870 pre-

215 892 374 956 dictorum
398 891 620 954 satisfactione
645 890 853 976 preceperint
875 889 1070 975 deponenda
1093 895 1126 952 et
1154 887 1375 972 consignanda
1397 887 1431 949 iu
1454 886 1617 970 aliquibus
1645 889 1743 950 certis
1773 889 1866 969 loeis,

150 1019 162 1056 s
214 996 309 1059 nobis
334 994 466 1058 studeas
490 995 554 1058 tuis
578 994 697 1057 litteris
720 991 862 1056 fideliter
885 993 1047 1056 intimare.

322 1114 400 1178 Dat.
423 1114 563 1194 Perusii,
588 1112 703 1177 Idibus
727 1113 817 1194 Maii,
841 1135 926 1177 auno
950 1134 1046 1176 nono.

833 1375 1245 1382 ψ’*-

996 1620 1083 1692 641.

215 1813 216 1818 η
321 1731 511 1842 Gregorius
540 1759 596 1826 IX
615 1781 706 1842 papa
735 1759 973 1843 archiepiscopis
1002 1765 1031 1824 ct
1059 1761 1135 1824 otiis
1163 1759 1360 1823 ecelesiarum
1377 1757 1535 1839 praetatis
1553 1779 1612 1840 per
1633 1757 1865 1837 llorahardiam,

214 1866 388 1932 marchia-m
414 1865 610 1929 Teratsiaam
633 1870 661 1928 et
682 1864 904 1928 Remaaiclara
926 1865 1102 1929 constitut-is
1123 1863 1265 1940 scandat,
1288 1867 1324 1925 at
1344 1862 1510 1946 [Alberto]
1530 1862 1732 1942 patriarchae
1753 1864 1866 1927 Antio-

214 1971 316 2048 cheae,
339 1968 390 2033 cai
411 1969 447 2030 ta
467 1969 613 2048 partibas
634 1989 739 2032 earum
754 1969 870 2048 plenae
892 1967 1057 2050 legationis
1079 1966 1219 2049 officiam
1241 1965 1431 2043 coaccesserit,
1454 1965 1615 2030 humiliter
1636 1966 1806 2030 oboediant.

1503 2069 1597 2148 1235,
1619 2068 1704 2136 Mat.
1725 2072 1779 2133 21.

319 2191 401 2260 Grec.
418 2192 467 2244 IX
485 2191 555 2262 aeq.
576 2190 635 2245 Vct.
657 2191 689 2257 V,
707 2195 760 2258 27;
778 2191 841 2245 Lib.
860 2191 916 2260 IX,
938 2195 982 2244 73.
1025 2191 1131 2243 Perteii
1149 2191 1287 2259 excerptor
1305 2189 1491 2259 supplevimus
1510 2205 1544 2242 ea
1562 2187 1653 2259 Rapa.
1671 2187 1742 2241 Aac.
1760 2187 1820 2241 eccl.
1839 2204 1867 2240 a.

230 2284 247 2332 2
362 2283 386 2331 2.

213 2286 227 2333 1
250 2283 294 2345 35'
311 2282 452 2429 bilitas,
471 2365 542 2435 aeq.
562 2368 640 2419 9917.

462 2559 825 2652 Archiepiscopis
853 2565 895 2632 et
923 2559 1166 2650 episcopia,
1194 2560 1432 2633 abbatibus
1461 2565 1501 2633 et
1526 2560 1627 2634 aliis
1690 2541 1695 2546 ⁵

281 2684 568 2757 ecclesiarum
596 2681 782 2773 prelatis
809 2701 887 2772 per
913 2679 1238 2768 Lomhardiam,
1265 2681 1501 2754 marchiam
1528 2679 1805 2754 Tarvisinam

706 2806 748 2875 et
774 2799 1081 2873 Romaniolam
1108 2802 1377 2874 constitutis
1452 2883 1455 2888 ,

323 2954 458 3018 Utinam
481 2951 605 3036 aspiret
629 2949 700 3013 dies
724 2956 758 3013 et
787 2951 984 3014 inclinentur
1007 2951 1121 3014 umbre
1146 2951 1343 3036 tollaturque
1368 2951 1539 3016 criminum
1563 2953 1668 3037 caligo
1692 2950 1864 3016 demedio
1888 2967 1950 3012 cant.
1964 2969 2044 3023 aaa:

216 3067 250 3124 et
272 3058 411 3122 turbinis
435 3057 571 3134 nebula,
601 3075 663 3139 que
687 3061 798 3139 partes
822 3061 949 3118 vestras
973 3056 1057 3118 texit
1079 3055 1239 3118 hactenus
1263 3077 1347 3141 pene
1371 3062 1471 3131 totas,
1498 3063 1535 3120 ut
1558 3057 1618 3132 ist,
1641 3056 1694 3120 cui
1717 3055 1808 3120 venti
1831 3061 1865 3119 et
1883 3071 2027 3124 usausm

216 3183 306 3226 mare
330 3160 501 3240 obediunt,
532 3160 586 3243 qui
609 3157 788 3243 procellam
812 3159 974 3222 convertit
1001 3161 1034 3222 in
1057 3181 1184 3239 auram,
1216 3161 1335 3244 quique
1366 3161 1459 3223 iuxta
1482 3161 1533 3223 sui
1563 3159 2033 3224 archanumbene-rsu.1csas.

139 3287 151 3325 a
216 3265 330 3351 placiti
352 3262 531 3328 miserendi
561 3261 675 3324 modos
698 3261 820 3345 ubique
844 3283 1035 3342 reservans,
1066 3262 1190 3326 mederi
1220 3263 1310 3326 novit
1333 3264 1522 3327 vulneribus
1553 3264 1763 3345 afflictorum,
1792 3269 1868 3350 post

217 3367 362 3432 nubilum
391 3367 446 3430 det
476 3386 638 3429 screnum.
685 3364 816 3437 Quanta
848 3385 988 3448 namque
1021 3365 1190 3428 tribulatio
1221 3373 1331 3452 partes
1363 3369 1452 3452 ipsas
1487 3366 1609 3432 dudum
1643 3367 1803 3454 presserit
1835 3372 1869 3429 et

217 3494 302 3536 nune
330 3479 473 3559 premat,
504 3491 599 3556 quam
631 3469 739 3553 gravis
771 3470 955 3554 persecutio
985 3468 1239 3532 circumduxerit
1269 3477 1302 3534 et
1334 3469 1555 3534 circumducat
1585 3471 1690 3534 adhue
1713 3471 1869 3556 populum

217 3575 449 3656 Christianum,
473 3596 570 3659 quam
593 3575 682 3638 duris
705 3574 802 3637 bellis
819 3574 929 3636 attrita
954 3578 1029 3636 sunt
1052 3581 1162 3658 partes
1186 3575 1256 3659 ipse
1280 3582 1314 3639 et
1336 3596 1434 3659 quam
1451 3576 1549 3638 variis
1572 3576 1733 3662 pressuris
1757 3567 1880 3637 mouass

217 3680 317 3743 steria
340 3685 373 3743 et
397 3673 538 3744 ecclesie
562 3679 733 3754 facessite,
763 3677 820 3740 vix
844 3683 957 3762 posset
979 3698 1039 3762 per
1069 3677 1198 3760 singula
1221 3679 1400 3750 recenseri,
1433 3676 1544 3764 [que]b
1567 3679 1661 3742 nobis
1684 3677 1794 3742 datum
1820 3683 1871 3742 est

140 3807 159 3845 a
218 3804 283 3846 non
306 3783 431 3867 absque
448 3781 663 3845 amaritudine
681 3781 800 3844 mentis
818 3780 941 3860 audire,
965 3780 1059 3843 vobis
1076 3787 1184 3844 autem
1203 3781 1287 3844 sieut
1304 3780 1465 3866 disposuit
1483 3779 1690 3867 [Domiuulsb
1714 3781 1869 3867 experiri.

217 3885 261 3949 ut
283 3887 362 3949 licet
384 3886 533 3949 Romana
557 3885 700 3948 ecelesia
722 3885 777 3970 pia
799 3890 923 3960 mater,
955 3904 1017 3968 que
1041 3905 1106 3947 non
1129 3891 1238 3969 potest
1261 3885 1401 3948 filiorum
1426 3887 1477 3949 sui
1506 3887 1591 3950 uteri
1614 3886 1780 3966 oblivisci,
1811 3906 1870 3971 pro

216 3989 448 4053 reformatione
470 3989 560 4074 pacis
585 3988 721 4050 multum
744 3987 945 4051 laboraverit
968 3987 1144 4066 hactenus,
1167 3989 1286 4052 litteris
1312 3989 1439 4052 litteras
1464 3995 1496 4053 et
1519 3990 1641 4053 nuntiis
1664 3990 1796 4052 nuntios
1820 3989 1869 4051 iu-

218 4093 387 4172 culcando,
409 4114 474 4156 non
498 4093 601 4156 semel
625 4099 676 4155 set
694 4113 783 4177 sepe,
810 4112 875 4154 non
898 4113 963 4154 uno
981 4099 1105 4155 tantum
1130 4099 1180 4155 set
1197 4092 1343 4177 pluribus
1359 4091 1399 4156 de
1417 4092 1570 4157 fratribus
1594 4093 1713 4157 nostris
1737 4098 1871 4178 propter

217 4195 279 4259 hoc
309 4196 498 4282 specialiter
526 4195 717 4274 destinatis,
752 4201 788 4257 ut
822 4195 1065 4258 inimicitiarum
1094 4196 1237 4281 parietes
1272 4217 1331 4280 per
1361 4197 1451 4282 pacis
1488 4197 1641 4260 unionem
1676 4197 1709 4259 in
1738 4195 1869 4259 Christo
1888 4211 2029 4267 aphaca

218 4300 367 4384 angulari
391 4298 499 4385 lapide
523 4300 751 4383 iungerentur,
776 4304 810 4362 et
832 4305 920 4362 terra
944 4299 1000 4362 illa
1022 4319 1042 4361 a
1065 4299 1133 4362 suis
1157 4300 1334 4383 respiraret
1363 4300 1524 4383 angustiis
1548 4306 1581 4364 et
1609 4300 1769 4384 contagiis
1792 4321 1869 4386 pur·
1909 4269 2006 4320 ΜΨ

217 4410 365 4486 geretur,
398 4402 541 4466 nondum
573 4409 682 4465 tamen
712 4408 822 4465 actore
854 4403 1017 4465 scismatis
1049 4409 1245 4494 procurante
1268 4404 1376 4488 potuit
1405 4402 1586 4467 remedium
1610 4424 1788 4488 congruum
1811 4402 1869 4466 ad-

216 4505 333 4569 hiberi.
379 4505 465 4577 Quia
486 4528 564 4570 vero
594 4506 682 4570 illius
713 4506 802 4590 regis
831 4506 958 4592 pacifici
986 4507 1064 4570 licet
1087 4507 1241 4571 immeriti
1265 4507 1379 4571 vicarii
1404 4507 1587 4588 constituti,
1618 4508 1673 4592 qui
1696 4511 1732 4571 ut
1754 4527 1869 4571 recon-

218 4609 344 4673 ciliaret
374 4631 503 4674 servum
533 4609 680 4688 domino,
712 4611 744 4673 in
772 4617 910 4674 mortem
938 4609 1071 4674 tradidit
1102 4611 1332 4696 semetipsum,
1361 4611 1503 4676 libenter
1532 4611 1595 4675 hiis
1618 4612 1674 4696 qui
1706 4633 1808 4697 prope
1838 4617 1871 4675 et
1889 4621 2010 4676 Batau-

217 4712 281 4775 hiis
304 4713 360 4796 qui
383 4713 480 4797 longe
506 4721 581 4778 sunt
613 4715 704 4799 pacis
728 4715 865 4779 consilia
888 4715 1087 4799 cogitamus,
1119 4716 1299 4779 animarum
1329 4717 1504 4781 multarum
1537 4715 1697 4802 pericula,
1730 4715 1871 4802 dampna

219 4837 345 4897 rerum,
378 4818 592 4882 ecclesiarum
625 4818 864 4898 desolationes,
904 4819 1133 4910 religiosorum
1165 4820 1310 4883 locorum
1346 4819 1476 4884 excidia
1511 4826 1545 4884 et
1581 4826 1725 4903 stragem
1758 4819 1871 4905 populi

219 4919 395 4984 Christiani
418 4922 542 5006 absque
565 4922 706 5008 dampno
731 4922 932 4986 conscientie
961 4944 998 4986 ac
1029 4922 1114 4987 fame
1145 4923 1271 4986 lesione
1295 4921 1500 4986 dissimulare
1531 4922 1669 4986 ulterius
1692 4943 1757 4986 non
1780 4923 1869 4986 vale-

217 5045 308 5104 mus,
338 5026 513 5110 presertim
543 5047 616 5088 eum
639 5025 740 5090 Terre
766 5025 885 5090 Sancte
918 5047 1126 5106 succursum,
1157 5026 1197 5090 ad
1222 5047 1318 5111 quem
1341 5025 1464 5110 aspirat
1487 5025 1628 5110 populus
1652 5023 1871 5104 Christianus,

218 5127 386 5211 contingat
416 5150 458 5191 ex
486 5128 547 5192 hoo
577 5129 753 5193 enormiter
783 5128 950 5215 impediri,
981 5151 1042 5194 nec
1071 5152 1137 5194 non
1167 5137 1199 5192 et
1228 5130 1344 5215 vulpes
1377 5128 1530 5214 parvule,
1560 5148 1623 5211 que
1652 5126 2021 5198 demoliunturcmasas.

217 5231 348 5294 vineam
363 5231 507 5311 Domini,
530 5241 564 5296 et
580 5235 697 5318 reptile
714 5240 911 5298 venenatum
935 5235 968 5296 in
993 5255 1051 5297 sue
1068 5234 1281 5318 malignitatis
1297 5233 1419 5298 astutia
1434 5232 1645 5295 invalescant.
1691 5229 1871 5317 Cupientes

140 5356 167 5394 ιο
220 5333 318 5418 igitur
341 5334 427 5420 quod
455 5343 542 5432 terra¹
569 5337 639 5416 illa,
670 5357 732 5420 que
763 5337 884 5400 dudum
914 5338 998 5401 luxit
1027 5345 1061 5402 ct
1088 5338 1231 5421 languit,
1260 5345 1373 5423 optata
1401 5357 1483 5421 pace
1514 5335 1654 5415 fruatur,
1686 5342 1719 5398 et
1746 5334 1872 5398 stillent

219 5461 414 5525 supeream
439 5447 567 5504 montes
591 5439 798 5505 dulcedinem
823 5448 856 5506 et
880 5443 981 5505 eolles
1005 5440 1258 5522 iocunditatem,
1289 5447 1325 5504 ut
1348 5439 1499 5504 dantibus
1524 5439 1603 5503 celis
1628 5438 1772 5525 pluviam
1794 5459 1870 5525 pro·
1889 5451 1935 5494 100¹
1948 5457 2003 5505 aw-

325 5597 356 5604 ..-
366 5599 432 5604 -.--
445 5599 472 5604 .-
484 5599 645 5604 ..--..-.,-----
652 5599 1090 5606 -...--.-..-.-.---...---

325 5701 347 5766 ·)
367 5702 416 5752 hiis
434 5701 466 5752 B.
549 5699 573 5768 ¹³)
591 5701 711 5754 ‘lacum
730 5703 786 5772 ι’φιε
803 5702 907 5771 soctae’
924 5704 1043 5754 PERTZ.
