4604 6420
791 442 991 498 EPlS'I'OLhE
1008 443 1197 500 SELEC'IAE.
1233 446 1309 500 1231.
1820 451 1882 514 345

228 608 459 674 nichilominus
476 618 586 677 tamen
603 612 765 678 interesse
781 620 882 694 tuum,
895 615 1052 682 videlicet
1066 616 1336 702 gubernationem
1353 619 1447 702 regni
1469 617 1735 700 lerosolimitani,
1757 620 1883 686 utiliter

229 718 461 878 pppsseuntur,
493 715 541 780 sic
569 717 796 802 impendentes
824 724 953 803 gratum
981 717 1124 784 Domino
1153 719 1364 800 famulatum,
1393 727 1429 786 ut
1463 728 1497 787 et
1526 721 1586 786 tibi
1618 743 1714 807 opem
1743 723 1882 787 afferent

228 835 247 879 e
274 835 408 882 rossem.

335 933 423 1003 Date
444 938 598 1006 Latcrsn.
620 913 704 1006 XIV
725 940 800 1008 Kal.
822 941 921 1011 Febr.
944 945 1153 1030 pontificatus
1175 946 1279 1011 nostri
1301 966 1387 1012 anno
1410 953 1534 1032 quarto.

848 1224 1259 1234 n——————-

1011 1501 1098 1574 did.

336 1605 526 1719 (troporum
553 1637 608 1702 IX
630 1657 717 1716 porro
738 1606 939 1702 Fridcricmb
960 1637 1175 1702 Rooumorsrm
1201 1640 1419 1734 temeratorem
1445 1644 1561 1718 merset,
1589 1643 1625 1703 ut
1649 1637 1880 1719 fideiussoribus

227 1737 409 1820 mationem,
432 1759 526 1820 quem
549 1739 593 1804 cst
614 1744 677 1804 octo
699 1759 817 1804 memes
836 1743 1000 1822 proestare
1020 1741 1136 1821 debeat,
1159 1763 1199 1806 ee
1220 1761 1307 1806 marm
1327 1741 1499 1824 adimplere
1520 1741 1651 1806 student.

330 1925 410 1993 Grep.
428 1923 478 1978 IX
495 1925 562 1995 Rep.
588 1926 644 1982 Vct.
663 1927 707 1991 11,
725 1931 777 1989 46,-
794 1926 856 1981 Lib.
873 1928 927 1994 IV,
946 1931 1011 1984 982,
1525 1847 1619 1923 1231,
1643 1844 1718 1910 Ian.
1740 1846 1792 1908 20.

329 2010 466 2080 Poimen,
484 2011 552 2083 περ,
571 2017 655 2068 sose.

318 2219 561 2312 FriderieO,
587 2222 757 2297 illustri
783 2222 1080 2296 Romanorum
1109 2223 1369 2316 imperatori
1396 2247 1569 2319 semper
1594 2227 1783 2317 augusto

878 2349 921 2418 et
946 2344 1037 2436 regi
1065 2343 1224 2419 Sicilie.

337 2488 419 2554 (ium
443 2490 477 2555 in
499 2491 604 2557 forma
627 2491 718 2578 pacis
740 2493 908 2558 internos
932 2498 965 2557 et
987 2499 1020 2557 te
1043 2491 1156 2558 habite
1179 2493 1278 2558 fucrit
1301 2493 1500 2575 ordinatum,
1530 2501 1566 2559 ut
1588 2514 1647 2579 pro
1670 2488 1734 2556 hiis
1758 2507 1820 2572 que
1843 2484 1877 2547 in

225 2598 364 2657 tractatu
392 2595 482 2679 pacis
506 2603 664 2660 venerant
692 2596 920 2676 observandis,
951 2617 994 2662 ex
1021 2603 1099 2668 tunc
1128 2595 1169 2661 ad
1198 2602 1271 2661 octo
1300 2618 1431 2662 meuses
1452 2603 1618 2684 prestares
1641 2589 1878 2678 fideiussoriam

226 2697 425 2778 cautionem,
457 2705 491 2762 et
519 2704 653 2784 propter
681 2699 916 2786 impedimenta
939 2699 1205 2786 supervenientis
1233 2699 1267 2764 id
1295 2701 1480 2785 nequiverit
1501 2697 1691 2785 adimpleri,
1725 2695 1876 2760 nolumus

226 2798 287 2864 tibi
307 2820 351 2864 ex
370 2805 558 2865 transcursu
573 2804 724 2887 preteriti
739 2804 895 2891 temporis
910 2802 1127 2889 prciudicium
1143 2806 1305 2888 generari.
1350 2804 1402 2870 Tu
1424 2811 1534 2870 tamen
1557 2825 1600 2868 cx
1621 2822 1707 2867 nunc
1730 2795 1878 2885 predicta

225 2900 359 2967 studeas
382 2901 573 2988 adimplere,
597 2926 669 2970 cum
693 2907 757 2970 iam
780 2913 911 2993 tempus
934 2905 1110 2993 prestende
1134 2907 1295 2973 cautionis
1319 2906 1508 2974 huiusmodi
1531 2907 1591 2971 tibi
1614 2909 1731 2971 currat.

331 3021 419 3088 Dete
440 3022 593 3089 Lateran.
615 3023 700 3090 XIII
722 3023 797 3090 Kal.
819 3025 916 3092 Febr.
939 3047 1024 3092 anno
1048 3033 1174 3112 quarto.

1008 3584 1095 3657 ter.

332 3693 523 3803 Grepmius
538 3719 594 3784 IX
607 3740 698 3800 propa
720 3721 869 3802 mapistro
890 3720 999 3788 doinus
1017 3721 1136 3802 Templi
1157 3722 1295 3787 districte
1311 3722 1477 3802 praeeo,
1500 3742 1539 3786 rm
1562 3722 1597 3785 irs
1617 3740 1712 3804 regno
1731 3720 1877 3784 Hieroso-

225 3825 376 3907 lymitmrc
405 3828 513 3888 contra
541 3822 675 3903 formiam
699 3823 792 3902 pacis
820 3825 850 3887 et
877 3822 1052 3904 ior-prematis
1084 3823 1182 3888 balivi
1206 3824 1446 3904 prohibitionem
1473 3843 1621 3906 pererrem
1653 3825 1785 3902 moveat,
1816 3841 1877 3901 per

148 3975 158 3988 .
224 3947 319 4012 pacm
337 3926 437 4009 possit
460 3926 576 3991 Terrae
598 3925 733 3992 Sanctae
754 3925 1026 3991 enumeramus
1047 3946 1115 3991 eam
1130 3927 1309 4008 pericolum
1331 3927 1501 3993 imminere.

1505 4029 1600 4106 1231,
1621 4025 1714 4092 Febr.
1736 4029 1789 4093 26.

328 4116 413 4185 drop.
431 4114 481 4168 IX
498 4113 567 4183 Ery.
588 4113 648 4168 Vol.
667 4113 711 4178 11,
731 4118 782 4180 515
799 4113 862 4167 Lib.
881 4113 935 4178 IV,
953 4119 1012 4168 110.

327 4198 462 4265 Potttrcst,
481 4199 551 4271 Rey.
570 4201 654 4253 8667.

436 4467 446 4514 .
475 4465 484 4484 .
512 4409 721 4502 magistro
748 4410 902 4483 domus
928 4409 1084 4484 militie
1109 4407 1279 4499 Templi
1306 4406 1668 4482 lerosolimiteni.

334 4560 498 4647 Tempore
517 4579 590 4623 cum
611 4557 718 4622 causis
742 4557 789 4622 ita
810 4557 942 4643 sepiens
964 4557 1182 4635 commetitur,
1205 4563 1242 4621 ut
1256 4577 1460 4642 nequaquem
1475 4556 1615 4622 invicem
1630 4557 1692 4623 sibi
1708 4557 1876 4643 derogent,

226 4673 278 4754 set
300 4665 409 4753 potius
426 4668 539 4727 mutuo
559 4661 789 4746 suffragentur,
812 4681 886 4726 cum
906 4662 989 4726 alias
1005 4683 1025 4725 a
1041 4660 1228 4727 discrimine
1245 4681 1309 4726 non
1325 4667 1467 4740 secaret,
1489 4659 1567 4724 dum
1587 4682 1640 4726 res
1656 4667 1877 4746 exponeretur

225 4790 291 4833 non
313 4775 381 4832 tam
403 4764 574 4852 pmdentie
597 4784 694 4848 quam
717 4762 856 4828 fortune.
903 4764 989 4829 Sane
1012 4763 1208 4829 karissimus
1230 4763 1264 4828 in
1281 4762 1412 4828 Christo
1435 4762 1522 4827 lilius
1545 4769 1658 4829 noster
1678 4762 1876 4846 Friderieus,

225 4872 446 4938 Romanorum
484 4869 664 4954 imperator
700 4867 836 4932 illustris
875 4888 1006 4952 semper
1038 4874 1197 4952 augustus
1236 4873 1270 4932 et
1306 4887 1367 4932 rex
1400 4864 1528 4946 Sicilie,
1565 4886 1700 4951 gravem
1737 4866 1779 4932 ad
1816 4889 1876 4931 nos

226 4973 462 5060 querimoniam
493 4971 687 5048 destinavit,
721 4969 807 5056 quod
841 4977 877 5036 tu
912 4991 977 5036 non
1011 4969 1185 5035 attendens
1220 4970 1311 5036 veria
1344 4967 1547 5048 discrimina,
1585 4988 1649 5052 quc
1683 4966 1724 5033 dc
1757 4989 1877 5054 guerra

227 5077 462 5144 inevitabiliter
483 5075 655 5140 imminent
676 5072 779 5138 Terre
803 5073 940 5155 Sancte,
964 5079 1121 5158 treuguas
1143 5072 1268 5139 uiolare
1292 5071 1463 5138 contendis
1486 5076 1599 5136 contra
1621 5068 1759 5134 formam
1781 5069 1873 5156 pacis

225 5186 259 5246 et
287 5187 400 5244 contre
427 5177 683 5264 prohibitionem
712 5176 813 5242 balivi
841 5178 907 5256 sui,
940 5176 981 5242 ad
1009 5176 1200 5244 movendam
1231 5197 1384 5261 guerram
1413 5175 1454 5240 de
1481 5195 1584 5260 regno
1612 5171 1875 5240 Iercsolimitano

225 5284 346 5349 milites
368 5283 491 5371 pluries
514 5279 751 5359 abstrahendo,
784 5281 949 5347 nonnullis
972 5280 1014 5347 de
1036 5281 1195 5347 militibus
1218 5278 1420 5366 peregrinis,
1452 5298 1533 5362 quos
1554 5275 1627 5362 ipse
1650 5273 1803 5357 duxerat,
1833 5275 1874 5341 ab

225 5385 376 5452 hostibus
390 5384 624 5450 miserabiliter
639 5383 822 5470 captivatis.
866 5381 963 5448 Unde
985 5383 1057 5470 regi
1074 5382 1251 5450 Persarum
1273 5380 1308 5446 in
1330 5379 1560 5462 exterminium
1582 5378 1712 5444 illarum
1734 5377 1875 5465 partium

315 5672 358 5744 ’·)
376 5678 433 5731 Lib.
452 5679 497 5744 lV,
515 5676 568 5732 100
585 5676 654 5730 ΗΒ.
671 5695 700 5744 p.
719 5679 785 5738 2⁶75
801 5677 836 5742 cs.
853 5693 880 5730 rs.
899 5679 963 5744 423,
978 5686 1029 5731 cot
1048 5695 1073 5729 c.

328 5791 390 5843 Res.
408 5791 487 5842 Pom.
506 5791 526 5841 1.
