4590 6366
468 409 529 470 556
1045 401 1091 455 EX
1111 399 1286 455 Gnnnontl
1306 399 1344 452 IX
1364 398 1544 453 REGISTRO

466 577 649 662 negotium,
682 582 718 639 ut
747 576 800 639 vel
833 574 1041 639 karissimum
1076 575 1110 640 in
1137 574 1268 639 Christo
1299 573 1403 637 filium
1429 579 1575 637 nostrum
1604 621 1612 638 .
1639 620 1646 634 .
1670 571 1831 636 illustrem
1860 593 1981 659 regem
2011 570 2135 659 Cypri¹

466 679 508 744 ad
530 688 620 744 tuum
649 679 807 744 faciamus
837 678 943 743 redire
966 677 1170 758 mandatum,
1197 678 1250 742 vel
1279 677 1365 741 inter
1396 683 1428 740 te
1458 698 1495 740 ac
1524 676 1631 762 ipsum
1663 683 1819 760 treuguas
1842 675 1886 740 ad
1911 683 2045 741 eertum
2070 683 2137 740 ter·

466 784 591 848 minum
614 780 815 863 statuamus,
843 803 885 847 ne
913 802 955 846 ex
985 782 1047 846 hoc
1070 781 1267 868 impediatur
1289 780 1391 845 Terre
1415 778 1534 844 Sancte
1559 778 1757 860 subsidium,
1787 787 1903 846 nostre
1928 779 2135 844 ordinationi

466 889 660 954 committas.

1087 1028 1500 1036 Ἥ

1247 1257 1334 1328 657.

574 1369 764 1478 Grcporius
791 1395 848 1459 ΙΧ
870 1416 957 1475 papa
983 1394 1204 1479 [Hermanno]
1233 1398 1383 1478 ruopistro
1414 1396 1650 1460 Teutonicorum
1677 1394 1893 1475 conqueritur,
1927 1393 2068 1460 Petrum
2094 1395 2131 1460 da

472 1501 572 1567 Vinea
593 1506 622 1565 ct
636 1497 840 1585 [Paeonum]
861 1498 987 1562 electum
1004 1495 1186 1562 Poctcusem
1207 1499 1336 1562 enunties
1358 1499 1556 1578 cooperatoris
1567 1499 1828 1578 procurationem,
1851 1519 1950 1578 quem
1974 1498 2015 1560 de
2037 1499 2133 1564 rebus

465 1604 697 1669 Acmonensibus
714 1600 823 1686 facero
845 1601 938 1677 volit,
967 1604 1126 1680 acceptare
1147 1601 1247 1680 nollc;
1270 1605 1438 1681 praeterat
1458 1602 1675 1680 imperatorem
1697 1601 1758 1665 sibi
1779 1602 1961 1681 scripsisse,
1986 1603 2017 1665 si
2040 1623 2133 1684 rsepo-

466 1708 544 1771 tium
565 1706 777 1771 Loutbordiuc
804 1724 901 1784 usqua
931 1703 974 1767 ud
995 1701 1114 1787 festum
1135 1704 1314 1768 natiuitatis
1336 1705 1516 1784 coniminum
1537 1723 1600 1767 uon
1623 1705 1678 1780 sil,
1710 1724 1741 1768 sc
1770 1724 1840 1766 curu
1868 1705 2014 1767 exercitu
2037 1705 2132 1768 Lour-

466 1811 609 1875 bordiam
631 1813 847 1894 inpressurum
869 1827 942 1873 csse.
988 1807 1099 1890 Ropot,
1122 1811 1159 1870 ut
1179 1827 1248 1871 cum
1270 1808 1413 1887 inducat,
1443 1812 1479 1871 ut
1499 1808 1567 1872 siue
1590 1806 1762 1872 conditione
1779 1807 1892 1887 aliqua
1915 1809 1953 1870 in
1977 1809 2131 1872 rruruibus

464 1915 608 1980 ecclcsiae
629 1934 662 1979 sc
677 1917 788 1996 ponat.
1631 1989 1632 1992 Ἴ
1755 1913 1846 1990 1235,
1869 1911 1957 1992 Sept.
1982 1915 2038 1976 22.

466 2070 468 2074 -
569 2032 651 2103 (drap.
668 2034 718 2087 IX
735 2033 804 2102 Rep.
825 2032 884 2088 Vol.
905 2031 938 2102 V,
959 2035 1081 2098 73-74;
1100 2031 1162 2086 Lib.
1181 2032 1237 2100 IX,
1255 2035 1320 2085 239.

568 2121 706 2191 Pottbust,
725 2120 794 2190 Rep.
815 2124 911 2174 10021.

562 2343 563 2346 ¹
643 2374 652 2392 .
684 2374 692 2391 .
720 2316 931 2408 magistro
959 2315 1202 2406 hospitalis
1228 2320 1383 2388 sancte
1411 2313 1549 2388 Mario
1576 2315 1936 2389 Teutonicorum.

574 2465 725 2530 Dilectus
748 2466 835 2530 lilius
859 2465 1017 2549 magister
1039 2464 1157 2529 Petrus
1181 2464 1221 2528 do
1245 2465 1352 2529 Vinea
1375 2465 1554 2550 imperialis
1583 2465 1657 2528 aule
1689 2464 1805 2543 iudex,
1834 2465 1956 2529 litteris
1982 2466 2023 2531 de
2050 2489 2123 2531 ore-

464 2567 576 2633 dentia
598 2591 641 2635 ex
663 2576 757 2656 parte
780 2570 946 2633 karissimi
975 2570 1008 2633 in
1033 2568 1163 2633 Christo
1187 2569 1244 2632 filii
1267 2569 1372 2632 nostri
1393 2567 1554 2632 Friderioi
1578 2567 1798 2632 Romanorum
1821 2568 2034 2654 imperatoris
2060 2581 2123 2635 ete.

462 2673 558 2737 nobis
583 2679 616 2737 et
638 2674 758 2737 nostris
781 2673 937 2737 fratribus
961 2673 1178 2758 presentatis,
1209 2673 1242 2735 in
1270 2680 1381 2736 nostra
1404 2672 1572 2759 presentia
1595 2671 1636 2735 de
1658 2672 1791 2756 negotio
1814 2674 1989 2758 proposuit
2013 2681 2124 2738 trans-

462 2777 606 2852 mariuo;
640 2798 702 2861 quo
732 2776 909 2860 diligenter
938 2775 1067 2857 audito,
1100 2776 1178 2840 licet
1201 2797 1221 2839 a
1243 2775 1509 2862 procuratoribus
1533 2775 1781 2839 Acconensibus
1806 2777 1959 2840 cautione
1984 2785 2124 2864 recepta

462 2877 549 2962 quod
572 2877 784 2942 Aeconenses
807 2879 927 2942 uostris
951 2878 1095 2943 debeant
1117 2900 1234 2964 parere
1257 2878 1436 2959 mandatis,
1465 2878 1632 2943 interdicti
1656 2878 1870 2959 sententiam,
1894 2899 1956 2964 per
1979 2901 2123 2945 venera·

462 2979 564 3046 bilem
586 2980 720 3046 fratrem
744 2989 946 3046 nostrum..
971 2983 1255 3068 archiepiscopum
1277 2979 1528 3046 Ravennatem²
1557 2989 1632 3045 tunc
1656 2982 1836 3067 apostolice
1860 2981 1949 3046 sedis
1972 2983 2124 3067 legatum

463 3083 496 3147 in
520 3083 651 3148 civitate
674 3083 860 3149 Acconensi
882 3086 1058 3170 prolatam,
1091 3106 1133 3148 ex
1156 3106 1195 3149 eo
1219 3086 1390 3170 potissime
1414 3085 1604 3149 duxerimus
1629 3084 1860 3165 relaxandam,
1890 3085 1967 3168 quia
1997 3084 2121 3149 exinde
2172 3115 2181 3151 ;
2258 3073 2261 3086 “

462 3186 539 3251 fidei
564 3186 794 3252 detrimentum
818 3194 852 3252 et
874 3188 976 3254 Terre
1001 3189 1122 3254 Sancte
1146 3189 1328 3274 periculum
1350 3194 1479 3274 poterat
1502 3189 1689 3270 imminere,
1720 3188 1815 3252 dietis
1839 3189 2122 3273 procuratoribus,

462 3291 518 3376 qui
548 3291 820 3379 conpromittendi
851 3293 884 3356 in
915 3313 974 3356 nos
1003 3291 1170 3356 habebant
1199 3291 1379 3376 plenariam
1406 3298 1620 3377 potestatem,
1653 3313 1689 3357 se
1721 3313 1818 3377 super
1841 3289 1959 3354 eodem
1983 3292 2122 3376 nogotio

461 3395 590 3480 precise
614 3397 648 3460 in
671 3417 769 3460 manu
792 3402 906 3460 nostra
928 3415 1051 3482 ponere
1068 3394 1268 3476 volentibus,
1292 3393 1376 3459 siout
1398 3416 1457 3480 per
1480 3395 1677 3481 apostolicas
1694 3395 1831 3474 litteras,
1855 3415 1935 3479 quas
1953 3395 2122 3480 imperiali

461 3499 658 3564 excellentie
675 3499 890 3581 destinamus,
912 3498 1038 3584 poteris
1062 3497 1241 3578 informari,
1267 3498 1365 3563 talem
1389 3506 1577 3585 poteramus
1601 3500 1704 3584 ipsius
1722 3498 1968 3584 expeditionem
1991 3500 2121 3584 nogotii

2190 1430 2201 1466 b

459 3623 646 3687 procurare,
669 3603 757 3688 quod
780 3603 822 3669 ad
836 3611 949 3668 votum
973 3609 1006 3667 et
1029 3602 1186 3668 honorem
1203 3604 1410 3688 imperatoris
1428 3602 1576 3668 eiusdem
1600 3603 1685 3667 sicut
1708 3602 1868 3667 oredimus
1886 3600 2119 3669 redundasset.
2185 3627 2196 3662 t

460 3703 519 3770 Set
542 3707 727 3793 superbiis
752 3729 927 3794 processus
950 3706 1067 3771 haberi
1090 3727 1154 3770 non
1177 3707 1301 3792 potuit,
1333 3708 1494 3793 premissa
1520 3705 1607 3771 dioto
1637 3705 1744 3771 iudice
1773 3712 1946 3792 acceptare
1970 3707 2120 3788 nolente,

458 3830 517 3895 pro
541 3831 581 3874 co
604 3810 690 3897 quod
715 3833 815 3898 super
837 3810 899 3874 hoo
922 3817 1019 3896 prout
1042 3811 1184 3875 asseruit
1199 3811 1387 3875 mandatum
1411 3832 1431 3873 a
1454 3811 1601 3897 principe
1626 3831 1691 3874 non
1713 3809 1866 3874 habebat.
1912 3808 1991 3893 Ipse
2015 3811 2120 3874 etiam

459 3918 493 3976 et
515 3911 653 3978 dilectus
677 3914 764 3979 filius
789 3914 965 3979 ..electus
989 3913 1177 3996 Pactensis,
1209 3916 1370 3999 eligentes
1393 3914 1502 4000 potins
1525 3914 1559 3978 in
1589 3914 1650 3978 hac
1673 3920 1766 3998 parte
1790 3913 1934 3978 iamdicti
1957 3915 2119 4000 principis

459 4023 635 4101 expectare
660 4040 855 4105 responsum
879 4040 977 4103 quam
999 4018 1122 4105 aliquid
1146 4018 1262 4084 eodem
1285 4018 1469 4082 inconsulto
1493 4038 1625 4101 gerere,
1649 4018 1825 4081 noluerunt
1849 4039 1946 4103 super
1969 4018 2033 4082 hoo
2058 4020 2119 4083 ali-

461 4118 539 4204 quid
561 4127 745 4207 aceeptare.
791 4122 949 4187 Preterea
972 4123 1043 4208 ipso
1066 4121 1174 4186 iudice
1191 4129 1395 4210 proponente
1413 4143 1519 4186 coram
1545 4121 1650 4202 nobis,
1674 4120 1761 4206 quod
1784 4120 1824 4185 de
1841 4121 2009 4186 voluntate
2033 4121 2116 4186 dicti

457 4223 668 4309 imperatoris
693 4226 864 4306 existeret,
888 4232 925 4289 ut
948 4225 989 4290 ad
1012 4227 1119 4312 ipsum
1137 4226 1296 4291 certitudo
1320 4225 1360 4291 de
1384 4225 1619 4312 compromisso
1644 4226 1730 4290 facto
1755 4224 1985 4312 aLombardis
2007 4247 2116 4312 usquo

456 4324 498 4388 ad
521 4327 670 4412 proximo
699 4329 843 4393 futurum
865 4329 988 4394 tostum
1010 4331 1189 4396 nativitatis
1212 4329 1385 4396 Dominice
1409 4331 1612 4416 perveniret,
1642 4336 1676 4394 et
1699 4351 1825 4394 summa
1847 4329 1963 4414 viginti
1987 4330 2117 4395 milium

456 4450 638 4494 marearum
654 4453 814 4517 expressa
837 4434 871 4497 in
894 4433 1052 4500 arbitrio³
1076 4442 1262 4520 augeretur,
1286 4445 1347 4498 aoa
1370 4441 1516 4499 rectores
1540 4441 1574 4498 et
1594 4434 1731 4498 consilia
1752 4434 1919 4498 civitatum
1943 4434 2117 4500 societatis

456 4531 671 4617 Lombardic,
705 4535 733 4598 si
762 4543 876 4600 eontra
907 4536 1144 4604 ordinationem
1174 4559 1232 4602 seu
1262 4537 1512 4624 dispositionem
1548 4543 1692 4602 nostram
1724 4537 1836 4601 venire
1872 4545 2116 4621 presumerent,

454 4636 527 4721 ipso
556 4635 643 4702 facto
677 4641 874 4704 sententiam
910 4642 1257 4706 excommunicationis
1290 4642 1472 4723 incurrant,
1503 4641 1663 4726 nobisque
1691 4640 1941 4726 disponentibus
1970 4641 2116 4724 qualiter
2186 4669 2197 4706 s

456 4738 542 4801 idem
566 4742 734 4826 negotium
764 4749 878 4829 posset
907 4745 1082 4811 salubriter
1110 4746 1292 4810 terminari:
1326 4747 1457 4812 rediens
1482 4745 1523 4811 de
1547 4745 1710 4811 Teutonis
1741 4767 1855 4810 cursor
1881 4751 1996 4809 noster
2018 4747 2119 4811 nobis

455 4843 642 4930 imperiales
674 4848 824 4912 litteras*
854 4851 1071 4935 presentavit,
1104 4849 1137 4913 in
1168 4851 1286 4936 quibus
1311 4851 1398 4916 inter
1421 4858 1547 4930 cetera,
1579 4871 1642 4935 que
1666 4849 1707 4914 de
1731 4848 1937 4934 imperatoris
1962 4847 2118 4914 eiusdem

453 4969 612 5033 processu
635 4952 807 5036 magnifico
831 4954 1062 5035 narrabantur,
1094 4955 1241 5019 venitin
1263 4955 1422 5036 medium,
1455 4952 1541 5040 qnod
1570 4954 1641 5040 ipso
1665 4953 1705 5018 de
1729 4953 1912 5044 principum
1936 4954 2119 5043 sollempni

454 5053 590 5118 consilio
624 5077 724 5142 snper
753 5056 839 5123 dicto
867 5060 1000 5144 negotio
1032 5081 1067 5123 se
1100 5059 1133 5122 in
1162 5059 1310 5125 manibus
1335 5061 1475 5126 ecclesie
1499 5060 1628 5145 precise
1657 5063 1813 5143 poneret,
1843 5057 1936 5120 iuxta
1959 5079 2118 5146 compro-

452 5156 545 5221 missi
567 5158 705 5225 formam
726 5182 824 5246 quam
847 5163 880 5228 in
904 5163 1025 5229 Tuscia
1048 5165 1233 5250 recepimus
1257 5165 1297 5229 ab
1322 5165 1438 5236 eodem
1447 5165 1469 5246 ⁵,
1494 5165 1540 5228 ita
1562 5169 1672 5228 tamen
1696 5161 1782 5248 quod
1806 5162 1914 5247 ipsum
1938 5166 2118 5248 negotium
2172 5194 2200 5234 no

557 5419 580 5485 ⁸)
599 5437 629 5470 ac
647 5422 702 5488 ipso
721 5425 787 5475 facto
806 5424 838 5475 Il.

555 5538 582 5606 l)
603 5539 761 5595 licerinum.
831 5541 859 5608 2)
883 5541 1093 5604 lbeodericum:
1112 5544 1148 5613 cs.
1166 5561 1193 5598 u.
1214 5547 1277 5598 656.
1347 5543 1376 5611 3)
1394 5541 1505 5596 Sciteo
1524 5542 1598 5611 quod
1612 5559 1692 5612 popu
1712 5541 1921 5604 a.1233,1un.
1944 5547 1960 5596 5
1981 5545 2023 5612 [n.
2046 5551 2120 5618 531]

446 5627 611 5782 psrop'ulcpgg.
631 5717 679 5766 m
696 5626 725 5748 lp
745 5629 815 5695 Aug.
834 5631 870 5680 t’d
888 5627 1244 5695 dat085B61mnr-Ficltsr,
1264 5629 1333 5700 Ray.
1352 5628 1431 5683 Frid.
1451 5629 1494 5698 II,
1513 5645 1539 5682 n.
1558 5633 1643 5683 2107.
1723 5627 1751 5695 5)
1770 5645 1795 5680 o.
1814 5631 1893 5696 1234,
1912 5629 1988 5699 Sept.
2009 5634 2122 5703 dotans,-
