4596 6406
778 397 978 458 EPISTOLAE
996 401 1186 460 SELECTAE.
1217 405 1292 461 1238.
1797 409 1861 476 619

212 579 246 638 ct
277 571 423 639 locorum
459 574 655 641 commercia
686 576 856 659 interdici,
890 600 928 644 ao
965 579 1137 645 universos
1171 581 1308 646 clericos
1340 581 1573 668 cuiuscumque
1604 585 1773 672 religionis
1804 586 1859 652 vel

213 677 333 743 ordinis
350 678 390 744 de
415 680 546 745 civitate
570 681 642 766 ipsa
664 681 756 746 exire
779 685 969 771 compellas,
993 706 1053 748 sex
1076 684 1245 749 dumtaxat
1268 686 1502 769 sacerdotibus,
1526 688 1631 754 tribus
1648 689 1689 756 de
1701 690 1858 756 Prodica-

214 791 319 847 torum
352 790 386 848 et
419 784 524 849 tribus
558 785 599 849 dc
635 785 796 851 Minomrn
830 788 965 852 fratrum
1002 788 1186 868 ordinibus,
1225 790 1347 854 relictis
1380 791 1518 870 ibidem,
1553 793 1609 878 qui
1642 795 1856 880 penitentiam

213 886 425 952 morientibus
450 895 483 952 ot
498 890 641 974 parvulis
657 889 821 975 baptisma
838 891 1034 972 ministrent,
1057 893 1185 957 adeam
1201 895 1387 959 nullatenus
1412 898 1576 961 reversuri
1598 897 1722 984 absque
1746 907 1860 964 nostra

213 989 347 1054 lieentia
370 992 522 1077 speciali3
545 992 802 1058 contradictores
826 1002 888 1062 etc.

319 1111 394 1175 Dat.
417 1112 569 1178 Lateran.
614 1112 666 1177 ΙΙΙ
688 1114 736 1179 ld.
759 1113 891 1180 anuar.
915 1138 1000 1182 anno
1022 1117 1205 1183 undecimo.

997 1587 1081 1660 lit).

319 1700 509 1810 Gregorius
537 1725 593 1792 IX
615 1749 702 1808 popa
728 1725 768 1792 R.
792 1727 829 1791 dc
851 1728 974 1809 Supina
1001 1697 1219 1811 crucesignato,
1242 1730 1353 1794 rectori
1374 1729 1505 1795 drrmtns
1527 1730 1704 1813 Spolctnni‚
1738 1733 1793 1814 qni
1815 1732 1858 1796 nd

219 1832 458 1898 Vitcrbionsinm
492 1832 670 1913 snpnnbinm
703 1832 919 1896 conterendam
956 1837 1062 1915 sponte
1098 1853 1129 1896 sc
1165 1835 1323 1913 (attulerit,
1351 1835 1477 1914 palmeam
1499 1854 1627 1900 snorum
1643 1836 1859 1918 preconcinunt

213 1937 336 2000 nonium
359 1935 505 2019 indulget.
1507 1944 1601 2019 1238,
1623 1940 1698 2008 Ian.
1722 1945 1773 2005 16.

317 2055 400 2128 Grcy.
419 2058 468 2112 IX
485 2057 552 2128 ch.
577 2057 632 2111 Vol.
654 2057 686 2126 V,
707 2061 775 2124 349,·
792 2058 856 2112 Lib.
875 2058 930 2122 XI,
951 2062 1014 2112 355.

464 2251 694 2325 ..nobili
719 2251 824 2324 viro
852 2251 896 2323 R.
925 2251 979 2324 de
1006 2251 1216 2344 Supinoa
1244 2254 1614 2346 crucesignato,

680 2375 865 2448 rectori
891 2373 1155 2466 Spoletani
1181 2375 1405 2449 ducatus,

321 2523 403 2589 Cum
427 2525 504 2589 olim
528 2524 568 2589 de
592 2524 725 2610 superni
749 2523 964 2609 dispositione
989 2509 1117 2588 consilii
1141 2546 1199 2610 pro
1223 2522 1370 2589 subsidio
1395 2523 1495 2589 Terre
1520 2523 1641 2589 Sancte
1665 2547 1731 2590 non
1753 2523 1859 2589 solum

212 2635 332 2692 terram
361 2630 548 2715 relinquens
573 2635 624 2692 set
651 2649 825 2715 personam
849 2628 947 2692 etiam
976 2627 1114 2693 devotus
1138 2650 1307 2714 exponens
1331 2629 1372 2693 de
1402 2628 1551 2694 menibus
1581 2629 1702 2694 nostris
1733 2647 1859 2692 assum-

211 2733 317 2818 pseris
341 2733 468 2818 signum
493 2733 608 2808 crucis,
632 2754 669 2796 ac
692 2732 899 2818 postmodum
923 2739 1056 2819 propter
1079 2733 1254 2797 instantem
1282 2734 1514 2799 necessitatem
1544 2733 1673 2819 imperii
1696 2731 1856 2797 Romania

209 2857 327 2920 magno
351 2836 529 2900 discrimini
554 2836 752 2902 subiacentis
776 2837 817 2901 ad
841 2838 1127 2902 commonitionem
1149 2844 1294 2902 nostram
1316 2838 1349 2900 in
1366 2837 1548 2903 subsidium
1565 2836 1712 2903 eiusdem
1730 2835 1858 2922 imperii

208 2948 319 3003 votum
354 2939 538 3005 huiusmodi
572 2940 705 3005 duxeris
743 2940 1022 3018 commutandum,
1061 2950 1095 3005 et
1124 2962 1208 3005 nunc
1239 2948 1403 3026 tamquam
1429 2941 1568 3006 devotus
1596 2941 1736 3006 ecclesie
1767 2940 1855 3003 lilius

209 3044 316 3107 illatas
346 3066 366 3107 a
387 3043 654 3110 viterbiensibus
687 3045 820 3109 iniurias
852 3045 992 3109 ecclesie
1020 3045 1116 3108 matri
1138 3052 1193 3108 tue
1218 3065 1281 3108 non
1305 3046 1417 3110 valeus
1441 3047 1660 3132 equanimiter
1682 3045 1855 3124 sustinere,

208 3147 249 3211 ad
273 3148 400 3212 illorum
424 3149 611 3234 superbiam
635 3148 865 3213 conterendam
888 3155 1004 3236 sponte
1027 3148 1184 3214 obtuleris
1208 3150 1435 3236 temetipsum:
1458 3171 1518 3215 nos
1542 3151 1604 3214 zcli
1623 3150 1670 3214 tui
1691 3148 1854 3213 fervorem

215 3249 323 3334 dignis
363 3253 396 3317 in
424 3253 565 3318 Domino
602 3252 753 3319 laudibus
792 3252 1058 3318 commendantes
1096 3273 1134 3316 ac
1171 3260 1409 3338 prosequentes
1448 3253 1631 3319 actionibus
1671 3252 1859 3338 gratiarum,

210 3356 340 3439 plenam
364 3356 423 3421 tibi
445 3365 574 3423 tuorum
598 3359 834 3444 peccaminum,
858 3357 1033 3441 dequibus
1056 3358 1218 3422 veraciter
1245 3357 1342 3423 corde
1366 3357 1527 3422 contritus
1551 3364 1584 3421 et
1607 3377 1664 3420 ore
1688 3355 1858 3419 confessus

210 3480 257 3540 es,
280 3461 409 3524 veniam
432 3461 648 3546 indulgemus,
679 3463 819 3527 similem
841 3462 1004 3526 universis
1033 3482 1109 3527 vere
1133 3461 1358 3549 penitentibus
1390 3469 1423 3527 et
1457 3459 1627 3540 confessis,
1660 3459 1714 3543 qui
1749 3466 1859 3522 tecum

210 3563 439 3629 collaborando
463 3567 495 3629 in
519 3566 704 3631 huiusmodi
727 3567 884 3653 obsequio
909 3587 1028 3652 sponso
1046 3566 1165 3632 Christi
1182 3566 1394 3648 decesserint,
1416 3566 1652 3651 indulgentiam
1669 3564 1860 3649 largientes.

316 3686 381 3750 Dat
403 3687 556 3752 lrateran.
579 3687 679 3752 XVll
701 3687 776 3752 Kal.
799 3688 980 3766 Februarii,
1003 3710 1088 3754 anno
1112 3689 1171 3754 XI.

831 3935 1240 3942 ——-—-—.—-—-—-—-—-—-

996 4179 1082 4253 721.
1180 4183 1184 4198 ¹

316 4289 506 4404 Gregorius
528 4317 583 4385 IX
601 4341 687 4402 papa
713 4316 861 4405 [Uffcni]
882 4318 1110 4400 archiepiscopo
1131 4315 1298 4382 Lundcnsi
1323 4321 1353 4382 ct
1374 4315 1542 4404 [Niceten]
1572 4317 1710 4400 episcopo
1731 4313 1858 4382 Restit-

208 4429 297 4494 clcnsn'
312 4427 477 4509 significat,
499 4423 777 4508 [Wnlclomorum]
792 4443 891 4505 regem
907 4421 1074 4486 Damon-nm
1095 4437 1164 4486 osc
1179 4422 1337 4504 petivisse,
1360 4426 1395 4486 nt
1411 4442 1473 4502 pro
1486 4421 1649 4486 concordio
1671 4421 1754 4484 inter
1775 4440 1860 4504 repes

207 4533 373 4598 Dacorum
397 4534 425 4594 ct
448 4529 576 4593 Solonas
597 4526 801 4614 reformando
823 4525 983 4608 quandum
1004 4531 1125 4606 ncptcm
1146 4546 1236 4590 stram
1259 4525 1453 4611 Blcrnimo]
1475 4525 1547 4589 duci
1569 4523 1785 4601 Pomcrnninc,
1808 4525 1860 4588 cni

206 4637 311 4702 canlcm
334 4637 369 4698 in
391 4637 503 4715 quarto
530 4633 634 4715 gradu
660 4633 793 4695 ottincro
815 4631 949 4708 dicotur,
971 4631 1007 4692 in
1030 4631 1263 4694 matrimonium
1286 4631 1420 4694 tribucre
1442 4628 1503 4694 sibi
1524 4629 1634 4706 licent,·
1655 4625 1787 4692 mandet
1808 4627 1858 4707 iis,

206 4745 241 4805 nt
263 4739 299 4803 dc
321 4738 371 4802 ln's
392 4737 551 4800 acritatem
573 4735 749 4815 inquirunt.
1505 4734 1598 4811 1238,
1622 4731 1697 4797 Ian.
1720 4733 1773 4798 29.

131 4881 157 4920 ao
314 4859 395 4925 Gran.
414 4856 463 4910 IX
479 4855 546 4925 Res.
570 4853 626 4906 Vol.
648 4852 680 4921 V,
700 4857 756 4906 355
763 4872 772 4919 ;
790 4853 852 4906 Lib.
872 4853 929 4916 XI,
949 4857 1015 4905 380.

312 4945 446 5010 Pottltnst,
465 4943 533 5011 Req.
551 4944 648 4995 10512.

468 5192 478 5210 .
512 5192 520 5209 .
549 5132 916 5226 archiepiscopo
944 5133 1191 5207 Lundensi
1220 5138 1265 5206 et
1293 5187 1300 5201 .
1330 5188 1339 5206 .
1368 5130 1601 5224 episcopo

870 5254 1203 5328 Roskssdeusi

314 5404 490 5472 Karissimi
521 5406 553 5469 in
579 5404 709 5470 Christo
741 5404 799 5468 lilii
832 5403 935 5468 nostri
972 5403 1171 5468 ..illustris
1204 5401 1293 5486 regis
1314 5399 1482 5464 Danoruur
1511 5400 1597 5464 locta
1625 5418 1738 5463 coram
1761 5397 1857 5462 nobis

129 5535 154 5574 ns
206 5513 322 5599 petitio
347 5509 551 5590 continebat,
583 5509 668 5595 quod
700 5530 774 5574 cum
807 5508 892 5572 inter
924 5509 1011 5572 clarc
1038 5505 1194 5570 memorie
1226 5525 1321 5588 reges
1345 5503 1513 5568 Danorum
1543 5525 1583 5568 ex
1606 5509 1698 5589 parte
1730 5522 1795 5566 una
1821 5507 1857 5564 ct

1255 5647 1324 5654 =----
1336 5645 1749 5654 ,-.,....---.---..-.-...-..---

312 5653 390 5660 -....--.
412 5655 430 5658 -
446 5655 457 5658 -
472 5653 543 5659 --.-..-
563 5655 567 5658 .
588 5655 607 5658 -
625 5654 697 5660 ---.-
726 5655 796 5660 -.---
812 5651 1044 5658 -.—..--.—...--

314 5737 336 5802 ¹)
355 5738 437 5804 Supini
456 5737 487 5788 n.

1601 5821 1651 5876 ld*
