4494 6426
715 329 919 396 rsrrsroms
938 332 1126 391 sunnonis.
1165 337 1238 390 raso.
1747 343 1806 404 loa

156 505 392 572 subdiaconum
420 513 453 570 et
481 505 687 591 capellanum
715 513 880 587 nostrum,
913 509 968 592 qui
990 529 1056 572 non
1086 509 1194 574 minus
1217 511 1352 575 esttibi
1375 531 1472 596 quam
1495 511 1635 576 ecclesie
1658 511 1806 576 Romane

155 608 311 690 devotus,
339 610 438 673 immo
462 609 516 694 qui
540 614 629 673 totus
652 615 703 673 cst
725 615 818 690 tuus,
847 610 925 674 illuc
949 609 1115 677 destinare
1143 614 1344 695 curavimus,
1372 620 1409 677 ut
1439 615 1548 678 omnia
1569 614 1727 681 decenter
1748 636 1809 701 per

157 714 228 779 eius
251 711 505 777 sollicitudinem
529 711 781 797 complerentur,
806 718 839 776 ct
862 714 938 796 quia
962 714 1140 778 secundum
1164 723 1310 781 tenorem
1334 717 1499 803 privilegii
1523 713 1622 805 super
1643 717 1705 782 hoc
1730 717 1808 782 facti

157 818 243 882 inter
266 815 440 882 ecclesiam
464 821 497 878 ct
515 813 691 899 imperium
711 813 839 877 fodrum
860 815 967 900 ipsum
989 837 1054 880 non
1070 816 1170 881 debet
1192 819 1256 882 nisi
1279 840 1338 905 per
1353 819 1485 885 nuntios
1502 821 1643 887 ecclesie
1659 819 1807 886 Romane

93 952 106 988 a
158 919 290 1006 requiri.
334 916 436 984 Porro
460 918 675 1002 imperatores
698 916 838 980 Romani
868 918 1053 982 huiusmodi
1076 921 1324 1006 procurationes
1353 944 1412 986 seu
1433 922 1562 988 fodrum
1585 923 1719 1009 exigere
1742 945 1808 988 non

155 1023 280 1088 habent
302 1032 380 1109 pera
401 1020 598 1084 Maritimam
622 1019 675 1083 vel
698 1018 928 1105 Campaniam,
952 1042 1025 1085 cum
1048 1044 1109 1107 par
1131 1030 1241 1108 partes
1263 1025 1337 1090 illas
1360 1046 1426 1090 non
1447 1027 1484 1090 fit
1506 1048 1618 1110 eorum
1641 1027 1808 1107 transitus,

156 1125 285 1212 quando
309 1124 349 1188 ad
366 1145 518 1189 coronam
535 1123 680 1203 veniunt,
704 1123 757 1187 vel
773 1123 903 1208 quando
927 1124 969 1187 ad
984 1126 1116 1211 propria
1132 1135 1350 1209 revertuntur,
1374 1137 1409 1193 et
1431 1130 1459 1193 si
1476 1131 1531 1215 qui
1554 1129 1615 1196 hec
1632 1128 1807 1216 aliquando

156 1235 353 1317 receperunt
375 1227 416 1292 ad
440 1225 658 1292 invadendum
682 1247 818 1311 regnum
842 1227 953 1292 Sicilie
976 1228 1190 1310 anhelantes,
1214 1251 1280 1295 non
1303 1231 1428 1296 iustitia
1452 1239 1504 1298 set
1526 1233 1684 1298 violentia
1706 1235 1808 1298 inter-

156 1334 257 1400 venit.
314 1329 380 1397 Sed
409 1338 443 1396 et
473 1331 502 1395 si
530 1330 592 1395 hoc
621 1329 769 1395 debiturn
797 1337 902 1411 esset,
932 1331 1070 1396 deberet
1099 1339 1209 1397 tamen
1239 1355 1298 1419 per
1326 1336 1459 1400 nuntios
1490 1337 1631 1402 ecclesie
1661 1335 1808 1401 Romane

158 1437 297 1523 requiri,
328 1436 421 1499 iuxta
454 1441 602 1499 tenorcm
636 1434 800 1520 privilegii
833 1436 1015 1499 memorati.
1068 1435 1137 1500 Nos
1168 1443 1277 1501 tamen
1307 1437 1369 1502 hec
1398 1439 1485 1504 circa
1516 1460 1691 1526 personam
1719 1445 1809 1504 tuam

156 1542 290 1606 minime
326 1537 554 1617 attendentes,
592 1543 643 1601 set
676 1537 825 1601 volantes
860 1558 880 1601 a
914 1539 1034 1602 nostris
1064 1560 1192 1604 omnem
1227 1541 1289 1605 tibi
1319 1540 1599 1607 honorificentiam
1629 1542 1811 1608 liberaliter

158 1644 319 1725 exhiberi,
342 1642 384 1708 ad
407 1649 519 1728 partes
541 1641 614 1705 illas
635 1639 815 1704 direximus
836 1640 991 1705 dilectum
1015 1641 1116 1706 filium
1139 1649 1286 1707 nostrum
1309 1644 1348 1708 R.
1367 1644 1479 1710 Sancti
1494 1643 1615 1731 Angcli
1638 1645 1809 1710 diaconum

157 1747 367 1827 cardinalem,
392 1746 445 1831 qui
469 1745 529 1810 tibi
552 1753 605 1808 est
626 1744 762 1830 speciali
778 1743 900 1808 affectu
924 1753 957 1808 ct
980 1745 1154 1810 dovotione
1171 1747 1372 1829 coniunctus,
1397 1755 1430 1814 et
1446 1750 1501 1834 qui
1515 1750 1615 1814 totius
1631 1747 1810 1834 Campania

157 1875 196 1919 ac
220 1852 382 1918 Maritima
406 1857 514 1915 rector
536 1849 663 1930 existit,
696 1849 842 1912 iniuncto
866 1847 989 1928 cidem,
1018 1857 1055 1912 ut
1084 1848 1211 1914 l'odrum
1235 1857 1268 1916 et
1292 1873 1421 1920 omnem
1444 1852 1726 1917 honorificentiam
1749 1849 1810 1914 tibi

158 1956 282 2021 faceret
297 1953 443 2019 studiose
468 1975 507 2018 ao
523 1953 699 2037 diligenter
714 1952 869 2038 impendi.
915 1951 959 2016 Et
981 1974 1058 2018 ecce
1073 1954 1213 2040 receptis
1230 1961 1285 2020 tue
1302 1957 1544 2040 magnificentie
1561 1956 1679 2020 litteris
1703 1954 1811 2019 eidem

160 2058 317 2125 cardinali
339 2079 399 2143 per
422 2057 544 2143 scripta
565 2065 678 2120 nostra
700 2055 852 2120 dedimus
875 2057 909 2119 in
931 2056 1109 2130 mandatis,
1139 2064 1176 2120 ut
1207 2057 1252 2122 ita
1278 2058 1465 2144 provideat,
1496 2059 1583 2144 quod
1613 2059 1722 2122 omnia
1751 2057 1811 2121 tibi

159 2163 206 2228 sic
222 2161 443 2227 exhibeantur
464 2158 664 2246 adplenum,
687 2180 728 2224 nc
751 2159 837 2224 ullus
853 2161 958 2246 possit
974 2161 1111 2225 inveniri
1128 2160 1287 2243 defectus,
1311 2169 1366 2228 tue
1384 2161 1570 2227 celsitudini
1586 2168 1809 2248 protestantes

158 2289 219 2331 nos
242 2265 303 2330 hec
324 2264 434 2329 facere
456 2285 523 2328 non
548 2286 590 2329 ex
613 2262 725 2329 debito
752 2271 802 2328 set
825 2285 868 2329 ex
891 2265 1027 2351 speciali
1050 2265 1156 2350 gratia
1178 2273 1212 2329 ct
1234 2266 1361 2330 sincere
1386 2266 1530 2331 caritatis
1554 2266 1684 2330 affectu.

265 2385 341 2450 Dat.
364 2385 517 2451 Lataran.
539 2383 594 2449 ΙΙΙ
617 2383 694 2449 Idus
718 2383 893 2451 Decembr.
917 2405 1001 2449 anno
1026 2385 1149 2469 quinto.

949 2871 1032 2945 155.

271 2986 459 3079 Honorias
473 3012 541 3078 III
551 3033 641 3093 papa
656 3011 836 3096 Montano]
851 3011 964 3076 Sancti
978 3013 1094 3096 Aapclr'
1116 3013 1245 3078 diacono
1259 3016 1421 3081 cardinali
1441 3015 1580 3093 amadat,
1602 3017 1638 3078 at
1651 3014 1815 3079 Friderico

161 3121 374 3188 Romanorum
402 3115 584 3198 imparatam
619 3115 767 3196 notificat,
801 3115 883 3196 qaod
907 3114 1034 3194 {odram
1064 3137 1124 3196 por·
1151 3116 1353 3182 Maritimam
1379 3123 1408 3183 ct
1439 3119 1647 3200 Campaniam
1680 3119 1710 3183 ar'
1740 3119 1816 3182 dari

161 3222 357 3290 enodaverit
378 3239 443 3285 aaa
463 3239 503 3284 ca
524 3217 624 3282 debito
644 3217 699 3282 aed
719 3237 759 3282 aa
780 3217 910 3300 spectati
929 3219 1047 3300 pratia.
1461 3224 1555 3301 1220,
1577 3220 1652 3296 Dcc,
1676 3225 1728 3286 11.

264 3343 338 3397 Hora
357 3341 412 3394 111
425 3339 496 3410 Ray.
519 3338 574 3392 Vct.
594 3340 652 3404 111,
670 3341 721 3405 453
739 3337 803 3392 Ia'b.
827 3337 856 3402 V,
874 3342 939 3392 232.

265 3431 400 3494 Petraea,
418 3426 489 3498 Rea.
509 3428 591 3481 6435.

237 3644 284 3719 R.
311 3641 467 3719 Sancti
493 3639 655 3732 Angeli
682 3638 873 3712 diacono
903 3637 1144 3729 cardinali,
1172 3638 1408 3732 Campania
1434 3640 1741 3733 Maritimeque

895 3759 1070 3832 rectori.

272 3910 474 3976 Karissimus
497 3909 531 3973 in
554 3907 684 3971 Christo
707 3907 794 3971 filius
818 3915 929 3972 noster
951 3907 1155 3990 Fridcricus,
1185 3907 1407 3972 Romanorum
1430 3907 1609 3994 imperator
1631 3915 1664 3973 et
1687 3929 1818 3996 semper

164 4022 324 4102 augustus
347 4021 381 4080 et
401 4034 462 4077 rex
486 4010 608 4091 Sicilie,
632 4009 789 4098 quasdam
811 4011 906 4075 nobis
929 4011 1056 4076 litteras
1080 4011 1266 4092 destinavit,
1290 4012 1324 4076 in
1347 4011 1465 4098 quibus
1487 4011 1653 4077 insinuare
1676 4011 1816 4093 videtur,

164 4119 253 4206 quod
283 4118 316 4183 in
341 4115 545 4182 exhibitione
578 4113 662 4179 fodri
686 4113 865 4200 Campania
895 4136 934 4180 ac
965 4115 1128 4180 Maritima
1160 4115 1224 4180 sibi
1251 4115 1350 4201 digne
1380 4136 1444 4180 non
1473 4097 1572 4179 fuerit
1603 4115 1817 4198 satisfactum,

166 4243 320 4289 asserens
343 4219 430 4306 quod
459 4218 501 4284 ad
522 4217 781 4304 recolligendum
810 4218 939 4284 iodrum
966 4220 1074 4305 ipsum
1107 4219 1299 4305 magistrum
1323 4218 1504 4284 Iohannem
1532 4219 1694 4283 notarium
1723 4240 1817 4283 suum

165 4337 200 4394 et
223 4327 428 4414 Stephanum
451 4323 622 4389 Tiniosum
646 4324 772 4387 curarit
794 4345 855 4409 per
878 4322 1091 4410 Campaniam
1115 4329 1148 4387 et
1170 4323 1368 4387 Maritimam
1398 4321 1573 4387 destinare.
1620 4320 1706 4386 Sane
1729 4327 1818 4386 tuam

166 4431 329 4497 credimus
352 4450 450 4494 nosse
474 4426 691 4514 prudentiam,
714 4425 901 4491 huiusmodi
922 4425 1051 4491 fodrum
1074 4426 1231 4491 Romanis
1255 4425 1507 4512 imperatoribus
1530 4425 1741 4512 aCampanis
1764 4425 1818 4490 vel

165 4533 384 4600 Maritimanis
407 4553 473 4597 non
496 4530 625 4612 deberi,
658 4552 731 4596 cum
762 4538 873 4617 partas
905 4531 978 4596 illas
1001 4533 1140 4596 transire
1163 4551 1228 4595 non
1251 4530 1412 4612 habeant,
1440 4531 1505 4596 nisi
1532 4530 1615 4596 forte
1645 4552 1704 4617 pro
1730 4529 1818 4594 facto

165 4638 261 4723 regni
285 4636 416 4717 Sicilie,
450 4634 490 4699 ad
513 4633 600 4719 quod
623 4634 672 4698 eis
694 4655 759 4698 non
785 4632 886 4698 debet
908 4633 1044 4698 anobis
1066 4635 1119 4699 vel
1142 4634 1263 4698 nostris
1291 4634 1648 4714 auxilium-exhiberi,
1679 4639 1712 4699 et
1741 4634 1819 4698 licet

85 4777 112 4812 :a
167 4761 281 4807 eorum
305 4740 407 4825 aliqui
429 4737 603 4824 aliquando
626 4737 755 4802 fodrum
778 4738 886 4823 ipsum
910 4738 1119 4818 extorserint,
1143 4738 1219 4802 dum
1242 4737 1283 4802 ad
1305 4736 1524 4802 invadendum
1547 4759 1685 4822 regnum
1710 4737 1817 4823 ipsum

164 4844 261 4910 aride
283 4851 508 4932 properarent,
531 4863 596 4906 non
619 4848 728 4906 tamen
752 4841 876 4906 iustitia
900 4848 951 4907 set
973 4842 1130 4907 violantia
1151 4842 1340 4907 intervenit.
1384 4841 1538 4926 Denique
1562 4841 1590 4904 si
1613 4839 1818 4927 sepedictum

165 4949 295 5015 fodrum
318 4948 358 5012 de
382 4948 453 5012 iura
476 4946 556 5033 ipsis
571 4946 823 5033 imperatoribus
839 4945 1025 5027 deberetur,
1048 4967 1114 5011 non
1137 4946 1273 5012 deberet
1289 4952 1399 5010 tamen
1414 4943 1538 5030 requiri
1560 4943 1625 5007 nisi
1646 4963 1705 5028 per
1729 4941 1817 5007 sedis

164 5052 345 5140 apostolica
361 5051 503 5132 nuntios,
526 5056 623 5138 prout
641 5050 850 5136 privilegium
873 5071 972 5137 super
986 5051 1171 5116 huiusmodi
1193 5049 1294 5116 fodris
1318 5047 1461 5114 factumb
1479 5047 1566 5112 inter
1588 5046 1763 5112 ecclesiam
1786 5052 1820 5110 et

166 5155 340 5243 imperium
380 5154 579 5221 manifestat.
646 5152 791 5240 Ideoque
828 5152 1016 5218 discretioni
1052 5160 1107 5218 tue
1147 5175 1207 5239 per
1246 5152 1429 5239 apostolica
1463 5151 1585 5236 scripta
1617 5148 1819 5227 mandamus,

90 5289 116 5324 a
169 5259 322 5344 quatinus
344 5258 406 5323 hcc
430 5259 540 5322 omnia
563 5256 671 5323 eidem
695 5257 884 5343 imperatori
907 5256 1084 5343 prudenter
1107 5263 1141 5322 ct
1163 5256 1338 5342 diligenter
1359 5274 1549 5341 exponens,
1574 5252 1637 5316 sibi
1660 5253 1819 5331 notifices,

168 5361 256 5447 quod
278 5361 405 5426 fodrum
421 5361 528 5448 ipsum
551 5383 611 5447 par
624 5360 822 5427 Maritimam
845 5367 879 5425 et
896 5359 1108 5447 Campaniam
1132 5360 1196 5424 sibi
1219 5359 1288 5424 dari
1306 5357 1532 5424 mandarimus
1555 5376 1621 5420 non
1644 5376 1686 5421 ex
1708 5355 1820 5421 debito

276 5637 298 5704 ⁵)
316 5639 343 5690 in
361 5639 393 5690 a.
475 5636 498 5704 1’)
518 5639 591 5691 sactis
608 5638 641 5690 a.
