4448 6420
701 243 901 302 EPIS'POLAE
918 246 1108 305 SELEC'I'AE.
1144 250 1219 306 1226.
1729 258 1791 320 227

136 424 322 502 compareat,
353 419 551 486 estidolorum
578 418 685 484 abbati
706 419 947 504 Ntornturqcaso‘
974 441 1069 504 super
1091 421 1218 488 ᾱαηιηὶε
1239 424 1269 488 oi
1290 426 1320 488 ot
1341 427 1530 492 monasterio
1550 427 1619 492 cius
1639 427 1791 511 irrogatis

135 524 275 590 tratiaco
296 525 557 605 consolamentum.
1456 531 1550 608 1226,
1574 530 1646 595 Ian.
1670 533 1701 594 4.

238 642 312 697 Hor.
329 643 388 698 111
401 643 470 713 Req.
494 643 551 698 Vol.
569 641 601 708 V,
619 645 687 704 134,·
708 641 768 697 Lio.
789 643 826 708 X,
844 647 910 698 298.

557 909 565 924 .
595 913 604 930 .
631 854 999 948 Msgdeburgsnsi
1027 856 1380 952 archiepiscopo.

243 1005 440 1093 Expoueute
468 1004 589 1071 dilecto
612 1006 679 1070 lilio
710 1005 830 1070 abbate
853 1004 1117 1091 Nicmburgcnse
1141 1008 1344 1094 accepimus,
1375 1007 1461 1094 quod
1490 1018 1586 1074 cum*
1610 1010 1791 1077 secuudum

137 1110 262 1175 indulta
289 1109 488 1175 monasterio
516 1130 575 1174 suo
604 1131 624 1174 a
652 1108 731 1174 sede
762 1109 944 1195 apostolica
975 1109 1149 1195 privilegia
1178 1110 1282 1176 libere
1313 1111 1378 1176 sibi
1407 1112 1507 1178 liceat
1537 1113 1663 1199 eligere
1694 1134 1792 1199 quem

137 1213 277 1279 volucrit
307 1211 517 1293 advocatum,
547 1219 583 1276 tu
611 1218 725 1277 eontra
752 1212 927 1298 privilegia
957 1213 1030 1298 ipsa
1061 1213 1214 1294 veniens,
1247 1211 1472 1278 advocatiamb
1497 1214 1577 1280 dicti
1599 1216 1791 1282 monasterii

137 1316 303 1383 contulisti
329 1321 364 1381 et
393 1315 523 1380 confers
554 1335 613 1400 pro
644 1321 701 1380 tue
731 1315 825 1379 libito
855 1315 1032 1380 voluntatis
1061 1315 1095 1378 in
1125 1335 1257 1380 enorme
1285 1337 1380 1380 suum
1411 1323 1445 1382 et
1476 1317 1580 1404 ipsius
1602 1318 1794 1384 monasterii

138 1420 378 1486 detrimentum.
423 1418 581 1483 Pretcrea
605 1439 678 1483 cum
700 1417 786 1483 hone
809 1419 967 1483 memorie
991 1415 1235 1505 W[icmannus]
1261 1417 1478 1505 predecessor
1500 1427 1576 1485 tuus
1599 1421 1792 1508 permutati-

140 1544 236 1588 onem
258 1521 419 1609 quandam
443 1522 588 1608 iniquam
612 1542 685 1586 cum
708 1521 821 1586 inclite
838 1519 1075 1586 recordationis
1091 1520 1266 1586 Frederico
1290 1522 1487 1608 imperatore
1512 1523 1632 1589 fecisse
1655 1523 1793 1607 dicatur,

137 1624 325 1710 recipiendo
348 1625 389 1690 ab
412 1625 484 1711 ipso
500 1625 735 1690 monasterium
758 1631 791 1690 et
815 1624 846 1688 ei
870 1631 1011 1688 castrum
1027 1623 1190 1709 quoddam
1214 1631 1248 1690 et
1270 1625 1335 1690 alia
1352 1625 1493 1711 quedem
1516 1625 1549 1690 in
1566 1628 1792 1693 concambium

137 1726 322 1814 tribuendo,
344 1735 389 1809 tu,
413 1727 582 1793 innitendo
606 1728 839 1814 permutationi
854 1726 1042 1792 huiusmodi
1065 1727 1160 1811 quasi
1182 1727 1283 1808 licite,
1306 1729 1543 1794 monasterium
1567 1729 1686 1816 ipsum,
1709 1737 1793 1795 tam-

138 1852 233 1917 quam
257 1837 313 1898 tue
335 1832 496 1896 uoluntati
519 1832 716 1919 expositum,
740 1832 837 1912 villis,
862 1831 995 1911 mansis,
1018 1830 1206 1895 hominibus
1231 1831 1378 1896 strabus
1402 1831 1477 1897 aliis
1500 1839 1614 1896 contra
1635 1833 1793 1898 iustitiam

139 1933 305 2020 spoliasti,
339 1935 507 1999 translatis
539 1936 573 1999 in
601 1936 834 2022 imperatorem
864 1934 996 2020 spoliis,
1026 1955 1067 1999 nc
1095 1934 1170 2021 ipsa
1197 1956 1391 2022 recuperare
1420 1934 1531 2000 ualeat
1560 1937 1794 2002 monasterium

138 2044 371 2121 memoratum,
393 2038 479 2124 quod
502 2046 539 2103 tu
562 2045 595 2104 et
618 2037 789 2104 iamdictus
813 2037 1031 2124 predecessor
1054 2044 1147 2118 tuus,
1182 2038 1266 2102 siout
1288 2038 1375 2104 idem
1398 2039 1501 2104 abbas
1523 2039 1658 2120 asserit,
1683 2045 1796 2127 preter

137 2138 285 2226 predicta
311 2142 423 2206 multis
449 2142 615 2230 dampnis,
651 2143 777 2208 iniuriis
807 2149 842 2208 et
869 2141 1114 2228 gravaminibus
1143 2141 1291 2208 affecisti.
1342 2141 1438 2208 Unde
1474 2143 1666 2230 suppliciter
1698 2143 1796 2230 petiit

136 2243 243 2308 dictus
276 2243 394 2326 abbas,
426 2251 463 2310 ut
491 2246 674 2312 faceremus
707 2247 771 2311 sibi
807 2267 906 2333 super
938 2245 1002 2311 hiis
1038 2246 1072 2310 in
1106 2252 1220 2311 nostra
1247 2247 1416 2332 presentia
1444 2248 1603 2313 iustitiam
1633 2247 1794 2312 exhiberi.

138 2347 300 2422 Quocirca
321 2348 524 2432 mandamus,
551 2351 706 2436 quatinus
728 2371 832 2437 usquc
856 2348 896 2414 ad
915 2355 1048 2414 octavas
1072 2350 1178 2413 sancti
1191 2348 1325 2414 Martini
1347 2349 1498 2436 proximo
1522 2355 1689 2430 venturas,
1713 2370 1794 2434 quas

138 2450 197 2515 tibi
219 2451 394 2517 terminum
416 2455 673 2541 peremptorium
696 2454 877 2540 affigimus,
907 2474 967 2539 per
994 2458 1026 2517 te
1056 2453 1110 2518 rel
1142 2459 1390 2538 procuratorem
1418 2452 1571 2519 idoneum
1602 2473 1794 2538 compareas

67 2587 90 2625 oo
140 2576 250 2620 coram
272 2555 378 2638 uobis,
402 2557 608 2624 exhibiturus
632 2579 731 2645 super
753 2557 909 2645 predictis
931 2562 1113 2622 memorato
1136 2556 1249 2621 abbati
1271 2556 1396 2622 iustitie
1420 2556 1705 2643 complementum.

247 2675 323 2742 Dat.
345 2676 498 2745 Laterau.
522 2679 557 2744 ΙΙ
579 2679 692 2745 Nonas
713 2679 810 2760 Iunii,
833 2698 918 2744 anno
945 2675 1084 2742 decimo.

769 2945 1176 2953 ——m

928 3197 1014 3272 300.

251 3313 440 3409 Heraeus
461 3339 528 3406 ιιι
539 3361 629 3422 papa
650 3338 781 3403 mera
809 3337 953 3402 rorata
981 3340 1011 3401 er
1032 3336 1168 3403 aanor
1189 3333 1319 3400 marae
1334 3335 1385 3401 -ao
1408 3335 1538 3403 aare
1556 3335 1746 3416 perosos
1768 3337 1797 3398 a

142 3448 257 3514 decom
285 3447 421 3515 saraae
443 3443 575 3509 Marino
601 3441 645 3506 od
673 3441 804 3508 &odos
836 3440 1030 3507 Coerenses
1059 3439 1179 3517 scribit,
1212 3457 1245 3502 sc
1273 3437 1495 3523 [Hermanno]
1520 3438 1660 3519 episcopo
1681 3435 1798 3502 Horti»

139 3553 262 3634 polcrmi
284 3549 462 3627 rodomum,
484 3551 520 3612 ut
540 3546 581 3611 alr
602 3545 831 3626 archiepiscopo
853 3543 1043 3627 Mopwrtino
1064 3542 1302 3623 metropolitano
1330 3560 1387 3606 suo
1408 3544 1533 3606 vocatum
1561 3539 1605 3605 ud
1633 3539 1799 3605 concilium

67 3678 98 3716 ss
143 3656 247 3720 venire
269 3674 333 3719 noro
354 3655 493 3736 cogatur,
523 3672 592 3716 oum
614 3649 827 3732 malefactores
848 3648 916 3713 cius
938 3648 1125 3730 sauguinem
1147 3646 1278 3725 stimat·
1304 3645 1348 3709 ud
1377 3645 1536 3726 querelam
1563 3647 1668 3708 tamen
1697 3642 1799 3708 orchi-

143 3757 276 3839 episcopi
296 3775 329 3822 sc
352 3757 392 3822 ra
413 3755 582 3834 amariore,
604 3757 640 3817 at
660 3753 829 3834 inquirant
850 3752 1024 3829 recitatae,
1049 3754 1079 3816 ot
1099 3750 1130 3816 st
1150 3749 1346 3833 cognoverint
1368 3746 1598 3830 indulgentiam
1617 3766 1675 3827 por
1694 3746 1799 3829 falsas

144 3861 378 3926 minorationes
399 3863 560 3938 extortam,
584 3879 653 3923 cam
674 3859 823 3924 revocent.
872 3854 921 3936 Cf.
944 3875 977 3922 a.
999 3855 1074 3920 285.
1467 3853 1562 3930 1226,
1584 3849 1659 3916 Iun.
1684 3849 1714 3914 5.

247 3981 321 4036 Hou.
339 3978 478 4049 1111309.
502 3979 559 4034 Vol.
583 3977 614 4043 V,
633 3975 780 4044 1313111'b.
802 3975 839 4045 Χ,
857 3979 923 4031 288.

248 4065 384 4137 Pottltusl,
404 4067 473 4138 1329.
495 4069 579 4121 7583.

45 4312 97 4353 a«,
152 4280 405 4357 ..maioris
426 4279 631 4356 ,ecclesie
667 4283 708 4353 et
736 4334 745 4352 .
776 4333 784 4350 .
814 4276 974 4351 Sancte
1004 4273 1139 4350 Marte
1176 4275 1231 4348 sd
1270 4271 1442 4347 Gradus
1475 4267 1724 4363 prepositis
1760 4272 1801 4341 et

364 4459 373 4477 .
402 4455 411 4473 .
438 4400 603 4474 decano
631 4398 790 4473 Sancte
817 4397 955 4472 Mario
982 4396 1037 4470 ad
1065 4393 1240 4469 Gradus
1269 4389 1576 4472 coloniensis.

256 4549 466 4636 Significante
497 4549 575 4614 olim
602 4547 697 4613 nobis
718 4545 901 4613 venerabili
928 4546 1029 4611 fratrc
1059 4549 1171 4609 nostro
1194 4592 1201 4607 .
1226 4592 1234 4607 .
1257 4540 1493 4628 Herbipolensi
1515 4539 1688 4627 episcopo,
1715 4534 1802 4624 quod

151 4677 221 4722 eum
251 4653 381 4742 quidam
408 4653 470 4718 riri
499 4653 693 4738 sanguinum
725 4651 870 4737 regionis
907 4651 995 4715 illius
1029 4670 1103 4714 cum
1134 4667 1247 4713 eorum
1278 4643 1491 4731 complicibus
1522 4642 1608 4707 bone
1644 4639 1801 4706 memorie

153 4756 361 4846 Olouradum]
389 4764 633 4824 antecessorem
662 4763 696 4821 et
724 4754 1005 4840 consanguineum
1038 4752 1111 4818 eius
1145 4750 1244 4837 impie
1272 4747 1488 4827 occidissent,
1523 4745 1587 4831 ipsi
1622 4763 1696 4809 cum
1731 4748 1802 4807 tota

33 4865 90 4912 ³⁵
152 4863 352 4947 posteritate,
373 4867 471 4948 prout
491 4860 648 4947 exigebat
668 4859 853 4924 immanitas
874 4878 1041 4938 excessus,
1064 4856 1150 4921 iuste
1173 4851 1289 4941 puniti,
1312 4872 1373 4918 nec
1395 4856 1506 4914 tamen
1529 4844 1726 4932 compuncti,
1751 4849 1804 4909 sat

152 4964 190 5030 od
212 4964 444 5032 effundendum
467 4964 660 5050 sanguinem
683 4963 891 5028 innocentem
913 4960 1093 5026 rabidiores
1117 4958 1245 5038 effecti,
1276 4973 1502 5022 successorem
1529 4949 1632 5016 occisi
1660 4946 1802 5035 predicti

153 5068 298 5155 episcopi
330 5075 482 5155 patruum
515 5066 665 5133 occidere
693 5071 945 5152 attemptsrunt,
979 5069 1113 5150 propter
1147 5061 1235 5148 quod
1269 5064 1401 5125 coactus
1432 5056 1494 5122 luit
1523 5050 1802 5139 Herbipolensem

153 5169 303 5238 deserere
331 5172 512 5254 civitatem,
542 5177 576 5238 et
603 5170 734 5234 illorum
764 5168 860 5233 bonis
889 5167 931 5232 ad
962 5167 1045 5232 alios
1067 5164 1229 5230 devolutis
1261 5163 1324 5250 ipsi
1352 5181 1426 5226 cum
1453 5178 1565 5225 eorum
1587 5155 1682 5236 liliis,
1714 5173 1803 5218 oom-

154 5275 290 5362 plicibus
313 5283 347 5343 et
369 5276 483 5342 amicis
510 5272 741 5340 invindictam
771 5289 880 5338 rerum
910 5271 1140 5337 ammisssrum
1169 5268 1273 5354 ipsius
1303 5262 1468 5352 episcopi,
1498 5260 1553 5347 qui
1581 5256 1802 5345 predictorum

1229 5423 1355 5431 ..C-..u-

256 5541 278 5606 ·)
296 5555 355 5590 cum
373 5537 441 5592 daeo
459 5538 489 5588 lt.
575 5537 597 5602 Ι’)
616 5539 767 5588 aduocatum
787 5533 818 5584 R.
1547 5609 1599 5664 W
