4576 6390
719 383 919 447 erraneam
936 385 1126 449 esemona.
1162 388 1239 448 raas.
1478 477 1480 480 .
1744 393 1807 463 sao

151 556 420 650 archiepiscopus
445 557 565 629 dicitur
587 561 799 653 impetrasse,
828 571 866 630 nt
893 566 1004 632 nullus
1033 567 1066 632 in
1089 567 1199 654 ipsum
1222 572 1333 654 preter
1354 567 1501 654 legatum
1524 590 1544 634 a
1566 571 1678 636 nostro
1702 569 1806 636 latere

151 664 350 732 destinatum
373 669 600 754 suspensionis
617 669 670 733 vel
693 670 1040 735 excommunicationis
1065 673 1263 750 sententiam
1286 673 1356 738 sine
1382 673 1519 758 speciali
1541 673 1694 738 mandato
1718 672 1807 738 sedis

151 770 333 856 apostolice
355 770 477 836 audeat
499 773 719 859 promulgare.
766 773 860 846 Quod
884 775 1000 839 sinon
1024 795 1138 852 omnes
1162 781 1225 840 eto.

260 889 337 956 Dat.
359 891 525 973 Laterani,
548 891 634 956 VIII
655 892 735 957 Idus
758 891 855 975 Iunii,
879 916 963 960 anno
988 897 1139 981 septimo.
1194 977 1196 982 ι

771 1135 1183 1144 -———·-·——-————-——n

938 1361 1024 1435 533.

258 1469 448 1581 arnae
469 1497 526 1564 rx
539 1520 631 1580 papa
648 1500 792 1567 aaran
813 1500 851 1564 a
864 1501 1024 1584 marcere
1045 1501 1161 1581 scats,
1180 1501 1329 1583 quemne
1349 1523 1389 1566 a
1409 1503 1582 1589 [caefae
1603 1503 1684 1590 ΠΙ]
1705 1505 1807 1570 arcae

151 1602 287 1685 episcopi
308 1601 494 1684 Mogontiaci
515 1607 544 1667 at
566 1603 728 1689 [Conradi
749 1603 809 1688 Il]
836 1605 971 1686 wascopi
992 1605 1260 1670 Hildaslremensis
1285 1611 1316 1671 et
1341 1608 1442 1688 ipsias
1471 1608 1584 1673 titteris
1611 1608 1648 1672 de
1675 1608 1808 1673 inacti-

151 1726 257 1771 coram
278 1703 583 1771 abominationum
604 1707 749 1771 turbatas
770 1708 824 1787 sit,
846 1709 934 1789 eique
955 1708 1099 1786 maadnt,
1122 1711 1158 1772 at
1179 1713 1288 1773 contra
1309 1729 1359 1774 eos
1380 1711 1560 1791 spiritantia
1581 1715 1612 1774 et
1631 1713 1807 1777 muricide

151 1809 253 1894 ploda'i
268 1810 454 1890 potestatem
475 1808 607 1874 advocet.
1451 1815 1545 1894 1233,
1568 1814 1643 1880 Iun.
1668 1818 1720 1883 10.

257 1926 339 1996 Grec.
356 1927 406 1980 IX
422 1927 490 1998 Rep.
515 1929 571 1982 Vol.
590 1931 642 1998 IV,
662 1927 862 1995 51-52;L1'o.
887 1930 949 1994 VII,
968 1933 1030 1985 173.

256 2015 392 2080 Pottbnst,
411 2014 480 2084 Bac.
499 2018 580 2070 9226.

312 2227 518 2320 Magistro
547 2229 750 2302 Conrado
779 2230 829 2302 de
855 2230 1082 2320 Morbuah,
1109 2230 1382 2323 predicatori
1409 2230 1530 2304 verbi
1557 2230 1644 2305 Dei.

261 2378 289 2444 Ο
321 2379 459 2443 altitudo
488 2379 674 2444 divitiarum
703 2379 863 2464 sapientie
897 2386 930 2444 et
959 2379 1096 2444 scientie
1119 2379 1199 2461 Dei,
1229 2401 1326 2466 quam
1357 2380 1703 2467 incomprehensibilia
1730 2387 1806 2446 sunt
1823 2390 1964 2487 ffiffiqss³³

152 2482 271 2547 iudicia
294 2483 365 2548 eius
392 2490 425 2549 et
446 2482 695 2568 investigabiles
718 2483 770 2546 vie
802 2483 885 2548 eius!
924 2482 1005 2555 Quis
1037 2484 1125 2547 enim
1155 2485 1306 2569 cognovit
1338 2504 1471 2548 sensum
1493 2481 1628 2548 Domini
1655 2489 1712 2548 aut
1733 2485 1805 2570 quis
1928 2475 1934 2486 ⁸

153 2587 359 2652 consiliarius
383 2587 454 2652 eins
477 2586 561 2651 fuit?
591 2593 627 2651 nt
656 2607 730 2651 cum
758 2587 880 2650 iamin
903 2592 1084 2672 conspectu
1106 2587 1176 2651 eins
1202 2593 1314 2652 nostre
1339 2587 1598 2673 computruerint
1623 2587 1805 2668 cicatrices,

153 2711 226 2760 cnm
249 2691 438 2775 iniquitates
461 2696 573 2756 nostre
597 2696 710 2755 nostra
732 2689 799 2754 sint
821 2689 931 2776 capita
953 2710 1178 2775 supergresso,
1201 2710 1276 2754 cum
1300 2689 1537 2775 refrigescente
1563 2689 1700 2756 caritate
1722 2691 1805 2754 mul-

152 2800 260 2859 torum
300 2794 455 2880 iniquitas
490 2794 555 2858 iam
587 2792 773 2874 habundet,
807 2793 949 2858 humane
987 2792 1184 2857 conditionis
1224 2793 1390 2858 miseriam
1423 2799 1473 2857 tot
1502 2813 1650 2858 errorum
1679 2793 1805 2878 laqueis

152 2897 295 2982 patitur*
313 2897 444 2978 irretiri,
469 2903 518 2962 tot
541 2896 772 2962 adversionum
795 2897 957 2980 contagiis
978 2896 1145 2977 maculari,
1169 2896 1256 2982 quod
1271 2897 1365 2961 multi
1381 2893 1567 2982 despectisb
1582 2893 1671 2980 Syon
1686 2896 1805 2961 finibus

153 3001 286 3065 excelsa
299 2999 446 3066 Samarie
464 2999 735 3080 conscendentes,
760 3020 836 3064 snos
859 2999 976 3063 liniant
998 2999 1141 3086 parietes
1157 2999 1317 3064 bitumine
1333 2999 1521 3083 dogmatum
1534 2999 1680 3064 heretice
1695 2999 1805 3085 pravi-

152 3104 245 3183 tatis,
269 3124 334 3167 non
357 3110 511 3169 verentes
533 3103 614 3168 illud
636 3103 805 3168 incurrere
829 3102 1055 3168 maledictum:
1080 3102 1158 3184 ‘Ve,
1181 3103 1236 3188 qui
1260 3101 1446 3189 despiciunt
1469 3101 1559 3188 Syon
1582 3109 1616 3167 et
1639 3101 1806 3167 confidunt
1822 3124 1944 3178 amoses.

153 3206 187 3269 in
210 3207 353 3272 excelsis
377 3206 546 3288 Samarie',
575 3205 740 3271 dicentes:
772 3205 857 3270 ‘Non
887 3213 939 3271 est
966 3206 1063 3270 nobis
1091 3227 1168 3292 pars
1191 3206 1225 3269 in
1247 3204 1343 3269 domo
1366 3204 1474 3269 David
1496 3227 1558 3271 neo
1580 3204 1748 3271 hereditas
1771 3206 1806 3270 in
1823 3223 1908 3280 aaa.
1923 3233 1979 3282 aar.

152 3310 218 3374 tilio
246 3308 349 3374 Ysai'.
401 3309 525 3375 Verum
557 3309 717 3373 bonorum
752 3314 845 3373 actor
880 3315 913 3374 et
950 3307 1045 3373 dator
1079 3309 1239 3388 omnium,
1272 3307 1381 3372 sciens
1409 3307 1496 3393 quod
1525 3306 1737 3394 diligentibus
1769 3329 1805 3372 se

153 3413 264 3477 omnia
286 3419 503 3500 cooperantur
525 3413 559 3477 in
581 3412 713 3493 bonum,
736 3433 802 3476 non
823 3418 860 3476 nt
883 3411 1054 3475 scientiam
1078 3409 1142 3475 sibi
1164 3432 1223 3498 per
1239 3411 1477 3495 experientiam
1494 3417 1708 3498 compareret,
1733 3432 1806 3475 oum

152 3513 307 3581 universa
328 3517 456 3582 noverit
479 3522 512 3581 et
534 3513 714 3602 previderit
737 3515 778 3579 ab
809 3521 942 3595 eterno,
976 3513 1034 3580 sed
1058 3521 1094 3578 ut
1116 3536 1176 3579 nos
1201 3513 1241 3580 de
1263 3520 1376 3579 nostra
1398 3515 1519 3579 virtute
1543 3516 1596 3579 vel
1618 3515 1807 3580 infirmitate

153 3619 307 3686 redderet
330 3621 487 3684 certiores
509 3626 543 3684 et
566 3617 658 3683 daret
680 3618 820 3703 intelligi
842 3618 989 3704 plenius,
1019 3617 1074 3703 qui
1102 3624 1179 3682 sunt
1201 3619 1288 3700 eins,
1316 3616 1585 3704 pseudochristos
1608 3625 1642 3684 et
1662 3617 1806 3705 pseudo·
1824 3639 1979 3692 astartae.

153 3723 331 3810 prophetas
355 3723 441 3788 circa
469 3722 581 3787 mundi
608 3743 779 3808 vesperam
809 3728 842 3786 et
870 3721 1028 3808 temporis
1058 3722 1262 3786 senescentis
1292 3742 1445 3785 occasum
1473 3721 1599 3785 futuros
1627 3743 1702 3787 esse
1729 3742 1806 3808 pre-

154 3825 247 3905 dixit,
271 3831 305 3891 et
328 3824 443 3890 doctor
464 3827 616 3911 egregins
644 3825 831 3912 profitetur:
865 3824 1016 3910 ‘Oportet
1039 3845 1113 3889 esse
1136 3823 1288 3905 hereses,
1317 3831 1354 3888 ut
1387 3824 1442 3911 qui
1471 3823 1601 3910 probati
1631 3830 1707 3888 sunt
1728 3823 1808 3888 fiant
1824 3843 1979 3895 roenna

152 3929 385 3994 nichilominus
408 3929 594 3994 manifesti'.
640 3927 730 3992 Sane
745 3928 985 3993 venerabilium
1007 3926 1142 3991 fratrum
1159 3933 1345 3992 nostrorum
1362 3978 1369 3992 .
1387 3975 1395 3991 .
1412 3925 1654 4013 archiepiscopi
1666 3925 1806 4011 Magun-

153 4034 214 4098 tini
237 4040 302 4099 et.
326 4081 333 4096 .
356 4032 620 4098 Hildesemensis
651 4032 797 4118 episcopi
828 4053 866 4095 ao
897 4031 960 4095 tuis
989 4031 1122 4112 litteris,
1151 4029 1267 4116 grandi
1296 4051 1424 4096 merore
1451 4029 1558 4118 plenis
1590 4036 1624 4095 et
1646 4029 1807 4094 immenso

154 4137 267 4202 dolore
299 4158 364 4201 non
398 4135 525 4217 vacuis,
558 4156 657 4220 super
688 4134 987 4198 abominationibus
1023 4133 1225 4219 quorundam
1264 4135 1483 4201 hereticorum
1516 4131 1611 4198 nobis
1650 4132 1807 4196 exhibitis

155 4241 253 4305 solita
273 4240 478 4324 benignitate
501 4239 655 4324 receptis,
678 4259 734 4302 cor
756 4245 904 4302 nostrum
924 4238 1071 4323 elanguit
1093 4259 1152 4324 pre
1170 4245 1313 4325 stupore,
1338 4237 1470 4302 turbata
1492 4241 1545 4302 est
1566 4236 1675 4300 anima
1696 4241 1807 4301 nostra

151 4343 257 4424 valde,
280 4342 434 4408 inebriati
456 4364 568 4407 snmus
591 4340 756 4406 absinthio
789 4347 824 4406 et
852 4362 945 4406 mens
972 4347 1085 4406 nostra
1113 4340 1383 4407 amaritudinibus
1407 4346 1460 4407 est
1482 4340 1624 4426 repleta,
1654 4340 1806 4425 quoniam

151 4446 257 4511 hostis
279 4446 370 4510 misit
391 4445 433 4510 ad
456 4443 691 4511 desiderabilia
712 4465 843 4508 manum
873 4465 965 4508 suam
997 4451 1030 4510 et
1058 4444 1099 4508 ad
1129 4444 1219 4509 illam
1247 4444 1398 4509 infelices
1420 4443 1572 4508 homines
1594 4443 1806 4528 ignominiam

151 4549 315 4637 passionis
343 4548 496 4630 adduxit,
525 4555 561 4613 ut
591 4547 670 4612 talia
691 4547 892 4634 dampnabili
914 4539 1158 4635 presumptione
1183 4547 1395 4628 committant,
1419 4567 1482 4633 qne
1505 4545 1615 4612 dicere
1637 4545 1749 4633 pudet,
1773 4552 1807 4611 et

152 4655 278 4718 utinam
301 4673 358 4716 eos
380 4651 502 4739 pudeat
525 4651 745 4718 commisisse!
779 4650 806 4715 O
831 4658 954 4737 quanto
978 4650 1090 4716 dolore
1113 4651 1298 4732 turbamur,
1321 4672 1340 4714 o
1363 4656 1485 4736 quanta
1507 4649 1692 4716 turbatione
1715 4649 1806 4714 dole-

155 4778 238 4838 mus,
261 4777 334 4820 cum
358 4755 517 4840 sangnine
541 4753 663 4818 Christi
686 4754 873 4840 redemptos
892 4753 1042 4819 andimus
1065 4775 1085 4818 a
1106 4754 1236 4820 diabolo
1252 4755 1358 4820 teneri
1373 4755 1537 4841 captivos!
1562 4753 1642 4826 Quis
1658 4751 1699 4818 tle
1716 4759 1808 4818 taum

155 4858 352 4924 contumelia
381 4855 548 4922 Crantoris
576 4856 698 4943 poterit
727 4877 793 4920 non
822 4856 939 4921 irasci?
977 4857 1058 4930 Quis
1088 4856 1128 4921 de
1157 4863 1250 4921 tanta
1278 4856 1396 4921 iniuria
1422 4856 1653 4943 Redemptoris
1686 4856 1808 4943 poterit

153 4984 219 5026 non
243 4960 399 5027 accendit
427 4961 499 5034 Que
521 4960 603 5024 ultio
626 4958 667 5024 de
690 4959 878 5025 huiusmodi
900 4960 1134 5046 pestilentibus
1157 4967 1270 5047 posset
1296 4959 1381 5024 sumi
1404 4960 1571 5025 sufficiens
1593 4961 1664 5024 sive
1686 4959 1806 5044 digna?

155 5064 327 5146 Ceterum,
357 5065 434 5129 licet
456 5083 575 5149 magna
601 5063 645 5126 sit
673 5085 784 5128 eorum
809 5065 960 5128 contritio
983 5065 1075 5130 velut
1104 5085 1211 5145 mare,
1246 5064 1389 5130 scientes
1411 5069 1522 5128 tamen
1545 5060 1632 5148 quod
1661 5081 1728 5126 non
1757 5066 1808 5125 est
1824 5077 1972 5130 manans.

153 5169 323 5234 abreviata
344 5188 460 5231 manns
477 5165 622 5242 Domini,
645 5172 681 5229 ut
704 5166 831 5231 salvare
855 5187 920 5230 non
943 5173 1059 5253 posset
1082 5173 1115 5232 et
1139 5188 1324 5253 excoquere
1339 5164 1380 5230 ad
1395 5184 1513 5251 pamm
1529 5163 1670 5228 scoriam
1687 5183 1806 5228 eorun-
1824 5181 1862 5224 as.
1878 5186 1933 5234 aar.

76 5295 104 5333 co
156 5273 231 5338 dem
254 5277 287 5336 et
310 5291 406 5334 omne
430 5277 598 5354 stegnnm⁰
620 5269 765 5350 auferre,
789 5269 1018 5356 compatiendo
1042 5292 1085 5336 ex
1108 5271 1223 5335 intimo
1247 5269 1353 5334 cordis
1378 5288 1479 5354 snper
1500 5265 1694 5332 contritione
1716 5267 1806 5353 ipso·
1824 5283 1862 5326 m.
1877 5289 1931 5334 ras.

155 5397 227 5440 rum
249 5372 434 5461 prevalida,
463 5393 504 5437 ne
528 5371 624 5436 nobis
645 5373 756 5438 valeat
777 5374 944 5460 imputari,
977 5373 1066 5459 quod
1088 5394 1161 5439 earn
1185 5374 1411 5459 circumligare
1434 5369 1672 5435 correctionum
1695 5369 1806 5435 fasciis
1824 5385 1862 5428 ns.
1879 5389 1918 5437 ιι.

262 5669 286 5736 ·)
303 5669 341 5720 ita
358 5667 390 5721 R.
473 5666 496 5733 l’)
515 5670 628 5740 despecti
646 5668 679 5720 Ii.
765 5666 788 5736 ε)
805 5669 823 5721 i.
841 5685 861 5721 a
880 5676 1010 5721 namnum.
