<?xml version="1.0" encoding="UTF-8"?>
<!DOCTYPE html PUBLIC "-//W3C//DTD XHTML 1.0 Transitional//EN"
    "http://www.w3.org/TR/xhtml1/DTD/xhtml1-transitional.dtd">
<html xmlns="http://www.w3.org/1999/xhtml" xml:lang="en" lang="en">
 <head>
  <title>
</title>
<meta http-equiv="Content-Type" content="text/html;charset=utf-8" />
  <meta name='ocr-system' content='tesseract 3.04.00' />
  <meta name='ocr-capabilities' content='ocr_page ocr_carea ocr_par ocr_line ocrx_word'/>
</head>
<body>
  <div class='ocr_page' id='page_1' title='image "./monumentagerman00peipgoog/monumentagerman00peipgoog_0144.png"; bbox 0 0 4494 6426; ppageno 0'>
   <div class='ocr_carea' id='block_1_1' title="bbox 707 341 1222 398">
    <p class='ocr_par' dir='ltr' id='par_1_1' title="bbox 707 341 1222 398">
     <span class='ocr_line' id='line_1_1' title="bbox 707 341 1222 398; baseline 0 0"><span class='ocrx_word' id='word_1_1' title='bbox 707 343 907 398; x_wconf 70' lang='lat' dir='ltr'>belunenen</span> <span class='ocrx_word' id='word_1_2' title='bbox 924 341 1114 398; x_wconf 77' lang='lat' dir='ltr'>SELEC&#39;PAE.</span> <span class='ocrx_word' id='word_1_3' title='bbox 1149 344 1222 398; x_wconf 75' lang='lat'>1221.</span> 
     </span>
    </p>
   </div>
   <div class='ocr_carea' id='block_1_2' title="bbox 504 643 1431 738">
    <p class='ocr_par' dir='ltr' id='par_1_2' title="bbox 504 643 1431 738">
     <span class='ocr_line' id='line_1_2' title="bbox 504 643 1431 738; baseline -0.002 -17"><span class='ocrx_word' id='word_1_4' title='bbox 504 704 513 721; x_wconf 92' lang='lat'><strong>.</strong></span> <span class='ocrx_word' id='word_1_5' title='bbox 543 703 551 720; x_wconf 91' lang='lat'>.</span> <span class='ocrx_word' id='word_1_6' title='bbox 586 645 817 738; x_wconf 85' lang='lat' dir='ltr'>preposito</span> <span class='ocrx_word' id='word_1_7' title='bbox 847 649 889 718; x_wconf 88' lang='lat' dir='ltr'>ct</span> <span class='ocrx_word' id='word_1_8' title='bbox 915 646 1120 737; x_wconf 85' lang='lat' dir='ltr'>capitulo</span> <span class='ocrx_word' id='word_1_9' title='bbox 1148 643 1431 720; x_wconf 87' lang='lat' dir='ltr'>Nortusensi.</span> 
     </span>
    </p>
   </div>
   <div class='ocr_carea' id='block_1_3' title="bbox 63 779 1793 2842">
    <p class='ocr_par' dir='ltr' id='par_1_3' title="bbox 63 779 1793 2842">
     <span class='ocr_line' id='line_1_3' title="bbox 250 779 1793 884; baseline 0.002 -24"><span class='ocrx_word' id='word_1_10' title='bbox 250 797 332 861; x_wconf 87' lang='lat' dir='ltr'>Cum</span> <span class='ocrx_word' id='word_1_11' title='bbox 349 797 424 860; x_wconf 91' lang='lat' dir='ltr'>olim</span> <span class='ocrx_word' id='word_1_12' title='bbox 444 803 509 860; x_wconf 88' lang='lat' dir='ltr'>tam</span> <span class='ocrx_word' id='word_1_13' title='bbox 524 818 543 859; x_wconf 89' lang='lat' dir='ltr'>a</span> <span class='ocrx_word' id='word_1_14' title='bbox 561 796 733 860; x_wconf 86' lang='lat' dir='ltr'>karissimo</span> <span class='ocrx_word' id='word_1_15' title='bbox 750 796 784 858; x_wconf 92' lang='lat' dir='ltr'>in</span> <span class='ocrx_word' id='word_1_16' title='bbox 800 793 929 857; x_wconf 82' lang='lat' dir='ltr'>Christo</span> <span class='ocrx_word' id='word_1_17' title='bbox 945 793 1012 857; x_wconf 91' lang='lat' dir='ltr'>filio</span> <span class='ocrx_word' id='word_1_18' title='bbox 1029 799 1139 882; x_wconf 72' lang='lat' dir='ltr'>nostro</span> <span class='ocrx_word' id='word_1_19' title='bbox 1154 791 1336 873; x_wconf 79' lang='lat' dir='ltr'>FridericO,</span> <span class='ocrx_word' id='word_1_20' title='bbox 1359 779 1580 860; x_wconf 87' lang='lat' dir='ltr'>Romanorum</span> <span class='ocrx_word' id='word_1_21' title='bbox 1596 797 1793 884; x_wconf 80' lang='lat' dir='ltr'><strong>imperatore</strong></span> 
     </span>
     <span class='ocr_line' id='line_1_4' title="bbox 162 896 1792 988; baseline 0 -23"><span class='ocrx_word' id='word_1_22' title='bbox 162 924 273 988; x_wconf 79' lang='lat' dir='ltr'>emper</span> <span class='ocrx_word' id='word_1_23' title='bbox 295 909 434 984; x_wconf 89' lang='lat' dir='ltr'>augusto</span> <span class='ocrx_word' id='word_1_24' title='bbox 459 907 492 964; x_wconf 88' lang='lat' dir='ltr'>et</span> <span class='ocrx_word' id='word_1_25' title='bbox 516 921 592 984; x_wconf 87' lang='lat' dir='ltr'>rege</span> <span class='ocrx_word' id='word_1_26' title='bbox 611 900 733 974; x_wconf 75' lang='lat' dir='ltr'>Sicilie,</span> <span class='ocrx_word' id='word_1_27' title='bbox 758 919 855 984; x_wconf 89' lang='lat' dir='ltr'>quam</span> <span class='ocrx_word' id='word_1_28' title='bbox 879 919 898 961; x_wconf 91' lang='lat' dir='ltr'>a</span> <span class='ocrx_word' id='word_1_29' title='bbox 920 896 1117 981; x_wconf 89' lang='lat' dir='ltr'>quibusdam</span> <span class='ocrx_word' id='word_1_30' title='bbox 1138 897 1394 983; x_wconf 80' lang='lat' dir='ltr'>archiepiscopis</span> <span class='ocrx_word' id='word_1_31' title='bbox 1420 906 1453 962; x_wconf 92' lang='lat' dir='ltr'>ct</span> <span class='ocrx_word' id='word_1_32' title='bbox 1474 900 1649 985; x_wconf 89' lang='lat' dir='ltr'>episcopis,</span> <span class='ocrx_word' id='word_1_33' title='bbox 1672 903 1792 965; x_wconf 88' lang='lat' dir='ltr'>nostris</span> 
     </span>
     <span class='ocr_line' id='line_1_5' title="bbox 143 997 1793 1086; baseline -0.001 -16"><span class='ocrx_word' id='word_1_34' title='bbox 143 1006 259 1070; x_wconf 87' lang='lat' dir='ltr'>luisset</span> <span class='ocrx_word' id='word_1_35' title='bbox 281 1004 415 1068; x_wconf 87' lang='lat' dir='ltr'>auribus</span> <span class='ocrx_word' id='word_1_36' title='bbox 440 1003 634 1084; x_wconf 88' lang='lat' dir='ltr'>intimatum,</span> <span class='ocrx_word' id='word_1_37' title='bbox 657 997 743 1086; x_wconf 90' lang='lat' dir='ltr'>quod</span> <span class='ocrx_word' id='word_1_38' title='bbox 767 1001 909 1064; x_wconf 89' lang='lat' dir='ltr'>ccclesia</span> <span class='ocrx_word' id='word_1_39' title='bbox 932 1007 1042 1064; x_wconf 86' lang='lat' dir='ltr'>vestro</span> <span class='ocrx_word' id='word_1_40' title='bbox 1064 1000 1098 1062; x_wconf 93' lang='lat' dir='ltr'>in</span> <span class='ocrx_word' id='word_1_41' title='bbox 1121 1000 1272 1064; x_wconf 88' lang='lat' dir='ltr'>manibus</span> <span class='ocrx_word' id='word_1_42' title='bbox 1297 1001 1497 1084; x_wconf 89' lang='lat' dir='ltr'>quarundam</span> <span class='ocrx_word' id='word_1_43' title='bbox 1520 1004 1691 1069; x_wconf 83' lang='lat' dir='ltr'>mulierum</span> <span class='ocrx_word' id='word_1_44' title='bbox 1715 1012 1793 1069; x_wconf 86' lang='lat' dir='ltr'>tunc</span> 
     </span>
     <span class='ocr_line' id='line_1_6' title="bbox 85 1099 1792 1190; baseline -0.002 -16"><span class='ocrx_word' id='word_1_45' title='bbox 85 1099 87 1102; x_wconf 36' lang='lat'>¹</span> <span class='ocrx_word' id='word_1_46' title='bbox 143 1107 391 1174; x_wconf 90' lang='lat' dir='ltr'>consistentium</span> <span class='ocrx_word' id='word_1_47' title='bbox 424 1107 457 1169; x_wconf 93' lang='lat' dir='ltr'>in</span> <span class='ocrx_word' id='word_1_48' title='bbox 492 1105 623 1186; x_wconf 87' lang='lat' dir='ltr'>eadem,</span> <span class='ocrx_word' id='word_1_49' title='bbox 658 1125 720 1190; x_wconf 93' lang='lat' dir='ltr'>que</span> <span class='ocrx_word' id='word_1_50' title='bbox 756 1105 855 1168; x_wconf 85' lang='lat' dir='ltr'>vitam</span> <span class='ocrx_word' id='word_1_51' title='bbox 886 1103 1051 1168; x_wconf 79' lang='lat' dir='ltr'>ducebant</span> <span class='ocrx_word' id='word_1_52' title='bbox 1083 1104 1314 1167; x_wconf 90' lang='lat' dir='ltr'>canonicorum</span> <span class='ocrx_word' id='word_1_53' title='bbox 1346 1105 1539 1169; x_wconf 78' lang='lat' dir='ltr'>secularium</span> <span class='ocrx_word' id='word_1_54' title='bbox 1573 1113 1606 1170; x_wconf 89' lang='lat' dir='ltr'>et</span> <span class='ocrx_word' id='word_1_55' title='bbox 1637 1108 1792 1172; x_wconf 88' lang='lat' dir='ltr'>canonice</span> 
     </span>
     <span class='ocr_line' id='line_1_7' title="bbox 141 1206 1792 1295; baseline -0.001 -19"><span class='ocrx_word' id='word_1_56' title='bbox 141 1212 358 1290; x_wconf 82' lang='lat' dir='ltr'>vocabantur,</span> <span class='ocrx_word' id='word_1_57' title='bbox 389 1216 460 1274; x_wconf 85' lang='lat' dir='ltr'>erat</span> <span class='ocrx_word' id='word_1_58' title='bbox 482 1209 528 1273; x_wconf 89' lang='lat' dir='ltr'>ita</span> <span class='ocrx_word' id='word_1_59' title='bbox 551 1210 711 1294; x_wconf 88' lang='lat' dir='ltr'>collapsa,</span> <span class='ocrx_word' id='word_1_60' title='bbox 744 1214 780 1270; x_wconf 91' lang='lat' dir='ltr'>ut</span> <span class='ocrx_word' id='word_1_61' title='bbox 808 1207 874 1270; x_wconf 91' lang='lat' dir='ltr'>illis</span> <span class='ocrx_word' id='word_1_62' title='bbox 899 1206 1117 1270; x_wconf 82' lang='lat' dir='ltr'>existentibus</span> <span class='ocrx_word' id='word_1_63' title='bbox 1148 1207 1194 1270; x_wconf 93' lang='lat' dir='ltr'>ibi</span> <span class='ocrx_word' id='word_1_64' title='bbox 1223 1228 1288 1271; x_wconf 93' lang='lat' dir='ltr'>non</span> <span class='ocrx_word' id='word_1_65' title='bbox 1311 1206 1475 1272; x_wconf 81' lang='lat' dir='ltr'>videretur</span> <span class='ocrx_word' id='word_1_66' title='bbox 1507 1230 1604 1295; x_wconf 90' lang='lat' dir='ltr'>posse</span> <span class='ocrx_word' id='word_1_67' title='bbox 1636 1209 1676 1274; x_wconf 90' lang='lat' dir='ltr'>de</span> <span class='ocrx_word' id='word_1_68' title='bbox 1705 1211 1792 1276; x_wconf 88' lang='lat' dir='ltr'>facili</span> 
     </span>
     <span class='ocr_line' id='line_1_8' title="bbox 141 1310 1793 1397; baseline 0.002 -21"><span class='ocrx_word' id='word_1_69' title='bbox 141 1314 297 1394; x_wconf 84' lang='lat' dir='ltr'>relevari,</span> <span class='ocrx_word' id='word_1_70' title='bbox 329 1334 388 1377; x_wconf 90' lang='lat' dir='ltr'>nos</span> <span class='ocrx_word' id='word_1_71' title='bbox 420 1313 461 1376; x_wconf 92' lang='lat' dir='ltr'>ad</span> <span class='ocrx_word' id='word_1_72' title='bbox 491 1313 679 1375; x_wconf 80' lang='lat' dir='ltr'>instantiam</span> <span class='ocrx_word' id='word_1_73' title='bbox 701 1312 805 1397; x_wconf 87' lang='lat' dir='ltr'>ipsius</span> <span class='ocrx_word' id='word_1_74' title='bbox 829 1311 1035 1396; x_wconf 88' lang='lat' dir='ltr'>imperatoris</span> <span class='ocrx_word' id='word_1_75' title='bbox 1067 1317 1100 1373; x_wconf 87' lang='lat' dir='ltr'>et</span> <span class='ocrx_word' id='word_1_76' title='bbox 1132 1310 1270 1374; x_wconf 89' lang='lat' dir='ltr'>aliorum</span> <span class='ocrx_word' id='word_1_77' title='bbox 1299 1311 1474 1375; x_wconf 90' lang='lat' dir='ltr'>multorum</span> <span class='ocrx_word' id='word_1_78' title='bbox 1497 1314 1678 1378; x_wconf 84' lang='lat' dir='ltr'>venerabili</span> <span class='ocrx_word' id='word_1_79' title='bbox 1700 1314 1793 1379; x_wconf 83' lang='lat' dir='ltr'>fratri</span> 
     </span>
     <span class='ocr_line' id='line_1_9' title="bbox 141 1411 1791 1502; baseline 0.001 -23"><span class='ocrx_word' id='word_1_80' title='bbox 141 1423 254 1480; x_wconf 88' lang='lat' dir='ltr'>nostro</span> <span class='ocrx_word' id='word_1_81' title='bbox 283 1465 289 1479; x_wconf 92' lang='lat'><strong>.</strong></span> <span class='ocrx_word' id='word_1_82' title='bbox 316 1464 323 1479; x_wconf 92' lang='lat'><strong>.</strong></span> <span class='ocrx_word' id='word_1_83' title='bbox 355 1415 626 1501; x_wconf 88' lang='lat' dir='ltr'>archiepiscopo¹</span> <span class='ocrx_word' id='word_1_84' title='bbox 658 1427 692 1479; x_wconf 90' lang='lat' dir='ltr'>et</span> <span class='ocrx_word' id='word_1_85' title='bbox 722 1414 849 1477; x_wconf 89' lang='lat' dir='ltr'>dilectis</span> <span class='ocrx_word' id='word_1_86' title='bbox 880 1413 955 1476; x_wconf 90' lang='lat' dir='ltr'>filiis</span> <span class='ocrx_word' id='word_1_87' title='bbox 986 1411 1025 1476; x_wconf 76' lang='lat' dir='ltr'>G.</span> <span class='ocrx_word' id='word_1_88' title='bbox 1055 1412 1179 1476; x_wconf 88' lang='lat' dir='ltr'>decano</span> <span class='ocrx_word' id='word_1_89' title='bbox 1210 1420 1243 1477; x_wconf 89' lang='lat' dir='ltr'>et</span> <span class='ocrx_word' id='word_1_90' title='bbox 1265 1412 1306 1479; x_wconf 89' lang='lat' dir='ltr'>V.</span> <span class='ocrx_word' id='word_1_91' title='bbox 1338 1412 1458 1481; x_wconf 83' lang='lat' dir='ltr'>Sancte</span> <span class='ocrx_word' id='word_1_92' title='bbox 1488 1417 1592 1482; x_wconf 89' lang='lat' dir='ltr'>Maric</span> <span class='ocrx_word' id='word_1_93' title='bbox 1624 1418 1791 1502; x_wconf 90' lang='lat' dir='ltr'>preposito</span> 
     </span>
     <span class='ocr_line' id='line_1_10' title="bbox 141 1509 1792 1604; baseline 0 -21"><span class='ocrx_word' id='word_1_94' title='bbox 141 1509 419 1604; x_wconf 80' lang='lat' dir='ltr'>hlegdeburgensi</span> <span class='ocrx_word' id='word_1_95' title='bbox 449 1519 597 1582; x_wconf 88' lang='lat' dir='ltr'>dedimus</span> <span class='ocrx_word' id='word_1_96' title='bbox 628 1519 661 1582; x_wconf 95' lang='lat' dir='ltr'>in</span> <span class='ocrx_word' id='word_1_97' title='bbox 690 1517 865 1594; x_wconf 89' lang='lat' dir='ltr'>mandatis,</span> <span class='ocrx_word' id='word_1_98' title='bbox 898 1524 934 1580; x_wconf 92' lang='lat' dir='ltr'>ut</span> <span class='ocrx_word' id='word_1_99' title='bbox 962 1517 1118 1600; x_wconf 87' lang='lat' dir='ltr'>requisito</span> <span class='ocrx_word' id='word_1_100' title='bbox 1149 1538 1248 1602; x_wconf 91' lang='lat' dir='ltr'>super</span> <span class='ocrx_word' id='word_1_101' title='bbox 1271 1517 1332 1581; x_wconf 90' lang='lat' dir='ltr'>hoe</span> <span class='ocrx_word' id='word_1_102' title='bbox 1355 1520 1536 1583; x_wconf 85' lang='lat' dir='ltr'>venerabili</span> <span class='ocrx_word' id='word_1_103' title='bbox 1559 1519 1658 1584; x_wconf 87' lang='lat' dir='ltr'>fratre</span> <span class='ocrx_word' id='word_1_104' title='bbox 1681 1527 1792 1584; x_wconf 87' lang='lat' dir='ltr'>nostro</span> 
     </span>
     <span class='ocr_line' id='line_1_11' title="bbox 80 1619 1791 1708; baseline 0 -22"><span class='ocrx_word' id='word_1_105' title='bbox 80 1653 84 1678; x_wconf 78' lang='grc' dir='ltr'>ι</span> <span class='ocrx_word' id='word_1_106' title='bbox 142 1671 176 1685; x_wconf 90' lang='grc'>..</span> <span class='ocrx_word' id='word_1_107' title='bbox 200 1623 448 1708; x_wconf 87' lang='lat' dir='ltr'>archiepiscopo</span> <span class='ocrx_word' id='word_1_108' title='bbox 465 1623 678 1706; x_wconf 78' lang='lat' dir='ltr'>Maguntin0²</span> <span class='ocrx_word' id='word_1_109' title='bbox 700 1621 875 1685; x_wconf 87' lang='lat' dir='ltr'>diocesano</span> <span class='ocrx_word' id='word_1_110' title='bbox 899 1619 973 1696; x_wconf 89' lang='lat' dir='ltr'>loci,</span> <span class='ocrx_word' id='word_1_111' title='bbox 997 1619 1051 1702; x_wconf 91' lang='lat' dir='ltr'>qui</span> <span class='ocrx_word' id='word_1_112' title='bbox 1075 1640 1169 1682; x_wconf 91' lang='lat' dir='ltr'>suum</span> <span class='ocrx_word' id='word_1_113' title='bbox 1192 1619 1363 1683; x_wconf 86' lang='lat' dir='ltr'>dicebatur</span> <span class='ocrx_word' id='word_1_114' title='bbox 1379 1622 1564 1707; x_wconf 88' lang='lat' dir='ltr'>prestitisse</span> <span class='ocrx_word' id='word_1_115' title='bbox 1586 1644 1791 1701; x_wconf 87' lang='lat' dir='ltr'>consensum,</span> 
     </span>
     <span class='ocr_line' id='line_1_12' title="bbox 139 1721 1790 1812; baseline 0.001 -24"><span class='ocrx_word' id='word_1_116' title='bbox 139 1727 342 1812; x_wconf 87' lang='lat' dir='ltr'>prepositum</span> <span class='ocrx_word' id='word_1_117' title='bbox 366 1747 438 1789; x_wconf 92' lang='lat' dir='ltr'>eum</span> <span class='ocrx_word' id='word_1_118' title='bbox 462 1727 656 1790; x_wconf 88' lang='lat' dir='ltr'>secularium</span> <span class='ocrx_word' id='word_1_119' title='bbox 679 1725 908 1788; x_wconf 89' lang='lat' dir='ltr'>canonicorum</span> <span class='ocrx_word' id='word_1_120' title='bbox 933 1721 1071 1806; x_wconf 91' lang='lat' dir='ltr'>collegio</span> <span class='ocrx_word' id='word_1_121' title='bbox 1095 1723 1159 1786; x_wconf 91' lang='lat' dir='ltr'>loci</span> <span class='ocrx_word' id='word_1_122' title='bbox 1183 1723 1393 1787; x_wconf 86' lang='lat' dir='ltr'>facultatibus</span> <span class='ocrx_word' id='word_1_123' title='bbox 1418 1732 1618 1809; x_wconf 86' lang='lat' dir='ltr'>congruente</span> <span class='ocrx_word' id='word_1_124' title='bbox 1643 1727 1790 1812; x_wconf 90' lang='lat' dir='ltr'>appella·</span> 
     </span>
     <span class='ocr_line' id='line_1_13' title="bbox 139 1825 1792 1912; baseline 0 -19"><span class='ocrx_word' id='word_1_125' title='bbox 139 1831 228 1894; x_wconf 91' lang='lat' dir='ltr'>tione</span> <span class='ocrx_word' id='word_1_126' title='bbox 252 1835 377 1892; x_wconf 87' lang='lat' dir='ltr'>remota</span> <span class='ocrx_word' id='word_1_127' title='bbox 398 1829 607 1893; x_wconf 89' lang='lat' dir='ltr'>instituerent</span> <span class='ocrx_word' id='word_1_128' title='bbox 630 1829 663 1892; x_wconf 92' lang='lat' dir='ltr'>in</span> <span class='ocrx_word' id='word_1_129' title='bbox 686 1828 811 1907; x_wconf 90' lang='lat' dir='ltr'>eadem,</span> <span class='ocrx_word' id='word_1_130' title='bbox 836 1825 984 1891; x_wconf 91' lang='lat' dir='ltr'>eiusdem</span> <span class='ocrx_word' id='word_1_131' title='bbox 1008 1827 1071 1889; x_wconf 91' lang='lat' dir='ltr'>loci</span> <span class='ocrx_word' id='word_1_132' title='bbox 1089 1825 1254 1889; x_wconf 87' lang='lat' dir='ltr'>sororibus</span> <span class='ocrx_word' id='word_1_133' title='bbox 1277 1827 1367 1912; x_wconf 90' lang='lat' dir='ltr'>prius</span> <span class='ocrx_word' id='word_1_134' title='bbox 1390 1829 1423 1891; x_wconf 91' lang='lat' dir='ltr'>in</span> <span class='ocrx_word' id='word_1_135' title='bbox 1447 1829 1520 1892; x_wconf 89' lang='lat' dir='ltr'>aliis</span> <span class='ocrx_word' id='word_1_136' title='bbox 1543 1829 1624 1893; x_wconf 90' lang='lat' dir='ltr'>locis</span> <span class='ocrx_word' id='word_1_137' title='bbox 1649 1850 1792 1912; x_wconf 90' lang='lat' dir='ltr'>congrue</span> 
     </span>
     <span class='ocr_line' id='line_1_14' title="bbox 139 1930 1791 2018; baseline -0.001 -21"><span class='ocrx_word' id='word_1_138' title='bbox 139 1933 341 1997; x_wconf 82' lang='lat' dir='ltr'>collocatis³.</span> <span class='ocrx_word' id='word_1_139' title='bbox 386 1932 499 2018; x_wconf 87' lang='lat' dir='ltr'>Nuper</span> <span class='ocrx_word' id='word_1_140' title='bbox 521 1939 631 1996; x_wconf 87' lang='lat' dir='ltr'>autern</span> <span class='ocrx_word' id='word_1_141' title='bbox 654 1931 741 1996; x_wconf 87' lang='lat' dir='ltr'>idem</span> <span class='ocrx_word' id='word_1_142' title='bbox 764 1930 1030 2015; x_wconf 86' lang='lat' dir='ltr'>archiepiscopus</span> <span class='ocrx_word' id='word_1_143' title='bbox 1055 1937 1088 1993; x_wconf 89' lang='lat' dir='ltr'>et</span> <span class='ocrx_word' id='word_1_144' title='bbox 1119 1931 1189 1993; x_wconf 92' lang='lat' dir='ltr'>eius</span> <span class='ocrx_word' id='word_1_145' title='bbox 1213 1930 1340 2014; x_wconf 89' lang='lat' dir='ltr'>college</span> <span class='ocrx_word' id='word_1_146' title='bbox 1364 1932 1431 1994; x_wconf 88' lang='lat' dir='ltr'>suis</span> <span class='ocrx_word' id='word_1_147' title='bbox 1454 1932 1549 1996; x_wconf 91' lang='lat' dir='ltr'>nobis</span> <span class='ocrx_word' id='word_1_148' title='bbox 1572 1933 1692 1996; x_wconf 88' lang='lat' dir='ltr'>litteris</span> <span class='ocrx_word' id='word_1_149' title='bbox 1715 1933 1791 1995; x_wconf 91' lang='lat' dir='ltr'>inti-</span> 
     </span>
     <span class='ocr_line' id='line_1_15' title="bbox 138 2034 1791 2122; baseline -0.001 -21"><span class='ocrx_word' id='word_1_150' title='bbox 138 2042 284 2114; x_wconf 89' lang='lat' dir='ltr'>marunt,</span> <span class='ocrx_word' id='word_1_151' title='bbox 308 2035 395 2121; x_wconf 92' lang='lat' dir='ltr'>quod</span> <span class='ocrx_word' id='word_1_152' title='bbox 417 2035 496 2121; x_wconf 90' lang='lat' dir='ltr'>ipsi,</span> <span class='ocrx_word' id='word_1_153' title='bbox 519 2035 655 2121; x_wconf 86' lang='lat' dir='ltr'>prefatis</span> <span class='ocrx_word' id='word_1_154' title='bbox 680 2034 844 2098; x_wconf 88' lang='lat' dir='ltr'>sororibus</span> <span class='ocrx_word' id='word_1_155' title='bbox 867 2035 902 2097; x_wconf 93' lang='lat' dir='ltr'>in</span> <span class='ocrx_word' id='word_1_156' title='bbox 925 2034 1006 2097; x_wconf 90' lang='lat' dir='ltr'>locis</span> <span class='ocrx_word' id='word_1_157' title='bbox 1030 2034 1198 2119; x_wconf 89' lang='lat' dir='ltr'>oportunis</span> <span class='ocrx_word' id='word_1_158' title='bbox 1223 2041 1255 2097; x_wconf 91' lang='lat' dir='ltr'>et</span> <span class='ocrx_word' id='word_1_159' title='bbox 1278 2035 1456 2120; x_wconf 87' lang='lat' dir='ltr'>acceptetis</span> <span class='ocrx_word' id='word_1_160' title='bbox 1481 2034 1521 2099; x_wconf 90' lang='lat' dir='ltr'>ab</span> <span class='ocrx_word' id='word_1_161' title='bbox 1545 2036 1625 2122; x_wconf 92' lang='lat' dir='ltr'>ipsis</span> <span class='ocrx_word' id='word_1_162' title='bbox 1649 2057 1791 2120; x_wconf 91' lang='lat' dir='ltr'>congrue</span> 
     </span>
     <span class='ocr_line' id='line_1_16' title="bbox 140 2136 1791 2223; baseline -0.002 -19"><span class='ocrx_word' id='word_1_163' title='bbox 140 2140 325 2218; x_wconf 90' lang='lat' dir='ltr'>collocatis,</span> <span class='ocrx_word' id='word_1_164' title='bbox 358 2159 424 2202; x_wconf 89' lang='lat' dir='ltr'>una</span> <span class='ocrx_word' id='word_1_165' title='bbox 457 2139 626 2202; x_wconf 87' lang='lat' dir='ltr'>dumtaxat</span> <span class='ocrx_word' id='word_1_166' title='bbox 661 2145 819 2223; x_wconf 87' lang='lat' dir='ltr'>excepta,</span> <span class='ocrx_word' id='word_1_167' title='bbox 854 2159 916 2221; x_wconf 91' lang='lat' dir='ltr'>que</span> <span class='ocrx_word' id='word_1_168' title='bbox 953 2136 1160 2222; x_wconf 88' lang='lat' dir='ltr'>impudenter</span> <span class='ocrx_word' id='word_1_169' title='bbox 1198 2137 1385 2202; x_wconf 91' lang='lat' dir='ltr'>huiusmodi</span> <span class='ocrx_word' id='word_1_170' title='bbox 1412 2137 1606 2202; x_wconf 88' lang='lat' dir='ltr'>ordinationi</span> <span class='ocrx_word' id='word_1_171' title='bbox 1638 2139 1791 2204; x_wconf 90' lang='lat' dir='ltr'>reluctari</span> 
     </span>
     <span class='ocr_line' id='line_1_17' title="bbox 141 2241 1791 2326; baseline -0.001 -20"><span class='ocrx_word' id='word_1_172' title='bbox 141 2250 258 2307; x_wconf 91' lang='lat' dir='ltr'>conata</span> <span class='ocrx_word' id='word_1_173' title='bbox 281 2241 365 2305; x_wconf 86' lang='lat' dir='ltr'>dixit</span> <span class='ocrx_word' id='word_1_174' title='bbox 388 2263 424 2306; x_wconf 91' lang='lat' dir='ltr'>se</span> <span class='ocrx_word' id='word_1_175' title='bbox 447 2241 489 2304; x_wconf 89' lang='lat' dir='ltr'>ad</span> <span class='ocrx_word' id='word_1_176' title='bbox 511 2243 708 2306; x_wconf 87' lang='lat' dir='ltr'>locationem</span> <span class='ocrx_word' id='word_1_177' title='bbox 732 2263 823 2305; x_wconf 88' lang='lat' dir='ltr'>suam</span> <span class='ocrx_word' id='word_1_178' title='bbox 846 2241 1028 2326; x_wconf 88' lang='lat' dir='ltr'>apostolica</span> <span class='ocrx_word' id='word_1_179' title='bbox 1051 2241 1158 2325; x_wconf 88' lang='lat' dir='ltr'>gratia</span> <span class='ocrx_word' id='word_1_180' title='bbox 1181 2262 1246 2304; x_wconf 94' lang='lat' dir='ltr'>non</span> <span class='ocrx_word' id='word_1_181' title='bbox 1270 2262 1386 2325; x_wconf 91' lang='lat' dir='ltr'>cgere,</span> <span class='ocrx_word' id='word_1_182' title='bbox 1408 2262 1467 2304; x_wconf 81' lang='lat' dir='ltr'>ros</span> <span class='ocrx_word' id='word_1_183' title='bbox 1490 2243 1581 2306; x_wconf 88' lang='lat' dir='ltr'>iuxta</span> <span class='ocrx_word' id='word_1_184' title='bbox 1604 2241 1791 2306; x_wconf 89' lang='lat' dir='ltr'>mandatum</span> 
     </span>
     <span class='ocr_line' id='line_1_18' title="bbox 138 2343 1791 2432; baseline -0.002 -21"><span class='ocrx_word' id='word_1_185' title='bbox 138 2345 354 2432; x_wconf 88' lang='lat' dir='ltr'>apostolieum</span> <span class='ocrx_word' id='word_1_186' title='bbox 377 2345 589 2408; x_wconf 89' lang='lat' dir='ltr'>instituerunt</span> <span class='ocrx_word' id='word_1_187' title='bbox 611 2345 644 2408; x_wconf 92' lang='lat' dir='ltr'>in</span> <span class='ocrx_word' id='word_1_188' title='bbox 667 2345 809 2409; x_wconf 90' lang='lat' dir='ltr'>ecelesia</span> <span class='ocrx_word' id='word_1_189' title='bbox 825 2343 1022 2429; x_wconf 89' lang='lat' dir='ltr'>supradicta,</span> <span class='ocrx_word' id='word_1_190' title='bbox 1047 2365 1147 2428; x_wconf 89' lang='lat' dir='ltr'>quare</span> <span class='ocrx_word' id='word_1_191' title='bbox 1170 2343 1265 2408; x_wconf 92' lang='lat' dir='ltr'>nobis</span> <span class='ocrx_word' id='word_1_192' title='bbox 1288 2344 1350 2407; x_wconf 86' lang='lat' dir='ltr'>fnit</span> <span class='ocrx_word' id='word_1_193' title='bbox 1372 2345 1540 2408; x_wconf 87' lang='lat' dir='ltr'>humiliter</span> <span class='ocrx_word' id='word_1_194' title='bbox 1563 2345 1791 2431; x_wconf 84' lang='lat' dir='ltr'>supplicatum,</span> 
     </span>
     <span class='ocr_line' id='line_1_19' title="bbox 137 2446 1791 2533; baseline -0.001 -21"><span class='ocrx_word' id='word_1_195' title='bbox 137 2457 174 2512; x_wconf 89' lang='lat' dir='ltr'>nt</span> <span class='ocrx_word' id='word_1_196' title='bbox 197 2469 310 2512; x_wconf 88' lang='lat' dir='ltr'>eorum</span> <span class='ocrx_word' id='word_1_197' title='bbox 333 2469 523 2533; x_wconf 88' lang='lat' dir='ltr'>processum</span> <span class='ocrx_word' id='word_1_198' title='bbox 546 2449 726 2533; x_wconf 91' lang='lat' dir='ltr'>apostolico</span> <span class='ocrx_word' id='word_1_199' title='bbox 750 2447 903 2511; x_wconf 89' lang='lat' dir='ltr'>roborare</span> <span class='ocrx_word' id='word_1_200' title='bbox 927 2447 1106 2511; x_wconf 88' lang='lat' dir='ltr'>munimine</span> <span class='ocrx_word' id='word_1_201' title='bbox 1130 2446 1349 2530; x_wconf 91' lang='lat' dir='ltr'>dignaremur.</span> <span class='ocrx_word' id='word_1_202' title='bbox 1394 2446 1463 2511; x_wconf 89' lang='lat' dir='ltr'>Nos</span> <span class='ocrx_word' id='word_1_203' title='bbox 1491 2447 1591 2531; x_wconf 89' lang='lat' dir='ltr'>igitur</span> <span class='ocrx_word' id='word_1_204' title='bbox 1615 2446 1791 2512; x_wconf 88' lang='lat' dir='ltr'>eorundem</span> 
     </span>
     <span class='ocr_line' id='line_1_20' title="bbox 137 2549 1792 2639; baseline -0.001 -23"><span class='ocrx_word' id='word_1_205' title='bbox 137 2572 330 2639; x_wconf 86' lang='lat' dir='ltr'>processum</span> <span class='ocrx_word' id='word_1_206' title='bbox 352 2551 446 2614; x_wconf 89' lang='lat' dir='ltr'>iuxta</span> <span class='ocrx_word' id='word_1_207' title='bbox 468 2550 613 2614; x_wconf 88' lang='lat' dir='ltr'>mandati</span> <span class='ocrx_word' id='word_1_208' title='bbox 635 2553 736 2615; x_wconf 91' lang='lat' dir='ltr'>nostri</span> <span class='ocrx_word' id='word_1_209' title='bbox 760 2557 909 2615; x_wconf 90' lang='lat' dir='ltr'>tenorem</span> <span class='ocrx_word' id='word_1_210' title='bbox 937 2551 998 2614; x_wconf 90' lang='lat' dir='ltr'>rite</span> <span class='ocrx_word' id='word_1_211' title='bbox 1022 2571 1059 2613; x_wconf 85' lang='lat' dir='ltr'>ae</span> <span class='ocrx_word' id='word_1_212' title='bbox 1090 2549 1225 2637; x_wconf 86' lang='lat' dir='ltr'>provide</span> <span class='ocrx_word' id='word_1_213' title='bbox 1248 2550 1371 2614; x_wconf 87' lang='lat' dir='ltr'>factum</span> <span class='ocrx_word' id='word_1_214' title='bbox 1393 2552 1587 2615; x_wconf 89' lang='lat' dir='ltr'>auctoritate</span> <span class='ocrx_word' id='word_1_215' title='bbox 1611 2551 1792 2637; x_wconf 87' lang='lat' dir='ltr'>apostoliea</span> 
     </span>
     <span class='ocr_line' id='line_1_21' title="bbox 63 2653 1790 2739; baseline 0.001 -25"><span class='ocrx_word' id='word_1_216' title='bbox 63 2678 87 2716; x_wconf 77' lang='lat' dir='ltr'>a</span> <span class='ocrx_word' id='word_1_217' title='bbox 138 2655 367 2719; x_wconf 88' lang='lat' dir='ltr'>confirmamus</span> <span class='ocrx_word' id='word_1_218' title='bbox 391 2663 424 2718; x_wconf 91' lang='lat' dir='ltr'>ct</span> <span class='ocrx_word' id='word_1_219' title='bbox 439 2654 602 2739; x_wconf 86' lang='lat' dir='ltr'>presentis</span> <span class='ocrx_word' id='word_1_220' title='bbox 626 2654 737 2739; x_wconf 91' lang='lat' dir='ltr'>scripti</span> <span class='ocrx_word' id='word_1_221' title='bbox 754 2653 933 2739; x_wconf 89' lang='lat' dir='ltr'>patrocinio</span> <span class='ocrx_word' id='word_1_222' title='bbox 949 2654 1196 2718; x_wconf 88' lang='lat' dir='ltr'>communimus.</span> <span class='ocrx_word' id='word_1_223' title='bbox 1241 2653 1332 2718; x_wconf 88' lang='lat' dir='ltr'>Nulli</span> <span class='ocrx_word' id='word_1_224' title='bbox 1355 2675 1433 2739; x_wconf 88' lang='lat' dir='ltr'>ergo</span> <span class='ocrx_word' id='word_1_225' title='bbox 1457 2660 1519 2719; x_wconf 91' lang='lat' dir='ltr'>etc.</span> <span class='ocrx_word' id='word_1_226' title='bbox 1544 2661 1654 2719; x_wconf 89' lang='lat' dir='ltr'>nostre</span> <span class='ocrx_word' id='word_1_227' title='bbox 1674 2654 1790 2717; x_wconf 91' lang='lat' dir='ltr'>confir-</span> 
     </span>
     <span class='ocr_line' id='line_1_22' title="bbox 138 2755 897 2842; baseline -0.003 -20"><span class='ocrx_word' id='word_1_228' title='bbox 138 2759 290 2822; x_wconf 88' lang='lat' dir='ltr'>mationis</span> <span class='ocrx_word' id='word_1_229' title='bbox 313 2757 501 2842; x_wconf 83' lang='lat' dir='ltr'>intringere.</span> <span class='ocrx_word' id='word_1_230' title='bbox 548 2755 583 2819; x_wconf 77' lang='lat' dir='ltr'>si</span> <span class='ocrx_word' id='word_1_231' title='bbox 607 2756 678 2842; x_wconf 91' lang='lat' dir='ltr'>quis</span> <span class='ocrx_word' id='word_1_232' title='bbox 702 2763 812 2820; x_wconf 87' lang='lat' dir='ltr'>autern</span> <span class='ocrx_word' id='word_1_233' title='bbox 837 2762 897 2820; x_wconf 89' lang='lat' dir='ltr'>etc.</span> 
     </span>
    </p>
   </div>
   <div class='ocr_carea' id='block_1_4' title="bbox 247 2876 1387 2966">
    <p class='ocr_par' dir='ltr' id='par_1_4' title="bbox 247 2876 1387 2966">
     <span class='ocr_line' id='line_1_23' title="bbox 247 2876 1387 2966; baseline 0.004 -26"><span class='ocrx_word' id='word_1_234' title='bbox 247 2876 324 2942; x_wconf 91' lang='lat' dir='ltr'>Dat.</span> <span class='ocrx_word' id='word_1_235' title='bbox 348 2876 502 2940; x_wconf 86' lang='lat' dir='ltr'>Lateran.</span> <span class='ocrx_word' id='word_1_236' title='bbox 525 2876 557 2940; x_wconf 88' lang='lat' dir='ltr'><strong>V</strong></span> <span class='ocrx_word' id='word_1_237' title='bbox 580 2876 654 2942; x_wconf 88' lang='lat' dir='ltr'>Kal.</span> <span class='ocrx_word' id='word_1_238' title='bbox 677 2877 774 2956; x_wconf 89' lang='lat' dir='ltr'>Iunii,</span> <span class='ocrx_word' id='word_1_239' title='bbox 798 2876 1006 2966; x_wconf 88' lang='lat' dir='ltr'>pontificatus</span> <span class='ocrx_word' id='word_1_240' title='bbox 1030 2878 1133 2943; x_wconf 89' lang='lat' dir='ltr'>nostri</span> <span class='ocrx_word' id='word_1_241' title='bbox 1155 2898 1240 2942; x_wconf 93' lang='lat' dir='ltr'>anno</span> <span class='ocrx_word' id='word_1_242' title='bbox 1263 2878 1387 2963; x_wconf 92' lang='lat' dir='ltr'>quinte.</span> 
     </span>
    </p>
   </div>
   <div class='ocr_carea' id='block_1_5' title="bbox 926 3524 1010 3597">
    <p class='ocr_par' dir='ltr' id='par_1_5' title="bbox 926 3524 1010 3597">
     <span class='ocr_line' id='line_1_24' title="bbox 926 3524 1010 3597; baseline 0.012 -1"><span class='ocrx_word' id='word_1_243' title='bbox 926 3524 1010 3597; x_wconf 82' lang='lat'><strong>175.</strong></span> 
     </span>
    </p>
   </div>
   <div class='ocr_carea' id='block_1_6' title="bbox 54 3637 1791 4050">
    <p class='ocr_par' dir='ltr' id='par_1_6' title="bbox 54 3637 1791 4050">
     <span class='ocr_line' id='line_1_25' title="bbox 247 3637 1791 3750; baseline -0.005 -20"><span class='ocrx_word' id='word_1_244' title='bbox 247 3637 435 3730; x_wconf 80' lang='lat' dir='ltr'>Honorius</span> <span class='ocrx_word' id='word_1_245' title='bbox 460 3663 525 3729; x_wconf 92' lang='grc' dir='ltr'>ΙΙΙ</span> <span class='ocrx_word' id='word_1_246' title='bbox 542 3661 634 3745; x_wconf 62' lang='lat' dir='ltr'>&#39;popa</span> <span class='ocrx_word' id='word_1_247' title='bbox 655 3665 890 3750; x_wconf 84' lang='lat' dir='ltr'>F[ridericum]</span> <span class='ocrx_word' id='word_1_248' title='bbox 915 3664 1129 3728; x_wconf 81' lang='lat' dir='ltr'>Romanorum</span> <span class='ocrx_word' id='word_1_249' title='bbox 1156 3666 1372 3744; x_wconf 80' lang='lat' dir='ltr'>imperatorem</span> <span class='ocrx_word' id='word_1_250' title='bbox 1397 3661 1585 3726; x_wconf 84' lang='lat' dir='ltr'>adhortatur</span> <span class='ocrx_word' id='word_1_251' title='bbox 1609 3659 1653 3726; x_wconf 79' lang='lat' dir='ltr'>ud</span> <span class='ocrx_word' id='word_1_252' title='bbox 1674 3661 1791 3743; x_wconf 85' lang='lat' dir='ltr'>poleos,</span> 
     </span>
     <span class='ocr_line' id='line_1_26' title="bbox 133 3765 1791 3852; baseline -0.005 -18"><span class='ocrx_word' id='word_1_253' title='bbox 133 3789 216 3852; x_wconf 81' lang='lat' dir='ltr'>quus</span> <span class='ocrx_word' id='word_1_254' title='bbox 240 3768 434 3850; x_wconf 76' lang='lat' dir='ltr'>praepara-rt</span> <span class='ocrx_word' id='word_1_255' title='bbox 459 3765 582 3851; x_wconf 76' lang='lat' dir='ltr'>feccrit,</span> <span class='ocrx_word' id='word_1_256' title='bbox 614 3769 647 3831; x_wconf 88' lang='lat' dir='ltr'>iu</span> <span class='ocrx_word' id='word_1_257' title='bbox 676 3769 835 3832; x_wconf 82' lang='lat' dir='ltr'>currilium</span> <span class='ocrx_word' id='word_1_258' title='bbox 867 3768 1043 3834; x_wconf 80' lang='lat' dir='ltr'>Christiani</span> <span class='ocrx_word' id='word_1_259' title='bbox 1072 3769 1225 3832; x_wconf 74' lang='lat' dir='ltr'>exercitus</span> <span class='ocrx_word' id='word_1_260' title='bbox 1254 3766 1392 3830; x_wconf 82' lang='lat' dir='ltr'>celeriter</span> <span class='ocrx_word' id='word_1_261' title='bbox 1420 3765 1693 3842; x_wconf 79' lang='lat' dir='ltr'>transmittendus,</span> <span class='ocrx_word' id='word_1_262' title='bbox 1722 3784 1791 3829; x_wconf 87' lang='lat' dir='ltr'>eum</span> 
     </span>
     <span class='ocr_line' id='line_1_27' title="bbox 54 3869 1582 3952; baseline -0.007 -11"><span class='ocrx_word' id='word_1_263' title='bbox 54 3905 79 3941; x_wconf 72' lang='lat'>2⁵</span> <span class='ocrx_word' id='word_1_264' title='bbox 134 3873 229 3936; x_wconf 85' lang='lat' dir='ltr'>multi</span> <span class='ocrx_word' id='word_1_265' title='bbox 250 3873 316 3936; x_wconf 87' lang='lat' dir='ltr'>ium</span> <span class='ocrx_word' id='word_1_266' title='bbox 337 3870 374 3934; x_wconf 86' lang='lat' dir='ltr'>de</span> <span class='ocrx_word' id='word_1_267' title='bbox 396 3871 463 3934; x_wconf 86' lang='lat' dir='ltr'>eius</span> <span class='ocrx_word' id='word_1_268' title='bbox 484 3890 572 3935; x_wconf 75' lang='lat' dir='ltr'>uteru</span> <span class='ocrx_word' id='word_1_269' title='bbox 593 3875 788 3936; x_wconf 82' lang='lat' dir='ltr'>murmurent</span> <span class='ocrx_word' id='word_1_270' title='bbox 809 3871 928 3952; x_wconf 81' lang='lat' dir='ltr'>sibique</span> <span class='ocrx_word' id='word_1_271' title='bbox 950 3871 1131 3935; x_wconf 81' lang='lat' dir='ltr'>ditationem</span> <span class='ocrx_word' id='word_1_272' title='bbox 1154 3871 1215 3934; x_wconf 85' lang='lat' dir='ltr'>voti</span> <span class='ocrx_word' id='word_1_273' title='bbox 1231 3869 1401 3950; x_wconf 83' lang='lat' dir='ltr'>praecipue</span> <span class='ocrx_word' id='word_1_274' title='bbox 1422 3869 1582 3948; x_wconf 87' lang='lat' dir='ltr'>imputent.</span> 
     </span>
     <span class='ocr_line' id='line_1_28' title="bbox 1437 3971 1705 4050; baseline 0 -14"><span class='ocrx_word' id='word_1_275' title='bbox 1437 3974 1531 4050; x_wconf 82' lang='lat'>1221,</span> <span class='ocrx_word' id='word_1_276' title='bbox 1555 3971 1630 4039; x_wconf 74' lang='lat' dir='ltr'>lun.</span> <span class='ocrx_word' id='word_1_277' title='bbox 1654 3973 1705 4036; x_wconf 86' lang='lat'>13.</span> 
     </span>
    </p>
   </div>
   <div class='ocr_carea' id='block_1_7' title="bbox 134 4073 1791 4335">
    <p class='ocr_par' dir='ltr' id='par_1_7' title="bbox 134 4073 1791 4335">
     <span class='ocr_line' id='line_1_29' title="bbox 242 4073 1791 4162; baseline -0.001 -15"><span class='ocrx_word' id='word_1_278' title='bbox 242 4094 314 4148; x_wconf 84' lang='lat' dir='ltr'>Heu.</span> <span class='ocrx_word' id='word_1_279' title='bbox 333 4092 391 4147; x_wconf 86' lang='lat' dir='ltr'>III</span> <span class='ocrx_word' id='word_1_280' title='bbox 405 4091 471 4160; x_wconf 81' lang='lat' dir='ltr'>ch.</span> <span class='ocrx_word' id='word_1_281' title='bbox 497 4092 552 4147; x_wconf 87' lang='lat' dir='ltr'>Vol.</span> <span class='ocrx_word' id='word_1_282' title='bbox 571 4093 637 4158; x_wconf 89' lang='grc' dir='ltr'><em>ΙΙΙ,</em></span> <span class='ocrx_word' id='word_1_283' title='bbox 659 4097 719 4156; x_wconf 67' lang='lat' dir='ltr'>rin</span> <span class='ocrx_word' id='word_1_284' title='bbox 743 4094 804 4146; x_wconf 82' lang='lat' dir='ltr'>Lib.</span> <span class='ocrx_word' id='word_1_285' title='bbox 834 4093 862 4161; x_wconf 89' lang='lat' dir='ltr'>V,</span> <span class='ocrx_word' id='word_1_286' title='bbox 883 4097 946 4148; x_wconf 83' lang='lat'><strong><em>706.</em></strong></span> <span class='ocrx_word' id='word_1_287' title='bbox 983 4093 1088 4147; x_wconf 76' lang='lat' dir='ltr'>Pertcii</span> <span class='ocrx_word' id='word_1_288' title='bbox 1111 4093 1249 4162; x_wconf 82' lang='lat' dir='ltr'>rrcruptur</span> <span class='ocrx_word' id='word_1_289' title='bbox 1269 4091 1455 4161; x_wconf 80' lang='lat' dir='ltr'>supplevimus</span> <span class='ocrx_word' id='word_1_290' title='bbox 1473 4107 1508 4146; x_wconf 83' lang='lat' dir='ltr'>err</span> <span class='ocrx_word' id='word_1_291' title='bbox 1526 4092 1618 4162; x_wconf 77' lang='lat' dir='ltr'>Repu.</span> <span class='ocrx_word' id='word_1_292' title='bbox 1636 4073 1791 4152; x_wconf 58' lang='lat' dir='ltr'>Ancisem.</span> 
     </span>
     <span class='ocr_line' id='line_1_30' title="bbox 201 4185 234 4216; baseline 0 0"><span class='ocrx_word' id='word_1_293' title='bbox 201 4185 234 4216; x_wconf 75' lang='lat' dir='ltr'>ou</span> 
     </span>
     <span class='ocr_line' id='line_1_31' title="bbox 134 4183 565 4335; baseline -0.005 -15"><span class='ocrx_word' id='word_1_294' title='bbox 134 4199 162 4236; x_wconf 75' lang='lat'>⁰·</span> <span class='ocrx_word' id='word_1_295' title='bbox 181 4183 374 4328; x_wconf 34' lang='lat' dir='ltr'>halapia&amp;</span> <span class='ocrx_word' id='word_1_296' title='bbox 393 4265 462 4335; x_wconf 85' lang='lat' dir='ltr'>Rep.</span> <span class='ocrx_word' id='word_1_297' title='bbox 482 4269 565 4319; x_wconf 77' lang='grc'><em>6682.</em></span> 
     </span>
    </p>
   </div>
   <div class='ocr_carea' id='block_1_8' title="bbox 329 4494 1607 4708">
    <p class='ocr_par' dir='ltr' id='par_1_8' title="bbox 329 4494 1607 4708">
     <span class='ocr_line' id='line_1_32' title="bbox 329 4494 1607 4587; baseline 0.001 -21"><span class='ocrx_word' id='word_1_298' title='bbox 329 4494 369 4568; x_wconf 87' lang='lat' dir='ltr'>F.</span> <span class='ocrx_word' id='word_1_299' title='bbox 398 4495 658 4585; x_wconf 84' lang='lat' dir='ltr'>imperatori</span> <span class='ocrx_word' id='word_1_300' title='bbox 685 4498 987 4569; x_wconf 87' lang='lat' dir='ltr'>Romanorum</span> <span class='ocrx_word' id='word_1_301' title='bbox 1014 4495 1184 4569; x_wconf 86' lang='lat' dir='ltr'>illustri</span> <span class='ocrx_word' id='word_1_302' title='bbox 1211 4516 1385 4587; x_wconf 85' lang='lat' dir='ltr'>semper</span> <span class='ocrx_word' id='word_1_303' title='bbox 1411 4499 1607 4586; x_wconf 83' lang='lat' dir='ltr'>augusto</span> 
     </span>
     <span class='ocr_line' id='line_1_33' title="bbox 789 4615 1139 4708; baseline 0 -19"><span class='ocrx_word' id='word_1_304' title='bbox 789 4623 829 4689; x_wconf 86' lang='lat' dir='ltr'>et</span> <span class='ocrx_word' id='word_1_305' title='bbox 855 4617 949 4708; x_wconf 84' lang='lat' dir='ltr'>regi</span> <span class='ocrx_word' id='word_1_306' title='bbox 975 4615 1139 4689; x_wconf 89' lang='lat' dir='ltr'>Sicilie.</span> 
     </span>
    </p>
   </div>
   <div class='ocr_carea' id='block_1_9' title="bbox 58 4763 1936 5367">
    <p class='ocr_par' dir='ltr' id='par_1_9' title="bbox 136 4763 1936 5058">
     <span class='ocr_line' id='line_1_34' title="bbox 247 4763 1791 4851; baseline 0.001 -24"><span class='ocrx_word' id='word_1_307' title='bbox 247 4763 282 4827; x_wconf 81' lang='lat' dir='ltr'>Si</span> <span class='ocrx_word' id='word_1_308' title='bbox 305 4763 416 4848; x_wconf 90' lang='lat' dir='ltr'>aliqua</span> <span class='ocrx_word' id='word_1_309' title='bbox 438 4771 493 4828; x_wconf 92' lang='lat' dir='ltr'>tue</span> <span class='ocrx_word' id='word_1_310' title='bbox 519 4765 707 4830; x_wconf 86' lang='lat' dir='ltr'>celsitudini</span> <span class='ocrx_word' id='word_1_311' title='bbox 735 4766 925 4846; x_wconf 76' lang='lat' dir='ltr'>scribimus,</span> <span class='ocrx_word' id='word_1_312' title='bbox 959 4787 1022 4851; x_wconf 92' lang='lat' dir='ltr'>que</span> <span class='ocrx_word' id='word_1_313' title='bbox 1052 4773 1228 4850; x_wconf 92' lang='lat' dir='ltr'>utcumque</span> <span class='ocrx_word' id='word_1_314' title='bbox 1261 4787 1371 4830; x_wconf 87' lang='lat' dir='ltr'>nnrara</span> <span class='ocrx_word' id='word_1_315' title='bbox 1393 4767 1561 4842; x_wconf 81' lang='lat' dir='ltr'>videntur,</span> <span class='ocrx_word' id='word_1_316' title='bbox 1590 4787 1662 4829; x_wconf 88' lang='lat' dir='ltr'>curn</span> <span class='ocrx_word' id='word_1_317' title='bbox 1687 4786 1727 4829; x_wconf 89' lang='lat' dir='ltr'>ea</span> <span class='ocrx_word' id='word_1_318' title='bbox 1750 4787 1791 4830; x_wconf 88' lang='lat' dir='ltr'>ex</span> 
     </span>
     <span class='ocr_line' id='line_1_35' title="bbox 136 4867 1790 4957; baseline -0.001 -25"><span class='ocrx_word' id='word_1_319' title='bbox 136 4869 266 4932; x_wconf 90' lang='lat' dir='ltr'>sincero</span> <span class='ocrx_word' id='word_1_320' title='bbox 290 4889 400 4932; x_wconf 85' lang='lat' dir='ltr'>amore</span> <span class='ocrx_word' id='word_1_321' title='bbox 424 4867 618 4954; x_wconf 87' lang='lat' dir='ltr'>procedant,</span> <span class='ocrx_word' id='word_1_322' title='bbox 647 4890 725 4954; x_wconf 85' lang='lat' dir='ltr'>egre</span> <span class='ocrx_word' id='word_1_323' title='bbox 748 4871 833 4934; x_wconf 84' lang='lat' dir='ltr'>ferre</span> <span class='ocrx_word' id='word_1_324' title='bbox 862 4891 927 4932; x_wconf 93' lang='lat' dir='ltr'>non</span> <span class='ocrx_word' id='word_1_325' title='bbox 957 4868 1074 4948; x_wconf 90' lang='lat' dir='ltr'>debes,</span> <span class='ocrx_word' id='word_1_326' title='bbox 1107 4876 1158 4934; x_wconf 90' lang='lat' dir='ltr'>set</span> <span class='ocrx_word' id='word_1_327' title='bbox 1186 4870 1243 4933; x_wconf 90' lang='lat' dir='ltr'>illa</span> <span class='ocrx_word' id='word_1_328' title='bbox 1271 4877 1304 4934; x_wconf 86' lang='lat' dir='ltr'>te</span> <span class='ocrx_word' id='word_1_329' title='bbox 1335 4869 1430 4935; x_wconf 90' lang='lat' dir='ltr'>decet</span> <span class='ocrx_word' id='word_1_330' title='bbox 1459 4870 1567 4957; x_wconf 91' lang='lat' dir='ltr'>potins</span> <span class='ocrx_word' id='word_1_331' title='bbox 1596 4867 1790 4932; x_wconf 89' lang='lat' dir='ltr'>omnimodis</span> 
     </span>
     <span class='ocr_line' id='line_1_36' title="bbox 136 4971 1936 5058; baseline -0.001 -24"><span class='ocrx_word' id='word_1_332' title='bbox 136 4978 327 5056; x_wconf 87' lang='lat' dir='ltr'>acceptare,</span> <span class='ocrx_word' id='word_1_333' title='bbox 356 4971 434 5054; x_wconf 89' lang='lat' dir='ltr'>quia</span> <span class='ocrx_word' id='word_1_334' title='bbox 459 4979 554 5056; x_wconf 84' lang='lat' dir='ltr'>pater</span> <span class='ocrx_word' id='word_1_335' title='bbox 583 4972 685 5036; x_wconf 90' lang='lat' dir='ltr'>lilium</span> <span class='ocrx_word' id='word_1_336' title='bbox 716 4993 812 5057; x_wconf 90' lang='lat' dir='ltr'>quem</span> <span class='ocrx_word' id='word_1_337' title='bbox 836 4972 944 5058; x_wconf 86' lang='lat' dir='ltr'>diligit</span> <span class='ocrx_word' id='word_1_338' title='bbox 968 4973 1116 5057; x_wconf 87' lang='lat' dir='ltr'>corripit,</span> <span class='ocrx_word' id='word_1_339' title='bbox 1147 4979 1180 5035; x_wconf 90' lang='lat' dir='ltr'>et</span> <span class='ocrx_word' id='word_1_340' title='bbox 1202 4971 1363 5037; x_wconf 92' lang='lat' dir='ltr'>Dominus</span> <span class='ocrx_word' id='word_1_341' title='bbox 1393 4994 1473 5058; x_wconf 91' lang='lat' dir='ltr'>quos</span> <span class='ocrx_word' id='word_1_342' title='bbox 1504 4979 1591 5035; x_wconf 87' lang='lat' dir='ltr'>amat</span> <span class='ocrx_word' id='word_1_343' title='bbox 1620 4972 1727 5055; x_wconf 90' lang='lat' dir='ltr'>arguit</span> <span class='ocrx_word' id='word_1_344' title='bbox 1755 4977 1936 5042; x_wconf 69' lang='lat' dir='ltr'>etum-‚ara</span> 
     </span>
    </p>

    <p class='ocr_par' dir='ltr' id='par_1_10' title="bbox 58 5071 1791 5367">
     <span class='ocr_line' id='line_1_37' title="bbox 58 5071 1790 5160; baseline 0.006 -35"><span class='ocrx_word' id='word_1_345' title='bbox 58 5095 83 5132; x_wconf 73' lang='lat' dir='ltr'>:s</span> <span class='ocrx_word' id='word_1_346' title='bbox 137 5074 292 5156; x_wconf 87' lang='lat' dir='ltr'>castigat,</span> <span class='ocrx_word' id='word_1_347' title='bbox 323 5073 355 5137; x_wconf 92' lang='lat' dir='ltr'>in</span> <span class='ocrx_word' id='word_1_348' title='bbox 384 5075 475 5138; x_wconf 91' lang='lat' dir='ltr'>cuius</span> <span class='ocrx_word' id='word_1_349' title='bbox 504 5075 664 5139; x_wconf 90' lang='lat' dir='ltr'>sacrificio</span> <span class='ocrx_word' id='word_1_350' title='bbox 698 5076 763 5138; x_wconf 89' lang='lat' dir='ltr'>mel</span> <span class='ocrx_word' id='word_1_351' title='bbox 792 5074 984 5160; x_wconf 88' lang='lat' dir='ltr'>prohibetur</span> <span class='ocrx_word' id='word_1_352' title='bbox 1012 5074 1140 5152; x_wconf 84' lang='lat' dir='ltr'>offerri,</span> <span class='ocrx_word' id='word_1_353' title='bbox 1173 5076 1325 5158; x_wconf 88' lang='lat' dir='ltr'>qnoniam</span> <span class='ocrx_word' id='word_1_354' title='bbox 1355 5075 1585 5140; x_wconf 88' lang='lat' dir='ltr'>abhominatur</span> <span class='ocrx_word' id='word_1_355' title='bbox 1615 5071 1790 5137; x_wconf 89' lang='lat' dir='ltr'>blanditias</span> 
     </span>
     <span class='ocr_line' id='line_1_38' title="bbox 135 5176 1791 5263; baseline -0.001 -23"><span class='ocrx_word' id='word_1_356' title='bbox 135 5177 355 5246; x_wconf 79' lang='lat' dir='ltr'>adulantium,</span> <span class='ocrx_word' id='word_1_357' title='bbox 380 5198 459 5261; x_wconf 88' lang='lat' dir='ltr'>que,</span> <span class='ocrx_word' id='word_1_358' title='bbox 483 5178 561 5241; x_wconf 90' lang='lat' dir='ltr'>licet</span> <span class='ocrx_word' id='word_1_359' title='bbox 583 5179 711 5263; x_wconf 88' lang='lat' dir='ltr'>sapiant</span> <span class='ocrx_word' id='word_1_360' title='bbox 734 5179 893 5241; x_wconf 88' lang='lat' dir='ltr'>mellitam</span> <span class='ocrx_word' id='word_1_361' title='bbox 915 5177 1139 5259; x_wconf 89' lang='lat' dir='ltr'>dulcedinem,</span> <span class='ocrx_word' id='word_1_362' title='bbox 1168 5177 1245 5242; x_wconf 91' lang='lat' dir='ltr'>dum</span> <span class='ocrx_word' id='word_1_363' title='bbox 1268 5200 1364 5243; x_wconf 89' lang='lat' dir='ltr'>aures</span> <span class='ocrx_word' id='word_1_364' title='bbox 1388 5178 1584 5258; x_wconf 88' lang='lat' dir='ltr'>demulcent,</span> <span class='ocrx_word' id='word_1_365' title='bbox 1607 5176 1791 5262; x_wconf 89' lang='lat' dir='ltr'>periculose</span> 
     </span>
     <span class='ocr_line' id='line_1_39' title="bbox 135 5280 1791 5367; baseline -0.001 -23"><span class='ocrx_word' id='word_1_366' title='bbox 135 5287 212 5344; x_wconf 86' lang='lat' dir='ltr'>sunt</span> <span class='ocrx_word' id='word_1_367' title='bbox 236 5289 356 5360; x_wconf 83' lang='lat' dir='ltr'>tamen,</span> <span class='ocrx_word' id='word_1_368' title='bbox 380 5281 457 5366; x_wconf 92' lang='lat' dir='ltr'>quia</span> <span class='ocrx_word' id='word_1_369' title='bbox 479 5301 709 5366; x_wconf 88' lang='lat' dir='ltr'>nonnunquam</span> <span class='ocrx_word' id='word_1_370' title='bbox 732 5281 895 5346; x_wconf 90' lang='lat' dir='ltr'>audientis</span> <span class='ocrx_word' id='word_1_371' title='bbox 919 5282 1062 5346; x_wconf 87' lang='lat' dir='ltr'>animum</span> <span class='ocrx_word' id='word_1_372' title='bbox 1085 5283 1243 5357; x_wconf 91' lang='lat' dir='ltr'>alienant;</span> <span class='ocrx_word' id='word_1_373' title='bbox 1278 5291 1311 5348; x_wconf 91' lang='lat' dir='ltr'>ct</span> <span class='ocrx_word' id='word_1_374' title='bbox 1334 5283 1407 5349; x_wconf 91' lang='lat' dir='ltr'>ideo</span> <span class='ocrx_word' id='word_1_375' title='bbox 1431 5292 1507 5347; x_wconf 89' lang='lat' dir='ltr'>sunt</span> <span class='ocrx_word' id='word_1_376' title='bbox 1529 5280 1695 5367; x_wconf 87' lang='lat' dir='ltr'>diligentis</span> <span class='ocrx_word' id='word_1_377' title='bbox 1720 5280 1791 5344; x_wconf 84' lang='lat' dir='ltr'>vul-</span> 
     </span>
    </p>
   </div>
   <div class='ocr_carea' id='block_1_10' title="bbox 244 5458 1683 5468">
    <p class='ocr_par' dir='ltr' id='par_1_11' title="bbox 244 5458 1683 5468">
     <span class='ocr_line' id='line_1_40' title="bbox 244 5458 1683 5468; baseline 0.002 -3"><span class='ocrx_word' id='word_1_378' title='bbox 244 5459 319 5466; x_wconf 80' lang='lat'><strong>-·-··-—-</strong></span> <span class='ocrx_word' id='word_1_379' title='bbox 331 5459 824 5467; x_wconf 55' lang='lat'><em>——·--—----—-..--—---—.-..--.—</em></span> <span class='ocrx_word' id='word_1_380' title='bbox 829 5462 934 5468; x_wconf 86' lang='lat'><em>----—-</em></span> <span class='ocrx_word' id='word_1_381' title='bbox 941 5461 1023 5468; x_wconf 74' lang='lat'>--———</span> <span class='ocrx_word' id='word_1_382' title='bbox 1039 5462 1152 5468; x_wconf 52' lang='lat'>..-.‚.„--.</span> <span class='ocrx_word' id='word_1_383' title='bbox 1165 5462 1251 5468; x_wconf 80' lang='lat'>-----.</span> <span class='ocrx_word' id='word_1_384' title='bbox 1507 5458 1683 5467; x_wconf 75' lang='lat'>———————=</span> 
     </span>
    </p>
   </div>
   <div class='ocr_carea' id='block_1_11' title="bbox 133 5573 1790 5732">
    <p class='ocr_par' dir='ltr' id='par_1_12' title="bbox 133 5573 1790 5732">
     <span class='ocr_line' id='line_1_41' title="bbox 240 5573 1790 5644; baseline 0.001 -18"><span class='ocrx_word' id='word_1_385' title='bbox 240 5574 267 5640; x_wconf 84' lang='lat'>1)</span> <span class='ocrx_word' id='word_1_386' title='bbox 284 5573 404 5626; x_wconf 80' lang='lat' dir='ltr'>Alterto.</span> <span class='ocrx_word' id='word_1_387' title='bbox 468 5574 496 5640; x_wconf 71' lang='grc' dir='ltr'>Ι)</span> <span class='ocrx_word' id='word_1_388' title='bbox 515 5573 632 5640; x_wconf 82' lang='lat' dir='ltr'>Sifrido.</span> <span class='ocrx_word' id='word_1_389' title='bbox 694 5575 721 5642; x_wconf 84' lang='lat'>3)</span> <span class='ocrx_word' id='word_1_390' title='bbox 742 5574 882 5629; x_wconf 81' lang='lat' dir='ltr'>Frideriei</span> <span class='ocrx_word' id='word_1_391' title='bbox 898 5575 1019 5644; x_wconf 83' lang='lat' dir='ltr'>diploma</span> <span class='ocrx_word' id='word_1_392' title='bbox 1037 5575 1070 5630; x_wconf 85' lang='lat' dir='ltr'>de</span> <span class='ocrx_word' id='word_1_393' title='bbox 1086 5577 1283 5644; x_wconf 73' lang='lat' dir='ltr'>retbrmottoue</span> <span class='ocrx_word' id='word_1_394' title='bbox 1302 5576 1430 5630; x_wconf 85' lang='lat' dir='ltr'>ecclesiae</span> <span class='ocrx_word' id='word_1_395' title='bbox 1448 5574 1648 5629; x_wconf 84' lang='lat' dir='ltr'>Nortbuseusis</span> <span class='ocrx_word' id='word_1_396' title='bbox 1665 5591 1691 5628; x_wconf 88' lang='grc' dir='ltr'>α.</span> <span class='ocrx_word' id='word_1_397' title='bbox 1710 5578 1790 5637; x_wconf 72' lang='lat'>1220,</span> 
     </span>
     <span class='ocr_line' id='line_1_42' title="bbox 133 5658 1190 5732; baseline 0.002 -20"><span class='ocrx_word' id='word_1_398' title='bbox 133 5659 186 5712; x_wconf 83' lang='lat' dir='ltr'>lul.</span> <span class='ocrx_word' id='word_1_399' title='bbox 209 5662 260 5723; x_wconf 75' lang='grc'>27,·</span> <span class='ocrx_word' id='word_1_400' title='bbox 279 5675 324 5726; x_wconf 85' lang='lat' dir='ltr'>up.</span> <span class='ocrx_word' id='word_1_401' title='bbox 344 5658 640 5724; x_wconf 74' lang='lat' dir='ltr'>Herillard·Bribolles,</span> <span class='ocrx_word' id='word_1_402' title='bbox 658 5660 734 5714; x_wconf 83' lang='lat' dir='ltr'>Hiat.</span> <span class='ocrx_word' id='word_1_403' title='bbox 752 5660 820 5730; x_wconf 83' lang='lat' dir='ltr'>dipl.</span> <span class='ocrx_word' id='word_1_404' title='bbox 838 5661 918 5716; x_wconf 74' lang='lat' dir='ltr'>mia.</span> <span class='ocrx_word' id='word_1_405' title='bbox 938 5663 979 5726; x_wconf 88' lang='grc' dir='ltr'>ΙΙ,</span> <span class='ocrx_word' id='word_1_406' title='bbox 997 5668 1016 5716; x_wconf 85' lang='lat' dir='ltr'>t.</span> <span class='ocrx_word' id='word_1_407' title='bbox 1036 5665 1059 5730; x_wconf 87' lang='grc' dir='ltr'>Ι,</span> <span class='ocrx_word' id='word_1_408' title='bbox 1074 5679 1105 5732; x_wconf 87' lang='lat' dir='ltr'>p.</span> <span class='ocrx_word' id='word_1_409' title='bbox 1124 5667 1190 5715; x_wconf 79' lang='lat'><strong><em>806.</em></strong></span> 
     </span>
    </p>
   </div>
   <div class='ocr_carea' id='block_1_12' title="bbox 239 5755 1583 5816">
    <p class='ocr_par' dir='ltr' id='par_1_13' title="bbox 239 5755 1583 5816">
     <span class='ocr_line' id='line_1_43' title="bbox 239 5755 1583 5816; baseline -0.001 0"><span class='ocrx_word' id='word_1_410' title='bbox 239 5765 301 5816; x_wconf 76' lang='lat' dir='ltr'>Res.</span> <span class='ocrx_word' id='word_1_411' title='bbox 321 5765 400 5816; x_wconf 84' lang='lat' dir='ltr'>l&#39;our.</span> <span class='ocrx_word' id='word_1_412' title='bbox 419 5765 437 5816; x_wconf 89' lang='lat'>1.</span> <span class='ocrx_word' id='word_1_413' title='bbox 914 5785 917 5792; x_wconf 88' lang='lat'>·</span> <span class='ocrx_word' id='word_1_414' title='bbox 1552 5755 1583 5807; x_wconf 82' lang='grc'>16</span> 
     </span>
    </p>
   </div>
   <div class='ocr_carea' id='block_1_13' title="bbox 0 0 2252 6425">
    <p class='ocr_par' dir='ltr' id='par_1_14' title="bbox 0 0 2252 6425">
     <span class='ocr_line' id='line_1_44' title="bbox 0 0 2252 6425; baseline 0 0"><span class='ocrx_word' id='word_1_415' title='bbox 0 0 2252 6425; x_wconf 95' lang='lat' dir='ltr'> </span> 
     </span>
    </p>
   </div>
  </div>
 </body>
</html>
