4604 6420
758 396 958 453 EPISTOLAE
976 397 1165 452 suptarus.
1201 397 1277 452 1233.

978 696 1064 770 518.

300 811 491 918 Greporias
519 836 574 900 IX
595 858 684 917 pepo
710 835 915 922 [Eborlrerdo
941 837 1001 921 Il]
1032 835 1260 916 archiepiscopo
1292 834 1528 915 Setisberpensi
1559 833 1704 911 ermadot,
1738 839 1774 897 at
1804 834 1848 898 od

191 942 406 1006 litteratiorem
425 940 591 1025 [prerti]
613 940 747 1021 episcopi
770 939 1046 1022 Bobcaberpensia
1069 939 1127 1020 qai
1148 938 1189 1003 ab
1204 937 1343 1002 Hearico
1361 937 1397 1002 cle
1413 937 1624 1002 Finlensteire
1646 937 1715 1001 doto
1737 943 1847 1018 ceptus

192 1047 243 1122 sit,
266 1045 396 1110 libenter
418 1043 570 1108 innodet.
1462 1043 1558 1118 1233,
1581 1039 1684 1106 Mart.
1705 1043 1758 1107 26.

296 1162 377 1232 orec.
396 1165 446 1219 rx
462 1163 530 1235 aeq.
554 1161 611 1216 ror.
629 1162 682 1227 rr,
701 1167 734 1230 a·
752 1162 816 1216 uec.
841 1161 905 1227 ru,
924 1165 949 1214 c.

632 1411 640 1428 .
671 1410 680 1427 .
709 1352 1047 1444 archiepiscopo
1075 1350 1406 1444 Salzburgensi.

298 1505 448 1570 Nefande
469 1503 724 1591 presumptionis
747 1501 877 1567 auditus
900 1522 985 1565 nune
1008 1501 1152 1586 graviter
1175 1500 1315 1586 perculit
1334 1522 1430 1565 aures
1452 1507 1591 1581 nostras,
1615 1500 1702 1586 quod
1724 1498 1844 1565 nobilis

189 1610 239 1674 vir
254 1609 416 1673 Henricus
440 1607 480 1672 de
498 1607 730 1687 Vinkcnstciu,
752 1605 934 1684 familiaris,
958 1605 1165 1668 consiliarius
1189 1610 1223 1667 et
1245 1604 1370 1668 iuratus
1388 1603 1587 1669 venerabilis
1609 1604 1719 1668 fratris
1742 1602 1845 1666 nostri
1900 1651 1905 1664 .

192 1711 540 1795 ..Bambebergensis
565 1710 722 1795 episcopi,
746 1731 819 1774 eum
835 1707 1014 1794 proditorio
1038 1728 1112 1772 cum
1129 1707 1343 1793 complicibus
1367 1707 1435 1796 suis
1459 1707 1624 1793 eapiens1,
1647 1707 1681 1770 in
1704 1705 1844 1791 quodam

191 1823 297 1881 castro
322 1837 380 1880 suo
404 1823 473 1879 arta
496 1816 603 1901 ipsum
627 1813 754 1878 detinet
776 1811 924 1877 custodie
948 1812 1178 1898 mancipatum.
1223 1811 1312 1876 Ecce
1336 1810 1532 1877 detestande
1562 1810 1657 1897 culpa
1685 1809 1844 1895 flagitium

115 1935 140 1971 ¹⁰
193 1919 408 2004 immensique
439 1918 561 1982 doloris
593 1916 774 1997 acerbitas,
811 1937 884 1979 cum
914 1915 1020 1980 dictus
1052 1914 1172 1979 nobilis
1202 1915 1243 1980 da
1279 1916 1385 1980 amica
1424 1922 1618 2001 persecutor
1647 1921 1681 1979 et
1709 1913 1750 1978 da
1780 1912 1843 1977 fido

189 2024 294 2087 lactus
322 2021 440 2085 infidus
464 2027 577 2085 contra
600 2019 739 2085 cundem
763 2020 956 2105 episcopum
981 2018 1277 2105 supplantationem
1308 2019 1379 2084 eius
1409 2017 1647 2105 presumpserit
1675 2016 1843 2102 ampliare.

188 2125 339 2210 Denique
374 2145 394 2188 a
432 2129 522 2188 tanta
556 2123 727 2207 iniquitate
766 2122 856 2186 illum
891 2122 1008 2187 saltem
1046 2144 1199 2186 revocare
1235 2121 1395 2187 debuerat
1429 2120 1616 2188 reverentia
1649 2119 1843 2184 universalis

189 2228 345 2304 ecclesie,
369 2247 465 2312 quam
487 2226 522 2290 in
544 2246 686 2311 persona
708 2225 812 2312 ipsius
836 2225 982 2311 episcopi
1005 2227 1183 2290 enormiter
1206 2224 1374 2290 offendere
1399 2246 1464 2289 nou
1487 2230 1636 2304 veretur,
1664 2222 1842 2287 tremendi-

189 2355 252 2418 que
276 2330 415 2396 formidc
438 2330 564 2410 iudicii,
588 2330 674 2414 quod
699 2350 763 2393 uon
785 2329 907 2414 poterit
930 2330 1065 2395 evitare.
1113 2329 1179 2394 Sed
1202 2328 1286 2394 torte
1310 2328 1483 2392 Altissimo
1508 2327 1608 2392 etiam
1629 2326 1716 2391 filius
1740 2325 1787 2390 ire
1811 2331 1844 2390 et

114 2458 138 2495 a
192 2435 425 2519 indignationis
453 2435 625 2519 alumpnus
656 2433 817 2497 rebellare
845 2431 1005 2518 disponit,
1036 2433 1090 2518 qui
1119 2434 1244 2498 eiectus
1267 2432 1309 2498 ab
1337 2432 1410 2496 eius
1434 2432 1518 2496 facia
1542 2431 1646 2518 culpis
1673 2431 1740 2495 suis
1764 2451 1842 2494 con-

189 2540 296 2604 silium
330 2538 465 2624 cogitat,
503 2536 589 2623 quod
618 2535 764 2601 stabilire
798 2557 863 2601 uon
892 2537 995 2615 valet,
1025 2543 1064 2601 ut
1092 2537 1246 2603 videlicet
1275 2537 1317 2602 ab
1355 2536 1426 2622 ipso
1457 2534 1614 2601 recedens
1643 2533 1751 2599 locum
1780 2533 1844 2598 sibi

187 2642 307 2726 refugii
330 2647 483 2727 preparet
506 2647 617 2727 preter
645 2641 769 2727 ipsum,
798 2641 853 2725 qui
881 2640 1028 2726 prolecto
1053 2640 1081 2705 si
1110 2640 1143 2704 in
1167 2642 1273 2704 celum
1297 2632 1491 2724 ascenderet
1513 2638 1582 2703 illic
1605 2644 1671 2718 est,
1702 2643 1736 2702 et
1758 2637 1787 2701 si
1809 2637 1842 2701 in
1856 2656 1915 2698 esar.
1931 2662 1997 2708 csse.

188 2748 349 2810 infamum
376 2745 586 2810 descenderit
614 2744 659 2809 ibi
687 2744 792 2810 adest.
845 2744 928 2809 Cum
960 2745 1060 2830 igitur
1091 2747 1124 2809 in
1151 2745 1238 2810 lacto
1264 2743 1450 2810 huiusmodi
1478 2741 1672 2807 universalis
1702 2739 1842 2806 ecclesie

188 2871 242 2914 res
265 2855 397 2933 agatur,
425 2854 537 2935 preter
559 2847 645 2933 quod
667 2846 764 2912 decet
789 2854 822 2912 te
846 2847 948 2912 veluti
971 2847 1127 2933 magnum
1155 2848 1337 2912 membrum
1361 2847 1502 2913 ecclesie
1525 2845 1558 2910 id
1581 2844 1735 2932 prosequi
1758 2849 1842 2908 tam-

189 2973 285 3036 quam
302 2951 469 3038 proprium
485 2951 657 3030 interesse,
681 2948 882 3029 mandamus,
906 2950 1057 3040 quatinus
1081 2972 1124 3015 ex
1140 2951 1377 3036 compassionis
1400 2949 1522 3015 affectu
1543 2948 1670 3014 habeus
1694 2947 1841 3033 episcopi

188 3054 359 3119 memorati
377 3075 550 3139 personam
574 3053 607 3117 in
630 3073 670 3117 co
694 3052 779 3136 quod
803 3053 927 3137 poteris
943 3052 1213 3132 commendatam,
1236 3053 1380 3120 libenter
1402 3059 1436 3119 et
1458 3059 1611 3139 potenter
1632 3052 1784 3117 intendas
1800 3050 1841 3116 ad

187 3157 419 3222 liberationem
442 3157 560 3242 ipsius,
583 3163 616 3221 et
639 3163 758 3220 terram
782 3156 1082 3241 Bambebergeusis
1105 3157 1246 3222 ecclesie
1270 3157 1437 3222 custodias
1461 3155 1606 3234 iuterim,
1629 3161 1784 3241 protegas
1808 3159 1841 3219 et

186 3259 356 3336 defendas,
380 3260 486 3325 donec
503 3259 608 3325 dictus
625 3261 800 3347 episcopus
816 3260 952 3346 pristine
976 3260 1121 3325 libertati
1143 3261 1244 3326 fuerit
1267 3263 1447 3341 restitutus,
1470 3259 1516 3324 ita
1531 3259 1617 3344 quod
1632 3258 1840 3325 devotionem

186 3371 276 3429 tuam
298 3362 528 3429 benedictione
552 3364 733 3450 apostolica
755 3364 976 3449 congruisque
998 3363 1167 3430 favoribus
1191 3365 1345 3451 prosequi
1368 3363 1558 3430 debeamus.

112 3503 138 3541 a
265 3483 374 3548 -Dac
398 3483 563 3565 Laterani,
584 3482 652 3547 VII
674 3482 843 3548 Kalendas
866 3482 1002 3569 Aprilis,
1028 3471 1114 3549 anuo
1138 3486 1289 3570 septimo.

297 3606 461 3693 Scriptum
485 3612 536 3671 est
559 3607 591 3670 in
614 3604 754 3670 eundem
777 3604 909 3670 modum
932 3604 1034 3670 nobili
1058 3606 1126 3669 viro
1150 3654 1158 3673 .
1183 3654 1190 3667 .
1214 3604 1289 3670 duci
1311 3604 1457 3671 dustria.

810 3847 1219 3854 m*—

970 4071 1057 4145 519.

295 4185 485 4296 Greporias
505 4213 564 4278 'IX
578 4235 668 4294 papa
689 4213 797 4277 abbati
819 4212 1005 4291 llosoccasi,
1027 4211 1144 4276 &caeco
1166 4213 1296 4278 rectoris
1317 4214 1459 4278 ecclesiae
1480 4218 1509 4278 et
1526 4214 1706 4295 praeposito
1728 4203 1864 4280 Sancti'

188 4317 343 4396 Stcplreai
357 4317 590 4400 Aqeeilepiensis
612 4315 751 4393 moredet,
773 4317 809 4378 at
830 4315 866 4376 in
881 4314 1056 4379 Hearicam
1078 4315 1115 4380 de
1131 4315 1347 4395 Fiakeasleia,
1370 4318 1425 4398 qai
1438 4317 1644 4402 [Eclectum]
1665 4319 1840 4400 episcopum

188 4420 477 4502 Bobenberpcnsem
498 4420 568 4485 doto
590 4419 712 4499 coperit,
735 4419 1062 4484 exeoormaaicotioais
1083 4424 1112 4484 et
1133 4419 1294 4484 interdicti
1314 4421 1484 4486 secentas
1503 4421 1708 4504 pronralpent.

1460 4526 1552 4602 1233,
1575 4525 1676 4590 Mart.
1699 4528 1752 4590 26.

291 4592 375 4662 (ἔτερ.
393 4591 442 4644 IX
460 4583 527 4658 Rep.
549 4589 607 4644 Vol.
625 4587 679 4651 IV,
697 4591 730 4654 2;
748 4585 811 4641 Lib.
835 4587 902 4656 VII,
922 4592 947 4641 7.

300 4769 450 4843 abbati
477 4765 741 4842 Rosacensi²
768 4766 1087 4859 aquilegensis
1114 4767 1324 4857 diocesis,
1354 4823 1362 4840 .
1392 4824 1402 4841 .
1430 4767 1596 4842 decano
1623 4769 1804 4845 maioris

325 4889 507 4965 ecclesie
535 4893 576 4962 et
604 4947 613 4963 .
645 4946 653 4962 .
681 4887 913 4980 preposito
942 4889 1097 4962 Sancti
1123 4889 1342 4981 Stephani
1367 4888 1700 4982 Aquilegensia
1812 4977 1816 4982 ¹

296 5037 477 5124 Nephande
501 5037 757 5124 presumptionis
787 5035 918 5101 auditus
942 5045 1004 5104 ete.
1027 5059 1149 5124 usque:
1180 5038 1226 5103 ibi
1257 5037 1359 5105 adest.
1405 5037 1488 5103 Cum
1518 5038 1618 5124 igitur
1645 5040 1733 5104 vires
1763 5061 1839 5104 suas

188 5141 297 5206 metiri
320 5139 477 5205 nescierit
499 5146 533 5205 et
554 5140 697 5204 noluerit
712 5159 904 5204 enumerare
920 5139 1067 5220 virtutes,
1091 5146 1127 5204 ut
1148 5139 1285 5222 videret,
1308 5140 1336 5204 si
1360 5146 1488 5205 tautum
1510 5141 1618 5206 scelus
1635 5141 1838 5208 committere

293 5435 318 5499 1)
345 5432 499 5499 liebertus,
528 5449 541 5486 c
565 5431 676 5500 familia
699 5431 825 5484 corallum
848 5431 882 5485 de
905 5431 1034 5485 Aadeclrs
1057 5437 1081 5484 et
1104 5431 1204 5485 dacum
1227 5432 1388 5500 Maeoniae,
1410 5437 1560 5502 postquam
1587 5433 1713 5488 bellando
1739 5433 1839 5490 devicit

186 5519 373 5582 Karintlriem,
391 5517 472 5570 initio
490 5521 604 5571 o.1233
621 5535 640 5571 a
656 5517 730 5571 dicto
743 5513 866 5570 Hearico
879 5517 941 5570 doto
953 5517 1071 5585 copitar,
1086 5534 1142 5587 per
1159 5522 1242 5570 totam
1254 5518 1493 5588 qnadrapcsiacem
1510 5519 1541 5572 in
1557 5521 1718 5590 captivitate
1734 5524 1840 5575 tenetur

186 5611 211 5658 ct
226 5621 281 5674 per
292 5603 468 5658 Friderr'cam
480 5606 518 5656 ΙΙ
531 5603 624 5658 dacem
636 5603 769 5657 ducenae
781 5601 926 5670 liberatur,
945 5603 1045 5658 Annei.
1059 5603 1199 5667 Austriae,
1218 5603 1265 5658 SS.
1277 5603 1335 5671 IX,
1348 5621 1379 5674 p.
1394 5607 1457 5672 626,
1477 5609 1534 5660 628
1545 5612 1571 5661 et
1585 5610 1647 5660 785.
1700 5606 1728 5674 2)
1747 5605 1839 5660 Hodie

187 5691 326 5756 Roaatro,
345 5705 400 5743 noa
417 5690 529 5744 inultm
547 5691 582 5744 ab
600 5689 704 5760 oppido
724 5687 846 5746 &adole
865 5689 902 5743 od
920 5689 1058 5744 meridiem
1076 5691 1167 5745 situm

288 5790 351 5844 nro.
368 5789 450 5842 Ponr.
469 5789 489 5842 1.
1580 5785 1615 5842 53
