4604 6420
778 376 977 431 EPISTOLAE
995 377 1183 437 SELECTAE.
1221 385 1295 437 1232.

993 730 1081 803 475.

323 834 514 944 Gargarius
529 863 585 928 IX
594 885 682 944 popo
697 867 720 950 [
718 869 907 952 Gorditano]
917 869 1136 949 patriarcha-m
1151 859 1472 952 Hierosolporitcmoor
1488 878 1596 951 ramect,
1620 878 1654 936 ot
1676 897 1698 938 a
1712 877 1868 941 troooodis

212 966 304 1030 roheis
327 967 362 1028 io
384 967 584 1030 Fridcricuro
607 967 822 1034 Ronroooroos
844 973 1059 1052 imperatorem
1081 973 1229 1050 obsistat,
1258 974 1345 1054 cique
1367 975 1512 1054 mandat,
1543 981 1578 1040 ut
1605 977 1634 1041 si
1660 977 1697 1040 io
1717 981 1868 1061 possopio

210 1070 354 1148 proniore
376 1070 481 1135 oooire
502 1092 567 1135 noo
583 1073 694 1152 possit,
718 1075 882 1155 legationis
903 1075 1008 1159 officio
1029 1095 1094 1139 ooo
1115 1081 1241 1154 rotatum
1263 1075 1306 1160 cf.
1328 1097 1361 1142 o.
1383 1082 1457 1156 467,
1479 1081 1544 1141 468
1565 1084 1594 1144 ct
1615 1083 1689 1146 474.

1522 1185 1616 1260 1232,
1640 1182 1704 1248 Iol.
1726 1187 1779 1247 26.

148 1263 159 1298 ⁵
317 1254 399 1327 Grcp.
419 1257 468 1311 IX
484 1257 553 1330 aeq.
577 1260 634 1315 Vol.
654 1264 713 1327 III,
730 1266 781 1328 25;
799 1262 863 1316 Lib.
888 1261 935 1326 Vl,
955 1265 998 1316 56

315 1343 451 1412 Potthoat,
471 1344 538 1413 nep.
559 1349 643 1401 8980.

670 1616 679 1633 .
710 1617 717 1633 .
751 1562 1001 1651 patriarche
1028 1563 1400 1636 lerosolimitano

321 1708 434 1772 Palam
458 1709 576 1795 aliquis
599 1710 745 1794 loquitur
767 1719 800 1775 et
822 1712 952 1797 publice
969 1711 1100 1796 quidam
1118 1713 1269 1790 clamant,
1294 1712 1380 1797 quod
1403 1713 1572 1788 carissimo
1596 1715 1628 1777 in
1645 1714 1775 1780 Christo
1799 1717 1866 1780 filio

213 1816 325 1874 nostro
348 1811 531 1885 Fridcrieo,
562 1812 784 1877 Romanorum
814 1815 1002 1900 imperatori
1033 1836 1164 1900 semper
1197 1823 1357 1900 augusto,
1387 1815 1568 1880 Ierusalem
1599 1823 1632 1882 et
1656 1818 1767 1883 Sicilie
1797 1821 1867 1904 regi

138 1930 161 1967 ιο
213 1912 346 1989 illustri,
376 1935 513 1999 regnum
545 1914 844 1981 lerosolimitanum
877 1925 932 1982 tuo
962 1917 1068 1982 studio
1101 1920 1143 1982 sit
1172 1920 1353 1999 turbatum,
1385 1940 1483 1984 manu
1516 1927 1572 1996 tua
1601 1922 1634 1986 in
1663 1917 1866 1987 turbatorum

212 2017 363 2081 manibus
392 2021 568 2086 existente.
612 2020 674 2085 Est
701 2027 810 2086 autem
834 2023 889 2106 qui
918 2029 1030 2086 contra
1061 2043 1121 2085 nos
1144 2028 1346 2107 extorquens
1376 2044 1475 2108 super
1503 2023 1566 2088 hoe
1588 2024 1629 2090 de
1652 2027 1717 2090 tuis
1739 2026 1867 2091 actibus

213 2121 449 2201 coniecturam,
485 2124 633 2208 preteriti
669 2124 824 2188 scandali·
846 2125 931 2188 inter
965 2125 1141 2188 ecelesiam
1173 2132 1207 2189 et
1237 2126 1468 2210 imperatorem
1498 2126 1679 2212 predictum
1711 2129 1866 2214 reliquias

212 2225 339 2309 aliquas
363 2246 538 2311 superesse
562 2229 733 2313 presumit.
778 2227 839 2292 Rst
866 2229 921 2312 qui
949 2228 990 2292 de
1019 2228 1177 2314 temporis
1208 2227 1305 2292 huius
1337 2230 1490 2294 molestia
1511 2229 1551 2293 ad
1574 2230 1695 2295 laetum
1718 2231 1867 2317 preteriti

214 2328 351 2393 eliciens
382 2338 632 2414 argumentum,
664 2332 784 2395 asserit
813 2330 899 2415 quod
931 2332 1008 2395 olim
1039 2337 1071 2396 te
1102 2332 1149 2395 illi
1181 2352 1246 2395 non
1277 2331 1407 2396 devotio
1436 2332 1477 2397 ad
1508 2333 1622 2398 sedem
1653 2335 1866 2420 apostolicam

150 2452 161 2488 a
214 2430 341 2512 habita,
373 2433 443 2498 sed¹
462 2435 571 2498 odium
600 2434 732 2500 aliunde
761 2441 956 2521 conceptum
986 2435 1118 2500 obiecit.
1162 2435 1308 2499 Primum
1332 2436 1445 2521 procul
1469 2436 1567 2501 dubio
1591 2459 1650 2502 nos
1674 2458 1739 2502 non
1761 2437 1866 2516 dccet,

212 2535 299 2621 quod
322 2537 462 2602 ecclesie
477 2536 625 2603 Romane
647 2539 819 2603 sinceritas
842 2560 908 2602 non
930 2538 1082 2614 admittit,
1107 2538 1285 2603 seeundum
1307 2538 1369 2602 tibi
1391 2560 1456 2603 non
1478 2539 1566 2621 licet,
1590 2540 1676 2627 quod
1698 2540 1866 2625 religionis

215 2641 537 2714 reverentiarenuit
567 2649 600 2706 et
630 2641 799 2726 dignitatis
831 2643 1007 2707 auctoritas
1041 2641 1247 2727 dedignatur.
1292 2641 1346 2706 Ex
1369 2643 1433 2707 hiis
1456 2643 1603 2726 quidem,
1634 2649 1671 2708 ut
1694 2644 1866 2722 oredimus,

216 2745 296 2808 satis
320 2744 493 2829 intelligis,
523 2744 601 2830 quid
624 2767 689 2809 non
713 2748 819 2810 solum
844 2752 957 2810 eontra
979 2753 1012 2810 te
1037 2752 1088 2810 set
1111 2747 1211 2824 etiam
1235 2752 1349 2809 contra
1370 2766 1430 2810 nos
1453 2746 1555 2831 aliqui
1584 2747 1810 2832 loquerentur,
1838 2747 1867 2810 si

213 2855 301 2912 terra
335 2848 510 2924 multorum
545 2849 705 2934 sanguine
740 2849 925 2935 conquisita
959 2850 1132 2914 occasione
1161 2857 1231 2913 orte
1263 2847 1425 2914 discordie
1457 2857 1678 2936 exponeretur
1708 2849 1866 2936 periculo,

138 2991 149 3002 ·
215 2953 339 3018 iacture
371 2958 510 3038 pateret.
565 2952 649 3026 Quia
683 2972 761 3016 vero
795 2973 1038 3037 nonnumquam
1072 2952 1204 3017 mittens
1237 2952 1271 3014 in
1303 2951 1403 3016 misso
1438 2957 1587 3031 notatur,
1622 2973 1682 3017 nos
1716 2954 1866 3017 nolentes

215 3057 390 3121 ecclesiam
413 3056 552 3121 alieuius
575 3056 661 3121 lacto
686 3056 853 3131 conlundi,
886 3057 1090 3143 presentium
1120 3055 1179 3119 tibi
1207 3055 1402 3120 auctoritate
1426 3054 1635 3136 mandamus,
1663 3056 1814 3140 quatinus
1838 3056 1867 3120 si

214 3159 256 3224 ad
291 3181 350 3225 nos
393 3162 426 3224 in
466 3161 620 3245 passagio
654 3159 803 3246 proximo
841 3159 953 3224 venire
989 3180 1054 3224 non
1089 3161 1229 3245 poteris,
1265 3158 1411 3223 iniuncto
1450 3158 1510 3222 tibi
1546 3158 1722 3245 legationis
1758 3159 1865 3224 officio

213 3285 279 3329 non
302 3264 414 3329 utaris.

322 3383 410 3448 Data
431 3381 547 3464 Reate,
570 3381 638 3446 VII
660 3381 737 3448 Kal.
760 3382 912 3469 Augusti,
935 3406 1020 3450 anno
1044 3391 1150 3450 sexto.

835 3662 929 3669 --.—
936 3662 1153 3670 ---——-—--·
1164 3664 1244 3670 —--

998 3936 1084 4009 476.

324 4053 514 4163 Gregorius
536 4079 592 4143 lx
616 4099 701 4158 popo
728 4078 893 4161 [Altorto]
914 4078 1120 4157 pertriorcteo
1149 4078 1341 4142 Arctiocdrooo
1369 4078 1516 4154 recondet,
1546 4080 1580 4139 ut
1608 4074 1713 4139 hatita
1740 4075 1868 4138 ernstio

216 4211 284 4252 cerro
307 4184 466 4268 oropistris
485 4181 605 4262 Templi
626 4185 656 4244 ct
670 4180 849 4262 Hospitalis
870 4181 988 4244 moros
1010 4181 1098 4263 repo-i
1115 4180 1405 4266 Hierosolymitooi,
1428 4181 1508 4244 ciues·
1523 4180 1715 4243 Acooooasos
1736 4181 1765 4240 ct
1786 4177 1868 4240 rrlios

216 4292 260 4358 aa
294 4289 482 4354 devotionem
514 4283 678 4348 Fridcrioo
711 4283 925 4346 Romanorum
964 4284 1147 4364 ¹imperatori
1181 4285 1306 4366 eiusque
1344 4286 1414 4365 filio
1448 4282 1631 4368 [Conrado]
1663 4279 1868 4344 exhihendam

217 4393 376 4457 inducant.
1523 4388 1617 4462 1232,
1641 4383 1706 4448 lot.
1727 4387 1780 4448 26.

322 4509 405 4579 (ἶνες.
423 4508 473 4561 IX
490 4507 558 4574 Rep.
582 4505 638 4560 Vol.
658 4507 716 4573 III,
735 4509 785 4560 24:
803 4504 866 4557 Lib.
891 4504 937 4567 VI,
958 4509 1002 4558 52.

139 4603 165 4641 ³⁰
319 4595 456 4662 Potttoat,
472 4593 538 4660 Rep.
559 4594 642 4645 8982.

411 4866 420 4882 .
449 4861 458 4880 .
486 4804 741 4897 patriarche
768 4802 1063 4890 Antiochen0,
1092 4801 1340 4893 apostolice
1366 4799 1486 4874 sedis
1513 4800 1674 4891 legato.

324 4955 425 5042 Regi,
448 4954 515 5019 filio
539 4953 657 5018 summi
679 4954 783 5037 regis,
809 4953 901 5038 regui
924 4952 1179 5018 lerosolimitani
1203 4951 1360 5036 singulari
1383 4949 1556 5036 privilegio
1580 4949 1681 5013 dediti
1705 4946 1867 5032 quandam

217 5061 425 5150 particulam,
457 5059 581 5123 Christi
603 5058 731 5142 signum
754 5057 882 5140 insigne
906 5055 966 5119 sub
991 5054 1177 5118 Christiano
1201 5055 1332 5119 nomine
1356 5053 1604 5139 preferentem,
1634 5051 1717 5114 sicut
1741 5048 1866 5112 audivi-

217 5188 308 5242 mus,
337 5163 467 5248 quidam
491 5160 641 5225 scindere
665 5160 859 5238 moliuntur,
890 5159 945 5244 qui
968 5159 1015 5224 sic
1039 5158 1080 5222 ad
1103 5157 1225 5221 terreni
1249 5156 1372 5221 domini
1401 5156 1471 5220 iura
1500 5154 1656 5217 iniuriose
1685 5151 1868 5238 prosiliunt,

140 5291 165 5330 a
219 5268 305 5354 quod
328 5267 370 5331 ad
393 5265 525 5330 celestis
549 5263 699 5327 iniuriam
723 5268 973 5349 presumptuose
995 5267 1227 5347 prorumpunt,
1259 5281 1299 5324 eo
1329 5258 1414 5345 quod
1443 5257 1521 5322 dum
1543 5263 1708 5320 terrenum
1732 5253 1868 5339 quibus-

218 5374 292 5437 dam
326 5367 605 5434 eoniurationibus
637 5371 831 5454 provocant,
864 5367 1021 5430 celestem
1054 5362 1114 5428 sub
1144 5362 1243 5426 dubia
1275 5368 1362 5427 sorte
1390 5361 1582 5440 lacessiunt,
1617 5379 1691 5423 cum
1725 5357 1869 5422 fortuitis

325 5543 571 5552 ——..—-.——--..
947 5533 1763 5548 m.-——-—-—.-.-——-.—--—-—„m-.-.—

322 5663 344 5730 ¹)
364 5665 531 5734 perimentem
551 5663 582 5715 Β.
