4604 6420
791 400 992 461 EPIS'I'OLAE
1009 402 1198 464 SELECTAE.
1235 410 1310 464 1231.

1006 741 1094 813 450.

332 850 523 962 Gregorius
539 876 594 942 lX
612 899 698 958 papa
712 878 877 944 Friderico
891 879 1107 945 Ronmanorum
1127 881 1318 962 irnpcrutori,
1340 883 1391 947 cui
1411 883 1447 947 in
1468 883 1628 950 scribendo
1650 887 1776 952 titulum
1797 889 1879 971 repis

223 981 505 1064 Hierosolyrnitani
532 981 672 1045 nondrem
698 980 838 1060 dedunt,
867 1003 936 1046 eum
964 1002 1048 1046 nuuc
1067 985 1206 1063 putarem
1234 985 1380 1050 attribuit
1387 1007 1398 1064 ;
1427 986 1553 1066 laudm,
1585 989 1667 1070 quod
1687 989 1878 1055 Riceardnm

222 1086 444 1169 Filcnpcrium
466 1084 687 1148 marescalcum
709 1104 801 1148 suum
822 1084 913 1150 ultra
939 1106 1026 1151 neure
1047 1085 1213 1166 direxerit,
1243 1108 1371 1169 eumque
1398 1093 1513 1168 monet,
1542 1093 1579 1153 ut
1598 1090 1830 1175 Hospitalariis
1849 1099 1878 1160 et

225 1187 414 1270 Templariis
435 1187 543 1252 ablata
565 1186 718 1251 restituat.
1518 1194 1613 1272 1231,
1634 1195 1716 1278 Aup.
1741 1199 1791 1262 12.

327 1305 411 1375 Grec.
424 1307 473 1360 IX
484 1307 554 1375 Bep.
566 1306 629 1360 Lib.
646 1305 676 1370 V,
695 1311 749 1358 114.
786 1307 892 1361 Perteii
908 1308 1047 1377 eecmptar
1065 1309 1253 1378 supplevimus
1271 1325 1306 1363 aa
1323 1308 1416 1380 Rapa.
1434 1312 1504 1366 Anu.
1524 1313 1585 1366 eccl.
1603 1329 1627 1367 a.
1647 1317 1721 1378 1231,
1739 1319 1755 1379 §
1773 1321 1877 1371 11—12.

325 1393 464 1458 Pottbasl,
483 1393 552 1461 Rep.
573 1396 659 1446 8785.

299 1604 543 1692 FridericO,
575 1604 748 1678 illustri
775 1602 1078 1677 Romanorum
1105 1605 1362 1696 imperatori
1389 1627 1562 1699 semper
1588 1617 1798 1704 augusto,

737 1719 980 1800 Ierusalem
1009 1731 1050 1799 et
1076 1725 1229 1801 Sicilie
1256 1728 1360 1822 regi.

330 1877 425 1954 Quod
447 1875 488 1942 de
511 1874 615 1940 tribus
638 1875 822 1960 insignibus
845 1875 966 1955 titulis,
992 1875 1110 1960 quibus
1133 1882 1166 1940 te
1188 1875 1353 1942 Dominus
1377 1879 1561 1964 insignivit,
1584 1881 1618 1946 in
1640 1879 1772 1962 litteris,
1795 1901 1876 1966 quas

220 1983 382 2069 imperiali
406 1979 594 2046 eelsitudini
617 1978 870 2058 destinavimus,
898 1978 1026 2043 medius
1049 1978 1207 2044 hactenus
1229 2002 1295 2045 non
1318 1988 1369 2046 est
1400 1983 1540 2070 scriptus
1551 1987 1573 2065 ¹,
1605 2005 1810 2071 nequaquam
1833 2005 1876 2050 ex

220 2085 338 2150 minori
360 2084 534 2149 affectione
558 2083 737 2169 processit,
769 2083 845 2168 quia
868 2104 928 2147 nee
952 2104 995 2147 ex
1018 2082 1080 2147 hoc
1103 2083 1263 2168 derogare
1292 2091 1348 2148 tuo
1379 2085 1630 2152 intendebamus
1660 2087 1792 2169 honori,
1823 2087 1876 2152 cni

220 2189 349 2256 deferre
372 2189 482 2275 potius
498 2187 702 2268 affectamus,
727 2187 785 2252 sed
809 2207 908 2252 cause
925 2186 1138 2251 rationabiles
1161 2187 1295 2265 affuere,
1319 2208 1401 2272 quae
1417 2190 1615 2255 venerabilis
1639 2190 1741 2256 frater
1762 2197 1876 2256 noster

219 2292 390 2378 Rheginus
413 2291 680 2378 archiepiscopus
704 2298 737 2356 et
760 2291 899 2356 dilectus
923 2290 1009 2355 filins
1032 2291 1190 2375 magister
1211 2290 1327 2356 domus
1351 2299 1463 2357 sancte
1477 2292 1581 2358 Marie
1597 2294 1875 2360 Theutonicorum

156 2433 167 2470 ς,
220 2389 505 2462 Ierosolimitane'²
529 2394 589 2474 tibi
612 2393 806 2481 depromere
830 2401 1016 2480 potuerunt.
1055 2394 1181 2460 Verum
1205 2403 1376 2481 sperantes
1400 2397 1433 2461 in
1456 2397 1528 2478 illo,
1556 2396 1610 2482 qui
1633 2395 1715 2463 dans
1737 2398 1874 2462 virtutes

217 2500 343 2587 premia
365 2499 536 2583 elargitur,
568 2519 627 2563 sus
649 2504 776 2563 tautum
800 2498 886 2563 dona
908 2499 942 2562 iu
963 2499 1096 2563 homine
1120 2499 1320 2582 coronando,
1352 2508 1389 2566 ut
1419 2522 1483 2586 qno
1507 2499 1655 2587 pluribus
1678 2500 1874 2587 dignitatum

217 2603 403 2668 nominibus
437 2601 539 2667 fueris
572 2601 776 2688 appellatus,
815 2623 855 2667 eo
891 2607 925 2667 te
959 2601 1093 2668 studeas
1126 2602 1178 2667 his
1212 2602 1349 2668 reddere
1384 2602 1585 2690 digniorem,
1625 2625 1703 2670 ecce
1738 2605 1874 2671 tacitum

217 2705 377 2772 haetenus
392 2704 690 2770 lerosolimitanum
706 2705 847 2784 titulum,
873 2706 996 2769 clarum
1019 2706 1132 2791 utiquo
1155 2726 1193 2769 ae
1216 2705 1379 2787 decorum,
1402 2705 1499 2771 hilari
1522 2707 1693 2771 scribimus
1717 2708 1873 2772 novitate.

325 2809 370 2874 Ut
393 2809 492 2893 igitur
514 2814 611 2872 aneta
633 2828 769 2872 munera
791 2808 968 2892 gratiarum
991 2808 1052 2871 tibi
1075 2815 1218 2893 augeant
1248 2808 1387 2892 gloriam
1408 2809 1626 2895 premiorum,
1661 2809 1872 2876 serenitatem

140 2947 152 2986 ρ
218 2918 307 2977 tuam
323 2912 501 2978 affectuose
518 2931 670 2996 rogamus
688 2917 721 2975 et
737 2932 906 2976 monemus
922 2917 1058 2992 attente,
1083 2912 1294 2976 obsecrantes
1310 2933 1370 2997 per
1384 2910 1550 2978 dominnm
1567 2914 1677 2978 Iesum
1694 2913 1871 2998 Christum,

218 3021 377 3101 quatenus
396 3015 576 3102 potentiam
594 3020 627 3077 ct
644 3015 840 3100 sapientiam
857 3014 1034 3080 aDomiuo
1050 3036 1302 3100 recognoscens,
1326 3015 1522 3100 benignitati
1539 3016 1672 3082 sedulus
1689 3039 1870 3100 assuescas,

216 3131 252 3184 ut
275 3126 407 3185 secutus
430 3116 570 3183 indivise
594 3139 695 3205 opera
717 3117 898 3200 Trinitatis,
929 3139 988 3204 por
1011 3120 1191 3205 potentiam
1215 3125 1389 3184 conterens
1412 3121 1516 3184 molas
1539 3121 1652 3206 iniqui,
1676 3122 1806 3187 auferas
1830 3121 1870 3188 de
1885 3143 1930 3187 ns.
1945 3149 2012 3196 aur.

215 3224 365 3289 faucibus
394 3223 466 3288 eius
494 3221 645 3308 predam,
679 3221 870 3287 subiciendo
901 3223 961 3287 tibi
994 3223 1151 3289 barbaras
1182 3223 1349 3303 nationes,
1381 3244 1440 3308 per
1466 3244 1547 3308 quas
1576 3222 1710 3289 humani
1739 3227 1870 3310 generis

216 3327 366 3392 iuimicus
392 3326 588 3411 impugnans
618 3326 778 3390 hactenus
806 3327 1001 3391 immaniter¹
1018 3325 1152 3392 Terram
1178 3327 1346 3408 Sanctam,
1378 3325 1535 3412 predatus
1566 3333 1617 3392 est
1645 3329 1872 3414 multipliciter

217 3431 393 3496 ecelesiam
424 3429 629 3515 generalem,
658 3430 887 3516 hereticosque
918 3430 1106 3515 disperdas,
1137 3431 1192 3514 qni
1220 3430 1312 3493 velut
1333 3435 1496 3493 venenata
1521 3430 1654 3518 reptilia
1677 3431 1871 3496 insidiantur

214 3533 386 3598 animabus
410 3533 606 3619 simplicium
630 3535 843 3614 incessanter,
867 3541 903 3599 ut
923 3534 1147 3600 fortitudinem
1171 3541 1261 3598 tuam
1277 3532 1349 3597 Deo
1373 3530 1491 3597 reddas
1515 3539 1548 3596 et
1571 3533 1756 3599 hominibus
1780 3556 1869 3600 eom-

214 3637 443 3703 meudandam.
501 3638 568 3703 Per
602 3639 797 3724 sapientiam
831 3659 959 3725 quoquc
992 3645 1024 3704 tc
1061 3639 1209 3725 cupimus
1245 3636 1409 3701 subiectos
1444 3635 1504 3699 tibi
1537 3637 1676 3723 populos
1711 3658 1869 3724 prospere

214 3742 417 3826 gubernare,
448 3748 484 3807 ut
517 3742 607 3808 nullo
638 3765 748 3808 errore
781 3742 940 3829 deeeptus
974 3742 1132 3807 iustitiam
1164 3740 1300 3826 diligas,
1337 3761 1400 3826 que
1436 3761 1471 3804 se
1504 3739 1649 3825 dirigens
1682 3739 1869 3826 diligentes,

215 3844 357 3910 directos
374 3846 526 3932 provehit
541 3846 574 3911 in
591 3847 742 3912 salutem.
786 3845 851 3912 Per
866 3846 1105 3930 benignitatem
1122 3865 1199 3909 vero
1216 3843 1273 3908 det
1290 3843 1351 3907 tibi
1366 3842 1537 3925 Dominus,
1561 3849 1596 3907 ut
1612 3843 1657 3907 sis
1673 3845 1869 3909 merentium

216 3949 416 4029 consolator,
450 3955 483 4013 et
512 3951 699 4036 specialiter
733 3971 870 4036 regnum
905 3949 1017 4015 Sicilie
1046 3949 1278 4026 habitantium,
1311 3949 1367 4034 qui
1400 3948 1508 4034 longis
1538 3949 1742 4035 temporibus
1772 3949 1867 4015 valde

214 4052 372 4132 tribulati,
395 4053 459 4117 nisi
483 4075 541 4139 spe
565 4054 710 4120 rediviva
732 4055 905 4140 respirent,
929 4054 998 4119 iere
1023 4060 1185 4140 eoguntur
1207 4074 1264 4140 pre
1289 4053 1442 4139 angustia
1456 4052 1644 4138 desperare.
1690 4051 1736 4116 Ut
1758 4059 1869 4118 autem

213 4155 378 4241 signatum
399 4156 434 4219 in
463 4155 550 4221 idem
580 4157 753 4222 conveniat
776 4178 850 4221 cum
874 4158 1041 4242 signante,
1072 4177 1145 4221 eum
1166 4155 1346 4220 Ierusalem
1373 4156 1456 4221 visio
1484 4156 1575 4243 pacis
1604 4154 1747 4237 dicatur,
1778 4157 1868 4242 pacis

213 4258 327 4323 haberi
349 4265 382 4325 te
404 4259 555 4324 nolumus
579 4267 791 4340 sectatorem,
821 4265 857 4324 ut
879 4259 995 4326 fideles
1022 4260 1072 4324 tui
1096 4258 1234 4324 sedeant
1260 4259 1293 4321 in
1320 4257 1561 4345 pulchritudine
1585 4258 1676 4344 pacis
1699 4264 1732 4324 et
1754 4260 1867 4344 requie
1881 4284 1918 4326 ss.
1933 4291 2001 4334 aaa.

212 4361 384 4447 opulenta,
413 4384 474 4428 nee
502 4383 568 4428 non
597 4364 738 4430 ecclesia
767 4370 801 4430 et
829 4385 970 4450 persone
999 4362 1224 4429 ecclesiastice
1254 4362 1353 4447 plena
1379 4360 1532 4426 libertate
1556 4362 1669 4448 gavise
1692 4364 1868 4448 tranquilla

150 4494 161 4530 s
207 4465 391 4542 ,securitate
413 4465 585 4534 letentur⁸.

319 4569 477 4635 Preterea
491 4569 568 4655 quia
582 4571 827 4657 beneplacitum
842 4571 938 4638 nobis
961 4578 1023 4653 est,
1046 4569 1134 4655 quod
1158 4569 1242 4634 sicut
1264 4589 1325 4654 per
1347 4576 1419 4632 tuas
1442 4566 1538 4633 nobis
1554 4568 1682 4635 litteras
1697 4569 1866 4654 intimasti,

212 4670 367 4738 dilectum
389 4673 492 4738 filium
516 4673 660 4740 nobilem
683 4675 789 4739 virum
811 4674 1006 4741 Riceardnm
1028 4673 1251 4758 Filangerium
1274 4672 1508 4737 marescalcum
1532 4679 1623 4737 tuum
1645 4672 1758 4759 dirigis
1780 4675 1868 4740 ultra

212 4797 319 4856 mare,
348 4778 484 4863 prelatis
507 4778 720 4843 ecclesiarum
744 4785 778 4844 et
800 4779 872 4843 aliis
895 4779 1023 4843 litteras
1047 4775 1218 4862 dirigimus
1241 4796 1322 4861 quas
1344 4775 1465 4861 petisti.
1501 4774 1737 4842 Verumtamen
1760 4777 1867 4864 ipsum

211 4901 277 4944 non
299 4879 428 4966 imperii
451 4882 504 4948 vel
533 4882 740 4968 imperialem
768 4883 914 4968 legatum
936 4882 989 4946 vel
1018 4880 1179 4960 baiulum,
1210 4879 1269 4944 sed
1298 4884 1389 4943 tuum
1411 4878 1465 4943 vel
1495 4878 1703 4964 imperatoris
1727 4878 1865 4944 dicimus

213 4983 458 5070 appellandum,
489 4985 576 5070 quod
609 4992 642 5052 et
670 4993 701 5050 te
732 4986 765 5051 in
793 4987 857 5050 tuis
883 4985 1004 5051 litteris
1031 4985 1182 5050 volumus
1212 4983 1388 5048 observare
1417 4980 1612 5065 diligenter,
1642 5001 1715 5046 cnm
1745 4982 1865 5046 exinde

211 5094 327 5174 posset
347 5086 525 5154 heredibus
553 5089 618 5154 tuis
649 5089 865 5177 preiudioium
895 5089 1065 5175 generari,
1092 5089 1186 5174 quasi
1218 5107 1356 5173 regnum
1378 5083 1677 5150 Ierosolimitanum
1702 5084 1866 5171 imperiali

939 5267 1109 5275 ..-.-..——.·-
1112 5266 1315 5274 ..-.-.-----.--
1608 5261 1759 5268 *4*—

316 5385 338 5450 ⁸)
356 5385 483 5452 bucusque
500 5403 531 5439 eu
549 5385 634 5455 Rapa.

312 5524 339 5588 1)
358 5521 455 5577 Minus
476 5528 563 5584 recte,-
586 5521 624 5590 of.
646 5539 674 5576 n.
698 5525 761 5576 343.
876 5522 903 5584 2)
923 5519 1022 5576 lando
1045 5519 1270 5588 archiepiscopus
1294 5516 1422 5588 Reginus
1445 5531 1537 5570 mense
1562 5515 1658 5583 Maio,
1686 5513 1866 5569 Hernronnus

208 5609 341 5679 cooptatur
357 5623 417 5662 cnm
437 5609 552 5663 Marino
569 5609 777 5678 archiepiscopo
795 5607 916 5662 Barcaei
933 5625 1023 5662 mense
1041 5606 1125 5661 Iunio
1148 5603 1183 5658 ab
1208 5604 1372 5672 inspectore
1394 5603 1432 5656 ud
1450 5619 1555 5672 popam
1577 5601 1655 5656 missi
1677 5606 1763 5654 erant.
1781 5600 1866 5670 Rycc.

147 5721 158 5760 5
210 5697 244 5750 de
260 5695 288 5750 S.
308 5693 399 5748 Gerra.
417 5713 445 5749 u.
463 5699 541 5758 1231,
562 5691 648 5749 SS.'l.
667 5693 752 5759 XIX,
767 5711 797 5766 p.
818 5697 880 5748 364.

1605 5781 1659 5836 46*
