4590 6366
1012 387 1058 440 EX
1078 385 1252 441 annconss
1273 383 1312 440 IX
1331 384 1511 440 REGISTRO

1219 685 1306 757 698.

544 797 736 910 Gregorius
755 825 812 891 IX
828 846 916 906 papa
934 825 1122 909 Gregoririm
1143 826 1367 890 subdiaconum
1388 825 1425 889 do
1447 825 1596 890 nmndato
1620 826 1655 888 in
1672 826 1779 906 priori
1801 825 1938 906 epistola
1960 825 2103 888 contento

434 932 593 996 certiorem
618 928 716 1015 facit,
739 929 826 1011 dane
857 929 1012 1012 iniungit,
1039 931 1074 991 nt
1102 929 1132 993 si
1160 930 1232 1011 qais
1260 929 1388 994 illoram
1415 929 1574 1012 negligens
1604 928 1718 1009 faerit,
1753 928 1821 1008 ipsc
1849 929 1935 991 hanc
1965 925 2103 990 laborem

435 1037 585 1100 mamm.
634 1032 683 1113 ct.
706 1052 737 1096 a.
762 1033 833 1096 695.
1734 1033 1827 1108 1236,
1850 1030 1937 1113 Aac.
1963 1035 2014 1093 17.

541 1151 625 1224 (ἔτερ.
643 1153 694 1206 IX
711 1151 780 1224 ch.
802 1151 860 1208 Vol.
887 1151 915 1219 V,
933 1154 987 1206 186
993 1170 1003 1219 ,·
1021 1150 1084 1205 Leo.
1103 1151 1141 1222 X,
1159 1154 1221 1206 198.

745 1361 960 1456 Gregorio
988 1364 1266 1438 subdiacono
1295 1371 1336 1438 et
1363 1365 1598 1456 capellano
1625 1370 1791 1438 nostra.

549 1515 698 1589 Qualiter
722 1535 820 1600 super
842 1514 975 1599 negotio
991 1513 1190 1578 Lambardie
1216 1513 1463 1579 venerabilibus
1486 1513 1643 1578 fratribus
1660 1515 1781 1578 nostris
1805 1563 1838 1578 ..
1861 1514 2106 1580 Mediolanensi

439 1626 473 1685 et
497 1668 530 1683 ..
553 1619 739 1684 Ravennati
761 1617 1018 1704 archiepiscopis
1042 1624 1075 1682 et
1104 1618 1321 1702 suffraganeis
1355 1639 1467 1683 eorum
1497 1617 1696 1697 scribamus,
1727 1619 1760 1682 in
1782 1618 1917 1698 litteris,
1950 1639 2034 1704 quas
2064 1617 2106 1682 ad

441 1744 498 1788 eos
522 1722 702 1807 dirigimus,
720 1721 832 1787 videre
848 1723 971 1809 poteris
988 1722 1167 1788 evidenter.
1208 1722 1372 1802 Ceterum,
1395 1743 1437 1787 ne
1463 1722 1540 1808 quid
1562 1723 1595 1786 in
1619 1722 1794 1787 commisso
1815 1723 1864 1787 eis
1885 1723 2023 1808 negotio
2042 1731 2105 1790 cta.

440 1834 477 1892 ut
500 1847 599 1912 supra
620 1847 725 1911 usque
748 1827 781 1890 in
804 1827 913 1906 finem,
934 1826 1043 1891 verbis
1067 1833 1292 1913 competenter
1311 1827 1455 1890 mutatis.
1487 1824 1538 1890 Ne
1562 1846 1639 1890 vero
1663 1825 1819 1911 predictis
1842 1825 2105 1912 archiepiscopis

442 1939 475 1996 et
510 1930 725 2016 suffraganeis
759 1929 1004 2014 negligentibus
1039 1929 1188 1994 Romana
1225 1930 1367 1995 ecclesia
1401 1930 1596 1994 inexcusata
1629 1937 1816 2010 remaneat,
1859 1950 1958 2013 quam
1994 1951 2106 1994 rerum

442 2041 610 2119 gestarum
633 2033 754 2097 veritas
778 2033 977 2099 sufficienter
1000 2040 1155 2115 excusat,
1186 2035 1219 2098 in
1243 2033 1394 2099 defectua
1429 2033 1568 2098 aliorum
1599 2032 1689 2097 nullo
1713 2031 1968 2098 sollicitudinem
1992 2032 2110 2097 huius·

442 2135 530 2201 modi
553 2143 753 2218 assumente,
775 2144 940 2222 tamquam
963 2138 1049 2202 filius
1073 2136 1313 2202 benedictionis
1335 2143 1369 2200 et
1385 2137 1500 2222 gratie,
1524 2136 1578 2221 qui
1602 2135 1715 2200 matris
1739 2147 1794 2200 tue
1812 2136 1937 2200 teneris
1954 2135 2109 2199 iniuriam

442 2240 644 2325 propulsare,
668 2240 815 2305 laborem
837 2241 1043 2328 proponendi
1066 2248 1100 2306 et
1122 2240 1298 2306 resistendi
1322 2239 1527 2324 diligentiam
1551 2246 1742 2304 constanter
1765 2260 1926 2319 assumas,
1951 2238 1999 2302 ita
2021 2237 2111 2323 quod

444 2341 674 2407 sollicitudinis
698 2351 754 2408 tue
778 2343 922 2408 studium
950 2345 1054 2409 titulis
1077 2351 1226 2430 prompte
1250 2342 1434 2408 devotionis
1458 2349 1636 2425 accrescat,
1661 2349 1694 2410 et
1717 2363 1778 2408 nos
1801 2341 2111 2428 circumspectionis

444 2453 500 2511 tue
523 2445 734 2533 prudentiam
752 2448 917 2534 possimus
940 2449 973 2512 in
995 2447 1139 2513 Domino
1162 2448 1279 2514 merita
1303 2446 1543 2513 commendare.

473 2631 475 2634 .
553 2565 630 2631 Dat.
653 2576 691 2632 ut
714 2590 822 2655 supra.

1067 2709 1479 2718 m

1236 2969 1323 3042 699.

559 3077 750 3189 Gregorius
775 3107 832 3172 IX
850 3129 941 3189 papa
973 3108 1181 3193 [Gniltclmo]
1210 3109 1440 3190 archiepiscopo
1470 3108 1708 3173 Mediolanensi
1734 3112 1764 3172 ct
1795 3059 2015 3193 mffraganais
2047 3111 2118 3174 aias

450 3214 591 3288 enarrat,
614 3211 693 3292 qnid
715 3232 774 3292 pro
794 3232 871 3292 paca
892 3211 1104 3278 Lornbardiac
1125 3217 1155 3276 ct
1175 3213 1295 3296 negotio
1320 3213 1436 3277 Terrae
1460 3212 1595 3278 Sanctae
1618 3213 1729 3294 egerim
1751 3213 1883 3276 niandat
1903 3213 1962 3291 iis,
1984 3217 2024 3276 nt
2047 3234 2119 3278 cnm

450 3315 487 3378 in
516 3315 606 3378 cirria
637 3315 836 3395 inspiratoris
859 3316 1002 3400 fuerint,
1036 3315 1111 3380 daec
1142 3317 1186 3380 ad
1217 3317 1446 3381 excasationem
1473 3316 1616 3380 ecciesiae
1642 3315 1739 3380 eidem
1772 3321 1948 3396 exportant,
1982 3336 2118 3398 anemae

450 3421 608 3495 moneant,
637 3437 677 3483 ne
698 3422 807 3482 contra
828 3418 1013 3504 [Iacobum]
1036 3419 1212 3500 episcopam
1234 3419 1478 3485 Praenestinam
1500 3423 1666 3498 moveatur,
1697 3417 1778 3501 qnod
1792 3439 1901 3499 pacem
1923 3421 2012 3484 inter
2035 3421 2119 3485 cives

450 3521 653 3586 Placentinos
673 3520 898 3607 reformaverit,
921 3542 990 3587 cnm
1010 3522 1069 3587 noo
1089 3543 1123 3586 rc
1146 3524 1270 3604 imperii
1291 3525 1365 3589 inra
1387 3544 1451 3588 non
1472 3522 1644 3588 violaverit.
1692 3520 1743 3608 Οἵ.
1766 3542 1797 3585 n.
1821 3522 1893 3586 695.

1747 3627 1841 3703 1236,
1863 3625 1947 3708 Aac.
1971 3629 2028 3694 19.

557 3707 640 3781 tiraq,
658 3709 708 3763 IX
725 3710 793 3778 Rea.
818 3709 874 3764 Vol.
899 3709 929 3778 V,
948 3713 1105 3769 185-186‚·
1124 3710 1187 3764 Lib.
1206 3712 1243 3776 X,
1262 3715 1320 3766 194.

555 3796 693 3862 Pottttast,
713 3796 782 3866 Rea.
801 3800 908 3862 1022&
927 3797 964 3865 cf.
984 3797 1055 3850 Add.
1074 3797 1100 3862 I,
1115 3814 1145 3867 p.
1163 3802 1246 3852 2107.

637 4067 676 4085 ..
705 4010 1045 4102 archiepiscopo
1073 4011 1400 4087 Mediolanensi
1430 4018 1473 4086 et
1501 4010 1799 4103 suffragancis
1829 4011 1931 4084 suis.

562 4156 667 4230 Quam
695 4159 912 4223 intentionem
937 4160 972 4223 in
1002 4163 1145 4247 nogotiis
1172 4164 1338 4228 karissimi
1367 4165 1400 4227 in
1431 4163 1561 4227 Christo
1589 4162 1648 4226 lilii
1678 4161 1781 4226 nostri
1808 4160 1968 4225 Friderici
1992 4167 2060 4226 etc.
2084 4167 2122 4228 et

456 4262 646 4348 specialiter
674 4261 708 4325 in
737 4262 870 4346 negotio
903 4262 1100 4330 Lambardie
1136 4267 1337 4351 gesserimus
1369 4265 1527 4329 hactenus
1551 4271 1585 4329 et
1606 4285 1774 4350 geramus,
1805 4264 1834 4327 is
1856 4264 1949 4328 norit
1969 4265 2120 4350 plenius,

300 4394 359 4437 psa.
374 4399 441 4443 Μ,
457 4366 512 4450 qui
534 4365 630 4428 finxit
652 4364 751 4429 corda
772 4365 938 4431 hominum
963 4369 1170 4454 singillatim,
1200 4371 1278 4434 licet
1306 4369 1417 4434 forsan
1444 4369 1545 4454 aliqui
1577 4367 1676 4433 corde
1699 4367 1846 4455 perversi
1875 4367 1917 4431 ab
1941 4368 2120 4434 incentore

455 4469 614 4533 malorum
638 4469 781 4534 omnium
803 4470 950 4556 instigati
973 4475 1170 4539 contrarium
1194 4478 1395 4537 asseverent.
1449 4471 1561 4536 Sane¹
1583 4471 1706 4536 dudum
1730 4471 1878 4536 eiusdem
1901 4471 2117 4556 imperatoris

455 4571 549 4636 nobis
581 4573 700 4637 litteris
727 4575 941 4659 presentatio,
974 4577 1007 4639 in
1038 4578 1156 4662 quibus
1191 4576 1231 4640 de
1266 4576 1451 4662 principum
1486 4575 1660 4661 sollempni
1698 4574 1836 4639 consilio
1866 4595 1965 4661 super
1994 4575 2118 4641 eodem

457 4677 589 4761 negotio
612 4676 809 4742 Lambardie
832 4677 926 4742 iuxta
947 4680 1085 4745 formam
1117 4680 1361 4765 compromissi,
1393 4700 1489 4764 quarn
1519 4679 1560 4743 ab
1593 4699 1632 4742 eo
1661 4698 1893 4763 receperamus
1924 4678 1959 4742 iu
1981 4679 2120 4760 Tuscia,

457 4781 584 4866 precise
607 4781 641 4844 in
664 4780 814 4845 manibus
837 4783 978 4848 ecclesie
1002 4805 1038 4848 se
1061 4783 1222 4868 ponebat,
1253 4784 1300 4847 ita
1323 4789 1434 4848 tamen
1457 4782 1544 4868 quod
1567 4783 1737 4867 negotium
1759 4783 1866 4866 ipsum
1889 4781 1931 4846 ad
1954 4782 2121 4848 honorem

458 4904 553 4948 sunm
580 4891 614 4948 et
641 4883 770 4968 imperii
798 4886 1002 4951 commodum
1029 4907 1133 4970 usque
1164 4885 1205 4950 ad
1234 4887 1384 4972 proximo
1412 4885 1518 4950 nuneb
1540 4887 1698 4972 preterita
1728 4885 1907 4948 nativitatis
1938 4883 2122 4950 Dominica

458 4987 634 5052 terminum
650 4988 885 5073 compleretur:
910 4991 988 5074 quia
1010 4990 1043 5052 in
1067 4989 1186 5054 litteris
1209 4990 1290 5076 ipsis
1313 4990 1388 5054 talis
1414 4997 1484 5054 erat
1508 4988 1637 5053 adiecta
1660 4987 1814 5068 conditio,
1836 5007 2010 5073 perquam
2027 5011 2124 5053 com-

459 5092 655 5178 promissum
678 5093 812 5178 penitus
835 5093 1023 5174 tollebatur,
1059 5099 1092 5157 et
1114 5114 1180 5157 non
1195 5093 1370 5159 videbatur
1392 5093 1478 5157 inira
1493 5093 1655 5179 prefixum
1678 5091 1852 5156 terminum
1870 5097 2000 5155 tontum
2017 5113 2120 5179 posse
2176 5133 2202 5170 μ

458 5196 626 5280 negotium
650 5196 835 5276 terminari,
863 5217 922 5260 nos
955 5195 1097 5261 eundem
1125 5197 1376 5282 imperatorem,
1409 5203 1446 5261 ut
1475 5218 1575 5282 super
1602 5197 1674 5281 ipso
1705 5195 1837 5280 negotio
1862 5215 1898 5259 sa
1921 5194 2019 5261 iuxta
2041 5219 2121 5284 pra-

459 5301 593 5364 missam
621 5300 758 5364 formam
788 5301 917 5386 precise
949 5307 982 5364 et
1012 5301 1083 5366 sine
1114 5300 1302 5366 conditione
1332 5303 1442 5387 aliqua
1470 5302 1504 5365 in
1532 5300 1681 5365 manibus
1709 5297 1849 5364 ccclesia
1873 5305 2030 5384 poneret,
2062 5321 2125 5387 per

1653 5455 2014 5466 -—-——-—-—-———

563 5562 586 5628 1²)
603 5563 731 5614 defectum
749 5561 782 5612 R.
881 5560 905 5623 ¹⁵)
925 5570 989 5616 tunc
1007 5558 1043 5615 R.

563 5683 591 5752 1)
611 5681 654 5753 Os.
670 5698 698 5736 n.
718 5683 780 5736 657.
