4604 6420
447 402 510 464 416
1026 390 1074 444 EX
1093 386 1268 444 GREGORII
1285 386 1324 440 IX
1341 386 1522 442 uuelsrao

447 572 537 637 curie
560 577 615 636 tue
639 568 714 635 iude
738 566 886 646 debetur,
910 563 1094 631 concedens
1111 561 1303 628 Gaietanis¹
1327 566 1360 626 et
1382 561 1455 625 aliis
1477 560 1683 647 supradietis,
1707 561 1877 626 remittens
1902 563 1950 626 eis
1975 582 2104 626 omnem

448 675 625 754 offensam,
660 679 693 738 et
730 671 764 735 in
793 669 933 754 gratiam
962 675 1051 733 tuam
1080 667 1169 753 ipsos
1197 665 1391 744 restituens,
1425 685 1463 728 ae
1493 665 1701 729 securitatem
1732 663 1858 729 eisdem
1889 665 2040 729 tribuens
2072 670 2105 728 et

447 777 629 864 plenariam
661 775 849 840 libertatem
879 771 921 837 ad
945 768 1131 837 exercenda
1153 769 1263 833 omnia
1289 768 1422 852 negotia
1449 790 1508 854 per
1531 789 1682 852 regnum,
1713 768 1944 854 imperiumst
1970 768 2103 852 ubique,

450 885 602 966 patentes
647 899 746 964 super
785 877 846 942 hoo
888 874 950 940 sibi
991 874 1117 939 litteras
1158 869 1398 936 concedend02.
1451 870 1644 936 Venerabili
1684 891 1813 956 quoque
1857 872 1949 938 tratri
1989 878 2102 936 nostro

450 1031 483 1048 ..
507 981 714 1047 Messanensi
737 979 984 1066 archiepiscopo
1009 982 1043 1042 et
1066 975 1187 1040 dilecto
1210 975 1277 1040 tilio
1300 1024 1334 1041 ..
1357 974 1513 1057 magistro
1538 974 1653 1040 domus
1678 982 1790 1040 sancte
1812 975 1918 1041 Marie
1941 976 2100 1041 Teutoni·
2163 1004 2174 1039 s

453 1107 564 1151 corum
588 1105 692 1170 nsque
715 1082 757 1149 ad
779 1084 928 1168 quintum
953 1081 1115 1146 decimum
1137 1100 1258 1144 anuum
1282 1078 1430 1144 ciusdem
1453 1079 1521 1143 nati
1544 1079 1607 1160 tui,
1631 1080 1683 1144 cui
1707 1079 1887 1166 supradicti
1910 1079 2105 1145 fidelitatem

447 1188 615 1269 iurabunt,
649 1187 833 1252 committes
868 1185 939 1250 eius
970 1183 1102 1249 nomine
1132 1203 1193 1268 per
1226 1181 1308 1246 alias
1337 1183 1465 1246 litteras
1499 1189 1572 1246 tuas
1606 1183 1744 1249 liberam
1775 1183 2103 1249 amministrationem

447 1299 609 1358 terrarum
632 1290 801 1355 hominum
824 1286 1004 1354 eorundem
1033 1292 1067 1351 et
1096 1285 1240 1349 omnium
1271 1285 1506 1370 pertinentium
1530 1286 1571 1351 ad
1595 1286 1745 1367 easdem,
1775 1287 1821 1351 ita
1843 1286 1930 1372 quod
1954 1287 1984 1351 si
2006 1287 2102 1353 ambo

446 1396 500 1459 vel
524 1395 608 1459 alter
631 1391 852 1472 decesserint,
875 1390 931 1454 alii
954 1389 1007 1454 vel
1030 1388 1114 1452 alius
1137 1386 1178 1452 de
1202 1387 1339 1451 consilio
1364 1388 1505 1452 ecclesie
1528 1388 1601 1453 loco
1625 1388 1844 1474 subrogentur
1865 1411 1994 1472 eorum,
2017 1391 2102 1456 etsi

447 1496 593 1584 prefatus
616 1495 702 1560 filius
726 1500 801 1559 tuus
826 1492 959 1557 cederet
981 1492 1034 1556 rel
1056 1488 1144 1575 quod
1166 1489 1254 1554 absit
1277 1489 1466 1571 decederet,
1488 1491 1718 1557 nichilominus
1742 1493 1902 1579 promissa
1924 1499 2099 1558 serventur

446 1621 551 1686 usque
575 1599 617 1664 ad
639 1598 816 1664 terminum
831 1601 1047 1683 pretaxatum,
1071 1614 1134 1679 que
1158 1614 1218 1678 per
1238 1593 1365 1657 litteras
1390 1599 1463 1658 tuas
1480 1595 1651 1684 promittas
1674 1601 1707 1661 te
1730 1596 1917 1662 nullatenus
1932 1617 2101 1662 revocare.

447 1703 511 1767 Pro
535 1702 598 1766 hiis
622 1701 721 1786 igitur
743 1699 930 1786 expeditius
958 1697 1044 1783 apud
1068 1703 1157 1761 tuam
1181 1697 1414 1761 excellentiam
1437 1699 1669 1784 promovendis
1691 1699 1847 1766 dilectum
1869 1700 1973 1765 filium
1996 1699 2101 1785 magi-

449 1811 551 1869 strum
573 1804 753 1869 Iohannem
776 1802 817 1868 de
842 1801 964 1889 Capua,
988 1801 1149 1865 notarium
1173 1806 1331 1880 nostrum,
1354 1801 1458 1865 virum
1482 1801 1654 1888 providum
1677 1809 1711 1868 et
1733 1802 1920 1884 discretum,
1943 1803 1985 1868 de
2009 1804 2102 1868 cuius

448 1906 512 1972 lide
536 1928 574 1972 ac
591 1906 752 1972 industria
768 1905 986 1970 indubitatem
1001 1903 1152 1967 fiduciam
1166 1905 1311 1987 gerimus
1335 1909 1369 1968 ot
1392 1910 1427 1968 tu
1449 1905 1546 1990 plene
1569 1911 1664 1990 potes
1681 1907 1854 1988 confidere,
1878 1929 1952 1972 oum
1969 1906 2103 1971 honoris

448 2017 483 2075 et
505 2009 714 2074 exaltationis
739 2015 794 2074 tue
818 2009 942 2073 celetur
964 2012 998 2071 et
1025 2006 1136 2092 cupiat
1163 2006 1415 2086 incrementum,
1446 2008 1616 2084 serenitati
1645 2014 1702 2074 tuo
1726 2009 1923 2074 fiducialiter
1943 2008 2099 2074 duximus

448 2114 751 2195 transmittendum,
781 2132 876 2197 quem
909 2111 992 2176 sicut
1015 2109 1243 2176 celsitudinem
1266 2117 1355 2175 tuam
1378 2110 1473 2176 decet
1496 2112 1699 2198 benignitate
1723 2113 1883 2199 recipiens
1908 2118 1941 2176 et
1963 2113 2104 2178 eudicus

448 2223 620 2296 consueta,
645 2216 846 2303 superbiis,
870 2236 932 2300 que
956 2213 1017 2278 tibi
1041 2235 1083 2277 ex
1106 2219 1199 2298 parte
1222 2220 1335 2279 nostra
1358 2214 1490 2279 duxerit
1512 2215 1741 2302 proponenda,
1766 2217 1797 2280 ei
1824 2221 1978 2301 tauquam
2007 2216 2104 2281 uobis

447 2319 545 2386 fidem
568 2319 726 2385 adhibeas
753 2326 786 2385 et
808 2318 850 2384 ad
873 2319 1026 2384 effectum
1048 2317 1121 2401 ipsa
1144 2316 1307 2382 deducere
1330 2339 1396 2382 nou
1418 2324 1607 2405 postponas,
1631 2320 1678 2383 ita
1700 2318 1787 2405 qnod
1810 2318 1961 2383 obstruas
1985 2319 2103 2384 amodo

448 2444 506 2487 ora
527 2423 639 2508 iniqua
661 2423 882 2509 loquentium,
913 2420 1111 2486 sinceritatis
1139 2426 1195 2485 tue
1227 2421 1341 2486 titulus
1373 2421 1551 2502 enitescat,
1580 2429 1615 2487 et
1644 2443 1687 2487 ex
1719 2423 1810 2486 filiali
1838 2421 2013 2487 devotione
2043 2443 2104 2487 uos

446 2527 536 2613 ipsos
568 2526 609 2591 ab
637 2526 863 2612 inquietudine
890 2524 1028 2602 liberes,
1061 2544 1158 2608 quarn
1181 2529 1246 2587 tam
1270 2545 1404 2608 gravem
1427 2545 1485 2610 pro
1508 2525 1575 2590 hiis
1599 2526 1753 2591 continuo
1777 2524 1993 2608 sustinemus,
2023 2533 2061 2591 ut
2083 2548 2104 2590 a
2156 2544 2181 2584 so

447 2628 542 2695 uobis
567 2635 600 2694 et
626 2629 699 2694 aliis
722 2628 935 2694 intolerabilis
958 2628 1075 2692 merito
1098 2632 1277 2713 reputetur.

554 2747 631 2815 Dat.
652 2749 806 2815 Laterau.
829 2749 932 2813 VIIII
952 2747 1027 2815 Kal.
1050 2747 1185 2833 Aprilis,
1208 2749 1417 2835 pontificatus
1440 2751 1544 2815 nostri
1567 2771 1651 2815 anno
1675 2751 1825 2836 septimo.

1070 2994 1260 3002 ——.--—-
1264 2995 1480 3003 ——-—-—.—.

1234 3217 1320 3291 517.

558 3325 748 3435 Gregorius
770 3354 825 3418 IX
848 3376 936 3435 propa
956 3355 1157 3420 Fridericuru
1178 3355 1392 3421 Romanorum
1420 3358 1635 3438 iaperatorem
1657 3363 1770 3437 monet,
1793 3364 1827 3422 ut
1848 3361 1877 3424 si
1898 3381 1949 3437 ca,
1972 3381 2055 3442 quoa
2077 3363 2107 3424 ei

448 3477 506 3536 per
527 3455 736 3542 Ilolrannam]
757 3456 794 3520 dc
818 3457 929 3538 (lupico
949 3457 1109 3521 actorium
1131 3460 1160 3520 ct
1182 3457 1303 3522 litteras
1325 3477 1400 3522 sarrs
1417 3464 1583 3540 proponat,
1605 3481 1670 3525 saon
1691 3466 1833 3543 acceptet,
1851 3461 1992 3548 smmum
2007 3464 2104 3543 pacis

448 3559 512 3623 sibi
540 3558 581 3622 ab
607 3557 709 3622 eodem
737 3559 849 3622 acatio
871 3562 1108 3639 praesentatum
1137 3559 1284 3638 observat,
1312 3561 1406 3625 donec
1426 3563 1582 3643 nepotiana
1604 3585 1666 3645 per
1691 3565 1828 3629 arbitros
1851 3565 1996 3646 finiatur.
2047 3565 2099 3650 Cf.
2154 3585 2179 3623 es

448 3681 481 3727 u.
506 3661 579 3724 516.
1716 3670 1811 3748 1233,
1833 3666 1936 3732 Mart.
1958 3670 2012 3731 21.

555 3777 637 3850 arey.
657 3778 706 3831 rx
722 3778 790 3847 aeq.
812 3777 871 3833 Vos.
890 3778 943 3848 ιν,
961 3784 977 3833 4
983 3797 992 3847 ;
1010 3778 1073 3834 ιιι.
1095 3779 1164 3847 Vri,
1182 3786 1223 3834 ιι.

1194 3958 1355 4032 Eidem.

556 4087 606 4168 si,
635 4086 722 4172 quod
745 4086 846 4168 absit,
878 4109 918 4152 ea
945 4108 1007 4172 que
1039 4111 1098 4174 per
1126 4089 1282 4156 dilectum
1311 4093 1414 4157 filiurn
1437 4094 1629 4179 magistrum
1657 4095 1684 4158 Ι.
1709 4095 1750 4161 de
1779 4096 1906 4183 Capua,
1937 4098 2103 4162 notarium

449 4197 613 4270 nostrum,
644 4213 682 4255 ac
711 4212 770 4276 per
799 4191 926 4255 litteras
954 4193 1141 4258 celsitudini
1171 4201 1226 4260 tue
1260 4196 1435 4279 mittimus,
1467 4220 1531 4262 uon
1561 4197 1695 4262 duxeris
1725 4199 1861 4264 forsitan
1889 4201 2102 4286 acceptanda,

449 4293 659 4358 serenitatem
684 4300 773 4357 tuam
795 4314 965 4357 monemus
989 4301 1022 4358 et
1051 4295 1092 4359 ab
1116 4296 1188 4382 ipsa
1219 4301 1433 4384 requirimus,
1465 4301 1616 4387 quatinus
1649 4301 1806 4368 observes
1833 4303 1970 4366 formam
1999 4305 2103 4389 pacis,

448 4415 545 4479 quarn
567 4393 626 4459 tibi
655 4416 715 4480 per
742 4396 849 4481 ipsum
878 4395 1015 4460 facimus
1043 4401 1241 4482 presentari,
1272 4408 1306 4465 et
1333 4403 1514 4466 emendatis
1542 4402 1691 4489 dampnis
1723 4405 1906 4490 amotisque
1935 4406 2103 4472 violentiis

449 4495 603 4577 arbitros,
635 4498 691 4582 qui
719 4519 791 4562 curu
821 4498 893 4563 aliis
923 4499 963 4564 ab
988 4502 1128 4565 ecclesia
1151 4512 1227 4567 suut
1257 4505 1372 4586 electi,
1402 4512 1458 4568 ιιιιι
1482 4507 1659 4571 secundum
1683 4507 1818 4572 formam
1841 4509 1931 4594 pacis
1954 4508 2102 4596 predicte

448 4598 637 4685 procedant,
660 4599 801 4685 dirigere
824 4623 889 4666 nou
911 4603 1189 4690 postponas,'uon
1213 4608 1396 4672 offensurus
1420 4631 1479 4696 per
1502 4616 1534 4675 te
1558 4612 1610 4675 vel
1632 4633 1691 4697 por
1714 4613 1796 4677 alios
1819 4613 1853 4677 in
1876 4613 2024 4698 personis
2047 4615 2102 4678 vel

449 4700 548 4765 rebus
580 4723 652 4784 eos,
685 4703 740 4786 qui
771 4709 918 4791 tempore
950 4707 1113 4772 discordie
1142 4709 1212 4772 sedi
1247 4712 1428 4796 apostolice
1458 4712 1674 4795 adheserunt,
1706 4715 1810 4780 donec
1841 4715 2009 4800 negotium
2041 4737 2103 4802 per
2155 4743 2180 4781 rs

448 4804 588 4870 arbitros
611 4805 750 4873 finiatur.

436 4937 437 4940 ’
556 4922 632 4991 Dat.
657 4933 693 4991 ut
716 4928 842 5013 suprab.

552 5184 574 5249 ⁸)
591 5193 621 5242 ut
642 5186 709 5238 deest
731 5189 759 5239 in
786 5188 817 5238 R.
900 5185 923 5252 Ι’)
947 5187 994 5250 (ΙΙΙ
1012 5189 1069 5240 Kal.
1088 5190 1168 5256 April.
1188 5207 1255 5242 anuo
1273 5191 1391 5258 septimo)
1414 5211 1431 5243 o
1449 5193 1548 5248 Pcrtzio
1572 5197 1723 5264 apographo
1745 5214 1791 5250 arco
1818 5196 1935 5248 warum
1957 5207 2006 5264 ert,
2029 5200 2103 5251 αιὲιιι

447 5270 596 5323 coactae
613 5274 705 5324 acrem.

550 5389 576 5456 1)
596 5389 658 5444 Hoc
671 5389 850 5461 prtotlcps'am
867 5405 922 5445 aaa
941 5397 1078 5462 supeream
1107 5392 1157 5448 aed
1173 5392 1217 5458 id,
1241 5407 1294 5462 quo
1313 5393 1465 5463 imperator
1481 5397 1545 5465 Jr'ls'o
1562 5415 1613 5454 sao
1634 5399 1771 5455 civitatem
1795 5399 1895 5466 tradit,
1919 5399 1970 5456 sub
1993 5399 2102 5472 duplici
2156 5427 2184 5467 ω

448 5473 541 5542 formo
559 5474 649 5530 adbuc
667 5479 755 5530 catat:
780 5476 876 5541 altaro,
901 5494 946 5546 ap.
965 5476 1093 5542 Botion,
1111 5479 1184 5534 Acta
1202 5481 1270 5547 Imp.
1286 5495 1317 5547 p.
1335 5484 1401 5544 265,
1419 5498 1445 5535 a.
1465 5486 1526 5548 301,
1544 5484 1612 5540 doto
1631 5491 1673 5540 eat
1689 5503 1716 5539 a.
1734 5488 1817 5554 1233,
1835 5485 1929 5548 Mart,
1947 5485 2046 5550 altera,
2064 5487 2101 5543 ab

449 5560 502 5615 illc
523 5560 554 5614 in
577 5561 716 5616 macellis
737 5561 912 5632 discrepans,
931 5577 1011 5630 quom
1029 5578 1109 5632 popa
1127 5567 1213 5633 1233,
1237 5566 1299 5618 Isca.
1319 5569 1355 5618 21
1374 5565 1521 5624 Gcictom'a
1537 5571 1621 5644 misit,
1638 5573 1706 5626 uoto
1724 5573 1916 5644 ctrmwlops'co
1933 5577 2023 5634 ccrctr
2043 5589 2104 5631 acm

457 5647 566 5703 incenia
583 5647 663 5716 infra
679 5646 730 5702 aab
747 5664 774 5701 a.
793 5652 855 5703 542.
924 5646 952 5714 2)
973 5647 1015 5720 Cf.
1033 5664 1060 5702 a.
1080 5654 1134 5704 542
1151 5649 1209 5706 III
1224 5655 1249 5706 ct
1267 5649 1321 5708 IV.
