4596 6406
293 2562 339 2606 leb.
354 2567 422 2615 toti.

294 2763 370 2805 leram.
380 2768 448 2814 tals.

462 370 524 432 618
1032 363 1080 418 Ex
1099 365 1274 420 GREGORII
1293 365 1329 418 lX
1349 365 1529 419 REGISTRO
1624 363 1625 366 ’

461 541 551 605 beati
572 539 724 604 Iohannis
746 539 894 624 proximo
922 540 1117 602 venturum¹
1141 539 1272 604 studeas
1293 559 1481 624 prorogare,
1505 538 1662 602 mandans
1689 538 1798 603 eidem
1818 539 1921 603 nobili
1938 545 1974 602 ut
1994 538 2117 603 exinde

462 665 526 709 nou
549 643 681 709 recedat
701 642 826 727 absque
844 642 931 708 sedis
946 644 1124 729 apostolice
1140 644 1275 707 licentia
1291 643 1432 728 spetiali,
1456 650 1490 707 et
1513 643 1580 707 suis
1605 650 1641 706 ut
1665 642 1706 706 ad
1730 643 1836 706 minus
1861 665 1920 728 per
1944 643 2118 708 biennium

463 748 496 812 iu
519 747 651 813 servitio
674 745 820 831 predicte
845 753 930 811 terre
956 753 1131 812 morentur.
1177 746 1213 810 Si
1235 768 1313 811 vero
1337 747 1476 810 transire
1500 746 1533 809 in
1556 745 1702 831 predicto
1728 747 1868 811 termino
1892 769 1957 811 non
1983 749 2117 828 curarit,

461 850 568 936 ipsum
592 850 746 915 dilatione
769 871 807 916 ac
831 851 1044 915 excusatione
1068 850 1272 915 cessantibus
1295 849 1329 914 in
1352 849 1698 914 excommunicationis
1728 852 1926 915 sententiam
1956 849 2118 915 reducere

462 975 527 1018 nou
559 960 737 1040 postponas
771 961 805 1018 et
837 954 939 1018 facias
974 975 1047 1018 eam
1080 975 1140 1039 per
1173 955 1261 1032 loca,
1308 954 1342 1017 in
1377 952 1494 1038 quibus
1529 951 1685 1037 expedire
1722 952 1858 1032 videris,
1898 954 2118 1041 solempniter

462 1057 633 1143 publicari,
656 1078 869 1142 processurus
891 1057 1120 1123 nichilominus
1144 1064 1257 1122 eontra
1280 1077 1347 1137 eos,
1370 1063 1467 1144 prout
1488 1055 1609 1120 videris
1634 1056 1802 1144 expedire.

570 1177 648 1244 Dat.
670 1177 824 1244 Laterau.
847 1178 879 1242 X
901 1177 975 1244 Kal.
1000 1179 1153 1260 Ianuarii,
1177 1201 1261 1244 anno
1284 1177 1345 1244 XI.

1080 1461 1490 1470 m—

1248 1705 1333 1779 719.

573 1825 763 1927 Gregorius
788 1843 845 1910 IX
875 1865 964 1927 papa
999 1845 1137 1927 episcopo
1168 1847 1428 1930 Balneoreqicnsi
1461 1847 1605 1925 nwndat,
1639 1852 1674 1910 nt
1707 1848 1859 1912 civitatem
1893 1847 2124 1912 Viterbiensem

463 1951 590 2028 propter
610 1949 676 2013 eins
694 1946 844 2034 facinora
866 1951 1037 2016 sententiae
1059 1952 1217 2016 interdicti
1238 1957 1400 2034 supponat.
1449 1953 1497 2033 Cf.
1520 1971 1552 2018 n.
1577 1955 1648 2017 717.

571 2136 655 2208 arey.
674 2137 724 2190 rx
742 2137 810 2208 noy.
835 2138 893 2193 va.
917 2138 946 2204 v,
967 2143 1127 2207 ara-ssa·
1146 2140 1208 2195 aaa.
1226 2141 1277 2194 xr
1294 2144 1356 2194 sae.
1762 2059 1854 2135 1238,
1877 2055 1952 2120 Ian.
1976 2060 2030 2120 11.

569 2223 706 2291 Pattbast,
725 2223 795 2296 Req.
814 2229 913 2280 10496.

955 2463 964 2481 .
994 2463 1002 2480 .
1030 2406 1252 2500 episcopo
1280 2407 1641 2500 Balneoregensi.

576 2553 611 2618 si
629 2559 742 2619 contra
752 2553 990 2636 viterbienses,
1007 2555 1188 2642 iniquitatis
1204 2556 1297 2630 filios,
1321 2562 1409 2620 terra
1432 2562 1646 2641 consurgeret
1668 2562 1700 2620 et
1717 2555 1905 2641 iniquitates
1924 2577 2038 2620 eorum
2055 2555 2124 2621 celi

468 2656 584 2742 sydera
607 2656 792 2722 revelarent
814 2679 851 2722 ac
874 2659 1123 2724 manifestarent
1145 2660 1291 2745 ipsorum
1315 2659 1441 2723 scelera
1463 2659 1521 2724 toti
1544 2659 1676 2740 mundo,
1698 2667 1734 2724 ut
1756 2681 1819 2724 non
1844 2661 1947 2724 solum
1964 2659 2122 2725 homines

468 2767 518 2824 set
542 2759 640 2826 etiam
667 2761 831 2825 elementa
858 2763 930 2848 ipsa
953 2763 1161 2828 eoniurareot
1189 2763 1222 2826 in
1249 2783 1361 2826 eorum
1385 2761 1549 2826 excidium
1578 2763 1769 2841 struinam,
1792 2770 1828 2827 ut
1851 2769 1963 2828 essent
1988 2764 2125 2828 cunctis

468 2864 621 2949 gentibus
649 2866 682 2930 in
710 2864 842 2929 sibilum
870 2874 904 2931 ct
931 2874 1108 2953 stuporem,
1132 2868 1212 2931 ultio
1237 2865 1277 2931 de
1301 2867 1364 2931 illis
1388 2867 1472 2930 sumi
1495 2888 1560 2930 nan
1584 2875 1696 2952 posset
1719 2866 1885 2931 sufficiens
1914 2869 1984 2932 sive
2009 2867 2124 2952 digna.

467 2968 550 3032 Nam
585 2968 632 3032 sio
666 2990 722 3034 eos
757 2969 889 3055 propria
912 2973 1082 3036 excecavit
1103 2972 1238 3048 malitia,
1262 2970 1347 3056 quod
1370 2992 1431 3035 nec
1455 2972 1543 3056 ipsos
1568 2971 1770 3056 compescuit
1792 2979 1903 3052 nostra
1925 2979 1959 3036 et
1980 2971 2126 3036 fratrum

467 3080 652 3138 nostrorum
675 3074 851 3158 presentia,
874 3096 1009 3160 quorum
1034 3076 1150 3140 saltem
1174 3075 1276 3139 facies
1300 3073 1495 3139 erubescere
1519 3074 1715 3154 debuerunt,
1740 3095 1800 3140 uec
1824 3075 1971 3140 inhibitio
1995 3076 2127 3161 pluries

468 3177 631 3241 inculcata
646 3183 678 3240 et
696 3179 1041 3242 excommunicationis
1058 3179 1231 3252 sententia,
1256 3178 1288 3240 in
1307 3228 1314 3242 .
1332 3228 1339 3243 .
1357 3183 1565 3262 potestatem,
1590 3178 1761 3242 consilium
1779 3178 2124 3258 etAldebrandinum,

468 3281 523 3364 qui
546 3301 581 3344 ae
605 3280 690 3364 gerit
713 3302 771 3367 pro
797 3281 906 3347 balivo
937 3283 1176 3368 communitatis
1199 3281 1357 3357 viterbii,
1392 3302 1430 3344 ac
1465 3301 1623 3364 sequaces
1658 3303 1769 3346 eorum
1806 3304 1826 3346 a
1858 3282 1953 3346 nobis
1981 3284 2127 3369 prolata,

468 3389 644 3470 potuerunt
666 3384 871 3470 aliquatenus
899 3387 1075 3464 refrenare,
1099 3387 1176 3470 quin
1200 3406 1272 3449 cum
1296 3384 1360 3448 sint
1383 3384 1492 3448 attrite
1516 3384 1631 3448 frontis
1655 3392 1688 3450 et
1710 3385 1977 3470 impudibundam
2001 3387 2127 3451 faciem

469 3489 704 3573 assumpserint
734 3489 932 3570 meretricis,
966 3489 1141 3553 humanum
1174 3489 1367 3574 sanguinem
1402 3509 1516 3552 manus
1549 3508 1661 3552 eorum
1698 3489 1838 3553 crudelis
1870 3489 2056 3555 effunderet
2085 3513 2127 3556 ac

469 3591 534 3654 alia
557 3591 686 3656 diversa
707 3591 840 3677 indigna
862 3592 967 3657 relatu
990 3592 1150 3656 maleficia
1166 3597 1386 3678 perpetraret;
1412 3599 1445 3656 et
1460 3591 1538 3655 licet
1554 3593 1638 3670 illos,
1661 3600 1697 3656 ut
1713 3593 1856 3658 redirent
1876 3592 1916 3658 cd
1931 3594 2127 3660 mandatum

471 3694 630 3767 ecclesie,
668 3715 728 3780 per
755 3693 892 3760 dilectos
921 3697 1005 3762 filios
1028 3695 1296 3761 Bartholomcum
1326 3703 1360 3761 et
1381 3696 1549 3760 Andream
1573 3695 1746 3762 Octaviani
1774 3699 1959 3785 capellanos
1987 3705 2125 3764 nostros

470 3797 594 3862 moneri
616 3797 790 3862 fecerimus
814 3799 999 3884 diligenter,
1022 3799 1096 3886 ipsi,
1120 3800 1281 3884 eligentes
1304 3800 1411 3885 perire
1435 3799 1658 3884 potiusquam
1680 3821 1806 3887 parere,
1829 3801 1862 3864 id
1886 3803 2017 3866 efficere
2044 3824 2126 3888 per·

471 3901 621 3966 tinaciter
642 3909 836 3976 renuerunt;
870 3911 1004 3990 propter
1038 3903 1123 3990 quod
1159 3903 1256 3968 iidem
1291 3902 1451 3990 capellani
1484 3903 1628 3988 prefatos
1661 3911 1871 3990 potestatem,
1905 3907 2125 3985 consiliarios,

471 4005 766 4085 Aldebrandinum,
801 4007 928 4071 balivos
961 4007 1076 4071 artium
1099 4008 1269 4072 universos
1304 4029 1341 4070 ac
1366 4027 1525 4090 sequaces
1550 4028 1663 4071 eorum
1686 4008 1960 4074 denuntiaverunt
1985 4032 2124 4075 excom-

473 4111 701 4176 municationis
725 4111 887 4175 sententie
922 4110 1105 4177 subiacere.
1150 4109 1196 4174 Ut
1230 4111 1329 4195 igitur
1363 4111 1469 4173 acrior
1497 4132 1583 4196 pena
1617 4118 1741 4196 pungat
1770 4133 1850 4197 quos
1873 4114 1964 4177 nulla
1987 4115 2125 4199 penitus

472 4215 630 4278 hactenus
664 4214 820 4301 penitudo
854 4215 1058 4300 compunxit,
1087 4236 1147 4278 nos
1177 4215 1343 4278 civitatem
1366 4214 1471 4299 ipsam
1504 4220 1538 4277 et
1561 4214 1650 4278 cives
1674 4237 1733 4302 per
1754 4223 1858 4280 totum
1888 4217 2124 4302 patrimonium

471 4317 673 4398 diffidantes,
701 4319 747 4382 ita
770 4319 857 4403 quod
880 4341 932 4383 res
964 4325 997 4383 et
1020 4340 1159 4404 persone
1182 4318 1379 4402 ubicumque
1402 4317 1523 4382 fuerint
1545 4318 1634 4382 licite
1665 4320 1834 4405 capiantur
1858 4329 1891 4384 ct
1912 4320 2126 4385 detineantur

473 4423 616 4507 impune,
639 4421 743 4486 donec
766 4421 903 4486 redeant
925 4421 967 4486 ad
990 4421 1189 4501 mandatum,
1213 4427 1339 4485 rectore
1362 4420 1436 4499 loci,
1460 4428 1625 4507 potestate
1648 4423 1701 4487 vel
1725 4422 1864 4504 domino,
1888 4425 1942 4510 qui
1965 4425 2027 4489 hec
2049 4427 2125 4490 ficri

472 4524 688 4611 prohibuerit,
722 4525 793 4610 ipso
825 4526 910 4590 facto
940 4525 1284 4589 excommunicationis
1317 4525 1513 4588 seutentiam
1535 4525 1720 4604 incursuro,
1755 4527 1950 4592 fraternitati
1979 4535 2033 4593 tue
2061 4551 2125 4614 per

472 4629 652 4715 apostolica
675 4629 795 4714 scripta
817 4629 851 4692 in
875 4629 994 4692 virtute
1019 4629 1204 4693 obedientie
1228 4627 1374 4691 districte
1398 4627 1609 4713 precipiendo
1634 4628 1834 4712 mandamus,
1860 4632 2012 4716 quatinus
2036 4633 2126 4696 sicut

2180 3197 2206 3233 ’.Ὀ

472 4733 652 4820 apostolice
685 4731 771 4797 sedis
806 4738 840 4796 et
872 4739 1017 4796 nostram
1041 4732 1177 4818 gratiam
1202 4753 1309 4795 caram
1332 4730 1435 4795 habes
1459 4738 1492 4795 ct
1515 4733 1680 4818 proprium
1701 4735 1816 4797 zelaris
1839 4735 2009 4815 honorem,
2038 4737 2122 4800 civi·
2194 4760 2207 4796 s

473 4843 574 4900 tatem
596 4835 840 4900 Viterbiensem
875 4856 1039 4922 supponas
1072 4835 1151 4898 visis
1185 4835 1394 4921 presentibus
1430 4835 1592 4900 sententie
1626 4835 1798 4916 interdicti,
1832 4845 1866 4902 et
1892 4844 1958 4902 tam
1982 4839 2122 4904 eandem

474 4960 570 5026 quam
593 4938 771 5025 predictam
795 4937 1140 5004 excommunicationis
1165 4938 1460 5003 sentcntiasfacias
1477 4938 1637 5024 usquead
1656 4940 1910 5005 satisfactionem
1928 4943 2125 5029 condignam

472 5043 705 5108 inviolabiliter
728 5043 905 5122 observari,
938 5049 1111 5125 utramque
1145 5063 1204 5127 per
1236 5064 1348 5106 ornnes
1385 5042 1535 5105 civitates
1572 5049 1604 5106 et
1639 5042 1727 5120 loca,
1761 5044 1793 5106 in
1823 5044 1940 5129 quibus
1964 5047 2125 5135 expedire

472 5148 610 5227 videris,
634 5149 859 5234 sollempniter
881 5146 1063 5233 publicatas
1087 5145 1224 5230 singulis
1256 5146 1371 5210 dicbus
1395 5146 1566 5210 dominicis
1590 5154 1622 5210 et
1645 5147 1771 5212 festivis
1795 5150 1932 5234 pulsatis
1956 5154 2125 5238 campanis

473 5259 506 5316 ct
539 5252 684 5317 candelis
716 5253 863 5316 accensis
900 5249 1029 5338 publice
1066 5250 1271 5330 innovando,
1306 5273 1343 5315 ac
1375 5251 1541 5314 civitatem
1573 5258 1606 5314 ct
1638 5252 1726 5316 cives
1749 5251 1913 5338 predictos
1936 5277 1996 5340 per
2012 5257 2124 5320 'totum

473 5356 703 5442 patrimonium
727 5354 913 5418 denuntiari
935 5353 1036 5419 facias
1060 5353 1236 5435 diffidatos,
1260 5360 1293 5418 et
1320 5353 1445 5418 eisdem
1457 5352 1726 5418 viterbiensibus
1749 5355 1928 5420 vicinarum
1954 5359 2125 5424 civitatum

576 5515 748 5522 --—..—.——-.-
756 5514 870 5520 ------
881 5513 937 5518 --—-
946 5513 1155 5521 —-.—-.—-....
1163 5516 1240 5522 .-...-—
1252 5515 1369 5520 ——..-.--.
1376 5514 1661 5520 —--—-—--—-——---
1671 5515 1729 5520 -....

577 5617 604 5682 1)
623 5615 707 5684 Papa
725 5614 868 5684 epistotam
885 5613 1061 5684 imperatoris
1081 5617 1147 5672 Dec.
1169 5622 1186 5670 7
1204 5617 1298 5671 datam
1316 5616 1355 5684 [n.
1379 5618 1455 5685 716]‚
1480 5633 1536 5684 qua
1557 5617 1582 5669 ei
1602 5616 1741 5671 nuntiavit
1761 5618 1968 5690 crucesignatos
1986 5617 2130 5675 Franciae

472 5701 615 5756 terminum
637 5701 843 5772 transfretandi
864 5718 949 5772 usqae
965 5702 1003 5756 ad
1025 5703 1129 5771 festam
1147 5705 1220 5760 beati
1238 5703 1373 5760 Iohannis
1393 5720 1418 5758 a.
1439 5707 1512 5757 1239
1525 5718 1701 5776 prorogasse,
1718 5706 1838 5761 nanum
1854 5705 1990 5778 recepisse
2007 5704 2129 5760 metetur.
