4494 6426
450 412 510 474 120
1034 405 1083 458 EX
1101 403 1257 459 HONORII
1276 403 1317 457 III
1334 401 1515 458 REGISTRO

448 581 596 662 civitate,
630 580 715 644 infre
747 586 815 646 tres
848 579 918 644 dics
952 578 1057 644 libere
1091 577 1321 663 resignaverit,
1357 597 1399 641 ex
1434 583 1511 640 tuuc
1546 574 1699 642 univorsa
1733 572 1820 637 bona
1848 572 1952 659 ipsius
1980 568 2103 635 nostris

448 684 613 768 regalibus
629 684 846 771 applicentur,
869 683 916 746 ita
932 680 1018 768 quod
1038 681 1079 746 de
1098 680 1165 744 illis
1187 680 1356 744 satisfacto
1374 681 1405 744 ei
1419 679 1475 764 qui
1490 678 1589 743 tuerit
1603 697 1720 763 passus
1736 675 1899 754 iniuriam,
1921 673 2105 762 apostolica
2203 685 2206 690 “

424 785 547 852 'aedes
571 786 611 852 de
636 787 766 852 residuo
790 787 877 851 siout
899 785 939 849 de
963 785 1083 849 ceteris
1098 784 1263 868 regalibus
1286 783 1389 848 libere
1412 804 1471 867 pro
1495 803 1554 846 sua
1568 781 1734 844 voluntate
1758 779 1921 864 disponat.
1966 777 2003 842 Si
2023 796 2102 841 vcro

448 890 586 955 clericus
609 889 723 971 fuerit,
752 890 858 955 officio
882 895 915 954 et
938 888 1097 952 beneficio
1122 888 1165 951 sit
1186 888 1342 974 privatus.
1387 885 1440 950 Ad
1464 886 1525 951 hec
1545 884 1724 948 districtius
1745 882 1941 962 inhibemus,
1964 903 2007 945 ne
2031 881 2104 967 quis

447 993 612 1059 civitatem
638 993 743 1078 ipsam
767 999 940 1079 presumat
967 1012 1148 1077 aggravare
1175 992 1338 1070 collectis,
1372 990 1435 1054 nisi
1468 1011 1542 1054 cum
1567 994 1693 1069 rector,
1723 987 1862 1066 iudices,
1892 985 2046 1050 consules
2070 991 2104 1048 et

321 1111 323 1114 ’
449 1096 607 1162 octonarii
635 1097 735 1160 totius
763 1096 878 1182 populi
906 1094 1083 1160 accedente
1113 1114 1276 1159 consensu
1303 1092 1339 1157 id
1366 1115 1425 1180 pro
1457 1093 1680 1158 communibus
1710 1090 1813 1175 ipsius
1842 1097 1928 1154 terre
1960 1088 2104 1174 negotiis

447 1198 589 1264 viderint
612 1198 780 1285 expedire.
832 1198 922 1262 Nulli
946 1218 1024 1282 ergo
1049 1203 1109 1262 etc.
1133 1204 1244 1262 nostre
1269 1196 1512 1262 constitutionis
1536 1203 1570 1261 et
1593 1194 1799 1261 inhibitionis
1822 1193 2013 1278 infringere.
2069 1189 2104 1254 Si

448 1302 521 1388 quis
544 1308 654 1367 autem
677 1309 739 1368 etc.

557 1421 634 1487 Det.
656 1423 809 1488 Lateren.
833 1421 867 1486 H
889 1421 968 1487 Idus
991 1420 1080 1502 Maii,
1105 1441 1189 1484 enno
1212 1420 1335 1506 quinto.

1239 1987 1322 2059 173.

559 2096 747 2190 Honorius
776 2126 842 2191 ΙΙΙ
862 2147 953 2208 popo
978 2125 1178 2190 Fridcricnm
1209 2125 1424 2190 Rmnonmnm
1455 2127 1670 2204 ¹imperatorem
1699 2127 1802 2206 repat,
1833 2127 1870 2186 nt
1902 2121 2106 2188 nemesium

449 2234 587 2298 comitem
608 2231 802 2296 Acerrornm
823 2233 852 2293 ct
874 2230 993 2294 balivos
1015 2247 1087 2292 snos
1108 2249 1129 2291 a
1151 2227 1313 2292 ocootionc
1335 2228 1449 2292 civium
1470 2226 1764 2291 Beneventanornn
1785 2244 1905 2291 cenare
1925 2225 2037 2306 sonat

1753 2332 1845 2408 1221,
1868 2327 1944 2392 Mei
1967 2331 2019 2392 14.

554 2419 629 2474 Hon.
648 2418 706 2472 ΙΙΙ
721 2416 787 2488 Ray.
812 2417 868 2470 Vol.
887 2415 949 2479 ΙΙΙ,
967 2421 1029 2483 127,
1048 2419 1117 2481 128,·
1135 2415 1196 2468 Lib.
1220 2416 1249 2480 V,
1271 2419 1334 2471 636.

555 2504 691 2572 Pottbast,
709 2504 777 2572 Boo.
795 2501 869 2556 Aac.
888 2503 913 2570 I,
933 2504 1186 2556 6662a—26073.

545 2716 789 2804 Friderioo,
816 2714 988 2788 illustri
1014 2714 1319 2789 Romanorum
1346 2715 1603 2806 imperatori
1629 2736 1806 2807 semper
1833 2722 2026 2811 augusto

1095 2840 1144 2906 *et
1171 2835 1261 2926 regi
1289 2835 1443 2908 Sicilie.

558 2984 683 3051 Dilecti
706 2984 765 3049 filii
789 2984 877 3048 cives
892 2983 1120 3048 Beneventani
1140 2982 1255 3046 fideles
1278 2984 1382 3047 nostri
1404 2984 1499 3048 nobis
1516 2984 1744 3069 conquerendo
1763 2992 1996 3068 monstrarunt,
2020 2986 2107 3071 quod

453 3089 554 3154 belivi
580 3089 629 3154 tui
658 3088 699 3154 ab
728 3089 777 3154 cis
809 3087 979 3164 terratica,
1010 3086 1178 3163 fidentias,
1216 3086 1371 3174 perlegis,
1409 3088 1658 3170 forestationes,
1695 3090 1872 3176 plateatica
1900 3097 1933 3154 ct
1962 3091 2108 3155 erbatice

453 3192 590 3276 exigunt
613 3199 647 3257 et
669 3197 880 3276 extorquent,
909 3189 973 3253 hiis
1005 3195 1038 3253 ct
1069 3190 1142 3254 aliis
1173 3190 1278 3254 modis
1303 3213 1359 3256 cos
1383 3213 1421 3256 ac
1445 3193 1634 3278 specialiter
1655 3194 1745 3274 illos,
1775 3195 1830 3278 qui
1859 3193 2036 3280 aliquando
2065 3193 2105 3258 dc

453 3297 550 3360 terris
583 3296 742 3361 subiectis
771 3302 827 3359 tue
857 3293 972 3358 ditioni
1001 3293 1148 3374 fuerunt,
1176 3295 1400 3380 multipliciter
1429 3296 1644 3360 molestando.
1702 3297 1784 3361 Cum
1812 3297 1914 3381 igitur
1940 3296 2106 3361 civitatem

452 3397 721 3465 Beneventanem
742 3399 830 3462 inter
850 3398 950 3479 elias,
981 3418 1044 3482 que
1066 3399 1146 3462 iuris
1178 3405 1211 3462 et
1239 3399 1451 3485 proprietatis
1480 3401 1661 3486 apostolice
1690 3401 1778 3465 sedis
1805 3401 1968 3483 existunt,
1999 3421 2107 3464 caram

452 3502 641 3588 specialiter
662 3502 860 3582 habeamus,
893 3507 926 3566 et
949 3499 1065 3565 cadem
1088 3508 1144 3567 tuo
1169 3508 1203 3567 ct
1234 3509 1408 3589 parentum
1431 3509 1560 3567 tuorum
1585 3504 1757 3590 privilegio
1780 3510 1894 3568 contre
1916 3503 2107 3568 exectiones

451 3603 638 3670 huiusmodi
661 3605 703 3669 rit
725 3604 859 3686 munite,
884 3604 1094 3669 serenitatem
1117 3611 1206 3668 tuam
1228 3626 1381 3690 rogamus
1405 3613 1439 3670 ct
1461 3612 1585 3670 attente
1609 3607 1815 3692 requirimus,
1845 3606 2009 3691 quatinus,
2034 3627 2107 3670 cum

451 3709 557 3795 parati
574 3709 675 3774 simus
693 3708 854 3788 omnibus,
873 3706 1070 3771 habentibus
1087 3707 1243 3772 adversus
1261 3708 1426 3794 predictos
1441 3708 1557 3775 fideles
1573 3715 1703 3774 nostros
1718 3708 1905 3773 habitantes
1921 3709 1955 3772 in
1974 3707 2106 3772 civitate

2155 3317 2176 3356 tt)

453 3809 600 3896 predicte
622 3811 763 3896 aliquam
786 3810 1007 3894 questionem,
1035 3810 1193 3875 exhibere
1225 3810 1266 3874 de
1298 3811 1379 3896 ipsis
1401 3812 1527 3875 iustitie
1550 3812 1841 3897 complementum,
1871 3811 1999 3875 balivos
2033 3818 2106 3875 tuos
2155 3835 2165 3870 c

453 3935 554 4000 super
576 3913 732 4000 predictis
755 3913 880 3978 faciens
908 3913 949 3977 eb
978 3913 1082 4000 ipsius
1110 3913 1252 3978 civitatis
1285 3915 1460 3978 vexatione
1489 3927 1637 3995 cessare,
1666 3914 1852 4001 privilegio,
1880 3913 1999 3999 quibus
2029 3913 2108 3977 dicti

451 4023 606 4102 parentes
636 4017 685 4080 tui
713 4038 751 4081 ac
784 4022 819 4080 tu
848 4018 921 4103 ipse
949 4017 1134 4081 munivistis
1166 4016 1321 4094 eandem,
1359 4017 1422 4082 sibi
1453 4039 1512 4104 pro
1543 4019 1729 4082 reverentia
1757 4024 1869 4084 nostre
1900 4018 2047 4083 refirmes
2075 4024 2108 4082 et

452 4119 580 4183 illibeta
609 4140 793 4184 conserves.
837 4119 892 4183 Ad
919 4119 980 4184 bec
1012 4140 1085 4183 cum
1113 4121 1219 4205 parati
1249 4122 1315 4185 sint
1345 4121 1448 4186 nobili
1476 4123 1545 4185 viro
1569 4120 1746 4186 Thomasio
1775 4122 1886 4187 comiti
1908 4120 2107 4186 Acerrarum

455 4243 564 4288 coram
586 4222 681 4287 nobis
705 4223 864 4288 exhibere
888 4223 1066 4302 iustitiam,
1097 4225 1125 4287 si
1148 4223 1306 4289 adversus
1330 4246 1387 4290 eos
1415 4225 1515 4289 hebet
1537 4225 1680 4310 aliquam
1708 4224 1930 4310 questionem,
1958 4224 2107 4290 inhibeas

452 4325 500 4406 ei,
533 4346 574 4390 nc
598 4325 764 4390 civitatem
786 4327 892 4413 ipsein
913 4328 1089 4392 molestare
1112 4335 1295 4413 presumat,
1324 4337 1375 4394 set
1403 4330 1437 4393 in
1458 4329 1626 4416 presentie
1654 4335 1767 4394 nostre
1796 4331 1846 4394 ius
1875 4351 1970 4393 suum
1993 4328 2106 4394 ordine
2155 4348 2178 4388 sc

455 4427 625 4492 iudiciario
645 4436 874 4515 prosequetur.
918 4430 1042 4495 'l'aliter
1065 4437 1176 4497 eutem
1202 4433 1236 4496 in
1266 4433 1329 4497 hiis
1352 4442 1466 4500 nostre
1489 4454 1583 4497 cures
1605 4434 1794 4520 precamine
1817 4430 1994 4513 exaudire,
2022 4431 2107 4517 quod

455 4529 663 4596 devotionem
686 4531 890 4597 celsitudinis
913 4540 969 4599 tue
993 4534 1220 4600 commendare
1244 4536 1362 4602 merito
1385 4535 1574 4601 debeamus.

561 4649 639 4715 Det.
661 4649 815 4717 Lateren.
837 4651 874 4714 II
895 4651 974 4717 Idus
997 4651 1087 4734 Maii,
1111 4674 1196 4720 enno
1220 4654 1344 4742 quinto.

1081 4941 1492 4951 —-——-————-—--

1241 5217 1324 5292 174.

567 5320 756 5418 Honorius
791 5353 857 5419 ΙΙΙ
888 5374 975 5435 popo
1008 5357 1173 5436 confirmet
1206 5357 1433 5422 institutionem
1463 5359 1640 5438 praepositi
1675 5364 1704 5425 ot
1739 5360 1873 5439 copitnii
1907 5361 1944 5424 in
1979 5361 2106 5426 cocheio

452 5445 670 5532 Nortbnscnei,
700 5457 736 5520 in
757 5477 821 5538 qno
841 5460 936 5522 onim
957 5457 1111 5540 quaedam
1133 5459 1278 5523 nrnlnrcs
1299 5459 1514 5537 consistebant,
1545 5481 1625 5542 quac
1646 5462 1743 5526 vitem
1764 5463 1985 5526 canonicorum
2005 5483 2109 5529 secor-
2157 5497 2181 5536 ³⁵

454 5561 573 5626 lorium
595 5559 756 5624 dnmbont.
1743 5567 1837 5642 1221,
1864 5563 1949 5632 Mai.
1970 5569 2024 5630 26.

558 5679 631 5734 Hon.
649 5678 708 5733 111
721 5679 789 5747 Roy.
812 5677 1037 5744 Vor.111,133,·
1056 5678 1119 5733 Lib.
1146 5679 1172 5746 V,
1193 5683 1256 5734 668.
