4596 6406
342 340 343 343 '
446 390 509 453 666
1023 384 1071 438 EX
1089 383 1265 439 GREGORII
1282 381 1321 436 IX
1339 379 1520 436 REGIS'I'RO
1624 447 1628 456 Ι

447 561 581 645 gatione
606 567 719 624 nostra
742 559 870 645 questio
893 565 1093 638 verteretur,
1126 557 1214 622 idem
1243 561 1351 622 rector
1382 556 1520 639 coguitis
1544 576 1643 620 cause
1666 555 1792 619 meritis
1815 551 2025 617 diffinitivam
2049 571 2110 635 pro

380 681 384 697 ‘
446 664 539 728 vobis
567 669 680 728 contra
702 664 877 750 populares
900 661 1035 727 eosdem
1060 660 1255 726 sententiam
1277 658 1508 745 promulgavit,
1532 681 1552 723 a
1575 679 1639 745 qua
1662 659 1726 744 ipsi
1741 663 1886 721 nostram
1901 652 2110 719 audientiam

446 768 668 854 appellantes,
693 788 792 853 super
814 766 1047 852 appellationis
1072 786 1130 830 sue
1154 784 1254 829 causa
1276 761 1499 828 venerabilem
1522 764 1655 827 fratrem
1678 769 1825 826 nostrum
1848 759 1887 824 R.
1912 757 2110 823 Ostiensem

448 870 641 956 episcopum
668 869 851 935 auditorem
875 890 895 932 a
916 869 1012 933 nobis
1044 868 1216 932 obtinuere
1244 863 1396 946 concedi,
1426 866 1482 951 qui
1510 867 1622 931 habito
1646 865 1844 952 prudentum
1866 863 2007 930 consilio
2030 881 2110 947 pre-

449 972 569 1038 dictam
593 973 791 1038 sententiam
814 971 1019 1036 confirmavit
1045 992 1084 1035 ac
1114 970 1260 1035 decrevit
1288 969 1477 1034 executioni
1507 971 1672 1052 mandari,
1701 974 1798 1056 prout
1825 969 1859 1032 in
1885 967 2111 1031 instrumento
2177 982 2189 1022 a

446 1077 579 1164 publico
613 1077 765 1142 conlecto
797 1075 916 1141 exinde
948 1075 1076 1161 plenius
1107 1075 1302 1140 continetur.
1356 1072 1465 1146 Quare
1494 1073 1588 1139 nobis
1620 1074 1787 1139 humiliter
1810 1068 2044 1157 supplicastis,
2074 1070 2114 1129 ut

450 1181 589 1246 eandem
613 1179 811 1245 sententiam
835 1180 1017 1265 apostolico
1041 1200 1230 1244 curaremus
1254 1177 1433 1242 munimine
1450 1178 1615 1247 roborare.
1658 1179 1728 1243 Nos
1743 1178 1842 1264 igitur
1856 1173 1976 1240 vestris
1991 1174 2112 1257 postu-

450 1284 627 1349 lationibus
660 1290 755 1369 grato
787 1289 1019 1349 concurrentes
1049 1306 1204 1357 assensu,
1236 1283 1432 1347 sententiam
1463 1284 1569 1369 ipsam
1602 1283 1736 1370 provide
1771 1281 1872 1346 latam
1910 1275 2112 1342 auctoritate

450 1389 634 1475 apostolica
661 1387 890 1453 confirmamus
922 1393 955 1452 et
983 1388 1146 1473 presentis
1178 1386 1292 1472 scripti
1319 1387 1499 1472 patrocinio
1529 1387 1778 1452 communimus.
1834 1383 1926 1448 Nulli
1950 1402 2033 1466 crgo
2068 1411 2113 1422 -

449 1497 560 1556 nostre
583 1491 838 1556 confirmationis
862 1497 924 1556 cte.
969 1489 1079 1576 Siquis
1102 1498 1212 1557 auteur
1235 1500 1296 1559 etc.
2167 1514 2191 1553 ¹0

560 1611 637 1678 Dat.
659 1611 814 1678 Lateran.
837 1611 904 1677 VII
926 1611 975 1679 Id.
998 1611 1098 1681 Febr.
1121 1635 1205 1678 anno
1229 1613 1326 1679 XIII.

1071 1873 1484 1881 -———-—--——

1236 2123 1322 2197 767.

559 2232 751 2344 Grcparius
773 2263 829 2328 IX
851 2285 939 2345 papa
961 2264 1138 2330 bominibus
1164 2265 1262 2330 castri
1283 2265 1464 2330 Hemnatae
1487 2267 1625 2349 aratiam
1653 2268 1682 2330 et
1708 2265 1929 2331 coracessionem
1955 2285 1978 2328 a
2001 2265 2115 2349 S[r'ni-

452 2369 562 2454 balda]
577 2367 761 2450 presbytera
783 2367 955 2446 cardinali,
985 2372 1100 2432 rectore
1122 2368 1280 2432 murelu'ue
1301 2369 1536 2448 Anconitanae,
1566 2369 1607 2434 iis
1624 2369 1731 2454 suctus
1756 2371 1786 2432 et
1808 2368 1959 2454 antiquas
1981 2387 2115 2433 amasam-

450 2472 584 2552 tudinea,
607 2472 765 2537 libertates
786 2474 815 2535 et
836 2470 1050 2536 immunitates
1071 2473 1244 2552 confirmat.
1730 2475 1825 2551 1240,
1845 2471 1939 2536 Febr.
1963 2473 2017 2535 23.

559 2591 639 2663 Grep.
659 2591 708 2645 IX
725 2589 791 2660 Rep.
813 2588 870 2645 Vol.
893 2590 944 2656 VI,
962 2594 1024 2658 ilfi·
1042 2589 1104 2644 Lib.
1123 2589 1216 2656 XIII,
1233 2592 1298 2644 235.

564 2802 838 2878 Hominibus
867 2805 1005 2878 castri
1032 2804 1262 2878 Racanate
1290 2803 1506 2880 fidelibus
1533 2806 1706 2881 nostris
1732 2805 2007 2882 Humanatis

1178 2925 1389 3000 diocesia.

563 3089 692 3155 Efficax
715 3097 825 3156 vestre
849 3090 1033 3156 devotionis
1057 3100 1091 3157 ot
1113 3093 1191 3184 fidei
1213 3098 1359 3158 meretur
1381 3094 1528 3174 affectus,
1551 3102 1588 3160 ut
1610 3095 1823 3182 petitionibus
1847 3095 1982 3174 vestris,
2006 3115 2113 3180 quan-

453 3204 522 3262 tum
555 3218 629 3262 cum
651 3196 724 3262 Deo
749 3219 937 3283 possumus,
968 3217 1159 3262 annuamus.
1207 3195 1429 3261 Attendentes
1458 3198 1558 3281 igitur
1585 3199 1749 3265 torrorem
1774 3199 1851 3264 fidei
1880 3205 1914 3264 et
1939 3198 2114 3262 fidelitatis

456 3298 688 3379 constantiam,
718 3319 814 3384 quam
844 3299 886 3364 ad
915 3322 974 3365 nos
1007 3307 1040 3365 et
1062 3299 1245 3364 Romanam
1275 3299 1450 3365 ecclesiam
1479 3301 1704 3368 intelleximus
1726 3324 1785 3369 vos
1808 3303 1950 3384 habere,
1980 3323 2114 3367 necnon
2165 3333 2190 3372 aa

455 3410 489 3469 et
517 3403 673 3490 dampna,
702 3425 765 3489 que
796 3425 902 3491 nuper
923 3426 982 3491 pro
1006 3405 1257 3469 conservatione
1279 3403 1447 3468 fidelitatis
1470 3404 1656 3469 huiusmodi
1679 3407 1877 3493 pertulistis,
1905 3428 1943 3472 ae
1966 3428 2028 3493 per
2051 3404 2116 3470 hec

455 3507 604 3572 volentes
620 3527 680 3570 ros
697 3508 852 3592 prosequi
875 3508 982 3592 gratia
1005 3514 1038 3572 et
1060 3507 1183 3589 favore,
1207 3508 1347 3592 gratiam
1371 3513 1404 3572 et
1427 3510 1685 3588 concessionem,
1709 3533 1790 3597 quas
1805 3511 1899 3576 uobis
1916 3509 1958 3575 dc
1976 3509 2116 3596 quibus-

455 3609 531 3674 dam
566 3609 664 3675 rebus
694 3609 734 3673 ad
764 3611 938 3675 ecelesiam
967 3610 1149 3675 Romanam
1179 3611 1402 3697 spectantibus
1432 3611 1511 3676 fecit
1538 3612 1678 3678 dilectus
1707 3614 1794 3678 filius
1821 3620 1934 3679 noster
1962 3613 1995 3680 S.
2025 3614 2117 3678 tituli

456 3713 571 3778 Sancti
592 3713 764 3778 Laurentii
792 3714 826 3778 in
847 3712 974 3778 Lucina
995 3712 1170 3800 presbyter
1193 3713 1383 3796 cardinalis,
1407 3715 1551 3781 marchia
1574 3717 1780 3782 Anconitane
1804 3723 1925 3798 rector,
1956 3723 2058 3803 prout
2080 3718 2118 3782 in

456 3817 674 3882 instrumento
697 3817 829 3904 publico
847 3818 995 3882 confecto
1017 3817 1137 3882 exinde
1161 3818 1355 3901 continetur,
1383 3819 1469 3884 siout
1490 3819 1545 3906 pie
1568 3841 1607 3886 ao
1630 3821 1765 3907 provide
1789 3822 1875 3886 lacta
1897 3826 1959 3902 est,
1981 3841 2118 3885 necnon
2170 3853 2195 3890 ss

455 3927 490 3986 et
522 3921 674 4006 antiquas
707 3927 741 3985 et
774 3922 973 4007 approbatas
1014 3921 1269 3987 consuetudines
1299 3943 1338 3987 ac
1369 3923 1583 3988 rationabiles
1618 3924 1788 3991 libertates
1823 3930 1855 3990 et
1888 3924 2120 3990 immunitates

454 4032 600 4106 vestras,
624 4025 710 4089 sieut
732 4045 789 4090 eas
812 4025 898 4090 iuste
922 4047 960 4090 ac
983 4027 1120 4112 pacifice
1145 4025 1311 4107 obtinetis,
1335 4025 1428 4090 vobis
1451 4025 1672 4093 indevotione
1695 4029 1835 4094 ecclesie
1857 4027 2121 4114 persistentibus

454 4129 650 4193 auctoritate
681 4129 864 4214 apostolica
892 4129 1121 4196 confirmamus
1150 4136 1212 4196 eto.
1242 4152 1363 4216 usque:
1401 4132 1648 4198 communimus.
1699 4133 1789 4197 Nulli
1823 4153 1902 4218 ergo
1930 4169 1973 4178 —-
2000 4139 2120 4199 nostre

455 4233 712 4298 confirmationis
737 4238 798 4299 eta.

562 4353 639 4418 Dat.
662 4352 817 4418 Lateran.
839 4353 907 4418 VII
929 4352 1004 4417 Kal.
1028 4353 1150 4436 Martii,
1173 4374 1258 4418 anno
1280 4351 1376 4417 XIII.

1238 4866 1323 4939 768.

485 4963 486 4966 ¹
563 4972 760 5069 summaria
782 5004 961 5069 litterarum
984 5027 1005 5070 a
1021 5003 1223 5085 prinemibns
1244 5005 1370 5086 imperii
1391 5006 1435 5071 ad
1455 5007 1644 5091 &aaaron
1659 5007 1717 5072 IX
1732 5029 1852 5090 paparo
1873 5009 1911 5074 de
1925 5031 2008 5091 pace
2033 5013 2125 5078 inter

454 5111 558 5191 tirsum
579 5113 609 5174 et
629 5110 846 5189 imperatorem
868 5108 1063 5173 restituenda
1085 5108 1356 5174 transmissarum.
1542 5115 1636 5191 1240,
1659 5113 1768 5194 April.
1789 5113 1948 5180 2—Mar‘.
1973 5119 2028 5178 11.

559 5230 642 5302 (ὅπερ.
660 5231 710 5284 IX
728 5231 797 5298 Rea.
813 5230 869 5286 Vol.
886 5231 915 5296 V,
927 5233 1084 5284 aaa—256.
1119 5228 1146 5281 V.
1160 5230 1199 5284 (n.
1220 5230 1255 5284 A.
1274 5230 1346 5286 Mau
1364 5221 1560 5301 quaerentibus
1578 5233 1659 5287 notia
1676 5234 1961 5300 communicavimus
1979 5235 2125 5304 epistolas

454 5318 484 5371 in
497 5319 557 5386 fine
575 5317 637 5371 Lm.
657 5317 688 5370 X
703 5316 835 5380 inveniri,
853 5316 875 5384 s.
893 5320 1043 5371 255-262
1060 5315 1267 5384 quaternionem
1285 5318 1424 5386 numnam
1441 5318 1538 5388 fuisse,
1554 5319 1585 5372 id
1601 5319 1675 5389 quod
1691 5320 1802 5374 numeri
1819 5319 1919 5374 adiecti
1936 5323 2124 5391 testarentur,

453 5420 526 5458 nuuc
543 5418 606 5457 uero
624 5402 646 5471 s.
664 5405 814 5457 aur—260
831 5403 939 5467 deesse·
956 5403 978 5471 s.
997 5406 1062 5457 256‘
1079 5409 1104 5458 et
1121 5408 1274 5459 261—262‘
1290 5405 1432 5475 scriptura
1455 5423 1563 5462 vacare.
1604 5407 1654 5460 Ea·
1672 5422 1727 5476 quc
1744 5409 1861 5477 apparet
1879 5406 2014 5476 epistulas
2034 5425 2124 5478 scpu-
2180 5436 2207 5475 μ

455 5489 538 5545 ratim
561 5489 730 5559 conscriptas
754 5495 779 5543 et
797 5506 851 5559 par
872 5505 992 5544 errorem
1015 5489 1134 5560 aliquem
1154 5507 1173 5544 a
1196 5490 1350 5562 bibliopepc
1367 5509 1426 5548 cum
1450 5493 1505 5546 Vol.
1528 5492 1731 5548 Vcom'unctas
1749 5509 1816 5547 ease.
1861 5491 2055 5561 Proponamus
2074 5513 2125 5556 eas

455 5591 487 5631 cc
504 5575 610 5640 ordine,
629 5591 683 5646 quo
701 5575 730 5629 r'u
748 5575 817 5644 Rea.
835 5577 972 5646 tenuntur.

559 5662 617 5719 Ed.
637 5661 936 5731 Rutilum-Brakman,
953 5664 1003 5721 tc.
1015 5669 1035 5720 t.
1050 5664 1079 5734 V,
1094 5681 1125 5735 p.
1144 5667 1290 5719 aaa—991
1308 5681 1343 5723 en
1360 5664 1421 5719 LL.
1439 5670 1458 5719 t.
1477 5665 1522 5732 H,
1537 5682 1568 5743 p.
1590 5667 1747 5732 aar-337,
