4524 6412
377 416 439 478 252
970 410 1016 464 Ex
1036 409 1192 464 HONORII
1211 410 1251 462 llI
1268 409 1448 464 uueisuao

379 586 551 671 accingas,
581 605 657 666 nos,
687 589 725 649 ut
746 589 813 648 tem
835 582 925 669 pium
949 591 983 649 et
1005 585 1136 649 salubre
1159 583 1362 670 propositum
1384 582 1502 649 melius
1525 583 1637 649 valeas
1660 583 1855 670 adimplere,
1888 589 1976 648 tuam
2000 589 2034 648 et

376 689 435 754 filii
457 688 506 754 tui
527 707 685 774 personas
709 708 783 752 cum
806 687 961 774 imperio,
991 709 1092 773 regno
1121 694 1155 752 et
1178 686 1328 751 omnibus
1358 686 1483 750 iuribus
1506 707 1545 751 ao
1568 685 1748 752 honoribus
1771 687 1835 751 tuis
1859 685 1920 752 sub
1943 686 2034 750 beati

376 791 467 858 Petri
489 797 524 858 et
548 798 661 858 nostra
680 790 883 878 protectione
904 791 1099 877 suscipimus
1117 796 1178 854 etc.
1194 810 1312 874 usque:
1336 789 1589 865 commuuimus3
1612 789 1807 855 auctoritate
1829 788 2032 875 presentium

376 893 555 960 districtius
578 893 776 975 inhibentes,
799 913 841 958 ne
864 894 937 978 quis
957 893 1089 958 iuterim
1104 898 1273 978 presumat
1296 912 1337 957 ea
1355 891 1519 973 invadere,
1542 891 1688 957 minuere
1709 913 1770 957 seu
1786 891 2032 978 quomodolibet

377 997 581 1084 perturbare,
605 1003 774 1083 satusque
790 995 988 1061 edreditum
1010 1003 1102 1060 tuum
1119 994 1180 1060 sub
1197 995 1332 1081 speciali
1349 995 1529 1081 apostolice
1551 994 1639 1060 sedis
1662 1002 1696 1060 et
1711 994 2031 1081 archiepiscoporum

377 1106 411 1166 et
427 1101 656 1188 episcoporum
672 1101 863 1168 defensione
880 1099 984 1166 libera
1000 1106 1034 1165 et
1050 1101 1160 1185 quieta
1177 1099 1366 1164 consistent.
1410 1097 1503 1163 Nulli
1518 1119 1597 1184 ergo
1612 1105 1675 1163 etc.
1691 1102 1801 1163 nostre
1817 1098 2030 1184 protectionis

377 1211 411 1270 et
432 1204 636 1271 inhibitionis
658 1225 779 1290 usque:
804 1203 975 1269 contraire.
1020 1201 1151 1287 Siquis
1178 1208 1288 1268 autem
1313 1208 1376 1266 otc.
1400 1222 1508 1286 usque
1532 1203 1748 1266 incursurum.

484 1325 560 1391 Dat.
582 1325 736 1390 Lateran.
759 1323 810 1388 VI
831 1323 911 1389 Idus
934 1323 1064 1388 Ianuar.
1088 1343 1173 1388 anuo
1196 1321 1258 1388 XI.

997 1585 1408 1593 -—.--——-——-———

1160 1825 1246 1898 334.

487 1939 675 2034 Honorias
696 1962 764 2028 III
779 1983 867 2046 papa
888 1961 1047 2048 [Uareno]
1069 1963 1297 2045 archiepiscopo
1322 1961 1479 2030 Coloceusi
1499 1963 1640 2044 modat,
1662 1969 1698 2030 ut
1718 1984 1847 2049 mopsos
1867 1970 1897 2031 et
1911 1986 2031 2048 parvos

378 2068 645 2138 exhortatiombas
671 2068 816 2146 iactarat,
850 2070 887 2131 ct
915 2066 951 2130 tu
978 2067 1114 2131 instrati
1143 2068 1299 2150 Aupasto,
1331 2087 1391 2150 quo
1419 2068 1564 2150 acueralc
1584 2069 1771 2152 passayium
1800 2069 1953 2134 indictum
1979 2070 2029 2148 sit,

376 2173 477 2240 modis
505 2172 618 2256 carbas
643 2173 765 2254 possint
787 2171 904 2252 Tarae
926 2169 1063 2238 Sanctae
1085 2169 1259 2235 absidiam
1287 2169 1487 2252 trapecitarum
1516 2171 1743 2254 cramsiyuctos
1769 2177 1874 2237 uatem
1900 2176 2032 2253 occaect

376 2279 412 2342 ut
433 2276 470 2341 ia
491 2276 560 2358 ipso
574 2275 727 2360 passapio
749 2277 923 2340 samam.
1680 2278 1774 2354 1227,
1797 2275 1872 2344 Iaa.
1894 2280 1944 2340 11.

481 2396 555 2451 Hau.
574 2395 633 2450 111
646 2395 714 2466 Ray.
738 2394 795 2450 Vol.
819 2394 848 2464 V,
868 2397 935 2462 159;
953 2394 1017 2448 Iob.
1035 2393 1091 2458 XI,
1109 2397 1172 2449 457.

479 2482 614 2546 Peuma,
633 2481 701 2552 Bac.
721 2485 802 2536 7647.

891 2642 1242 2736 Archiepiscopo
1270 2641 1514 2716 Goloaensi.

488 2794 690 2860 Benedictus
705 2792 809 2874 Deus,
832 2792 887 2877 qui
903 2812 947 2857 ex
967 2792 1040 2873 hiis,
1057 2812 1120 2878 qne
1137 2793 1223 2858 mala
1238 2790 1400 2872 videntur,
1423 2792 1611 2878 frequenter
1626 2789 1713 2855 bona
1728 2790 1881 2877 dignatur
1900 2792 2031 2874 elicere,

379 2903 413 2964 et
436 2919 500 2984 que
522 2898 679 2964 timentur
701 2896 819 2962 cedere
849 2896 890 2961 ad
913 2895 1135 2982 dispendium,
1168 2896 1208 2961 ad
1237 2896 1466 2983 compendium
1495 2915 1661 2962 revocare.
1707 2893 1788 2959 Cum
1811 2894 1912 2981 igitur
1934 2917 2032 2982 super

378 3000 556 3084 discordia,
589 3022 652 3087 que
682 3000 767 3065 inter
794 3000 999 3065 carissimum
1031 3001 1063 3064 in
1087 2999 1218 3065 Christo
1249 3000 1353 3065 filiurn
1384 3006 1532 3065 nostrum
1559 2997 1778 3080 Fridericum,
1809 3000 2031 3066 Romanorum

380 3105 613 3190 imperatorem
646 3105 808 3169 illustrem
842 3123 974 3190 semper
1007 3109 1181 3188 augustum
1218 3109 1251 3168 et
1285 3123 1398 3188 regem
1435 3102 1563 3185 Sicilie,
1606 3109 1640 3167 et
1671 3102 1875 3169 Lombardos
1912 3110 2030 3170 exorta

377 3207 502 3288 fuerat,
532 3229 592 3295 per
615 3207 759 3273 studium
781 3213 929 3272 nostrum
954 3210 1063 3271 actore
1086 3207 1175 3292 pacis
1199 3205 1271 3270 Deo
1296 3213 1494 3292 cooperante
1517 3206 1691 3272 salubriter
1714 3207 1757 3271 sit
1782 3208 1964 3294 provisum,
1995 3213 2029 3272 et
2082 3267 2092 3277 .

378 3308 467 3378 idem
495 3310 674 3398 imperator
700 3308 742 3375 ad
772 3308 1046 3374 transfretandum
1075 3309 1109 3373 in
1134 3309 1269 3373 instanti
1298 3309 1449 3395 Augusto
1477 3309 1664 3395 magnifice,
1696 3318 1794 3397 prout
1825 3312 2029 3398 imperialem

376 3413 473 3480 decet
495 3413 740 3495 excellentiam,
770 3434 805 3478 se
829 3413 999 3498 accingat,
1029 3410 1271 3477 multitudinem
1299 3414 1431 3477 navium
1453 3419 1487 3478 et
1509 3414 1574 3477 alia
1596 3433 1659 3498 que
1682 3419 1772 3478 tanto
1795 3415 1928 3500 negotio
1951 3435 2029 3480 con-

376 3524 497 3603 gruunt
529 3516 770 3583 studiosissime
799 3515 1019 3604 properando,
1052 3516 1137 3580 sicut
1167 3536 1206 3580 eo
1237 3515 1330 3580 nobis
1360 3537 1419 3602 per
1451 3517 1650 3603 sollempnes
1677 3517 1808 3582 nuntios
1838 3525 1872 3583 et
1901 3519 2028 3584 litteras

375 3621 564 3686 insinuante
599 3621 741 3686 letantes
775 3619 976 3700 audivimus,
1010 3625 1044 3685 et
1077 3619 1150 3705 ipsa
1183 3619 1231 3684 rei
1266 3618 1448 3700 evidentia,
1487 3628 1585 3707 prout
1617 3621 1658 3685 ab
1691 3620 1755 3685 hiis
1790 3621 1845 3707 qui
1879 3621 2030 3687 viderunt

375 3725 545 3806 asseritur,
569 3724 690 3790 clarius
714 3724 912 3805 manifestat,
937 3729 1107 3810 sperantes
1131 3722 1218 3809 qnod
1240 3722 1332 3789 Deus
1356 3743 1521 3809 exurgens
1544 3724 1690 3790 iudicare
1712 3724 1873 3811 disposuit
1895 3747 2028 3791 oausam
2080 3759 2092 3797 ρ

376 3849 469 3892 suam
500 3835 534 3893 et
555 3827 738 3893 Ierusalem
768 3827 853 3892 siout
879 3826 995 3891 diebus
1023 3825 1171 3912 pristinis
1193 3826 1394 3906 instaurare,
1424 3827 1627 3910 mandatum,
1657 3827 1742 3913 quod
1765 3827 1805 3894 de
1828 3828 2030 3915 predicanda

376 3951 472 3997 cruce
508 3929 630 3996 dudum
659 3952 679 3996 a
710 3929 789 3996 sede
821 3930 1003 4017 apostolica
1029 3929 1198 4015 recepisti,
1228 3929 1381 3995 duximus
1409 3931 1642 4014 innovandum,
1671 3932 1910 4000 fraternitatem
1939 3941 2028 4001 tuem

375 4035 592 4101 sollicitantes
624 4041 659 4100 et
689 4033 859 4099 hortantes
889 4038 1014 4098 attente
1037 4055 1075 4099 ao
1097 4055 1156 4120 per
1186 4035 1367 4120 apostolica
1397 4033 1458 4099 tibi
1487 4035 1610 4121 scripta
1637 4035 1844 4118 mandantes,
1875 4038 2027 4122 quatinus

374 4139 519 4204 iniuncta
547 4137 607 4202 tibi
638 4136 871 4223 predicationis
902 4136 1045 4202 officium
1075 4158 1234 4202 exerceas
1264 4138 1428 4221 studiose,
1465 4159 1602 4224 magnos
1635 4145 1669 4205 et
1698 4161 1817 4226 parvos
1848 4141 2027 4206 secundum

374 4243 484 4309 datam
506 4242 568 4308 tibi
590 4241 701 4307 sDeo
724 4240 931 4327 prudentiam
955 4240 1078 4306 sedulis
1101 4241 1361 4306 exortationibus
1384 4241 1578 4324 inducendo,
1601 4243 1693 4308 utin
1716 4244 1849 4308 instanti
1863 4245 2026 4330 Augusto,
2078 4271 2105 4311 aa

375 4366 439 4431 quo
462 4345 619 4432 generale
642 4346 832 4432 passagium
855 4351 906 4410 est
928 4342 1100 4425 indictum,
1128 4343 1319 4430 impendant
1348 4365 1443 4408 suum
1466 4345 1553 4410 dicte
1576 4345 1678 4430 Terre
1702 4345 1822 4412 Sancte
1845 4348 2027 4414 subsidium

375 4447 481 4513 modis
505 4447 655 4513 omnibus
680 4448 798 4533 quibus
822 4453 970 4534 possunt.
1015 4445 1270 4532 Orucesignatos
1294 4455 1423 4522 autem,
1452 4454 1489 4513 ut
1504 4451 1692 4530 ,occasione
1723 4457 1873 4518 cessante
1897 4453 2025 4540 inipso

375 4551 530 4638 passagio
553 4557 738 4632 transeant,
768 4551 947 4617 efficaciter
968 4571 1119 4631 moneas,
1143 4558 1177 4616 et
1200 4552 1228 4616 si
1248 4572 1384 4618 necesse
1408 4552 1523 4634 fuerit,
1545 4574 1800 4640 percensuram
1823 4555 2025 4621 ecclesiasti-

375 4675 463 4732 cam,
500 4653 564 4718 nisi
600 4675 680 4740 quos
716 4653 851 4720 evidens
884 4654 1065 4718 necessitas
1103 4655 1327 4738 excusaverit,
1364 4655 1492 4720 sublato
1526 4657 1756 4742 appellationis
1790 4657 2024 4744 impedimento

374 4758 561 4844 compellas.
2076 4795 2102 4834 aa

481 4875 558 4942 Dat.
580 4877 733 4944 Lateren.
756 4876 810 4940 III
831 4875 879 4940 Id.
902 4877 1032 4941 Ianuar.
1057 4898 1142 4942 anno
1165 4876 1223 4942 XI.

481 4995 520 5062 ln
543 4996 683 5063 eundem
705 4995 838 5060 modum
861 4996 1016 5084 episcopo
1040 4995 1248 5063 Gauriensil.

481 5101 521 5166 In
545 5099 684 5166 eundem
707 5098 840 5164 modum
863 5099 1018 5187 episcopo
1041 5099 1297 5167 Hildesemensi.

479 5203 520 5268 In
543 5203 683 5270 eundem
707 5201 839 5267 modum
861 5202 974 5268 abbati
997 5202 1109 5268 Sancti
1133 5203 1329 5270 Trudonis².

479 5305 519 5370 Iu
541 5306 684 5373 eundern
705 5303 839 5369 modum
861 5305 1018 5390 magistro
1041 5303 1191 5372 Conrado
1215 5306 1257 5372 de
1280 5307 1487 5374 Marboroh.·

479 5408 519 5475 In
542 5409 682 5477 eundem
704 5409 837 5476 modum
860 5410 1016 5496 magistro
1039 5408 1159 5496 Egidio
1183 5411 1223 5477 de
1247 5411 1404 5478 Braibant
1426 5411 1624 5500 predicatori
1647 5412 1763 5479 crucis.

476 5699 501 5768 1)
518 5715 546 5754 a.
564 5703 621 5753 463
638 5699 668 5754 tu
685 5701 766 5771 copia
785 5701 908 5757 additura
928 5705 974 5757 est.
1046 5705 1073 5770 2)
1091 5704 1130 5759 St.
1154 5704 1253 5771 Trouct,
1271 5705 1301 5759 ia
1319 5705 1388 5760 dioc.
1408 5705 1565 5761 Leodtcasi.
