4448 6420
439 390 499 452 206
1028 379 1076 434 Ex
1094 379 1251 434 HONORII
1268 380 1310 432 ΙΙΙ
1328 378 1508 433 REGISTRO

437 557 634 621 sententiam
665 555 885 641 protulerunt,
920 575 1015 637 quam
1047 557 1216 616 crescente
1247 552 1452 615 contumacia
1481 549 1658 614 eorundem
1692 571 1751 635 per
1779 549 1978 615 Remensem
2015 573 2090 636 pro-

440 660 579 732 vinciam
609 665 642 722 et
668 657 828 721 nundinas
856 657 891 721 in
912 655 1069 719 Remensi
1100 662 1133 718 et
1157 654 1339 718 Senonensi
1366 654 1542 740 provinciis
1566 653 1760 716 constitutas
1784 652 1934 717 fecerunt
1957 655 2090 717 sollem-

298 784 343 825 ros.
359 763 550 848 n,ao.pniter
572 761 742 848 publicari.
787 761 833 823 At
861 759 923 834 illi,
953 759 1007 842 qui
1030 757 1071 821 ad
1098 758 1334 843 percutientem
1363 778 1397 820 se
1427 757 1565 822 rediisse
1592 755 1792 834 debuerant,
1820 757 1975 820 malleum
2001 759 2091 821 velut

441 866 594 950 stipulam
628 870 836 949 reputantes,
871 883 932 925 neo
965 861 1011 924 sic
1052 861 1242 925 satisfacere
1276 861 1435 925 hactenus
1470 868 1680 939 curaverunt,
1712 860 1791 943 quin
1824 860 1924 923 etiam
1959 860 2090 944 quidam

441 970 586 1054 ipsorum
608 969 712 1033 nuntii
736 966 776 1031 ad
800 965 911 1030 sedem
936 966 1151 1051 apostolicam
1174 963 1388 1033 accedentes,
1410 964 1489 1027 licet
1512 985 1554 1027 ex
1577 972 1669 1049 parte
1693 963 1934 1028 communitatis
1958 963 2090 1027 absolu·
2142 992 2152 1027 a

441 1073 538 1136 tionis
562 1071 801 1156 postulaverint
822 1068 1036 1143 beneficium,
1069 1068 1145 1152 quia
1175 1074 1285 1130 tamen
1316 1067 1574 1130 satisfactionem
1597 1067 1650 1130 vel
1673 1066 1919 1156 satisdationem
1943 1075 2092 1153 prestare

440 1176 612 1254 nolebant,
645 1197 664 1238 a
694 1174 791 1238 nobis
818 1173 897 1236 ¹siue
933 1171 1139 1235 absolutione
1171 1191 1209 1233 ac
1241 1171 1375 1234 licentia
1403 1177 1621 1234 recesserunt.
1673 1169 1718 1233 Ut
1747 1170 1846 1254 igitur
1874 1171 1981 1234 acrior
2008 1192 2095 1257 pena

441 1285 564 1364 pungat
587 1299 669 1362 quos
693 1276 850 1362 penitudo
873 1277 1032 1340 hactenus
1056 1296 1120 1338 non
1145 1275 1372 1360 compuncxit,
1402 1274 1549 1337 districte
1572 1274 1665 1337 vobis
1687 1295 1747 1359 per
1769 1275 1949 1359 apostolica
1972 1275 2095 1360 scripta

441 1381 649 1460 mandamus,
684 1381 835 1464 quatinus
869 1379 972 1443 dictas
1001 1380 1181 1444 sententias
1219 1400 1279 1464 per
1305 1378 1502 1442 lismensem
1530 1386 1563 1440 et
1593 1376 1817 1441 Senonensem
1845 1377 2030 1463 provincias
2062 1386 2094 1442 et

441 1484 602 1548 nundinas
624 1485 657 1548 in
685 1484 810 1548 eisdem
843 1483 1018 1568 provinciis
1042 1484 1234 1546 constitutas
1259 1482 1396 1566 singulis
1419 1481 1535 1544 diebus
1559 1481 1729 1544 dominicis
1754 1488 1786 1545 et
1807 1481 1935 1545 festivis
1960 1483 2091 1546 sollem-

442 1589 549 1674 pniter
585 1588 796 1666 innovantes,
838 1586 970 1650 eosdem
1007 1596 1172 1671 tamquam
1208 1585 1505 1649 excommunicatos
1540 1584 1667 1647 faciatis
1701 1606 1721 1647 a
1755 1585 1956 1669 quibuslibet
1991 1587 2093 1649 artius

442 1691 568 1756 evitari.
614 1689 759 1753 Clericos
789 1711 933 1774 quoque,
960 1690 1015 1772 qui
1044 1690 1093 1753 eis
1122 1690 1362 1753 communicare
1391 1709 1428 1752 ac
1455 1688 1565 1751 divine
1594 1697 1718 1752 temere
1750 1689 1918 1755 celebrare
1943 1711 2091 1775 presum-

442 1794 576 1878 pserint,
592 1813 677 1878 pena
693 1793 850 1856 canonica
866 1792 994 1855 sublato
1011 1793 1241 1877 appellationis
1258 1792 1426 1855 obstaculo
1442 1791 1640 1877 percellatis.
1678 1790 1773 1863 Quod
1790 1794 1817 1855 si
1832 1813 1898 1856 non
1915 1815 2091 1857 omnes=—.

550 1912 625 1976 Dat.
649 1913 765 1994 Reate,
787 1911 857 1976 IIII
880 1911 966 1975 Non.
989 1911 1061 1976 Oct.
1087 1934 1170 1976 anno
1195 1913 1332 1976 decimo.

1224 2416 1310 2489 t85.

550 2529 739 2621 Hono-rius
768 2555 834 2618 111
856 2577 945 2635 propa
974 2556 1152 2642 [Sipofrido
1181 2556 1240 2641 ΙΙ]
1268 2557 1495 2637 archiepiscopo
1525 2556 1718 2639 diapentica
1751 2559 1897 2634 ntoudm,
1934 2563 1969 2620 uf
1995 2558 2094 2643 [Her-

443 2660 611 2744 nronnum]
632 2658 806 2739 episcopum
820 2657 1075 2738 Herbipoleusem
1098 2664 1207 2724 contro
1230 2664 1364 2723 macram
1379 2659 1592 2742 indulgentiae
1614 2681 1633 2724 o
1657 2661 1725 2723 stede
1747 2663 1917 2741 apostolica
1939 2680 2095 2725 corr-cessae

442 2765 485 2828 ad
505 2763 719 2845 praesentiunt
746 2781 837 2825 suom
863 2764 1003 2828 accedas
1035 2784 1099 2827 nort
1125 2765 1302 2844 conspellot,
1332 2769 1506 2842 contentae,
1540 2765 1621 2844 quod
1648 2786 1716 2827 cura
1744 2769 1870 2828 vocotus
1896 2766 2008 2844 facerit,
2041 2787 2096 2844 por

442 2869 571 2930 nuntios
592 2866 718 2929 idoncos
739 2865 767 2928 ci
789 2884 820 2928 sc
837 2869 1024 2944 praesentet.
1751 2870 1844 2946 1225,
1870 2867 1934 2932 Oct.
1959 2872 2009 2930 11.

547 2986 619 3039 Hca.
640 2988 694 3038 ΙΙΙ
707 2985 776 3054 Rep.
797 2983 856 3039 Vol.
881 2985 909 3048 V,
930 2989 976 3042 91:
996 2985 1058 3039 Lib.
1080 2986 1116 3044 X.
1136 2989 1179 3038 79.

547 3071 684 3139 Pottlroat,
704 3070 774 3140 ch.
795 3074 874 3123 7492.

907 3304 915 3320 .
946 3305 954 3321 .
983 3250 1329 3342 archiepiscopo
1357 3249 1627 3342 Magantino.

550 3399 615 3462 Pro
630 3398 820 3463 diversitate
837 3419 1008 3462 causarum
1024 3400 1114 3462 varia
1136 3406 1265 3484 oportet
1288 3399 1432 3462 remedia
1448 3400 1596 3475 inveniri,
1620 3420 1693 3462 curn
1717 3419 1777 3461 nec
1800 3398 1938 3482 singulis
1959 3401 2096 3484 languo-

443 3503 533 3567 ribus
564 3505 660 3568 unica
690 3505 732 3568 sit
764 3509 924 3589 oportuna
954 3504 1093 3583 curatio,
1122 3524 1183 3567 nec
1206 3504 1433 3567 convenientia
1457 3504 1601 3567 existant
1631 3504 1687 3566 uni
1710 3502 1823 3566 morbo
1846 3502 2003 3567 antidoda
2025 3503 2096 3566 uni·

444 3627 549 3672 versa.
593 3607 707 3692 Nuper
730 3627 808 3670 sano
826 3608 1022 3672 venerabilis
1045 3608 1147 3671 frater
1169 3616 1281 3671 nostor
1298 3657 1304 3670 .
1323 3657 1330 3670 .
1347 3607 1599 3693 Herbipolensis
1615 3609 1791 3693 episcopus
1815 3608 1909 3672 nobis
1933 3609 2097 3693 exposuit,

446 3711 531 3798 quod
568 3731 640 3773 curn
675 3710 734 3774 filii
765 3710 872 3774 Belial
906 3712 1033 3775 nobiles
1068 3711 1199 3795 quidam
1231 3718 1263 3774 et
1296 3718 1449 3795 potentes
1479 3712 1624 3795 regionis
1651 3711 1739 3775 illins
1775 3732 1847 3775 oum
1883 3712 2097 3797 complicibus

445 3813 623 3879 eorundem
644 3813 729 3878 bone
751 3815 905 3878 memorie
922 3811 1133 3900 C[onraduml
1152 3815 1255 3900 ipsius
1277 3820 1521 3878 antecessorem
1541 3821 1574 3878 et
1592 3814 1871 3899 consanguineum
1889 3815 2097 3888 occidissent,

444 3920 507 4004 ipsi
539 3940 613 3984 cum
639 3927 709 3983 tota
738 3920 945 4004 posteritate,
978 3925 1075 4005 prout
1104 3918 1260 4002 exigebat
1290 3918 1491 3982 crudelitatis
1522 3939 1695 3992 excessus,
1730 3917 1835 4004 puniti
1864 3919 2011 3996 fuerunt,
2045 3918 2098 4002 qui

444 4021 653 4107 postmodum
686 4029 777 4088 tanto
811 4024 935 4086 scelere
969 4042 1033 4085 non
1066 4021 1211 4085 contenti
1239 4042 1462 4086 successorem
1497 4022 1598 4101 illius,
1633 4021 1787 4085 videlicet
1821 4023 1907 4086 bone
1942 4021 2100 4084 memorie

446 4123 787 4209 ..Herbipolensem
811 4124 1037 4210 episcopnm¹,
1068 4125 1138 4187 eius
1165 4131 1330 4209 patruum,
1361 4125 1424 4187 nisi
1448 4131 1522 4188 sunt
1549 4124 1714 4204 occidere,
1747 4132 1913 4208 tamquam
1943 4125 1997 4210 qui
2029 4124 2100 4209 epi-

446 4228 614 4313 scopalem
637 4228 829 4312 dignitatem
853 4227 1034 4291 didicerant
1060 4229 1132 4292 fuso
1157 4229 1315 4312 sanguine
1340 4228 1520 4302 maculare3
1551 4237 1685 4315 propter
1711 4228 1796 4313 quod
1823 4229 1998 4313 episcopus
2028 4229 2100 4314 ipse

445 4351 465 4392 a
492 4330 576 4395 facie
608 4331 739 4415 fugiens
769 4331 995 4395 tribulantium
1025 4331 1302 4416 Herbipoleusem
1331 4331 1496 4418 civitatem
1524 4331 1670 4397 deseruit
1699 4341 1732 4395 et
1762 4333 1954 4410 ecclesiam,
1989 4333 2102 4416 sicque

447 4434 503 4496 vix
537 4455 653 4497 manus
689 4456 801 4499 eorum
837 4436 952 4500 evasit.
998 4434 1092 4499 Unde
1129 4436 1163 4498 in
1196 4456 1314 4520 penam
1345 4436 1488 4520 ipsorum
1521 4435 1608 4498 bona
1638 4457 1696 4499 sua
1727 4436 1908 4500 extiterunt
1944 4433 1985 4498 ad
2018 4434 2102 4498 alios

445 4536 608 4602 devoluta.
655 4536 706 4601 Ob
729 4538 790 4602 hoc
815 4559 892 4622 ergo
915 4537 1054 4624 predicti
1077 4537 1304 4602 malefactores
1328 4560 1400 4601 curn
1425 4559 1538 4602 eorum
1569 4539 1661 4618 filiis,
1691 4539 1905 4624 complicibus
1930 4545 1964 4602 et
1986 4539 2102 4602 amieis

446 4640 479 4702 in
502 4639 679 4702 vindictam
702 4662 810 4705 rernm
832 4642 1060 4706 ammissarum
1077 4642 1269 4726 sanguinem
1293 4642 1364 4704 eius
1388 4641 1510 4720 sitiunt,
1535 4643 1612 4726 qnia
1633 4643 1853 4728 predictorum
1870 4643 2102 4728 episcoporum

445 4743 614 4828 proximus
638 4749 689 4807 est
711 4746 910 4831 propinquus
940 4754 974 4810 et
1001 4746 1048 4809 eis
1078 4746 1111 4807 in
1140 4767 1239 4809 onere
1269 4767 1307 4808 ac
1330 4745 1453 4808 honore
1483 4747 1648 4811 successit.
1696 4747 1777 4811 Cum
1801 4755 1909 4810 autem
1933 4748 2099 4832 prenomi-
2155 4781 2169 4788 -·

445 4853 541 4908 natus
558 4846 743 4931 episcopus,
768 4869 826 4933 pro
851 4871 889 4913 eo
907 4848 1002 4933 quod,
1026 4850 1110 4912 siout
1126 4849 1255 4923 asserit,
1279 4847 1319 4911 de
1336 4847 1460 4912 diocesi
1485 4854 1517 4913 et
1539 4849 1663 4913 familia
1685 4857 1741 4914 tua
1765 4849 1844 4913 dicti
1869 4852 2102 4915 molestatores

447 4951 606 5029 existunt,
641 4957 746 5014 tutum
780 4951 843 5014 sibi
877 4951 947 5016 fore
982 4973 1047 5015 non
1083 4952 1234 5030 extimet,
1267 4958 1304 5015 ut
1337 4950 1378 5014 ad
1410 4952 1576 5016 civitatem
1604 4954 1657 5017 vel
1689 4953 1846 5018 diocesim
1874 4953 2103 5038 Mogontinam

446 5052 590 5130 accedet,
614 5053 710 5137 quod,
733 5061 768 5117 ut
791 5055 953 5140 proponit,
978 5055 1048 5119 sine
1072 5055 1218 5140 periculo
1235 5056 1380 5139 corporis
1403 5055 1512 5119 faeere
1536 5077 1601 5119 non
1625 5058 1759 5136 valeret,
1783 5057 1951 5122 humiliter
1975 5057 2102 5143 suppli·

446 5157 540 5233 cavit,
564 5163 600 5219 ut
621 5155 880 5221 misericorditer
902 5156 1147 5241 indulgeremus
1171 5155 1288 5233 eidem,
1311 5178 1352 5221 ne
1376 5165 1511 5221 vocatus
1534 5180 1554 5221 a
1576 5167 1620 5238 te,
1643 5161 1897 5246 metropolitano
1922 5160 2036 5245 ipsius,
2061 5158 2101 5222 ad

446 5260 619 5323 concilium
644 5260 696 5323 vel
719 5259 761 5323 ad
783 5259 848 5322 alia
870 5260 980 5324 venire
1004 5260 1221 5345 personaliter
1243 5266 1407 5339 teneatur,
1436 5269 1487 5325 set
1516 5283 1552 5326 se
1580 5284 1639 5347 per
1669 5256 1870 5348 sollempnes
1898 5271 1932 5326 et
1963 5261 2099 5326 idoneos

446 5364 576 5426 nuntios
603 5369 815 5448 presentare,
844 5365 1017 5448 presertirn
1045 5384 1117 5427 oum
1148 5364 1374 5448 prenominato
1404 5366 1606 5429 antecessori
1635 5387 1693 5430 suo
1723 5375 1858 5452 propter
1885 5367 2101 5452 suspitionem

550 5655 575 5722 1)
595 5655 725 5722 octonem,
743 5655 778 5723 cf.
797 5673 824 5709 n.
846 5659 889 5710 70¹.
