4590 6366
138 1457 149 1494 5

770 395 970 456 EPISTOLAE
988 398 1178 458 SELECTAE.
1209 401 1285 458 1235.
1792 411 1855 474 549

310 569 350 636 In
385 568 525 638 eundem
558 570 691 638 modum
727 621 735 637 .
763 623 770 639 .
805 575 984 660 magistro¹
1019 583 1052 641 et
1085 577 1239 642 fratribus
1269 577 1385 643 domus
1416 579 1533 646 militie
1564 579 1694 669 Templi
1723 579 1854 648 leroso-

203 674 352 740 limitani.

309 777 349 842 In
379 778 519 844 eundem
551 779 682 844 modum
707 829 713 842 .
738 829 745 844 .
769 782 957 867 preceptori
986 788 1019 846 et
1049 782 1205 848 fratribus
1235 784 1406 870 hospitalis
1436 792 1547 852 sancte
1570 787 1675 854 Marie
1698 789 1854 853 Teutoni-

204 903 314 946 corum
337 883 370 945 in
393 881 516 949 Aenon.

827 1043 1237 1053 *0-..-—..—-.-...—..........—

309 1395 500 1508 Gregorius
523 1424 579 1489 IX
597 1447 685 1506 papa
707 1426 880 1492 Iohannem
903 1429 940 1493 de
963 1431 1087 1494 Ibeh'no
1108 1429 1315 1510 reprehendit,
1338 1429 1420 1510 qnod
1435 1430 1588 1510 porrnlnm
1602 1431 1810 1496 Acconensem
1831 1453 1853 1496 a

197 1529 349 1611 fidelitate
370 1527 530 1592 Frtderiei
550 1526 765 1592 Romanorum
786 1531 986 1612 imperatoris
1006 1533 1153 1597 seducens
1179 1533 1223 1597 ad
1243 1532 1431 1616 ornationem
1455 1532 1533 1615 Tyri
1555 1533 1700 1598 inducere
1721 1535 1855 1615 nitatur,

200 1633 288 1714 eiqne
309 1630 454 1709 mandat,
480 1635 516 1692 nt
540 1631 581 1694 ab
610 1631 767 1724 omnibras,
799 1655 879 1714 qnae
900 1634 1012 1699 honori
1039 1635 1239 1716 imperatoris
1265 1635 1427 1698 contraria
1454 1636 1535 1712 sint,
1563 1655 1595 1699 se
1622 1639 1752 1702 contat.
1801 1635 1853 1722 Of.

199 1754 232 1800 n.
257 1736 328 1800 649.
1509 1739 1603 1815 1235,
1625 1737 1690 1802 Inl.
1713 1739 1766 1804 28.

305 1853 386 1923 (ἔτερ.
405 1854 454 1906 IX
470 1853 536 1923 Περ.
558 1851 616 1908 Vol.
641 1854 669 1917 V,
694 1859 745 1922 58;
768 1856 831 1909 Lib.
850 1856 914 1925 IX,
942 1861 1000 1910 171.
1043 1831 1148 1910 Pertar'i
1170 1856 1309 1925 exernplar
1330 1856 1516 1926 supplevimus
1538 1873 1572 1911 ex
1591 1856 1684 1926 Reyn.
1702 1858 1774 1913 Ann.
1793 1859 1853 1912 ecel.

125 1964 150 2001 ro
202 1961 228 1999 a.
246 1945 327 2008 1235,
343 1945 360 2006 §
377 1945 420 1994 42.

303 2029 439 2094 Pottbast,
458 2025 526 2094 Ray.
546 2028 628 2079 9975.

532 2239 677 2313 Nobili
702 2239 796 2312 viro
823 2240 1009 2313 Iohanni
1035 2241 1088 2312 de
1114 2239 1284 2313 Ibelino
1313 2239 1547 2331 spiritum
1602 2247 1603 2250 ’

823 2362 1004 2434 consilii
1031 2361 1233 2434 sanioris

236 2517 242 2528 ‘
308 2511 338 2575 Α
360 2510 487 2575 diutina
509 2509 739 2595 expectatione
763 2507 997 2595 dependimus,
1028 2512 1056 2574 si
1078 2511 1163 2574 forte
1187 2509 1323 2574 affectus
1347 2509 1435 2574 tedio
1459 2530 1522 2596 que
1546 2509 1654 2574 Deum
1677 2509 1848 2574 offendunt

127 2647 151 2686 15
204 2622 238 2680 et
260 2614 409 2680 homines
432 2613 653 2701 presumendi,
679 2612 829 2678 studeres
852 2615 994 2695 efficere,
1023 2636 1082 2700 per
1105 2635 1167 2700 que
1191 2614 1252 2678 tibi
1274 2621 1307 2678 et
1330 2614 1403 2677 aliis
1426 2614 1460 2678 in
1484 2612 1579 2698 Syrie
1602 2612 1751 2697 partibus
1774 2634 1851 2677 con-

120 4703 145 4742 ³5

117 5245 144 5284 40

200 2719 323 2781 stitutis
356 2719 484 2803 possint
515 2717 605 2801 pacis
639 2723 672 2780 et
707 2717 826 2800 quietis
863 2717 983 2802 gaudia
1016 2718 1200 2803 provenire.
1254 2716 1320 2782 Sed
1352 2738 1430 2782 ecce
1465 2716 1662 2780 contrarium
1695 2716 1852 2780 mirantes

199 2818 396 2900 audivimus,
429 2826 462 2884 et
490 2829 575 2882 non⁸
603 2819 727 2903 absque
758 2819 944 2884 turbatione
978 2821 1120 2906 plurima
1150 2840 1338 2900 narramus,
1369 2819 1457 2906 quod
1488 2840 1561 2884 cum
1592 2817 1795 2882 carissimum
1818 2817 1851 2880 in

200 2922 340 3012 Christo
362 2922 463 2985 filium
491 2928 636 2985 nostrum
667 2921 895 3000 Fredericum,
924 2923 1146 2987 Romanorum
1172 2924 1422 3009 imperatorem,
1450 2923 1587 2988 diversis
1618 2922 1696 2985 olim
1724 2921 1852 2985 iniuriis

198 3046 375 3112 provocare
406 3023 678 3110 presumpseris²,
713 3024 798 3090 unde
828 3027 929 3091 nichil
957 3027 1045 3091 aliud
1078 3027 1236 3092 accidisse
1269 3026 1490 3112 dignoscitur,
1524 3026 1588 3089 nisi
1615 3023 1702 3111 quod
1730 3022 1851 3089 exinde

202 3134 306 3193 status
330 3127 424 3212 Syrie
448 3148 520 3191 cum
544 3126 741 3191 detrimento
765 3130 941 3192 multorum
965 3151 1030 3193 non
1054 3129 1217 3222 modicum
1241 3131 1352 3195 extitit
1375 3128 1604 3208 conturbatus,
1627 3148 1713 3192 nunc
1736 3127 1851 3213 peiora

199 3231 392 3295 cumulando
421 3229 600 3314 prioribus,
632 3231 789 3315 populum
818 3232 1048 3298 Acconensem
1076 3233 1117 3297 ab
1147 3234 1218 3297 eius
1253 3232 1397 3296 dominio
1426 3239 1458 3297 et
1485 3232 1643 3296 fidelitate
1677 3228 1849 3309 seducens,

198 3335 288 3397 illum
312 3332 353 3397 ad
377 3332 582 3398 obsidionem
598 3331 676 3417 Tyri
698 3332 854 3398 inducere
877 3335 1003 3416 niteris,
1027 3336 1121 3420 quasi
1143 3337 1251 3400 aliena
1274 3324 1528 3421 usurpare‘iura
1549 3335 1609 3399 tibi
1632 3335 1702 3398 fore
1725 3333 1852 3396 licitum

198 3436 377 3502 arbitreris.
422 3435 547 3500 Verum
571 3457 645 3499 cum
668 3457 859 3521 processum
889 3437 1077 3502 huiusmodi
1105 3460 1144 3503 eo
1174 3440 1281 3503 minus
1305 3441 1446 3504 tolerare
1476 3439 1657 3524 possimus,
1690 3457 1753 3520 quo
1781 3435 1851 3500 fere

197 3541 298 3604 nichil
330 3547 381 3605 est
407 3540 513 3624 magis
542 3539 631 3603 cordi
660 3547 773 3604 nostro
802 3542 1014 3622 eontrarium,
1044 3562 1140 3627 quam
1172 3542 1259 3626 quod
1289 3541 1393 3606 Terra
1415 3540 1538 3605 Sancta
1565 3561 1624 3627 per
1652 3539 1852 3602 incautelam

198 3643 344 3707 fidelium
366 3643 509 3729 patiatur
530 3641 661 3726 aliquod
685 3639 926 3720 detrimentum,
950 3644 1154 3710 nobilitatem
1178 3651 1267 3709 tuam
1291 3638 1444 3730 rogamus
1468 3649 1501 3708 ct
1524 3644 1693 3708 hortamur
1715 3646 1851 3719 attente,

197 3767 257 3832 per
286 3747 466 3831 apostolica
496 3745 557 3809 tibi
586 3746 708 3831 scripta
730 3746 943 3832 precipiendo
966 3746 1178 3828 mandantes,
1209 3754 1370 3831 quatenus
1398 3753 1537 3833 pensato
1565 3745 1743 3831 prudenter
1766 3743 1851 3826 quod

197 3849 293 3914 nobis
316 3850 349 3911 in
371 3848 498 3934 prefato
518 3849 715 3933 imperatore
732 3851 834 3924 multa
850 3851 1010 3914 inseratur
1025 3851 1154 3930 iniuria,
1180 3851 1208 3914 si
1230 3851 1349 3914 iurium
1366 3871 1497 3914 suorum
1513 3849 1657 3935 patiatur
1679 3846 1721 3911 ab
1742 3847 1851 3932 aliquo

197 3951 412 4030 detrimenta,
445 3953 620 4036 presertim
653 3973 726 4016 cum
760 3952 916 4038 quidquid
951 3953 1015 4017 sibi
1048 3954 1276 4040 prosperitatis
1312 3952 1466 4033 adicitur,
1501 3973 1522 4016 a
1554 3951 1649 4015 nobis
1683 3949 1851 4035 proprium

197 4061 383 4142 reputetur,
414 4076 454 4120 eo
478 4055 564 4139 quod
594 4057 695 4120 multe
719 4056 903 4121 devotionis
934 4056 1100 4141 obsequiis
1129 4079 1165 4122 se
1196 4056 1376 4122 reddiderit
1405 4056 1546 4122 ecclesie
1575 4054 1777 4139 gratiosum,
1809 4052 1851 4116 ab

199 4159 366 4239 omnibus,
390 4179 452 4243 que
475 4159 580 4243 ipsius
603 4158 718 4222 honori
742 4159 906 4225 contraria
928 4159 1179 4244 dignoscuntur,
1209 4167 1241 4225 te
1270 4166 1345 4246 post
1373 4159 1575 4246 presentium
1606 4155 1851 4242 susceptionem

197 4269 347 4327 avertere
369 4282 435 4325 non
457 4260 662 4346 postponasb.
708 4261 874 4346 Alioquin,
900 4283 973 4326 cum
996 4263 1222 4327 laborantibus
1246 4263 1341 4327 nobis
1365 4261 1525 4326 advocare
1549 4259 1637 4354 orbis
1661 4266 1748 4324 terre
1772 4257 1851 4323 sub-

198 4364 326 4442 sidium,
349 4371 385 4427 ut
400 4363 633 4449 Redemptnris
656 4365 763 4450 patria
785 4372 919 4430 eruatur
942 4366 982 4430 de
1006 4366 1157 4431 manibus
1173 4387 1385 4451 pagauomm,
1407 4386 1469 4428 nec
1491 4365 1579 4428 velle
1601 4363 1766 4449 possimus
1790 4382 1851 4426 uec

196 4467 265 4553 pati
301 4467 401 4532 etiam
435 4463 630 4546 debeamus,
665 4466 751 4550 quod
785 4469 959 4533 occasione
992 4472 1041 4534 tui
1075 4469 1169 4554 Syrie
1204 4475 1314 4550 partes
1348 4488 1465 4553 guerre
1502 4467 1642 4531 stimulis
1675 4466 1851 4550 agitentur,

198 4617 238 4635 ..
271 4569 395 4634 decano
423 4569 648 4649 Antiocheno,
678 4570 878 4634 venerabilis
912 4571 1021 4636 fratris
1053 4573 1155 4636 nostri
1185 4620 1223 4638 ..
1253 4571 1439 4657 patriarche
1465 4569 1687 4636 Antiocheui³
1718 4568 1850 4649 vicario,

198 4674 312 4738 damus
344 4674 465 4738 nostris
497 4674 616 4737 litteris
651 4673 683 4737 in
719 4673 899 4756 mandatis,
931 4682 967 4739 ut
998 4682 1030 4740 te
1059 4676 1100 4740 ab
1128 4675 1341 4761 occupatione
1373 4673 1492 4739 iurium
1526 4673 1733 4760 imperatoris
1763 4673 1852 4736 eius-

195 4776 269 4841 dem
303 4777 357 4840 rel
392 4797 523 4840 suarum
557 4777 804 4862 impugnatione
838 4784 1000 4842 terrarum
1037 4778 1199 4864 spirituali
1230 4777 1432 4842 districtione
1469 4779 1690 4863 appellatione
1725 4781 1852 4840 remota

196 4885 393 4964 compescat.

303 4998 379 5065 Dat.
402 4998 544 5078 Perusii,
568 4999 599 5063 V
622 4999 696 5064 Kal.
721 5001 807 5087 Aug.
831 5022 916 5066 anno
941 5022 1038 5066 nono.
1121 5037 1123 5042 ·

304 5118 344 5182 In
367 5119 508 5185 eundem
531 5121 601 5185 iere
625 5121 757 5185 modum
781 5123 937 5208 scriptum
961 5128 1013 5186 est
1037 5120 1216 5186 executori.

304 5221 342 5286 In
366 5221 505 5287 eundem
529 5222 661 5288 modum
686 5272 719 5288 ..
742 5227 863 5311 populo
886 5225 1085 5289 Acconensi.

299 5515 323 5583 ⁸)
341 5535 393 5568 nou
412 5517 480 5568 street
497 5537 540 5584 ap.
560 5517 645 5584 Ilayrr.
728 5515 751 5584 1’)
769 5518 897 5584 hucruqroe
915 5536 946 5570 aa
964 5517 1048 5586 napa.

298 5653 323 5722 1)
344 5649 513 5706 Hermanno.
584 5653 611 5720 ἓ)
633 5652 676 5721 Of.
695 5669 722 5707 a.
743 5657 806 5708 593.
877 5655 904 5722 3)
923 5653 1039 5708 Albertr'.
