4524 6412
747 359 946 416 uersiculi]
965 363 1153 419 SELECTAE.
1191 368 1265 421 lma.
1492 315 1501 332 ‘
1772 379 1834 441 313

180 531 339 608 apparatu
363 526 482 610 ipsius,
514 531 698 596 mercedem
730 541 763 597 ot
790 536 856 600 alia
881 539 1068 602 neccssaria
1092 538 1260 604 hominum
1284 541 1380 606 sedes
1404 545 1584 629 apostoliea
1606 547 1698 611 iuxta
1719 571 1834 633 regum

180 626 451 692 consuetudinem
487 632 674 710 exhibebit3
710 637 800 701 salva
833 639 866 702 in
901 641 1055 704 omnibus
1092 641 1180 706 sedis
1216 645 1397 729 apostolice
1433 649 1627 712 auctoritate
1662 672 1700 716 ae
1735 654 1834 716 salvis

181 730 394 794 eeclesiarum
424 733 631 800 libertatibus
660 745 693 802 et
722 740 848 804 iuribus
877 742 1075 807 earumdem.
1120 744 1211 808 Nulli
1247 768 1324 831 ergo
1360 755 1422 813 eto.
1463 758 1573 815 nostra
1608 754 1834 839 protectionis,

180 831 434 914 constitutionis,
458 839 691 919 concessionis,
715 843 971 908 confirmationis
990 853 1023 910 et
1044 846 1250 912 inhibitionis
1268 848 1457 938 infringere.
1503 853 1539 917 si
1556 855 1628 940 quis
1645 862 1754 920 autem
1771 864 1833 922 etc.

288 952 375 1018 Data
397 954 537 1038 Perusii,
560 959 610 1025 XI
633 960 801 1027 Kalendas
823 963 909 1045 Iulii,
932 985 1017 1028 anno
1041 967 1148 1030 tertio.

806 1231 1083 1242 --·-·---—*-—-----
1090 1237 1148 1244 ‚q
1154 1238 1212 1245 —,-

963 1491 1049 1564 395.

289 1596 479 1705 aratorias
509 1627 562 1690 IX
590 1650 680 1708 papa
709 1629 878 1692 rectoribus
909 1630 1064 1694 societatis
1091 1631 1300 1696 Lonibarrtiae
1326 1635 1469 1712 nirrrtiat,
1499 1637 1708 1722 Halasarna]
1735 1659 1834 1720 repam

181 1729 502 1814 Hierosolymitanmn
539 1735 569 1794 et
607 1731 815 1816 Uolcanom]
854 1734 1071 1817 presbyteram
1107 1735 1303 1799 ‹sardinalem
1339 1741 1448 1801 eorrtra
1484 1739 1683 1805 Fridericnrn
1718 1740 1835 1804 dietiaa

181 1834 413 1913 iirrpcratorem,
436 1856 524 1916 qnam
547 1834 584 1898 de
600 1835 751 1914 pentibus
773 1838 1000 1900 transmarinis
1022 1837 1151 1906 rediisse
1172 1839 1349 1917 certarint,
1369 1861 1567 1920 processeras
1588 1863 1668 1920 essa·
1690 1843 1773 1906 aride
1794 1843 1834 1908 iis

178 1938 313 2017 'innitar
321 1937 488 2018 praecipit,
513 1943 546 2000 at
560 1939 683 2015 nritites,
706 1959 782 2019 arros
803 1939 840 2001 in
855 1941 1014 2004 cnsilium
1028 1940 1181 2018 eliserint,
1205 1941 1259 2004 sed
1280 1945 1335 2023 qai
1357 1962 1388 2007 se
1410 1965 1474 2008 nen
1489 1947 1588 2010 team
1610 1947 1697 2010 altra
1719 1947 1835 2010 seruire

179 2039 294 2120 dicant,
316 2041 353 2105 in
375 2042 517 2107 ecelesiae
538 2042 664 2106 seruitio
682 2063 881 2122 perseverare
898 2043 1026 2128 facient
1046 2044 1147 2124 iisqne
1169 2045 1292 2109 abunde
1313 2047 1472 2127 stipendia
1494 2049 1682 2112 raireistrent.

1480 2154 1573 2229 1229,
1596 2153 1671 2217 Ian.
1694 2154 1746 2217 26.

284 2229 365 2299 Grae.
385 2230 434 2284 IX
451 2231 521 2298 Rea.
545 2229 600 2283 Vol.
621 2231 646 2293 I,
664 2234 714 2284 124
721 2249 730 2296 ,·
748 2231 811 2284 Lib.
830 2232 892 2298 111,
914 2235 955 2284 31.

282 2317 417 2387 Pottlrest,
438 2317 506 2389 Ray.
527 2320 607 2372 8425.

592 2498 862 2572 Rectoribus
889 2498 1122 2572 societatis
1149 2499 1420 2572 Lombardie.

290 2645 388 2710 Scitis
413 2654 445 2711 et
469 2648 555 2711 sieut
577 2647 739 2712 eredimus
763 2655 917 2731 tanquam
940 2647 1002 2711 viri
1026 2647 1206 2733 prudentes
1230 2648 1394 2734 frequenti
1417 2648 1630 2713 meditatione
1653 2648 1832 2723 revolvitis,

179 2770 238 2812 nos
273 2771 315 2814 ex
353 2771 478 2813 summo
517 2748 680 2815 desiderio
718 2757 752 2815 et
790 2749 972 2814 deliberato
1014 2750 1150 2814 consilio
1184 2759 1294 2815 vestro
1330 2758 1443 2816 contra
1478 2749 1679 2815 Friderioum
1710 2750 1832 2816 dictum

179 2850 408 2937 imperatorem
432 2853 600 2938 negotium
625 2853 814 2932 inchoasse,
847 2874 921 2917 eum
952 2853 1039 2917 idern
1069 2855 1146 2918 totis
1171 2856 1289 2919 mentis
1319 2855 1493 2919 affectibus
1525 2855 1685 2940 aspiraret
1707 2853 1748 2917 ad
1772 2875 1830 2917 ex·

179 2943 365 3018 terminium
395 2955 604 3020 Lombardie.
660 2955 755 3020 Unde
786 2977 858 3020 cum
887 2954 928 3020 ad
959 2955 1170 3042 prestandum
1202 2958 1296 3022 nobis
1330 2958 1488 3023 auxilium
1518 2964 1632 3022 eontra
1665 2978 1740 3022 eum
1773 2979 1830 3020 vos

180 3057 278 3122 certis
303 3057 557 3142 obligationibus
573 3059 802 3135 astrinxeritis,
826 3059 901 3145 quia
924 3071 1099 3144 numquam
1123 3060 1205 3124 alias
1229 3061 1363 3125 instanti
1386 3061 1532 3148 periculo
1549 3068 1657 3125 vestro
1673 3061 1831 3147 poteratis

101 3171 113 3209 ‘·‘
180 3159 344 3224 efficacius
369 3161 502 3225 obviare
525 3183 585 3226 nee
608 3163 741 3226 utilitati
765 3163 928 3227 communi
951 3163 1133 3227 consultius
1155 3163 1345 3249 providere,
1370 3165 1571 3250 speravimus
1595 3171 1633 3246 et,
1651 3185 1831 3250 speramus,

179 3271 215 3327 ut
238 3264 409 3328 veritatem
440 3265 472 3328 in
501 3265 589 3329 onmi
620 3266 762 3351 puritate
786 3273 971 3346 servantes,
1002 3267 1111 3344 nobis,
1142 3267 1194 3330 vel
1217 3267 1309 3331 vobis
1332 3267 1457 3348 verius,
1482 3275 1515 3331 et
1546 3267 1741 3353 promissum
1770 3267 1831 3330 im-

179 3367 330 3452 pendatis
353 3369 511 3433 auxilium
535 3377 569 3434 et
591 3369 739 3434 adiciatis
763 3378 915 3456 prompta
930 3370 1098 3434 voluntate
1122 3371 1293 3457 promisso,
1318 3369 1402 3434 sicut
1425 3375 1567 3434 vestrum
1591 3369 1831 3455 irreprehensi·

179 3470 288 3535 biliter
309 3473 464 3558 prosequi
480 3473 598 3557 cupitis
615 3473 785 3538 iuteresse.
831 3472 929 3554 Sane,
953 3473 1037 3537 sicut
1061 3473 1125 3536 iam
1142 3473 1265 3559 pluries
1281 3472 1374 3535 vobis
1396 3481 1474 3537 nos⁸
1496 3473 1665 3537 intimasse
1681 3473 1831 3536 memini·

180 3595 251 3637 mus
261 3575 283 3653 ¹,
306 3575 436 3655 milites,
461 3596 541 3660 quos
565 3576 598 3638 in
615 3577 755 3641 ecelesia
771 3577 918 3641 Romane
936 3577 1106 3641 servitium
1129 3578 1209 3642 eitra
1225 3577 1422 3662 promissum
1445 3597 1615 3640 numerum
1631 3575 1831 3652 destinastis,

101 3695 119 3734 i.
179 3677 378 3758 voluntaria,
401 3701 442 3743 na
466 3679 631 3743 malitiosa
653 3679 848 3758 dixerimus,
872 3678 1067 3744 lentitudine
1091 3679 1264 3757 retardati,
1288 3679 1370 3743 adeo
1393 3699 1522 3744 morose
1545 3684 1721 3758 venerunt,
1744 3676 1831 3761 quod

179 3802 265 3844 nune
287 3790 416 3868 tempus
440 3782 592 3847 veniendi
616 3791 648 3847 et
672 3783 830 3849 redeundi
853 3785 1002 3847 volentes
1027 3783 1218 3847 continuum
1242 3789 1443 3870 computare,
1466 3781 1568 3846 nichil
1590 3789 1647 3845 aut
1669 3780 1831 3845 modicum

179 3886 320 3950 ecclesia
344 3886 536 3950 servierunt.
582 3885 625 3950 ut
652 3908 737 3951 nunc
767 3887 862 3952 curnb
891 3909 950 3972 per
982 3888 1119 3971 gratiam
1151 3908 1242 3950 suam
1265 3887 1425 3951 Dominus
1457 3885 1597 3950 ecclesie
1621 3906 1679 3948 sue
1703 3884 1830 3947 miseri-

179 3989 323 4054 corditer
354 3996 581 4076 prosperetur,
617 3991 662 4053 ita
694 3990 780 4076 quod
810 3991 874 4054 iam
909 3990 1095 4054 civitatibus
1132 3998 1166 4054 et
1199 3991 1315 4055 castris
1344 3990 1592 4076 quampluribus
1624 3987 1665 4052 ad
1700 4008 1829 4050 manum

180 4094 320 4159 ecclesie
349 4094 526 4172 revocatis,
557 4094 751 4158 karissimus
779 4095 814 4157 in
838 4093 969 4158 Christo
1001 4094 1088 4158 filius
1118 4102 1231 4160 noster
1250 4094 1276 4160 Ι.
1301 4117 1360 4159 rex
1382 4093 1663 4158 Ierosolimitanus
1693 4089 1830 4152 illustris

181 4205 214 4263 et
242 4197 381 4261 dilectus
412 4197 498 4260 filius
527 4195 553 4259 I.
579 4197 665 4260 tituli
696 4197 817 4261 Sancte
845 4197 1006 4261 Praxedis
1037 4198 1210 4284 presbyter
1239 4197 1427 4276 cardinalis,
1458 4194 1567 4260 audito
1599 4192 1657 4257 sed
1686 4191 1829 4257 nondum

179 4301 275 4387 plene
300 4301 381 4365 scito
406 4299 492 4385 quod
514 4299 620 4363 dictus
643 4298 829 4364 Fridericus
853 4299 986 4364 redierit
1008 4299 1049 4365 de
1072 4301 1220 4387 partibus
1242 4299 1499 4379 transmarinis²,
1522 4304 1635 4362 eontra
1657 4317 1732 4361 eum
1754 4317 1830 4381 pro-

179 4411 302 4490 ponant
333 4403 511 4490 procedere
544 4403 575 4466 in
608 4404 739 4468 nomine
770 4403 848 4468 Iesu
879 4403 1017 4482 Christi,
1052 4411 1088 4468 ut
1114 4411 1260 4468 artantes
1290 4402 1445 4484 eundern,
1473 4423 1602 4466 omnem
1632 4401 1663 4466 ei
1691 4398 1830 4464 nocendi

179 4509 358 4594 potentiam
381 4506 593 4571 interdicant:
618 4505 697 4570 dieti
719 4507 840 4571 milites
865 4508 979 4584 vestri,
1004 4507 1152 4572 dieentes
1177 4527 1301 4572 senon
1326 4507 1433 4571 teneri
1455 4507 1541 4571 ultra
1564 4505 1702 4584 servire,
1733 4505 1830 4569 nimis

180 4611 483 4698 reprehensibiliter
505 4611 685 4675 exereitum
708 4609 862 4675 deserere
887 4611 1141 4690 comminantur,
1170 4619 1206 4677 ut
1227 4617 1304 4674 tuuc
1328 4617 1415 4674 retro
1438 4609 1631 4697 respiciant,
1658 4630 1731 4674 eum
1754 4630 1829 4694 pro-

103 4725 128 4760 ··'‘
182 4715 299 4781 cedere
335 4737 373 4780 ae
403 4715 819 4802 proficere'sperarentur;
850 4715 883 4778 in
914 4736 976 4800 quo
1012 4722 1046 4779 et
1073 4737 1133 4780 nos
1165 4722 1198 4779 et
1227 4736 1285 4778 vos
1314 4711 1492 4800 proderent
1521 4713 1703 4778 manifeste.
1759 4711 1830 4785 Que

102 5417 130 5456 40

180 4838 321 4902 namque
344 4819 482 4902 nequior
505 4825 618 4904 posset
641 4839 715 4882 esse
739 4817 887 4903 pertidia,
911 4839 1016 4902 queve
1039 4817 1180 4905 proditio
1203 4817 1320 4896 notior,
1344 4836 1440 4900 quam
1455 4817 1651 4903 promissum
1673 4816 1830 4880 auxilium

180 4922 213 4985 in
236 4922 308 5008 ipso
332 4921 540 4985 necessitatis
563 4920 700 4984 articulo
725 4920 872 4984 subtrahi
891 4919 1076 5002 confidenti,
1099 4919 1274 5007 presertim
1297 4919 1330 4982 in
1353 4939 1450 5003 quem
1465 4919 1691 5004 promissionis
1713 4917 1831 4982 fiducia

180 5045 256 5089 eum
290 5023 436 5088 noscitur
471 5021 661 5087 induxisse?
714 5022 758 5086 ut
794 5022 924 5108 quidem
958 5024 1069 5108 gravia
1108 5022 1228 5088 exinde
1262 5020 1467 5087 universitati
1501 5026 1610 5085 vestre
1644 5018 1831 5083 discrimina

180 5127 416 5192 inevitabiliter
437 5127 661 5208 imminerent,
694 5134 745 5191 set
774 5127 908 5192 infamio
937 5127 1065 5191 macula
1088 5135 1121 5191 et
1153 5126 1354 5191 contusionis
1377 5123 1585 5209 obprobrium
1609 5143 1667 5186 vos
1690 5128 1724 5186 et
1746 5120 1830 5184 filios

285 5420 308 5485 -l
326 5422 376 5473 am
394 5422 426 5472 s.
506 5423 528 5486 b)
546 5438 605 5473 omn
624 5421 735 5472 aera
754 5420 787 5470 a.

283 5558 310 5624 1)
328 5557 366 5623 cs.
386 5573 413 5610 n.
433 5561 498 5630 385.
547 5557 574 5624 2)
592 5557 657 5610 Ian.
675 5560 711 5610 10
727 5556 765 5610 ad
779 5561 892 5625 portam
910 5555 1069 5610 Brundusii
1087 5555 1293 5624 applicaverat5
1312 5553 1410 5610 Chaon.
1429 5553 1463 5608 de
1479 5552 1534 5606 reb.
1552 5551 1607 5605 Sir.
1625 5551 1666 5605 ed.
1685 5551 1832 5606 Hailtard-

179 5643 329 5708 Britollra,
346 5644 363 5697 t.
381 5658 403 5696 c.
422 5648 440 5697 t.
459 5643 485 5707 1,
499 5659 528 5712 p.
548 5646 613 5698 902.

283 5741 345 5792 Rae.
363 5741 444 5791 Posr.
463 5741 483 5792 1.
1590 5731 1626 5784 40
