4494 6426
75 1101 87 1138 b

700 355 900 415 episteme
918 358 1107 418 SELEO'PAE.
1144 363 1219 420 1222.

239 610 475 686 Universis
502 609 667 684 Christi
694 611 903 685 fidelibus
930 618 1163 704 presentes
1190 613 1366 688 litteras
1392 614 1677 706 inspecturis.

243 761 363 826 Divine
383 760 597 846 benignitatis
618 759 820 825 immensitas
837 763 976 826 virtutes
998 762 1153 847 largiens,
1177 770 1213 828 ut
1228 764 1355 849 premia
1375 765 1541 848 largiatur,
1563 785 1605 829 ex
1624 763 1791 829 affluentia

135 866 306 946 bonorum,
330 885 392 948 que
416 865 483 928 suis
501 869 624 948 prestat
640 862 802 944 fidelibus,
825 864 947 950 gaudet
970 864 1075 929 abeis
1098 866 1151 931 vel
1166 865 1294 930 modica
1317 867 1379 931 sibi
1400 866 1503 945 reddi,
1526 872 1563 931 ut
1586 868 1632 931 sic
1653 868 1792 952 gratiam

136 973 386 1055 promereantur
403 988 445 1031 ex
462 967 577 1052 gratia,
601 973 634 1031 et
649 988 708 1052 pro
725 968 959 1053 temporalibus
975 968 1071 1032 bonis
1092 969 1182 1033 felici
1198 971 1387 1035 commertio
1403 970 1563 1056 recipiant
1579 971 1791 1056 sempiterna.

138 1071 221 1135 Cum
251 1071 352 1156 igitur
384 1071 525 1135 ecclesia
558 1071 662 1135 sancti
685 1070 831 1135 Mauritii
855 1070 1168 1156 Magdeburgensis,
1199 1073 1292 1136 cuius
1323 1073 1521 1138 venerabilis
1550 1074 1651 1138 frater
1681 1080 1793 1138 noster

138 1173 232 1259 Hugo
266 1173 455 1238 Hostiensis
490 1174 662 1259 episcopus
699 1181 734 1238 et
767 1175 907 1239 dilectus
943 1176 1029 1238 filius
1063 1172 1161 1262 Lleo]
1200 1176 1286 1240 tituli
1317 1174 1436 1241 Sancte
1472 1175 1587 1240 Crucis
1621 1177 1794 1262 presbyter

137 1277 311 1342 cardinalis
333 1283 410 1340 tunc
433 1276 614 1362 apostolice
643 1274 731 1340 sedis
760 1278 862 1362 legati
885 1276 1096 1342 fundamenta
1128 1279 1295 1358 iecerunt,
1325 1279 1428 1343 nobili
1447 1284 1614 1343 structura
1637 1285 1671 1343 et
1693 1300 1792 1366 opere

137 1381 218 1446 adeo
244 1388 433 1467 sumptuoso
458 1386 649 1465 consurgat,
684 1388 718 1444 ut
742 1381 782 1444 ad
807 1382 878 1446 eius
902 1382 1183 1447 consumationem
1206 1382 1309 1468 ipsius
1333 1403 1398 1446 non
1422 1382 1585 1447 sufficiant
1608 1383 1792 1463 facultates,

137 1486 386 1550 universitatem
409 1490 551 1548 vostram
574 1504 727 1568 rogamus
751 1485 783 1548 in
804 1484 946 1549 Domino
970 1492 1003 1550 et
1026 1484 1205 1564 hortamur,
1236 1485 1329 1549 vobis
1352 1486 1384 1548 in
1416 1486 1644 1550 remissionem
1674 1506 1791 1571 pecca-

78 1635 81 1656 .
137 1591 261 1653 minum
288 1589 512 1672 iniungentes,
546 1590 697 1673 quatinus
721 1588 762 1653 de
788 1588 883 1654 bonis
907 1590 1000 1654 vobis
1029 1589 1144 1654 aDeo
1168 1590 1295 1654 collatis
1326 1587 1367 1654 ad
1390 1588 1422 1652 id
1445 1590 1621 1654 conferatis
1646 1589 1794 1653 subsidia

137 1702 313 1778 oportuna,
342 1696 378 1755 ut
407 1691 530 1755 dictum
560 1713 641 1776 opus
669 1714 730 1777 per
759 1699 868 1757 vestre
898 1693 1125 1758 subventionis
1149 1694 1308 1758 auxilium
1339 1693 1480 1758 feliciter
1502 1699 1729 1772 consumetur,
1761 1699 1795 1757 et

136 1817 195 1860 vos
223 1817 283 1882 per
313 1795 375 1858 heo
405 1801 438 1858 et
468 1795 531 1858 alia
553 1796 686 1880 pietatis
718 1817 833 1882 opera,
863 1818 927 1881 que
950 1797 1023 1862 Deo
1053 1803 1187 1861 auctore
1215 1796 1377 1871 feceritis,
1407 1803 1521 1861 eterna
1547 1797 1640 1860 vobis
1669 1797 1795 1882 premia

138 1899 346 1985 comparetis.
390 1898 459 1962 Nos
483 1905 592 1963 autem
616 1899 657 1963 de
681 1900 914 1985 omnipotentis
937 1900 1003 1966 Dei
1024 1899 1250 1965 misericordia
1279 1907 1312 1964 et
1334 1901 1506 1965 beatorum
1529 1900 1619 1965 Petri
1644 1908 1677 1965 et
1699 1901 1794 1965 Pauli

137 2002 360 2088 apostolorum
384 2002 455 2066 eius
479 2003 674 2066 auctoritato
700 2002 831 2082 confisi,
865 2003 1015 2068 omnibus
1047 2025 1124 2068 vere
1153 2004 1379 2089 penitentibus
1404 2009 1438 2069 et
1467 2005 1643 2084 confessis,
1676 2005 1731 2089 qui
1753 2004 1793 2069 ad

138 2107 315 2170 ecclesiam
337 2106 443 2191 ipsam
467 2107 500 2170 iu
523 2105 575 2170 die
599 2106 852 2192 sollempnitatis
875 2107 978 2192 ipsius
1008 2108 1141 2192 gloriosi
1171 2108 1323 2192 martyris
1345 2107 1489 2172 Mauritii
1513 2109 1565 2172 vel
1590 2108 1688 2172 etiam
1710 2106 1795 2171 infra

138 2217 272 2274 octavas
305 2209 423 2274 devote
457 2211 684 2290 convenerint,
719 2209 760 2274 ad
795 2212 1073 2276 consumationem
1109 2211 1245 2298 predicti
1281 2212 1391 2297 operis
1427 2211 1574 2276 subsidia
1603 2211 1794 2296 impensuri,

138 2313 353 2398 quadraginta
382 2311 453 2376 dies
484 2312 523 2378 de
553 2314 705 2378 iniunctis
740 2313 802 2377 sibi
834 2314 1023 2400 penitentiis
1058 2315 1314 2379 misericorditer
1342 2317 1549 2396 relaxamus,
1583 2314 1793 2401 presentibus

139 2417 257 2481 litteris
281 2438 384 2502 usque
408 2417 450 2481 ad
472 2417 588 2482 decem
611 2438 769 2482 annorum
793 2418 935 2502 spatium
957 2418 1116 2484 valituris.

245 2535 322 2600 Dat.
344 2538 461 2620 Alatri,
483 2538 566 2603 XVI
589 2537 664 2602 Kal.
688 2537 783 2614 Iunii,
808 2558 893 2601 anno
918 2544 1024 2601 sexto.

930 3008 1013 3082 198.

251 3103 438 3196 Hono-rins
459 3131 527 3196 ΙΙΙ
541 3152 630 3212 popo
651 3129 788 3211 capitulo
810 3129 1077 3214 Mopdebnrqensi
1100 3132 1209 3196 scribit
1229 3131 1266 3195 de
1287 3130 1431 3196 elect-ione
1453 3129 1573 3194 decani.

1429 3236 1522 3311 1222,
1546 3231 1630 3296 Mei.
1657 3233 1708 3294 17.

243 3320 317 3375 Hm.
336 3320 393 3374 ΙΙΙ
408 3317 476 3391 Rey.
502 3319 558 3374 Vol.
577 3319 639 3383 ΙΙΙ,
658 3321 727 3385 23Ι,·
745 3319 808 3373 Lib.
832 3320 879 3384 VI,
900 3322 961 3372 364.

649 3532 860 3625 Capitulo
887 3533 1277 3626 Magdebergensr.

249 3682 332 3747 Cum
361 3681 501 3746 ecclesia
529 3687 640 3745 rostra
663 3681 787 3746 decano
816 3686 912 3744 vacet
944 3679 983 3743 ad
1014 3700 1170 3765 presens,
1199 3687 1232 3744 et
1259 3677 1455 3743 venerabilis
1484 3677 1594 3741 fratris
1621 3675 1724 3739 nostri
1753 3723 1761 3738 .
1787 3722 1794 3738 .

67 3829 70 3839 ·
139 3787 401 3872 archiepiscopi²
436 3787 538 3850 vestri
567 3787 770 3871 presentiam
802 3783 972 3849 credamus
1005 3784 1038 3846 in
1074 3783 1235 3847 electione
1270 3782 1385 3846 decani
1416 3782 1560 3846 existere
1592 3786 1794 3866 oportunam,

63 4358 88 4396 311

63 5347 90 5384 ῦὸ

138 3893 289 3957 volumus
314 3898 347 3956 et
369 3891 571 3976 presentium
595 3890 688 3954 vobis
712 3889 906 3954 auctoritate
923 3885 1126 3967 mandamus,
1152 3887 1303 3970 quatinus
1328 3905 1401 3949 oum
1425 3883 1510 3949 idem
1526 3882 1794 3969 archiepiscopus

138 3995 280 4080 negotiis
304 3994 434 4079 imperii
457 3995 542 4058 eirca
565 3999 675 4079 partes
692 3992 788 4057 Italic
806 3998 983 4076 occupatus
1007 3991 1069 4054 hoc
1090 3997 1236 4075 tempore
1253 3995 1395 4072 nequeat
1417 3986 1458 4052 ad
1479 3987 1613 4074 propria
1636 4005 1794 4062 remeare,

139 4099 247 4184 ipsum
275 4119 379 4182 usque
410 4098 451 4162 ad
488 4099 628 4162 mediam
662 4096 948 4182 quadragesimam
981 4095 1180 4180 expectetis,
1211 4093 1340 4155 interim
1373 4092 1415 4155 ad
1451 4091 1566 4155 decani
1596 4089 1792 4154 electionem

140 4202 327 4266 nullatenus
351 4203 547 4286 processuri.

250 4322 326 4388 Dat.
350 4322 466 4403 Alatri,
490 4323 572 4388 XVI
593 4323 669 4387 Kal.
693 4322 792 4404 Iunii,
816 4342 900 4386 anno
924 4327 1029 4384 sexte.

765 4563 1176 4572 ....-.-.—-———-——-

933 4790 1015 4862 199.

251 4891 439 4984 Honorius
461 4913 527 4978 ΙΙΙ
539 4935 628 4996 popo
650 4913 797 4998 [Iacobo]
822 4913 1015 4976 Tonrincnsi
1035 4916 1064 4976 et
1084 4911 1250 4997 [ancne]
1279 4909 1463 4975 Vercellensi
1484 4908 1634 4990 epscopts
1656 4905 1797 4986 inundat,

139 5032 175 5090 nt
188 5021 515 5091 excommunicationis
528 5020 722 5096 sententiam,
742 5037 822 5098 qnae
841 5018 876 5080 in
891 5016 1110 5099 A[rnicoenm]
1128 5019 1307 5096 potestatem
1322 5020 1351 5080 et
1363 5013 1515 5095 poprnlnm
1529 5011 1798 5076 Mediolanensem

140 5129 208 5193 lota
230 5130 280 5208 sit,
302 5126 479 5192 solemniter
502 5123 661 5204 publicent
685 5126 714 5186 et
732 5121 868 5203 finaliter
890 5119 1049 5185 observari
1068 5118 1201 5200 fociant.
1250 5118 1299 5199 Os.
1323 5139 1356 5187 n.
1379 5119 1452 5185 188.

1466 5223 1559 5298 1222,
1581 5218 1656 5286 Iun.
1682 5221 1710 5282 1.

249 5315 322 5370 ch.
340 5313 398 5369 ΙΙΙ
413 5311 481 5381 Beq.
503 5313 561 5369 Vol.
580 5312 643 5377 ΙΙΙ,
660 5315 730 5380 290⁸,-
747 5309 810 5364 Lu.
835 5310 961 5378 V1‚415.

238 5545 272 5608 ⁸)
291 5546 327 5594 iro
344 5541 379 5596 R.

247 5666 274 5732 l)
292 5663 411 5728 Alberti,
431 5663 480 5732 qni
497 5666 673 5716 reae-1226
691 5661 798 5731 legatus
816 5657 971 5728 imperialis
988 5657 1019 5711 in
1037 5655 1124 5711 ltalia
1142 5659 1218 5719 eran
1243 5651 1441 5716 ll'r'nlrelmonn,
1459 5649 1557 5706 Fried.
1576 5651 1618 5720 II,
1631 5665 1663 5718 p.
1680 5649 1742 5700 217.

1540 5745 1593 5800 18*
