4604 6420
423 399 485 462 370
1002 393 1050 447 EX
1069 391 1244 446 Gaacoalr
1262 391 1300 444 lx
1320 389 1500 445 REGISTRO

423 569 590 654 probrum,
621 568 714 653 quasi
747 567 915 653 culparum
948 572 1074 630 tuarum
1104 587 1163 628 nos
1194 564 1370 651 participes
1399 584 1459 648 per
1480 563 1638 627 diutinam
1662 563 1883 628 tollerantiam
1905 563 2075 644 faciamus,

293 689 339 732 ros.
356 695 409 742 rar.
424 672 487 735 nisi
510 670 708 736 horrendum
732 669 921 734 scandalum
945 668 989 733 de·
1009 675 1042 733 te
1066 675 1173 732 ortum
1196 667 1308 732 debita
1324 666 1540 750 castigatione
1564 665 1727 731 sedemus.
1771 666 1822 732 Ne
1845 667 1946 751 igitur
1968 667 2076 731 anima

301 765 387 862 {⁵233}
424 780 535 839 nostra
563 795 621 860 pro
653 772 761 838 anima
789 779 847 836 tua
874 771 945 852 liat,
976 778 1010 836 et
1039 772 1099 836 tibi
1128 772 1213 836 iuste
1245 770 1384 834 dicatur:
1420 768 1524 844 ‘Quid
1555 775 1591 834 tu
1618 769 1688 848 hie,
1720 771 1892 854 autquasi
1915 771 1987 853 quis
2010 770 2073 850 hic,

421 879 507 943 sicut
531 925 625 941 .....
627 888 641 916 ³
663 876 769 961 gallus
790 876 990 960 gallinaceus
1012 874 1264 961 asportandusl'
1288 873 1527 938 fraternitatem
1546 879 1635 936 tuam
1657 894 1828 937 monemus
1851 880 1886 938 et
1906 874 2074 938 hortamur

421 981 597 1062 attentius,
629 979 746 1044 dantes
771 978 830 1042 tibi
854 978 1025 1042 consilium
1049 979 1082 1041 in
1105 977 1206 1042 animi
1229 978 1388 1063 puritate,
1423 976 1575 1061 quatinus
1606 977 1793 1041 animatus
1820 977 1916 1040 saluti
1939 976 2072 1062 provide
2141 1018 2145 1030 ·

421 1085 614 1163 consulens,
645 1103 848 1170 preoccupes
875 1081 935 1145 tibi
966 1082 1083 1146 celeris
1115 1081 1294 1147 remedium
1324 1080 1502 1158 cessionis,
1533 1087 1569 1143 ut
1599 1079 1720 1144 exinde
1747 1078 1789 1143 ad
1811 1080 1974 1144 uberioris
1998 1103 2074 1167 pro-

421 1187 556 1252 visionis
579 1187 640 1251 tibi
663 1187 802 1272 gratiam
824 1183 1077 1270 impendendam
1101 1182 1345 1248 misericordius
1369 1182 1575 1248 inclinemur.
1613 1182 1780 1268 Alioquin,
1803 1183 1954 1247 nolentes
1978 1182 2075 1278 sicuti

421 1312 482 1355 uec
505 1289 664 1354 debemus
688 1287 729 1352 de
753 1294 786 1353 te
809 1295 876 1351 tarn
899 1286 1025 1350 validos
1051 1285 1209 1350 obaudire
1234 1287 1413 1365 clamores,
1444 1285 1625 1350 venerabili
1655 1286 1747 1350 fratri
1777 1293 1889 1350 nostro
1919 1286 2075 1373 episeopo

420 1392 648 1458 Lausanensi¹
681 1396 714 1455 et
742 1389 872 1454 dilectis
909 1389 985 1453 filiis
1017 1389 1184 1473 magistris
1211 1387 1266 1456 W.
1300 1387 1530 1452 archidiacono
1560 1387 1792 1454 Cameracensi
1820 1395 1853 1454 et
1883 1388 1920 1454 Τ.
1950 1388 2075 1472 decano

387 1551 391 1558 .
422 1495 534 1559 Sancti
566 1493 722 1558 Iohannis
750 1492 947 1557 Leodiensis
975 1492 1095 1556 nostris
1127 1491 1240 1555 damus
1270 1491 1387 1555 litteris
1416 1492 1448 1554 in
1480 1490 1658 1572 mandatis,
1691 1498 1727 1555 ut
1755 1513 1853 1578 super
1881 1491 2074 1556 excessibus
2167 1561 2177 1576 ,

421 1599 485 1664 tuis
505 1597 708 1682 inquirentes
725 1596 977 1681 diligentissime
995 1597 1177 1668 veritatem,
1201 1616 1263 1680 que
1280 1595 1466 1659 invenerint
1488 1617 1547 1681 per
1569 1616 1645 1659 suas
1662 1594 1755 1659 nobis
1775 1585 1901 1659 litteras
1922 1593 2076 1659 studeant

422 1700 564 1766 fideliter
596 1700 765 1779 iutimare,
796 1705 833 1762 ut
867 1720 909 1762 ex
939 1719 1051 1763 eorum
1085 1700 1245 1764 relatione
1278 1698 1480 1763 sufficienter
1509 1698 1660 1763 instructi
1690 1698 1907 1784 procedamus
1944 1697 2075 1776 exinde,

421 1810 519 1890 prout
541 1801 721 1878 secuudum
742 1802 851 1867 Deum
874 1801 1052 1866 viderimus
1076 1801 1330 1888 procedendum.

466 1995 474 2012 ‚
530 1922 618 1988 Data
639 1922 754 2006 Reate,
776 1921 811 1987 II
833 1921 913 1986 Idus
936 1921 1144 2002 Decembris,
1166 1922 1377 2008 pontificatus
1401 1922 1503 1987 nostri
1527 1943 1611 1986 anno
1635 1922 1759 2005 quinto.

1042 2218 1180 2226 ...μή-.-
1202 2218 1265 2223 ,,.-.-..
1276 2217 1452 2223 ..--....,..-.

1204 2495 1291 2569 460.

529 2608 719 2720 Greporas
734 2637 791 2702 IX
804 2659 894 2718 popa
912 2637 1072 2721 fratribus
1095 2635 1217 2699 ord-tots
1240 2635 1501 2700 Praedicatoram
1522 2637 1558 2701 ia
1582 2637 1734 2702 Bohemie
1755 2621 1931 2702 constitutis
1951 2639 2075 2714 narrat,
2141 2693 2146 2706 .

420 2739 569 2821 quomodo
584 2740 710 2822 poponi
731 2737 866 2803 Protesi
887 2743 997 2802 eontra
1015 2738 1213 2805 Obrislrrnos
1234 2739 1386 2816 saeviant,
1408 2740 1509 2820 iisque
1530 2740 1670 2817 marcdat,
1693 2743 1728 2802 at
1749 2744 1931 2804 contraeas
1950 2739 2076 2820 proedi-

413 2842 554 2907 cottonis
576 2842 714 2924 officiam
735 2846 901 2906 assumant
921 2847 951 2906 et
969 2862 1147 2923 pauperum
1168 2841 1451 2922 crucesignatorum
1470 2842 1640 2907 Beberatac
1661 2847 1733 2907 voto
1748 2842 2015 2925 pregriootioris
2040 2843 2077 2905 io

421 2964 602 3011 succursum
616 2945 851 3026 praedictatam
870 2944 1012 3026 fideliam
1033 2949 1225 3010 commutent.
1725 2948 1819 3024 1232,
1842 2945 1916 3012 loa.
1937 2948 1990 3010 23.

527 3063 609 3132 Grec.
629 3064 679 3117 IX
697 3063 767 3135 Req.
784 3064 847 3119 Lib.
871 3065 901 3128 V,
920 3067 983 3119 168.
1018 3063 1138 3118 Edimrrs
1157 3080 1191 3118 ex
1210 3062 1305 3134 Rapo.
1323 3063 1395 3118 Ana.
1414 3065 1476 3118 eccl.
1494 3081 1520 3118 o.
1539 3067 1619 3129 1232,
1636 3069 1653 3131 §
1672 3068 1750 3119 6-7.

525 3150 659 3214 Pottlraat
679 3150 749 3221 Req.
769 3153 854 3204 8848.

592 3363 806 3438 Ministris
833 3371 876 3439 et
902 3364 1120 3440 fratribus
1147 3364 1318 3438 ordinis
1344 3365 1681 3440 predicatorum
1707 3367 1750 3440 in
1777 3387 1912 3462 regno

988 3486 1191 3560 Bohemie
1219 3479 1509 3560 constitutisl.

530 3633 583 3698 Ex
613 3635 731 3699 litteris
755 3635 993 3700 venerabilium
1016 3635 1151 3700 fratrum
1181 3641 1383 3715 nostrorum,
1413 3635 1649 3715 masoviensis,
1672 3635 1975 3702 Wratislariensisc
2004 3637 2074 3722 epi-

423 3758 595 3822 scoporum
618 3744 652 3803 et
674 3738 891 3824 capitulorum
916 3760 1048 3802 suorum
1071 3759 1200 3802 necnon
1223 3736 1432 3824 prudentium
1454 3737 1597 3800 virorum
1620 3739 1726 3803 relatu
1748 3739 1964 3826 percepimus,
1988 3739 2075 3826 quod

422 3841 542 3926 pagani
564 3841 700 3905 Pruteni
723 3862 836 3906 verum
857 3841 965 3907 Deum
989 3849 1023 3906 et
1046 3841 1211 3906 dominum
1234 3841 1343 3904 Iesum
1367 3839 1533 3903 Christum
1555 3861 1735 3925 agnoscere
1758 3850 1966 3929 respuentes,
1989 3845 2076 3908 ultra
2100 3839 2102 3842 ’
2127 3870 2147 3908 a

422 3944 537 4009 decem
560 3945 650 4008 milia
665 3945 815 4013 villarum
837 3947 871 4008 in
886 3946 1020 4010 Prussie
1035 3946 1174 4011 confinio
1190 3945 1380 4030 positarum,
1405 3944 1548 4008 claustra
1570 3951 1604 4010 et
1627 3946 1786 4010 ecclesias
1808 3945 1964 4032 plurimas
1986 3968 2075 4011 eom-

421 4047 608 4113 busserunt.
654 4047 763 4122 Quare
788 4048 829 4113 ad
852 4049 975 4114 cultum
998 4048 1099 4113 divini
1121 4048 1263 4112 nominis
1293 4054 1502 4132 preterquam
1525 4049 1558 4112 iu
1582 4050 1702 4128 silvis,¹
1721 4051 1754 4114 iu
1776 4050 1894 4136 quibus
1916 4052 2011 4115 multi
2034 4051 2075 4117 de

421 4149 573 4216 fidelibus
597 4150 736 4231 latitant,
759 4152 852 4216 locus
875 4151 973 4216 hodie
996 4173 1061 4215 non
1084 4151 1235 4216 habetur.
1281 4149 1350 4235 Ipsi
1374 4151 1472 4214 etiam
1496 4153 1668 4237 plusquam
1691 4153 1806 4238 viginti
1830 4154 1920 4218 milia
1936 4153 2075 4219 Ohristi-

421 4274 556 4316 anorum
579 4252 613 4317 iu
636 4255 801 4318 occisione
831 4254 931 4339 gladii
960 4261 1141 4340 posuerunt
1164 4260 1198 4318 et
1226 4253 1444 4338 ignominiosa
1473 4260 1577 4320 morte
1605 4254 1813 4336 damnarunt,
1845 4262 1878 4320 et
1906 4257 2011 4322 adhuc
2034 4257 2075 4322 de

421 4354 573 4420 fidelibus
601 4358 687 4436 ultra
714 4357 856 4443 quinque
885 4358 976 4422 milia
1010 4357 1196 4423 detinentes
1228 4357 1262 4420 in
1291 4357 1450 4443 compede
1484 4358 1667 4432 servitutis,
1701 4359 1844 4443 reliquos
1874 4360 2076 4426 habitatores
2126 4384 2154 4423 so

421 4458 589 4539 Manavia,
621 4459 756 4523 Ouiavie
786 4467 819 4524 et
841 4459 1059 4526 Pomeranied
1082 4462 1243 4525 instanter
1275 4458 1414 4545 perdere
1445 4461 1636 4538 moliuntur,
1669 4462 1804 4526 iuvenes
1832 4484 1914 4548 quos
1943 4463 2078 4548 capiunt

422 4562 584 4626 continuis
608 4567 642 4627 et
670 4561 842 4628 horrendis
866 4564 1033 4630 laboribus
1058 4563 1295 4644 consumendo,
1324 4565 1468 4650 virgines
1497 4586 1556 4651 pro
1586 4564 1725 4630 ridiculo
1747 4567 1881 4631 floribus
1906 4574 2076 4632 coronatas

421 4665 456 4728 iu
489 4664 600 4750 ignem
635 4664 795 4731 demoniis
830 4668 1019 4747 immolant,
1053 4689 1150 4732 senes
1184 4667 1355 4746 occidunt,
1390 4689 1511 4754 pueros
1546 4675 1684 4749 necant,
1722 4669 1879 4755 quosdam
1911 4669 2076 4755 infigendo

422 4766 579 4850 verubus,
612 4768 769 4853 quosdam
798 4769 839 4834 ad
869 4771 1004 4836 arbores
1033 4761 1208 4835 allidendo.
1254 4770 1342 4845 Quid
1363 4773 1469 4836 ultra?
1515 4770 1584 4858 Ipsi
1614 4771 1757 4836 ferarum
1787 4794 1877 4838 more
1900 4773 2076 4838 humanum

422 4872 614 4958 sanguinem
649 4866 799 4938 sitientes
834 4874 868 4939 in
901 4874 1132 4938 contumeliam
1167 4873 1356 4952 creatoris,
1393 4895 1490 4958 quem
1525 4875 1620 4938 multi
1654 4895 1766 4939 eorum
1800 4881 1876 4960 post
1909 4881 2075 4962 receptam
2127 4907 2153 4946 ss

525 5167 547 5234 ¹)
565 5170 662 5220 laeana
679 5169 707 5220 in
726 5171 801 5236 eopia
819 5177 924 5228 nostra·
941 5170 1098 5230 fortassean
1115 5169 1238 5237 originali
1254 5187 1343 5221 ocrem
1355 5169 1500 5236 prophetoe
1518 5170 1545 5220 in
1563 5178 1664 5221 cattam
1683 5171 1809 5237 leguntur.
1909 5171 1932 5237 l³)
1951 5171 2018 5223 hooc
2035 5173 2074 5224 irr-

419 5256 590 5321 comptiorem,
607 5271 673 5320 qaue
691 5255 760 5306 deest
777 5272 820 5321 ap.
839 5253 1016 5321 Rupaaldam,
1035 5257 1160 5323 mpplecit
1178 5256 1303 5325 Paloclry,
1320 5256 1394 5308 Reice
1411 5255 1481 5308 nach
1498 5255 1559 5307 Irae.
1573 5273 1603 5322 p.
1624 5259 1667 5320 25,
1684 5275 1710 5308 a.
1729 5262 1784 5310 110.
1882 5258 1903 5322 0)
1922 5259 1958 5308 ita
1975 5257 2076 5324 Rapa:

419 5341 653 5406 Wladirlaviausis,
678 5341 693 5390 ἰ.
711 5357 732 5392 r.
750 5341 925 5408 Cuisviemis,
948 5343 1110 5408 quadretur
1127 5345 1218 5396 arelius
1236 5345 1363 5407 convertit,
1386 5343 1490 5394 corriedt
1509 5343 1683 5410 canapeo,
1699 5343 1761 5410 ch.
1780 5342 1801 5393 I
1802 5381 1810 5408 ‚
1833 5347 1892 5408 160,
1914 5361 1941 5394 a.
1960 5347 2024 5406 376,
2047 5345 2075 5394 in

421 5425 482 5476 eoa.
509 5425 573 5491 dipl.
601 5423 677 5477 Siler.
700 5433 716 5476 t.
746 5424 808 5476 VII.
917 5426 940 5492 d)
965 5431 1114 5482 Pomcsania
1143 5431 1183 5482 orl
1211 5431 1334 5499 seriptum
1361 5437 1418 5482 wat
1444 5429 1472 5480 in
1499 5429 1635 5496 originali,
1662 5431 1703 5482 cel
1730 5429 1871 5485 masma
1902 5430 2076 5488 mendam

418 5511 601 5562 restituendam
619 5520 661 5562 est.
2127 5534 2154 5574 ω

523 5663 549 5732 1)
567 5661 728 5733 sarraca.
