4494 6426
79 1879 103 1914 n)

79 2914 105 2951 20

79 3431 104 3468 26

80 4683 106 4720 ³0

81 5231 107 5268 ἆδ

723 385 922 442 EPISTObAE
940 387 1130 442 subactast.
1162 387 1238 442 1219.

954 655 1015 727 85.

273 761 488 876 0[loburos]
504 793 672 858 Bobourioo
687 817 744 858 rur
760 793 902 858 Honorio
918 795 982 859 ΙΙΙ
994 818 1095 876 popoo
1109 817 1141 860 so
1164 798 1227 860 iuna
1238 799 1386 878 paruisse
1399 820 1591 878 asseverans
1611 799 1651 864 ab
1673 824 1707 865 eo
1726 803 1812 883 petit,

157 903 193 962 ot
214 920 283 961 cisen
304 895 473 982 [tlndrcu]
494 899 633 980 episcopo
655 898 810 980 Propousi
832 899 953 980 topatus
975 899 1010 962 io
1032 899 1215 963 Bobcruium
1238 902 1391 966 rittttotur.
1507 906 1600 982 1219,
1622 905 1722 968 tuitio.

263 1019 335 1072 Hon.
356 1021 410 1071 ΙΙΙ
426 1019 493 1084 Rep.
519 1017 574 1070 Vol.
594 1019 635 1078 ΙΙ,
656 1021 705 1082 62,·
724 1016 784 1070 Lib.
805 1020 863 1080 III,
885 1021 950 1071 300.
1057 1010 1063 1030 ‘

260 1105 356 1158 Erbea
374 1104 443 1174 Rey.
463 1103 532 1159 Βοὴ.
552 1107 575 1169 Ι,
593 1108 650 1157 282
668 1120 695 1157 u.
715 1107 776 1156 604.

633 1298 803 1371 Littera
830 1297 882 1371 ad
910 1299 1134 1372 dominum
1162 1322 1331 1392 papam.

264 1446 461 1512 Reverendo
486 1449 518 1510 in
541 1448 670 1512 Christo
700 1449 783 1533 patri
812 1459 845 1511 et
874 1447 1004 1512 domino
1028 1449 1192 1530 Honorio,
1220 1450 1283 1516 Dei
1307 1452 1412 1535 gratia
1435 1451 1640 1515 sanctissime
1664 1450 1809 1514 Romane

157 1552 298 1615 ecclesie
332 1573 458 1614 summo
490 1552 651 1637 pontifici,
693 1551 731 1617 Ο.
766 1550 879 1615 eadem
915 1553 1022 1635 gratia
1050 1552 1246 1616 Boemorum
1281 1576 1340 1618 rex
1377 1553 1519 1618 debitam
1554 1553 1586 1616 iu
1618 1552 1705 1615 omni
1737 1573 1810 1616 cum

157 1653 331 1718 devotione
355 1655 585 1718 reverentiam.
635 1655 779 1718 Litteras
808 1664 915 1718 vestre
940 1655 1123 1718 sanctitatis
1147 1664 1180 1720 et
1203 1657 1328 1721 iudices
1353 1679 1372 1720 a
1396 1656 1474 1720 sede
1498 1663 1606 1720 vestra
1630 1654 1810 1740 delegatos,

158 1755 310 1821 videlicet
340 1757 615 1842 Ratisponensem
650 1758 873 1843 episcopum¹,
907 1755 947 1821 dc
985 1757 1108 1838 Ebru²,
1144 1767 1177 1822 et
1205 1759 1389 1823 Valsasen³
1424 1759 1652 1824 Cistercieusis
1688 1757 1810 1823 ordinis

156 1860 311 1935 abbates,
348 1882 387 1924 ea
422 1882 486 1945 qua
519 1860 628 1924 decuit
661 1861 833 1924 honestate
862 1867 895 1924 et
922 1860 1095 1925 devotione
1126 1863 1338 1947 recipientes,
1372 1863 1490 1927 vestris
1519 1861 1701 1942 humiliter,
1733 1862 1811 1926 licet

157 1972 270 2027 eontra
292 1961 561 2028 consuetudinem
591 1964 682 2048 regni
706 1963 824 2043 nostri,
855 1964 1023 2048 paruimus
1055 1964 1235 2044 mandatis,
1264 1967 1348 2029 sicut
1375 1965 1469 2028 vobis
1501 1986 1560 2051 per
1589 1965 1810 2028 venerabilem

156 2066 308 2131 abbatem
324 2066 384 2130 dc‘¹
397 2066 559 2129 Valsasen
575 2067 710 2130 latorem
728 2068 941 2151 presentium,
957 2074 991 2131 et
1005 2088 1046 2130 ex
1063 2067 1167 2131 forma
1181 2069 1435 2154 compositionis,
1452 2091 1549 2154 quam
1566 2067 1660 2132 vobis
1673 2089 1809 2153 presen-

156 2171 250 2249 tabit,
272 2171 400 2256 plenius
425 2171 597 2235 constabit.
642 2169 685 2232 Et
708 2172 784 2256 quia
807 2172 935 2250 vestris,
961 2178 997 2233 ut
1013 2170 1132 2248 decuit,
1158 2172 1258 2236 sacris
1283 2172 1566 2237 exhortationibus
1591 2179 1624 2235 et
1647 2173 1810 2256 preceptis

157 2275 465 2360 obtemperavimus,
489 2296 619 2360 semper
642 2276 783 2339 ecclesie
807 2275 954 2338 Romane
979 2274 1129 2338 devotam
1156 2298 1272 2360 gerere
1289 2276 1322 2340 in
1341 2276 1492 2340 omnibus
1510 2275 1679 2361 cupientes
1697 2274 1812 2336 volun·

159 2385 270 2456 tatem,
292 2379 501 2464 paternitatis
525 2385 632 2441 vestre
656 2377 796 2461 genibus
825 2377 986 2463 provoluti
1010 2377 1160 2442 devotius
1185 2381 1421 2465 supplicamus,
1446 2379 1597 2463 quatinus
1621 2377 1811 2462 episcopum

158 2489 304 2545 nostrum
334 2481 374 2544 ad
404 2502 538 2566 gregem
568 2481 630 2545 sibi
660 2481 868 2544 commissum
899 2489 931 2544 et
960 2480 1000 2544 ad
1026 2490 1169 2546 nostram
1194 2484 1333 2567 gratiam
1360 2483 1531 2569 pacificum
1560 2476 1812 2544 transmittereb

157 2606 223 2648 nou
247 2583 416 2662 differatis,
452 2591 485 2648 et
518 2605 590 2648 cum
626 2605 664 2648 eo
699 2585 840 2669 aliquem
875 2584 914 2648 de
944 2584 1098 2649 fratribus
1128 2588 1246 2650 vestris
1269 2588 1374 2651 virum
1398 2593 1556 2665 sanctum,
1583 2583 1754 2670 providum
1778 2587 1812 2646 et

157 2687 332 2751 discretum
356 2687 485 2750 mittere
504 2685 693 2770 dignemini,
717 2687 771 2770 qui
794 2708 813 2750 a
836 2687 923 2750 clero
948 2694 980 2750 et
1001 2688 1137 2773 supanis
1162 2695 1247 2753 terre
1272 2697 1305 2752 et
1327 2690 1479 2753 universo
1499 2689 1621 2774 populo
1637 2685 1812 2770 diligenter

157 2790 308 2873 inquirat,
331 2800 441 2854 utrum
463 2812 522 2854 nos
551 2790 705 2875 episcopo
729 2790 780 2853 vel
803 2789 875 2875 ipse
906 2789 1000 2853 nobis
1030 2791 1178 2855 extiterit
1203 2791 1394 2870 iniuriosus,
1428 2798 1465 2856 ut
1497 2811 1556 2877 per
1591 2811 1666 2854 eum
1700 2793 1812 2852 nostra

159 2892 252 2956 vobis
276 2900 309 2956 et
331 2892 486 2956 fratribus
509 2893 628 2956 vestris
652 2893 839 2956 innocentia
862 2892 1059 2966 declaretur;
1095 2895 1236 2958 scientes
1265 2895 1456 2974 certissime,
1480 2891 1566 2978 quod
1587 2914 1647 2957 nos
1672 2890 1812 2957 eundem

158 2997 304 3079 legatum
328 2994 477 3074 honeste,
501 3002 537 3058 ut
559 2994 670 3070 decet,
694 2996 906 3059 tractabimus
938 3003 970 3060 et
993 2996 1148 3081 benigne.
1193 2995 1357 3081 Dignatur
1379 2996 1478 3060 etiam
1501 3002 1610 3061 vestra
1631 2994 1812 3083 paternitas

160 3098 314 3183 episcopo
339 3098 417 3163 darc
441 3099 475 3161 in
498 3098 670 3177 mandatis,
694 3105 729 3162 ut
745 3100 880 3184 prelatis
897 3099 1120 3175 ecclesiarum,
1144 3100 1199 3185 qui
1224 3121 1299 3164 eum
1330 3121 1373 3164 ex
1394 3105 1505 3164 nostro
1528 3105 1684 3185 precepto
1707 3097 1813 3182 coacti

160 3201 375 3280 offenderant,
399 3222 568 3266 rancorem
596 3201 780 3281 dimittens,
812 3202 920 3265 officia
946 3201 1171 3286 beneficiaque
1202 3203 1361 3267 restituat.
1411 3202 1518 3267 Valde
1551 3203 1637 3267 enim
1665 3202 1811 3287 iniquum

160 3327 235 3368 esse
259 3303 436 3383 videretur,
460 3305 545 3390 quod
568 3306 615 3369 illi
639 3306 849 3391 punirentur,
873 3327 954 3390 quos
978 3327 1037 3369 nos
1062 3306 1277 3391 compulimus
1296 3306 1417 3371 nostris
1432 3307 1629 3392 potestative
1647 3305 1812 3391 preceptis

158 3429 286 3495 parere,
310 3429 384 3470 unm
407 3409 472 3474 iam
495 3417 603 3474 vestre
626 3416 659 3474 et
682 3411 829 3496 episcopi
851 3410 1109 3475 satisfecerimus
1132 3411 1298 3475 voluntati.

783 3651 1192 3660 w-—muffl-

955 3950 1015 4024 86.

272 4063 489 4174 0[takorus]
518 4089 686 4153 Bobcruioo
716 4109 774 4152 reso
797 4087 940 4182 tlooorio
970 4090 1036 4155 ΙΙΙ
1056 4110 1164 4171 popae
1188 4087 1323 4168 fororum
1359 4089 1455 4151 mittit
1484 4085 1711 4167 consposc'tc'ooc's
1744 4103 1813 4146 oum

155 4193 327 4280 [Andron]
348 4195 486 4273 episcopo
507 4190 663 4274 Properat
679 4191 793 4276 factoe.
1503 4191 1596 4268 1219,
1619 4187 1721 4254 initio.

265 4313 338 4368 Hori.
356 4315 410 4365 111
424 4311 489 4381 Rey.
514 4310 570 4364 Vol.
589 4313 630 4371 ΙΙ,
650 4315 693 4376 62,
712 4313 759 4376 63,·
777 4310 839 4364 loo.
859 4314 916 4376 ΙΙΙ,
936 4316 998 4372 301.

265 4397 359 4453 Erben
378 4397 445 4468 Rep.
466 4395 537 4450 Bois.
557 4397 582 4465 1,
600 4400 657 4450 282
675 4414 701 4450 n.
722 4401 785 4450 605.

640 4623 807 4696 Littere
835 4625 887 4696 ad
914 4625 1137 4699 dominum
1164 4647 1331 4718 papam.

272 4777 485 4842 Sanctissimo
518 4775 602 4861 patri
635 4779 668 4836 et
702 4771 832 4836 domino
862 4773 1029 4854 Honorio,
1065 4772 1129 4838 Dei
1165 4774 1269 4859 gratia
1302 4779 1511 4838 sacrosancte
1546 4770 1692 4836 Romane
1727 4770 1815 4835 sedis

160 4881 325 4969 pontifici,
364 4881 402 4946 O.
442 4879 556 4945 eadem
599 4877 704 4962 gratia
747 4875 946 4941 Boemorum
993 4898 1052 4941 rex
1096 4885 1280 4964 promptam
1320 4877 1352 4941 iu
1396 4874 1545 4940 omnibus
1584 4873 1814 4939 obedientiam.

161 4986 246 5050 Cum
274 4985 316 5049 ad
342 5007 401 5050 nos
430 4983 543 5048 venire
574 4979 800 5045 decrevissent
836 4980 986 5045 domiuus
1019 4981 1271 5068 Ratiaponensis
1304 4981 1476 5066 episcopus
1503 4985 1537 5041 et
1566 5024 1605 5039 ..
1633 4974 1674 5040 de
1701 4975 1816 5040 Hebra

161 5097 196 5153 et
219 5137 227 5152 .
253 5139 260 5154 .
284 5089 323 5152 de
346 5088 554 5152 Waltsassen
577 5083 722 5164 abbates,
747 5084 865 5169 quibus
886 5084 949 5148 hoc
972 5085 1004 5147 in
1027 5084 1190 5148 mandatis
1214 5084 1362 5164 dedistis,
1385 5105 1445 5147 nos
1468 5079 1626 5167 hylariter
1648 5085 1682 5144 et
1697 5077 1814 5144 devote

162 5213 239 5258 cum
271 5191 404 5279 prelatis
439 5191 652 5256 ecclesiarum
687 5195 720 5252 et
749 5187 912 5252 nobilibus
947 5187 1040 5272 regni
1072 5189 1175 5252 nostri
1206 5187 1385 5251 maioribus
1412 5187 1477 5250 illis
1501 5184 1699 5249 occurrimus
1730 5181 1816 5269 apud

162 5294 345 5374 Cladrub⁰,
377 5315 417 5360 ea
439 5314 503 5378 qua
524 5291 635 5356 decuit
657 5290 830 5354 devotione
853 5291 1052 5376 recipientes
1075 5289 1223 5368 eosdem,
1255 5289 1450 5373 relectisque
1473 5286 1682 5373 paternitatis
1705 5293 1814 5350 vestre

738 5449 841 5456 ------——¹
1008 5451 1092 5458 ...-.-.-
1277 5445 1458 5454 ’.μω-..-

270 5553 293 5620 ·)
312 5557 344 5608 ds
361 5555 428 5606 deest
444 5555 472 5605 iu
486 5554 518 5606 R.
564 5553 586 5618 b)
604 5552 755 5604 trasmittere
769 5551 800 5602 o.
849 5551 869 5616 ο)
888 5553 924 5602 itu
938 5552 1026 5605 Ετόοπ
1043 5569 1074 5604 au
1090 5549 1430 5619 opoproplvoPulaclyouo,
1447 5564 1504 5599 cstm
1521 5547 1647 5598 tressortro
1661 5547 1693 5598 rit
1701 5546 1816 5598 Dadrub.

268 5693 294 5756 1)
315 5687 470 5744 Conrodum
487 5689 540 5745 IV.
650 5685 894 5754 antemnam
917 5689 1125 5746 Eberocouaem.
1238 5688 1266 5755 3)
1285 5684 1343 5740 scit.
1362 5684 1395 5738 de
1418 5682 1601 5746 Waltsasaeu,
1620 5680 1817 5740 nemausum.
