4560 6420
857 424 1164 486 ADDITAMEN'IUM.
1788 436 1850 500 733

196 607 366 677 exaudiri:
390 606 535 696 Ideoque
558 609 653 675 iustis
676 609 795 675 restris
811 607 984 674 desideriis
1007 610 1188 671 annuentes
1211 605 1303 673 vobis
1320 607 1470 694 presenti
1489 607 1661 694 privilegio
1676 608 1850 674 licenciam

199 715 314 780 damus
331 721 365 780 et
380 713 590 779 concedimus
613 713 751 778 liberam
775 718 984 800 potestatem,
1007 717 1044 775 ut
1060 711 1347 797 quocienscunque
1370 713 1493 778 intrare
1515 713 1656 778 voluerit
1671 713 1850 801 imperetur

195 820 365 885 Romanus
382 819 545 883 Ytalieam
569 819 748 903 regionem,
771 817 858 882 sicut
880 817 913 881 in
937 814 1113 880 concordia
1138 813 1224 901 [curn
1247 815 1314 880 tilio
1337 816 1560 880 illustrissimo
1583 817 1669 883 boue
1693 819 1849 884 memorie

195 922 233 989 F.
257 944 336 1008 rege
358 923 556 988 Oonstancie
579 919 692 1008 inita]·
715 921 909 999 continetur,
932 918 1066 1006 possitis
1096 917 1289 982 societatem
1311 918 1420 984 iacere
1444 926 1478 984 et
1500 919 1693 984 iuramentis
1716 928 1750 985 ct
1773 942 1848 1006 pro-

196 1028 408 1091 missionibus
426 1048 484 1092 ves
500 1028 612 1112 legare
637 1047 695 1113 pro
712 1025 829 1089 vestris
845 1023 1032 1088 nacionibus
1049 1022 1293 1103 conservandis,
1317 1021 1437 1087 salvisb
1459 1022 1640 1088 honoribus
1657 1029 1690 1088 et
1707 1025 1849 1090 servitiis

195 1131 367 1210 universis,
391 1151 454 1217 que
471 1129 629 1194 Romanis
646 1128 859 1216 principibus,
884 1127 957 1212 qui⁰
980 1146 1038 1212 pro
1062 1133 1210 1212 tempore
1227 1124 1357 1204 luerint,
1380 1131 1527 1212 prestare
1543 1125 1671 1191 debetis
1688 1126 1729 1193 de
1752 1136 1849 1215 pacto

195 1237 247 1301 vel
271 1234 507 1299 consuetudine
536 1234 731 1321 approbata,
761 1232 881 1318 quibus
905 1253 965 1317 per
987 1231 1049 1294 hoc
1071 1230 1280 1316 privilegium
1304 1229 1455 1293 nolumus
1486 1229 1520 1294 in
1543 1230 1653 1317 aliquo
1671 1230 1848 1317 derogare.

194 1337 286 1403 Nulli
309 1338 440 1402 omniuo
462 1338 630 1403 hominum
654 1337 752 1401 liceat
773 1334 837 1399 hoc
854 1333 1063 1420 privilegium
1086 1337 1234 1396 nostrum
1250 1330 1428 1417 infringere
1449 1333 1502 1397 rel
1519 1333 1550 1396 ci
1573 1353 1656 1397 ausu
1673 1336 1849 1399 temerario

195 1444 369 1507 contraire.
419 1442 529 1528 Siquis
560 1448 669 1505 autem
705 1439 767 1504 hoc
803 1444 998 1523 attemptare
1032 1437 1290 1523 presumpserit,
1329 1436 1410 1499 irum
1446 1434 1679 1521 omnipotentis
1716 1435 1781 1502 Dei
1816 1445 1850 1502 et

197 1547 367 1610 beatorum
391 1545 613 1632 apostolorum
636 1543 729 1608 Petri
752 1547 786 1628 et
808 1540 904 1606 Pauli
928 1563 964 1606 se
986 1541 1116 1605 noverit
1138 1540 1354 1606 incursurum.

815 1785 1227 1794 ——ss

979 2012 1066 2084 833.

296 2113 479 2208 Romaeus
503 2139 659 2223 Quirinus
689 2142 717 2202 ct
739 2136 919 2218 Stephanus
945 2133 1144 2210 Badnarius,
1174 2136 1392 2213 procuratores
1414 2133 1521 2197 Iacobi
1551 2133 1681 2216 Teupoti
1702 2135 1792 2200 ducis
1821 2139 1851 2199 et

193 2245 365 2312 menania
384 2243 594 2320 Vcnetiurunr,
613 2240 832 2324 GreporiolX
849 2259 953 2321 papae
975 2241 1004 2301 et
1025 2237 1170 2301 ecclesiae
1192 2235 1356 2301 micenae
1374 2236 1564 2316 mansitant
1585 2238 1851 2322 seXXVpateas

192 2351 236 2416 art
261 2370 393 2433 reenum
416 2347 547 2414 Siciliae
575 2345 787 2426 occupandum
811 2347 993 2409 armaturas
1021 2359 1098 2419 csse,
1127 2342 1262 2422 iuraque
1291 2343 1449 2418 statuunt,
1477 2361 1557 2422 quac
1583 2341 1644 2406 siti
1673 2345 1737 2406 tam
1764 2341 1852 2422 apssd

192 2454 349 2518 Beretum
376 2455 405 2516 et
433 2451 551 2532 supas
580 2470 674 2532 quam
701 2449 738 2512 in
767 2449 853 2514 omrri
882 2446 947 2511 atio
977 2445 1068 2528 repni
1098 2444 1177 2523 loco,
1211 2464 1300 2526 quem
1328 2443 1511 2507 Venetorum
1539 2445 1663 2509 auritio
1690 2445 1852 2526 contipcrit

118 2574 142 2614 1⁵
194 2557 355 2649 occupari,
382 2557 419 2620 in
442 2549 629 2637 perpetuum
655 2553 785 2636 feudum
812 2551 937 2617 concedi
964 2549 1107 2627 debeam,
1136 2552 1240 2612 encre
1261 2548 1441 2612 litterarum
1455 2549 1695 2628 procurationis
1715 2548 1804 2612 ducis
1822 2550 1852 2611 et

191 2661 361 2724 mmmurns
390 2659 590 2724 Veneticrum
611 2679 642 2722 a.
666 2659 760 2735 1239,
783 2655 867 2737 Sept.
891 2656 911 2716 5
933 2654 1082 2719 datarum
1104 2652 1231 2719 ireserto.
1449 2687 1452 2694 ·
1484 2653 1579 2731 1239,
1602 2652 1687 2734 Sept.
1709 2654 1763 2718 23.

295 2779 359 2834 Hoc
374 2785 487 2848 pactum
505 2781 681 2848 etquattuor
699 2780 841 2847 amantes
860 2775 991 2846 epistolae
1004 2774 1131 2829 Perter'ue
1147 2789 1174 2826 a.
1193 2775 1263 2826 1821
1281 2771 1312 2824 in
1324 2769 1437 2824 Arctiu
1457 2770 1573 2826 Vinciat.
1592 2788 1627 2826 ea
1639 2771 1726 2826 Libro
1743 2772 1851 2826 Blasco

193 2868 325 2923 Andreae
343 2867 474 2921 Dandutr'
491 2883 561 2921 suec.
581 2865 665 2934 XIV,
681 2883 709 2920 n.
730 2868 839 2920 62-66
865 2865 1015 2932 rescripsit
1033 2866 1135 2917 etcum
1154 2862 1235 2930 copta
1253 2859 1337 2913 Libri
1355 2858 1502 2913 Paetorum
1528 2873 1599 2912 saec.
1618 2858 1724 2926 XVII,
1741 2857 1790 2911 uti
1808 2856 1851 2911 Iris

189 2956 328 3026 teporatur,
346 2954 371 3020 1)
391 2955 409 3006 t.
428 2953 454 3022 I,
472 2953 495 3019 s.
516 2956 574 3006 305
590 2958 617 3006 et
635 2968 728 3022 seqre,
745 2956 774 3018 2)
793 2958 813 3007 t.
831 2952 879 3018 11,
896 2951 919 3020 f.
940 2957 975 3005 55
994 2956 1019 3004 et
1037 2965 1124 3019 aequ..
1142 2947 1268 3014 cantant,
1286 2963 1368 3014 enam
1385 2944 1493 3013 capiam
1512 2943 1704 3015 archetypum,
1727 2945 1778 3013 qui
1795 2944 1850 2997 iam

113 3060 140 3100 no
189 3042 283 3110 prima
297 3043 379 3110 parte
400 3054 473 3094 saec.
491 3039 578 3093 XIII
596 3038 681 3093 scribi
707 3041 821 3108 coeptus
839 3039 888 3107 sit,
917 3036 1124 3092 accuratissIme
1150 3035 1286 3088 irritatam
1314 3049 1373 3087 esse
1397 3049 1432 3086 ea·
1458 3032 1542 3085 certis
1567 3029 1681 3084 indiciis
1703 3029 1851 3092 conclusit,-

189 3127 299 3182 Arclric.
311 3133 329 3181 t.
340 3129 397 3194 111,
406 3143 434 3195 p.
452 3129 514 3188 576,
531 3127 583 3178 612
596 3129 621 3178 et
635 3127 696 3178 618.
731 3124 849 3178 Pactum
866 3123 952 3178 saturn
967 3120 1263 3186 Hennaea-cranone,
1280 3120 1298 3172 t.
1315 3135 1336 3174 c.
1356 3123 1374 3173 t.
1387 3117 1419 3182 V,
1436 3135 1465 3186 p.
1485 3119 1542 3169 390
1559 3133 1594 3170 ea
1604 3115 1666 3170 Lib.
1679 3115 1848 3170 Pactrlrrls.

197 3213 284 3268 Vrnet.
308 3211 471 3282 proposuit,
502 3214 533 3264 ut
552 3210 662 3264 adera
684 3227 719 3264 err
741 3210 905 3281 archetypo,
931 3210 980 3277 qui
1000 3207 1122 3261 Venetiae
1144 3206 1172 3260 ia
1191 3204 1273 3259 Arcti.
1290 3204 1379 3272 repuli
1401 3206 1613 3268 caumatum
1641 3221 1705 3258 nans
1730 3205 1849 3273 optimas

187 3301 348 3370 plerumque
366 3297 493 3353 lectiones
511 3296 568 3350 dat.
605 3296 725 3366 Propter
743 3295 818 3366 quod
836 3294 873 3349 H.
887 3294 921 3350 Β.
939 3293 1111 3364 potissimum
1130 3292 1218 3346 secuti
1235 3305 1339 3345 sumus.
1378 3289 1451 3359 Quia
1467 3305 1532 3344 uero
1551 3291 1611 3344 arce
1629 3290 1716 3344 editio
1734 3289 1847 3344 autten-

191 3387 272 3442 ticam
290 3385 430 3441 scribendi
446 3384 582 3438 rationem
599 3385 690 3438 minus
711 3383 856 3451 ditipenter
880 3398 1006 3437 anemae
1024 3380 1134 3435 ridetur
1152 3397 1233 3449 quam
1251 3378 1334 3446 copia
1354 3375 1473 3431 Vindob.
1492 3376 1555 3444 [Pr
1575 3383 1600 3431 et
1617 3379 1659 3446 2],
1676 3377 1706 3430 in
1724 3393 1780 3446 ersa
1796 3391 1849 3446 pro

112 3489 138 3528 es
190 3488 380 3541 reserpere
399 3471 592 3538 scriptumest
611 3475 637 3524 et
654 3469 791 3522 mnnita
808 3469 900 3532 unta,
917 3467 1078 3538 praesertin
1097 3466 1128 3519 ia
1147 3466 1203 3530 Pr,
1220 3481 1280 3519 cuns
1294 3463 1356 3518 Iro.
1371 3462 1480 3516 Blanrc
1498 3463 1573 3532 [an
1590 3464 1658 3516 urire
1676 3463 1850 3529 cuncordent,

187 3559 372 3630 utpeccunia,
382 3557 502 3620 Scicilia.
521 3556 634 3611 nobiliis
651 3559 714 3614 cta:
731 3557 866 3610 rationein
883 3555 966 3610 uerba
985 3553 1125 3608 contendi
1142 3570 1176 3606 ee
1193 3552 1240 3606 Pr
1258 3551 1418 3620 recepimus.
1430 3577 1463 3590 -
1475 3551 1592 3603 Paetum
1609 3548 1661 3602 lroc
1679 3549 1736 3604 loca
1753 3550 1850 3602 iterrna

186 3646 365 3716 proferimus,
384 3650 440 3699 tum
458 3645 525 3713 quia
544 3661 590 3713 ap.
612 3645 651 3699 II.
669 3645 703 3699 R.
722 3645 754 3697 r'n
766 3645 825 3714 fine
842 3641 954 3714 atiqur'd
971 3642 1053 3708 deest,
1072 3647 1128 3696 tum
1146 3647 1178 3695 ut
1196 3640 1330 3709 epistotae
1346 3644 1490 3709 seersum
1506 3637 1604 3690 metius
1622 3636 1822 3706 intellipuntur.

258 3838 442 3914 Pactum
470 3838 587 3912 inter
613 3837 862 3912 ecelesiam
890 3840 936 3910 et
962 3835 1195 3910 dominnm
1223 3835 1378 3908 ducem
1405 3839 1451 3908 et
1477 3831 1676 3906 Venetos
1702 3850 1783 3922 pro

781 3958 897 4031 facto
924 3955 1045 4050 regni
1074 3947 1259 4039 Sicilied.

111 4137 137 4176 sc
299 4107 339 4173 In
368 4109 499 4174 nomino
535 4107 658 4173 domini
696 4108 800 4172 nostri
829 4107 909 4172 Iesu
937 4104 1068 4170 Christi.
1121 4103 1192 4168 Nos
1226 4102 1374 4184 Romeus
1405 4100 1560 4176 Quirinus
1594 4107 1628 4166 et
1661 4099 1848 4187 Stephanus

189 4211 374 4278 Baduarius
402 4213 491 4278 cives
514 4211 652 4292 Veneti,
683 4216 913 4299 procuratores
945 4217 980 4274 ct
1009 4207 1135 4294 syndici
1166 4206 1290 4272 domini
1318 4207 1431 4272 Iacobi
1459 4206 1615 4293 Teupoli,
1647 4205 1713 4270 Dei
1744 4207 1850 4291 gratia

189 4317 420 4398 venetiarum,
444 4316 610 4396 Dalmatie
647 4322 746 4402 atque
775 4315 929 4395 Ohroatie
958 4313 1067 4394 ducis,
1098 4311 1224 4377 domini
1254 4318 1368 4397 quarte
1396 4310 1498 4397 partis
1530 4315 1564 4374 et
1592 4307 1724 4390 dimidie
1747 4311 1849 4375 totius

189 4423 318 4510 imperii
340 4421 512 4502 Romanie,
537 4428 570 4486 et
594 4420 775 4485 communis
791 4419 1019 4500 Venetiurum,
1043 4418 1214 4483 constituti
1238 4438 1298 4503 per
1312 4415 1465 4481 eumdem
1481 4413 1596 4479 ducem
1621 4420 1655 4478 et
1677 4414 1849 4480 eonsilium

190 4526 373 4591 ordinatum
403 4545 464 4612 per
492 4545 666 4589 commune
698 4523 839 4588 civitatis
862 4522 1095 4602 Venetiarum,
1126 4521 1210 4585 sicut
1242 4525 1381 4606 apparet
1406 4539 1466 4605 per
1488 4519 1616 4584 litteras
1647 4517 1849 4599 eorumdem,

108 4653 133 4692 u
190 4651 326 4717 quarum
350 4637 445 4694 tenor
467 4627 605 4694 inlerius
629 4627 825 4710 continetur,
847 4626 1066 4713 promittimus
1088 4647 1147 4712 per
1170 4624 1416 4709 stipulationem
1432 4629 1465 4686 et
1482 4623 1693 4689 convenimus
1716 4623 1848 4688 nominc

189 4732 410 4820 predictorum
444 4730 536 4796 ducis
571 4738 605 4796 et
629 4731 811 4796 communis
846 4733 940 4797 vobis
974 4730 1187 4796 sanctissimo
1221 4728 1306 4814 patri
1341 4727 1472 4793 domino
1498 4737 1603 4815 pape⁸
1627 4726 1787 4814 Gregorio
1816 4734 1850 4792 ct

191 4837 331 4916 ecclesie
353 4835 515 4916 Romane,
539 4833 627 4921 quod
649 4834 789 4921 predicti
811 4835 880 4901 dux
904 4843 937 4901 et
959 4856 1132 4900 commune
1154 4832 1328 4898 armabunt
1351 4831 1466 4919 viginti
1489 4833 1632 4918 quinque
1655 4833 1768 4917 galeas
1787 4852 1847 4917 pro

189 4937 297 5005 cundo
321 4940 356 5003 in
378 4961 517 5025 regnum
541 4938 652 5020 Sicilie
686 4937 728 5003 ad
761 4940 868 5025 ipsum
893 4938 1133 5026 occupandum:
1169 4937 1233 5001 hoc
1269 4933 1424 5000 videlicet
1454 4935 1550 4999 modo
1580 4934 1667 5021 quod
1695 4934 1759 5021 ipsi
1782 4933 1849 4998 dux

294 5196 319 5263 ⁸)
337 5197 375 5248 ita
399 5197 556 5248 correximus
574 5214 627 5264 pro
650 5198 702 5248 filie
730 5198 903 5250 illustrissime
920 5199 987 5250 bons
1010 5197 1131 5248 memorie
1155 5197 1243 5263 regine
1260 5195 1413 5246 constancia
1435 5193 1504 5254 rods
1536 5209 1599 5244 nanc
1620 5201 1729 5260 apparet
1748 5209 1849 5259 papam

106 5315 133 5354 40
190 5285 227 5336 ad
239 5303 332 5352 parere
353 5285 516 5336 Oomtantiae
534 5301 559 5334 a.
577 5287 644 5334 1183
655 5286 759 5352 saetam
777 5285 904 5349 sundere,
921 5301 973 5350 qrru
990 5285 1006 5346 §
1025 5287 1073 5346 20,
1091 5283 1147 5334 LI..
1166 5291 1183 5333 t
1201 5281 1248 5344 11,
1261 5299 1291 5348 p.
1311 5285 1365 5344 117,
1386 5280 1528 5346 imperator
1545 5279 1700 5330 rmaaraa
1718 5279 1850 5330 amauit:

189 5375 254 5424 ltcm
280 5374 426 5424 societatem
453 5388 530 5438 qnam
556 5387 627 5424 nnnc
653 5373 750 5424 habent
772 5381 859 5425 tencre
881 5381 907 5425 et
928 5373 1048 5439 quotiens
1073 5372 1203 5422 voluerint
1221 5387 1343 5422 renovare
1361 5370 1399 5420 eis
1415 5370 1499 5422 liceat.
1603 5366 1629 5434 Β)
1647 5369 1691 5420 sed
1708 5369 1776 5419 alius
1793 5367 1849 5419 ead.

189 5459 213 5524 e)
234 5460 279 5526 qui
288 5459 356 5510 aar
374 5457 467 5510 iared.
538 5453 564 5522 d)
575 5456 633 5519 Ρ1,·
649 5458 780 5524 irucnptio
798 5460 865 5511 deest
883 5457 1032 5526 ap.‘11.B.,·
1049 5459 1078 5508 P.
1091 5457 1263 5523 intempore
1281 5457 1378 5508 domini
1396 5473 1460 5523 pepe
1471 5456 1589 5522 Gregorii
1606 5462 1633 5506 et
1649 5455 1716 5506 dom.
1728 5455 1850 5506 Iacobum

189 5545 327 5612 Theupulo
345 5562 369 5612 p.
381 5547 398 5598 I.
412 5563 433 5596 r.
443 5545 468 5596 8.
479 5543 536 5604 Bt:
553 5561 610 5596 arm
625 5562 677 5612 quo
687 5545 730 5596 Pe
748 5555 882 5614 conemur,
898 5547 945 5597 troc
964 5547 1019 5598 loeo
1036 5553 1059 5596 et
1076 5545 1151 5604 infra
1168 5544 1270 5608 saepius
1288 5551 1440 5594 unaotctuar
1456 5561 1511 5594 non
1528 5551 1572 5594 ert.
1642 5539 1666 5606 0)
1685 5541 1720 5594 Π.
1734 5541 1844 5605 B.,Be,·

188 5647 257 5700 pape
277 5630 333 5682 Pl.

105 5779 131 5820 45
298 5750 324 5820 1)
341 5765 367 5804 u.
385 5747 483 5815 Bana,
501 5748 660 5805 Handsctr.
678 5750 726 5804 des
740 5749 766 5805 k.
784 5749 810 5804 t.
827 5749 997 5805 Staatearrtu
1014 5762 1043 5816 p.
1061 5749 1123 5808 175,
1141 5761 1169 5800 n.
1189 5747 1251 5799 569.
