4448 6420
420 388 479 451 148
1004 383 1052 438 ux
1070 382 1226 438 nononu
1244 383 1285 437 m
1304 361 1490 437 unsssrno'

417 575 494 638 qnos
520 558 557 620 in
578 557 728 638 partibns
754 558 822 623 illis
844 557 1042 634 commiserit,
1072 557 1316 638 satisfactionem
1346 575 1514 640 compresum
1540 557 1695 635 erictheam
1724 561 1911 635 meristeos,
1943 561 1978 620 at
2006 576 2074 620 cnm

420 661 527 725 banna
547 662 651 742 posita
672 667 702 726 et
722 662 902 728 iuramenta
923 665 1047 742 recepta
1068 661 1267 738 relaxaverit,
1290 661 1415 726 mnnino
1436 663 1550 725 snmmi
1565 662 1727 743 pontificis
1748 680 1802 724 sen
1817 661 1989 744 lecatorum
2010 659 2076 723 eins

418 764 578 828 mandatis
599 765 752 829 obediant.
1741 767 1836 842 1223,
1859 764 1934 829 Ian.
1959 766 1988 829 1.

522 882 595 937 Hen.
614 885 670 938 ΙΙΙ
683 883 752 954 Rep.
774 883 833 939 Vel.
851 887 869 937 Ι
875 884 903 950 V,
922 889 970 945 17;
989 884 1052 938 Lib.
1077 884 1140 948 VII,
1160 887 1204 937 65.

523 969 579 1022 Ed.
603 969 725 1035 Tbeincr,
747 968 811 1024 (lod.
830 970 897 1040 dipl.
916 971 985 1025 dem.
1003 977 1081 1040 temp.
1101 987 1122 1024 s.
1141 969 1197 1025 sed.
1218 973 1241 1034 I,
1254 987 1285 1040 p.
1306 974 1348 1036 74,
1366 987 1394 1024 n.
1412 974 1474 1024 125.

1044 1230 1456 1240 -.—-..—.—.-..—-...-.

1208 1493 1294 1568 ms.

532 1605 735 1699 Fridcricus
751 1630 963 1694 Rornanorum
986 1631 1156 1710 inmorator
1170 1630 1300 1716 [Petro]
1314 1630 1470 1695 Firmano
1491 1634 1520 1694 et
1538 1631 1718 1716 [Gentem]
1731 1632 1909 1697 Assisinati
1930 1635 2082 1716 episcopis

422 1743 451 1802 et
469 1738 627 1802 anicet-sis
645 1756 703 1816 per
717 1734 952 1798 Anconitanum
967 1734 1138 1797 marchiam
1153 1734 1328 1798 constitutis
1345 1734 1449 1796 eedem
1465 1734 1580 1812 scribit,
1602 1734 1720 1799 addans
1742 1735 1824 1816 qccod
1844 1737 1880 1798 in
1899 1741 2081 1817 piraescntia

422 1842 567 1923 inopistri
595 1838 738 1918 Roffrcdi
768 1839 887 1902 notarii
916 1839 1077 1918 apostolici
1111 1839 1228 1902 mobiles
1261 1838 1345 1901 ciros
1377 1837 1414 1900 dc
1450 1839 1590 1902 marebia
1625 1838 1844 1902 Fidesminnm
1872 1840 1909 1904 de
1940 1841 2082 1920 Maienc,

427 1944 645 2012 (inillielmnm
666 1941 703 2006 dc
724 1941 839 2005 Massa
861 1944 890 2004 cl
914 1941 1133 2022 Gottipnldmn
1154 1946 1292 2022 nepotem
1315 1940 1454 2006 Conradi
1476 1941 1625 2006 abiurare
1645 1941 1754 2022 feccrit
1774 1947 1981 2021 sacramenta,
2003 1967 2082 2026 qnae

424 2067 480 2112 sne
501 2047 626 2110 nmninc
641 2045 873 2126 praestiterint.
1747 2046 1939 2124 1223,1on.
1965 2052 1995 2111 1.
2133 2074 2154 2110 n

528 2164 601 2216 Han
620 2165 676 2216 III
689 2162 757 2230 Rep.
776 2162 836 2215 In'b.
862 2161 925 2227 VII,
946 2167 989 2215 66.

528 2250 584 2304 Ed.
608 2249 728 2314 Tbeincr,
750 2248 813 2304 Ued.
832 2249 900 2317 dipl.
919 2251 988 2303 itanc.
1007 2255 1085 2318 temp.
1104 2266 1125 2304 s.
1142 2249 1198 2304 scd.
1218 2252 1240 2314 I,
1255 2267 1285 2320 p.
1307 2255 1350 2315 75,
1368 2266 1394 2302 n.
1415 2254 1475 2302 125.

1210 2774 1297 2847 tle.

538 2885 726 2979 Hortarius
759 2915 825 2980 ΙΙΙ
850 2936 937 2996 papa
967 2914 1188 2999 [Oloristianc]
1221 2916 1359 2994 episcope
1392 2913 1543 2979 Prnsciac
1580 2935 1723 2980 anvnnam
1760 2919 1873 2999 sip-tna·
1908 2939 2090 2983 marearum

428 3021 584 3084 redditam
614 3024 642 3083 ct
671 3018 828 3082 libertates
858 3022 888 3082 et
915 3019 1125 3081 immunitates
1160 3022 1189 3080 ct
1219 3018 1426 3096 emanationes
1453 3019 1482 3080 ci
1514 3023 1542 3082 et
1568 3019 1711 3084 ecelesiae
1745 3021 1812 3083 eins
1842 3043 1864 3084 a
1890 3021 1991 3085 nobili
2021 3023 2090 3085 vire

432 3122 540 3189 Ottonc
562 3124 598 3188 de
620 3121 789 3204 Dnncbarp
810 3121 953 3186 indnltas
974 3122 1159 3186 aec-ctoritate
1181 3120 1351 3201 apostolica
1376 3123 1549 3201 confirmat.
2141 3158 2162 3196 n

1723 3227 1817 3304 1223,
1836 3227 1948 3307 neret.
1973 3232 2001 3292 r.

534 3310 609 3363 Hen.
629 3313 683 3363 ΙΙΙ
698 3309 766 3378 ch.
788 3308 847 3362 Vel.
867 3311 886 3360 Ι
890 3308 919 3373 V,
939 3311 993 3374 38;
1011 3309 1074 3362 Lib.
1099 3309 1162 3371 VII,
1181 3311 1242 3362 139.

535 3396 671 3460 Pottbast,
690 3396 758 3465 ch.
779 3399 860 3450 6984.

1008 3629 1015 3644 .
1046 3629 1054 3644 .
1083 3576 1295 3668 episcopo
1322 3574 1519 3649 Pruscie.

542 3724 758 3792 Sacroscuete
780 3726 928 3791 Romana
958 3727 1098 3791 ecclesia
1129 3734 1191 3791 cte.
1220 3747 1342 3811 usque:
1375 3725 1560 3790 confovere.
1605 3725 1804 3812 Espropter,
1832 3727 2031 3792 venerabilis
2055 3727 2088 3790 in
2137 3743 2147 3780 2

434 3829 564 3894 Christo
588 3830 704 3912 freter,
729 3834 794 3897 tuis
818 3833 912 3896 iustis
936 3831 1088 3916 precibus
1112 3830 1274 3910 inclinati,
1307 3850 1449 3893 aunuum
1471 3829 1587 3914 viginti
1615 3830 1819 3894 marcharum
1842 3830 2006 3895 redditum
2030 3830 2089 3894 tibi

434 3941 467 3998 et
489 3955 549 4020 per
573 3942 606 3999 tc
630 3937 769 4000 ecclesie
793 3943 848 4000 tue
873 3941 906 3999 et
928 3936 993 3999 tuis
1011 3934 1257 3999 successoribus
1281 3955 1301 3997 a
1322 3933 1424 3998 nobili
1447 3933 1516 3996 viro
1534 3932 1660 3997 Oetene
1683 3933 1723 3998 de
1740 3933 1933 3998 Luneburch
1958 3934 2090 4020 pietatis

434 4037 569 4101 obtentu
594 4059 801 4118 concessum,
829 4059 890 4102 nec
925 4059 989 4102 non
1013 4038 1198 4116 libertates,
1227 4037 1449 4100 immunitates
1473 4043 1506 4100 et
1533 4037 1760 4121 exemptiones
1784 4037 1824 4100 ab
1849 4037 1964 4100 eodem
1989 4037 2090 4101 nobili

434 4141 495 4204 tibi
517 4145 550 4204 ct
574 4141 758 4206 hominibus
782 4142 847 4206 tuis
871 4141 1030 4224 indultas,
1059 4142 1144 4205 sicut
1167 4162 1207 4205 ea
1230 4141 1339 4204 omnia
1361 4141 1461 4220 iuste,
1491 4141 1646 4204 cononice
1670 4161 1707 4203 ec
1731 4141 1865 4226 pacifice
1891 4142 2035 4222 obtinere,
2058 4146 2090 4203 et

435 4244 468 4307 in
490 4245 594 4330 ipsius
616 4246 736 4310 nobilis
760 4247 878 4310 litteris
909 4246 1038 4331 plenius
1067 4245 1296 4331 perspeximus
1325 4245 1497 4326 contineri,
1532 4245 1592 4308 tibi
1617 4249 1651 4307 et
1674 4252 1788 4328 perte
1813 4245 1953 4310 ecclesie
1977 4253 2032 4309 tue
2056 4253 2088 4308 et
2137 4272 2148 4308 e

310 4371 315 4394 ¹
436 4351 681 4414 successoribus
714 4351 778 4414 tuis
811 4352 1004 4416 auctoritate
1036 4350 1218 4435 apostolica
1249 4350 1476 4414 confirmamus
1507 4357 1539 4413 et
1570 4350 1733 4435 presentis
1766 4349 1879 4434 scripti
1909 4349 2089 4435 patrocinio

437 4454 685 4518 communimus.
730 4454 822 4518 Nulli
845 4475 923 4539 ergo
950 4462 1014 4519 etc.
1037 4460 1148 4518 nostre
1173 4454 1428 4518 confirmationis
1451 4454 1639 4538 iufringere.
1686 4451 1721 4515 si
1744 4454 1817 4537 quis
1840 4459 1950 4516 sutem
1974 4461 2036 4517 etc.

543 4573 619 4638 Dat.
642 4575 795 4641 Latersn.
817 4576 883 4640 VII
906 4576 984 4640 ldus
1008 4575 1143 4662 Aprilis,
1166 4576 1373 4662 pontificatus
1397 4575 1501 4639 nostri
1524 4597 1608 4640 anno
1632 4573 1709 4638 VII.

544 4695 583 4759 In
618 4695 757 4762 eundem
795 4698 926 4762 modum
965 4700 1121 4784 scriptum
1158 4705 1208 4762 est
1247 4698 1354 4762 eidem
1394 4698 1547 4783 episcopo
1585 4718 1705 4780 usque:
1744 4696 1898 4781 precibus
1933 4695 2089 4772 inclinati,

437 4821 580 4864 annuum
608 4801 724 4885 viginti
752 4803 956 4867 marcherum
987 4803 1148 4868 redditum
1185 4824 1204 4866 a
1235 4802 1354 4866 dilecto
1389 4802 1423 4864 in
1453 4800 1583 4864 Christo
1618 4801 1684 4863 filio
1719 4800 1821 4863 nobili
1855 4801 1924 4863 viro
1953 4798 2089 4863 Albcrto
2140 4817 2175 4834 ¹·

437 4904 625 4969 marchione
648 4904 936 4991 Brsudeburgcnsi
959 4905 1019 4969 tibi
1048 4914 1081 4970 et
1110 4928 1169 4992 per
1198 4913 1231 4969 te
1256 4912 1317 4971 ete.
1348 4906 1381 4968 in
1412 4905 1515 4991 ipsius
1539 4903 1735 4967 marchionis
1759 4903 1878 4968 litteris
1903 4910 1964 4968 ete.
1988 4922 2089 4986 usque

438 5008 471 5070 in
494 5008 601 5071 finem.

1219 5426 1305 5501 bib.

546 5540 734 5634 Honorias
759 5568 826 5634 111
846 5589 933 5649 popa
960 5567 1109 5650 Philippo
1135 5568 1203 5652 reci
1227 5567 1425 5633 Francorum
1451 5566 1595 5646 nuntiat,
1625 5549 2094 5652 F[nidcricnm]'Remanormn

438 5677 656 5760 inperatorem
688 5673 732 5738 ad
760 5692 792 5737 sc
821 5675 858 5738 in
894 5673 1102 5757 Campaniam
1134 5673 1269 5751 uenisse,
1302 5672 1406 5753 ibiqne
1438 5671 1561 5738 iurasse
1594 5690 1626 5736 sc
1655 5671 1696 5736 ab
1725 5674 1841 5736 aestate
1866 5671 2027 5752 praesenti
2052 5668 2095 5734 od
