4590 6366
451 417 514 477 562
1033 413 1081 468 EX
1100 413 1274 468 GREGORII
1292 414 1331 467 IX
1350 412 1530 469 arelauno

452 588 626 652 iniectores
654 588 688 651 iu
719 589 855 651 clericos
887 608 925 650 ac
953 586 1190 667 incendiarios,
1225 586 1397 651 dumtaxat
1428 590 1674 673 crucesignatos
1704 596 1737 652 et
1769 595 1985 654 assumentes
2017 589 2118 653 ctiam

451 691 579 775 signum
610 692 731 770 erucis,
762 691 814 755 rel
846 691 892 754 sia
920 691 1011 754 iuxta
1039 691 1212 755 facultates
1243 701 1319 755 suas
1346 690 1485 777 propriis
1510 692 1668 777 expensis
1696 691 1777 754 alios
1804 714 1863 777 pro
1893 715 1932 757 se
1963 692 2119 755 miserint

450 794 638 874 bellatores,
664 801 697 858 et
720 793 939 858 commutandi
962 801 1039 857 vota
1060 793 1335 878 peregrinationis
1359 794 1392 857 in
1412 801 1523 858 votum
1543 793 1729 858 huiusmodi
1753 796 1886 882 pictatis
1911 796 2118 860 auctoritate

451 901 511 965 tibi
535 899 737 984 presentium
761 893 969 964 concedimus
993 905 1210 983 potestatem;
1239 899 1371 984 proviso
1395 897 1480 982 quod
1504 898 1565 978 hii,
1595 899 1649 982 qni
1680 920 1739 984 pro
1763 900 1906 963 violenta
1930 899 2117 964 iniectione

381 1027 390 1034 ·
450 1025 605 1067 manuum
636 1001 981 1066 excommunicationis
1010 1001 1139 1064 vinculo
1170 1008 1246 1064 sunt
1274 1002 1383 1085 ligati,
1420 1001 1526 1088 passis
1554 1003 1721 1082 iniuriam,
1756 1011 1789 1067 et
1824 1002 2024 1066 incendiarii
2056 1003 2115 1079 eis,

450 1108 568 1192 quibus
584 1106 725 1191 dampna
744 1126 804 1192 per
824 1104 1010 1168 incendium
1032 1105 1222 1184 intulerunt,
1247 1105 1449 1168 satisfaciant
1465 1113 1699 1192 competenter,
1724 1105 1992 1194 dummodo-non
2018 1105 2120 1170 fuerit

452 1211 534 1275 adeo
565 1210 674 1294 gravis
710 1215 743 1273 et
774 1209 915 1273 enormis
944 1228 1102 1272 excessua
1133 1229 1288 1272 manuum
1316 1209 1528 1288 iniectornm,
1562 1209 1648 1294 quod
1682 1212 1799 1275 merito
1832 1212 1896 1274 sint
1926 1208 1971 1274 ad
2001 1209 2118 1274 sedem

452 1313 665 1401 apostolicam
689 1311 883 1377 destinandi.
929 1310 1099 1391 Ceterum,
1129 1311 1205 1395 quia
1233 1311 1318 1375 sicut
1351 1312 1538 1397 occepimus
1566 1312 1799 1398 predicationis
1829 1313 1995 1392 officium,
2031 1313 2119 1397 quod

451 1439 510 1503 pro
544 1414 698 1481 iamdicto
730 1416 864 1500 negotio
900 1415 1096 1500 imponimus
1132 1415 1190 1477 tibi
1225 1423 1257 1478 ct
1291 1415 1382 1495 aliis,
1419 1436 1480 1501 per
1508 1417 1714 1500 qnestuarios
1745 1417 1939 1503 impeditur,
1977 1438 2023 1480 ne
2055 1417 2118 1501 ipsi

452 1521 584 1605 negotio
614 1519 884 1606 impedimentum
911 1519 963 1582 rel
994 1518 1200 1582 obstaculum
1230 1516 1362 1602 aliquod
1393 1517 1578 1602 ingeratur,
1607 1519 1812 1601 mandamus,
1844 1521 2001 1604 quatinus
2033 1539 2115 1603 que·

455 1625 586 1690 stuariis
609 1624 786 1705 universis,
811 1624 837 1686 si
862 1623 917 1708 qni
940 1629 1111 1707 presentes
1136 1622 1275 1700 fuerint,
1299 1621 1503 1707 proponendi
1526 1623 1648 1706 aliquid
1673 1624 1807 1709 populo,
1833 1621 1909 1686 dum
1935 1644 1956 1686 a
1978 1633 2013 1685 te
2039 1643 2117 1707 pro-

453 1729 586 1815 ponitur
607 1728 744 1793 verbum
768 1729 883 1806 crucis,
907 1726 1074 1790 licentiam
1097 1726 1228 1812 penitus
1252 1725 1445 1803 interdicas,
1471 1747 1544 1804 eos,
1567 1727 1595 1790 si
1618 1735 1731 1790 eontra
1754 1726 2032 1812 presumpserint,
2059 1746 2119 1810 per

455 1852 626 1896 censuram
650 1830 909 1894 ecelesiasticam
938 1828 1159 1915 appellatione
1188 1827 1373 1913 postposita
1398 1828 1647 1914 compescendo.
1692 1829 1818 1894 Eadem
1842 1851 1975 1914 quoque
1998 1837 2118 1892 aueto-

455 1933 551 1996 ritate
584 1931 644 1996 tibi
676 1932 901 2012 concedimus,
933 1941 969 1996 ut
1002 1955 1062 2018 per
1097 1931 1255 2017 plebanos
1285 1939 1318 1995 ct
1354 1932 1436 1996 alios
1467 1933 1679 1997 ecelesiarum
1715 1940 1858 1998 rectores
1887 1955 1951 1998 nee
1985 1955 2055 1997 non
2087 1939 2120 1998 et

457 2036 623 2123 simplices
660 2027 848 2100 sacerdotes
882 2035 923 2099 ad
957 2035 1214 2122 predicationem
1250 2040 1338 2098 tuam
1372 2036 1480 2121 possis
1515 2037 1671 2122 populum
1704 2059 1900 2116 convocare,
1937 2058 2000 2122 per
2034 2058 2118 2121 quos
2180 2059 2191 2094 a

300 2173 318 2210 1.
334 2165 382 2207 eor.
403 2170 444 2216 aa
460 2141 569 2219 etiam,
594 2139 622 2202 si
644 2139 700 2223 qui
717 2139 889 2217 volueriut,
912 2145 1066 2223 poterunt
1084 2159 1199 2202 secure
1217 2138 1364 2223 recipere
1389 2138 1517 2222 signum
1534 2139 1650 2202 crucis.
1687 2139 1737 2205 Ne
1754 2161 1832 2203 vero
1857 2161 1893 2203 os
1915 2139 1997 2203 bovi
2023 2139 2121 2202 tritu-

455 2243 539 2306 ranti
556 2242 735 2322 claudatur,
759 2242 857 2307 liceat
876 2241 936 2304 tibi
959 2242 1067 2306 cidem
1084 2242 1191 2305 officio
1208 2241 1391 2306 imminenti
1412 2263 1470 2328 pro
1488 2248 1561 2305 octo
1579 2243 1728 2327 personis
1753 2250 1786 2306 et
1809 2264 1870 2306 sex
1887 2243 2122 2307 evectionibus

454 2353 549 2410 extra
577 2352 666 2409 tuam
695 2344 853 2410 diocesim
885 2346 1132 2431 procurationes
1170 2346 1316 2430 recipere
1347 2344 1549 2420 moderatas;
1585 2345 1841 2410 contradictores
1878 2352 1994 2410 autem
2034 2345 2122 2429 siqui

453 2449 575 2515 fuerint
597 2449 650 2513 vel
674 2448 814 2513 rebelles
839 2456 900 2513 etc.
972 2517 977 2542 ,

562 2585 638 2652 Dat.
662 2586 796 2667 Asisiil,
819 2585 869 2650 IV
890 2586 965 2652 Kal.
991 2585 1154 2666 Octobris,
1178 2605 1263 2649 anno
1287 2606 1383 2649 nono.

1242 3245 1328 3319 665.

567 3375 758 3485 Greqorins
778 3400 833 3465 IX
852 3423 939 3482 papia
964 3401 1070 3466 Ottoni
1095 3403 1167 3467 daci
1189 3405 1362 3468 Bawariac
1384 3405 1540 3485 irrdnlpet,
1570 3408 1606 3466 nt
1633 3405 1742 3469 nnltns
1770 3405 1806 3466 in
1828 3424 1896 3466 enm
1920 3406 1995 3468 sinc
2018 3407 2129 3469 oriani-

454 3509 539 3592 fcsta
561 3512 589 3571 ct
617 3505 803 3570 rationabili
828 3523 925 3568 caasa
955 3507 1282 3571 excommunicationis
1310 3511 1366 3571 ant
1394 3506 1554 3571 interdicti
1575 3507 1746 3569 sententias
1763 3506 1969 3587 pronnrlyarc
1992 3509 2125 3574 audeat.

1712 3627 1805 3705 1235,
1829 3627 2036 3706 Sept-Oct.

564 3715 645 3780 (ἔνθα.
664 3712 711 3764 IX
726 3712 793 3780 Ray.
818 3711 874 3763 Vol.
895 3709 927 3774 V,
948 3713 998 3776 76,·
1016 3710 1079 3764 Lib.
1098 3712 1153 3775 IX,
1172 3717 1234 3767 249.

563 3800 700 3864 Potttast,
719 3797 787 3867 Ray.
805 3799 912 3860 10056;
929 3797 998 3851 nrale
1016 3797 1066 3851 snb
1086 3798 1157 3854 Noa.
1175 3803 1239 3853 27¹.

881 4026 1028 4099 Nobili
1056 4029 1150 4101 viro
1180 4030 1334 4102 Ottoni
1362 4029 1460 4103 duci
1488 4031 1694 4103 Bawarie.

569 4178 715 4263 Dignum
739 4184 791 4242 est
815 4185 848 4240 et
872 4178 1087 4258 conveniens,
1115 4184 1151 4240 ut
1174 4177 1323 4240 Romana
1346 4176 1485 4240 eeclesia
1508 4183 1613 4240 mater
1633 4178 1861 4241 universorum
1883 4177 2035 4242 fidelium
2062 4179 2128 4244 sibi

462 4282 599 4347 devotos
629 4282 765 4367 speciali
796 4280 1020 4344 benivolentia
1046 4287 1281 4365 prosequatur,
1311 4279 1454 4363 virisque
1484 4279 1741 4366 precellentibus
1770 4281 1890 4345 attactu
1919 4302 1994 4345 eam
2019 4303 2126 4347 vene-

463 4385 609 4450 rantibus
633 4384 723 4448 filiali
747 4405 785 4448 eo
809 4383 966 4447 maiorem
990 4383 1146 4447 exhibeat
1169 4383 1307 4467 gratiam
1331 4382 1550 4463 attererem,
1574 4403 1637 4466 quo
1661 4385 1771 4469 plures
1794 4385 1947 4470 exemplo
1971 4386 2127 4471 ipsorum

463 4490 504 4553 ad
535 4490 606 4552 eius
638 4487 856 4552 reverentiam
886 4493 1112 4571 provocantur.
1169 4485 1369 4571 Eapropter,
1405 4484 1525 4550 dilecto
1562 4486 1594 4549 in
1621 4484 1764 4551 Domino
1793 4487 1853 4566 fili,
1893 4488 1958 4551 tuis
1993 4489 2124 4575 suppli·
2180 4513 2206 4550 au

464 4591 648 4656 cationibus
672 4590 818 4653 inclinati
841 4589 1035 4653 auctoritate
1059 4589 1118 4652 tibi
1142 4589 1345 4674 presentium
1369 4587 1591 4673 indulgemus,
1614 4597 1650 4653 ut
1674 4612 1748 4654 cum
1770 4591 1860 4654 Petri
1882 4590 2031 4674 gladius,
2057 4614 2125 4678 quo

464 4695 586 4759 debent
609 4693 728 4777 corrigi
748 4692 986 4776 delinquentes,
1009 4714 1075 4756 non
1098 4692 1140 4756 sit
1163 4692 1431 4756 irrationabiliter
1453 4693 1648 4774 exerendus,
1673 4694 1780 4758 nullus
1804 4695 1836 4758 in
1859 4704 1891 4758 te
1916 4695 1988 4759 sine
2013 4697 2124 4760 mani-

435 4851 439 4860 .
464 4799 550 4863 festa
574 4804 607 4862 et
630 4795 817 4861 rationabili
841 4816 939 4860 eausa
963 4795 1310 4861 excommunicationis
1340 4802 1396 4859 aut
1423 4795 1587 4860 interdicti
1611 4797 1807 4861 sententiam
1829 4795 1950 4862 audeat
1972 4803 2126 4884 promul-

466 4923 557 4987 gare.
601 4900 692 4965 Nulli
716 4921 793 4985 ergo
817 4936 856 4944 -
881 4907 992 4964 nostre
1009 4900 1236 4965 'concessionis
1259 4907 1321 4964 etc.
1367 4898 1403 4963 si
1426 4900 1498 4984 quis
1520 4906 1629 4964 autem
1652 4907 1714 4965 etc.

569 5194 591 5262 a)
610 5198 632 5247 si
650 5196 717 5247 deest
734 5196 761 5247 in
779 5196 811 5246 Ii.
886 5195 908 5260 ¹¹)
925 5198 994 5247 Asisi
1012 5197 1044 5246 It.
2182 5211 2208 5249 aa

568 5334 594 5400 1)
614 5332 777 5401 Dentinyrr,
795 5331 934 5400 chtrapc
951 5345 974 5385 a.
994 5330 1092 5385 (resen.
1111 5330 1136 5384 d.
1157 5331 1241 5384 Erat.
1262 5331 1399 5385 Merionen
1417 5350 1444 5384 n.
1464 5331 1606 5400 liciniae,
1630 5337 1647 5384 t.
1667 5332 1711 5398 11,
1731 5349 1760 5401 p.
1782 5336 1842 5398 153,
1859 5347 1886 5384 n.
1908 5335 2132 5392 9snmnran'am

463 5422 547 5477 baina
565 5421 711 5491 epistotae,
728 5419 802 5488 qnod
820 5435 855 5472 en
871 5419 964 5486 forma
982 5417 1049 5487 Rea.
1069 5419 1174 5485 saetam
1193 5419 1308 5484 asserit,
1325 5433 1386 5472 cunr
1408 5421 1475 5472 nota
1492 5419 1685 5488 chronotopiea
1702 5419 1727 5470 V
1745 5419 1806 5471 Kal.
1824 5418 1887 5471 Dec.
1907 5435 1983 5474 anno
2002 5421 2041 5475 lx
2058 5441 2132 5493 pro-

460 5508 570 5579 posuit,
593 5523 664 5576 qnae
682 5511 753 5560 certe
771 5504 811 5558 ibi
828 5521 882 5559 non
900 5505 1010 5575 tegitur,
1033 5521 1095 5557 nam
1116 5504 1252 5558 librarius
1274 5504 1313 5558 ad
1336 5505 1526 5573 apographum
1543 5509 1670 5559 nostrum
1687 5505 1788 5558 ‘irenae
1808 5504 1881 5574 Sept.
1900 5508 1952 5559 ant
1969 5507 2037 5562 Kal.
2060 5510 2134 5566 Oct!

465 5594 616 5648 annotavit.
655 5592 721 5646 Cum
738 5609 784 5662 ap.
803 5591 958 5660 Dentinqer
976 5591 992 5643 I.
1012 5606 1034 5643 c.
1053 5607 1078 5643 a.
1100 5595 1118 5643 8
1139 5591 1164 5642 V
1183 5591 1244 5647 Kal.
1263 5592 1325 5646 Dec.
1345 5608 1419 5647 anno
1440 5590 1506 5646 VIII
1525 5589 1619 5648 datum
1638 5591 1685 5656 sit,
1703 5595 1795 5646 notam
1813 5590 2034 5663 chronolopicam
2052 5597 2094 5652 ad
2114 5603 2132 5652 9

465 5696 558 5737 errore
576 5682 719 5751 repetitam
737 5695 796 5734 esce
813 5677 892 5732 calda
907 5677 1053 5749 probabile
1072 5679 1118 5731 ast.
2182 5707 2208 5748 ω
