4494 6426
998 374 1046 438 hx
1064 378 1221 438 Hononn
1238 379 1279 436 111
1297 373 1477 436 naolsnao

983 648 1231 723 Eistetensi
1269 648 1495 739 episcopo.

521 800 595 866 Non
612 800 682 865 sine
698 820 796 864 causa
812 800 1036 886 compellimur
1052 798 1225 873 ammirari,
1249 796 1334 882 quod
1350 796 1395 860 hii
1411 798 1465 880 qui
1489 796 1522 860 in
1540 803 1666 882 partem
1683 793 1875 860 hereditatis
1892 793 2065 860 Dominice

413 912 488 971 sunt
510 906 679 992 assumpti,
702 902 744 969 ad
766 910 889 968 tantam
906 905 1097 989 plerumque
1121 902 1342 988 insipientiam
1367 925 1402 965 se
1419 907 1621 981 convertunt,
1645 898 1730 985 quod
1753 899 1880 977 dilatati
1903 921 1946 964 ex
1969 899 2065 986 adipe

412 1009 600 1096 patrimonii
626 1009 705 1072 Iesu
737 1007 873 1088 Christi,
909 1028 973 1070 non
1002 1008 1106 1070 solum
1136 1027 1171 1070 se
1202 1007 1292 1090 ipsos
1321 1004 1467 1067 efficiunt
1497 1025 1538 1067 ex
1567 1005 1697 1089 propria
1724 1004 1871 1087 nequitia
1897 1002 2066 1088 reprobos,

415 1113 472 1178 sed
488 1113 570 1177 alios
588 1112 819 1190 scandalizant,
837 1109 1071 1196 propterquod
1088 1109 1233 1193 expedit,
1251 1117 1287 1171 ut
1309 1130 1349 1171 ne
1372 1109 1495 1171 malitia
1509 1108 1621 1171 talium
1643 1107 1856 1193 reproborum
1879 1108 2066 1191 exemplum
2119 1131 2130 1167 s

413 1216 550 1304 prebeat
579 1217 652 1281 aliis
676 1214 894 1301 malignandi,
922 1235 1033 1277 eorum
1066 1214 1245 1299 ignominia
1274 1213 1455 1299 impleatur.
1500 1213 1552 1275 Ex
1574 1213 1691 1275 litteris
1719 1210 1850 1296 quidem
1873 1211 2070 1275 venerahilis

416 1322 524 1386 fratris
551 1319 653 1384 nostri
739 1318 991 1404 Ratisponensis
1020 1318 1188 1402 cpiscopi¹
1222 1323 1254 1380 ct
1278 1316 1470 1380 dilectorum
1499 1316 1637 1379 liliorum
1663 1315 1773 1378 Sancti
1796 1313 2008 1378 Emerammii
2037 1321 2070 1378 et

414 1475 421 1490 .
444 1474 451 1488 .
476 1424 517 1489 de
533 1421 755 1487 Walderhach
779 1421 942 1498 abbatum,
966 1422 1212 1505 exploratorum
1236 1441 1255 1483 a
1277 1421 1371 1484 nobis
1393 1419 1628 1504 delegatorum,
1651 1441 1711 1482 nos
1734 1419 1864 1482 noveris
1888 1420 2068 1504 accepisse,

414 1526 500 1611 quod
524 1548 596 1590 oum
619 1526 684 1610 ipsi
707 1526 739 1587 in
759 1523 940 1587 Arnoldum
964 1522 1142 1602 decanum,
1167 1523 1403 1586 Christoforum
1429 1523 1691 1586 archidiaconum
1714 1522 1891 1606 Pragensis
1916 1523 2070 1601 ecclesie,

414 1639 447 1694 et
469 1628 696 1707 Benedictum,
719 1627 935 1706 Vocemilum,
959 1625 1170 1698 Bohuslaum.
1193 1626 1404 1698 Pribizlaum,
1427 1626 1613 1702 Valkinum,
1636 1625 1826 1703 Drisilaurn,
1850 1632 1883 1689 et
1906 1624 2067 1689 Soislaum
2119 1645 2142 1682 10

414 1733 454 1798 de
468 1733 600 1796 Horsou
618 1730 765 1795 eiusdem
782 1730 922 1794 ecclesie
939 1730 1113 1793 canonicos
1132 1751 1169 1793 ao
1190 1730 1326 1793 aliarum
1344 1729 1555 1793 ecclesiarum
1572 1730 1716 1814 prelatos
1740 1735 1772 1792 et
1790 1729 1871 1791 alios
1891 1749 2067 1814 expressos

414 1836 447 1899 in
477 1835 544 1898 suis
575 1832 784 1898 citationibus
816 1833 1009 1896 nominatim
1038 1831 1262 1917 suspensionis
1293 1832 1474 1895 sententias
1508 1832 1701 1895 auctoritate
1733 1840 1845 1895 nostra
1874 1834 2068 1917 protulerint

414 1936 622 2022 exigentibus
646 1937 750 2021 culpis
770 1936 847 2014 suis,
875 1934 983 1998 eidem
1006 1937 1156 2019 suspensi
1174 1957 1285 1999 eorum
1309 1944 1342 1998 et
1361 1935 1558 1998 venerabilis
1581 1935 1690 1997 fratris
1715 1936 1841 1999 nostri.
1868 1935 2068 2020 .Pragensis

415 2039 585 2126 episcopi²
608 2039 833 2124 suspensionis
847 2047 880 2102 et
896 2039 1244 2102 excommunicationis
1265 2039 1444 2103 sententias
1462 2045 1742 2124 contempnentes,
1764 2038 1969 2122 usqueadeo
1993 2059 2067 2104 esse

415 2150 594 2208 noscuntur
618 2143 651 2206 in
676 2163 734 2206 sua
756 2142 936 2227 pertinacia
960 2141 1125 2220 obstinati,
1149 2142 1236 2226 quod
1258 2148 1369 2205 nostro
1394 2164 1429 2205 se
1454 2143 1645 2226 conspectui
1667 2147 1869 2226 presentare,
1894 2142 1979 2205 siout
2007 2162 2066 2227 per
2119 2168 2141 2206 n

414 2246 540 2310 litteras
565 2249 693 2310 nostras
716 2245 956 2324 mandavimus,
979 2245 1137 2309 hactenus
1160 2247 1351 2318 noluerunt,
1375 2247 1451 2310 licet
1474 2257 1548 2332 post
1570 2247 1730 2331 prefixum
1754 2246 1794 2311 dc
1819 2248 1866 2311 eis
1890 2247 2066 2312 terminum

415 2350 457 2413 ab
481 2349 637 2435 episcopo
662 2356 694 2412 et
712 2347 885 2412 abbatibus
911 2348 1106 2433 supradictis
1123 2348 1244 2412 diutius
1269 2349 1390 2412 luerint
1413 2348 1499 2434 apud
1523 2348 1635 2413 sedem
1656 2351 1869 2433 apostolicam
1890 2351 2067 2437 expectati.

417 2452 447 2515 N
450 2474 467 2516 e
492 2451 797 2538 igitur-pertinaces
817 2451 936 2537 prefati
960 2450 999 2516 de
1018 2473 1076 2515 sua
1091 2453 1216 2515 malitia
1233 2452 1423 2536 glorientur,
1447 2459 1480 2516 ot
1497 2460 1702 2536 contemptus
1722 2452 1908 2517 huiusmodi
1926 2455 2070 2518 attrahat

416 2556 498 2619 alios
521 2556 555 2618 in
579 2576 732 2632 errorem,
756 2576 815 2618 nos
846 2575 903 2618 eos
926 2575 946 2617 a
968 2555 1095 2618 collatis
1120 2555 1183 2618 sibi
1201 2556 1434 2620 ecelesiasticis
1458 2555 1627 2619 boneficiis
1651 2576 1849 2634 amovemus,
1875 2557 2069 2623 fraternitati

414 2665 470 2722 tue
505 2681 565 2744 per
594 2660 775 2744 apostolica
810 2658 929 2743 scripta
964 2658 1171 2740 mandantes,
1212 2659 1363 2743 quatinus
1404 2659 1493 2743 ipsos
1535 2657 1727 2722 denuntiare
1766 2680 1920 2743 procures
1955 2660 2062 2724 cilicio
2115 2685 2139 2720 ao

415 2761 649 2846 beneficiisque
673 2762 828 2848 privatos.

522 2864 598 2931 Dat.
621 2865 774 2931 Lateran.
799 2864 882 2928 XIX
905 2864 979 2930 Kal.
1004 2866 1157 2946 Ianuarii,
1181 2866 1396 2950 pontificatus
1412 2867 1515 2929 nostri
1537 2887 1622 2930 anno
1646 2866 1759 2934 tertio.

1211 3369 1272 3440 84.

530 3482 718 3575 Honoras
739 3507 807 3573 ΙΙΙ
827 3529 916 3589 papa
936 3507 1073 3589 capitatio
1099 3508 1276 3573 Coloniensi
1298 3507 1405 3571 scribit
1426 3507 1463 3572 dc
1485 3508 1628 3573 clcctrfocc
1654 3511 1793 3575 coarcat
1814 3511 1935 3577 decani.

1720 3616 1813 3692 1218,
1835 3612 1911 3677 Dec.
1934 3616 1986 3678 22.

526 3693 599 3748 Hoc.
619 3697 673 3748 ΙΙΙ
687 3695 755 3766 Reg.
780 3697 836 3750 Vol.
856 3699 896 3760 ΙΙ,
915 3699 965 3756 40;
985 3697 1046 3750 Lib.
1067 3699 1124 3760 ΙΙΙ,
1143 3700 1205 3750 190.
2127 3721 2151 3758 ao

989 3942 1194 4034 Capitulo
1230 3943 1500 4018 Coloniensi.

525 4090 799 4178 Reprehensihile
823 4092 917 4157 valde
946 4100 979 4157 et
999 4114 1133 4177 prorsus
1158 4092 1382 4158 inexcusabile
1412 4101 1478 4172 est,
1507 4094 1592 4179 quod
1622 4115 1694 4158 oum
1723 4097 1980 4181 preposituram,
2012 4117 2074 4180 que

417 4194 521 4279 primo
548 4195 582 4258 in
610 4195 742 4259 civitate
774 4194 965 4259 Coloniensi
996 4203 1149 4276 vacaret,
1183 4195 1351 4259 donationi
1379 4198 1558 4282 apostolice
1587 4219 1824 4272 servassemus,
1852 4221 1910 4264 vos
1939 4207 2075 4264 vacante

417 4299 625 4382 prepositura
648 4299 788 4362 ecclesie
812 4306 935 4379 vestre,
959 4299 999 4364 de
1023 4300 1080 4364 illa
1103 4298 1277 4385 disponere
1295 4301 1528 4386 attemptastis.
1573 4301 1669 4366 Undo
1693 4303 1770 4366 licet
1794 4302 1948 4367 dilectum
1971 4303 2074 4365 lilium

419 4398 620 4480 Conradum‚
651 4400 809 4465 decanum
837 4409 999 4480 vestrum,
1028 4423 1124 4487 quem
1148 4403 1294 4487 elegistis
1318 4403 1358 4466 ad
1382 4405 1486 4478 illam,
1516 4404 1649 4487 dignum
1680 4404 1803 4468 honore
1831 4404 2018 4468 huiusmodi
2042 4411 2075 4468 ct
2129 4426 2153 4454 Ἴ

418 4502 532 4566 maiori
555 4503 653 4566 etiam
685 4511 888 4589 reputemus,
921 4512 1034 4591 utpote
1066 4506 1170 4570 virum
1198 4507 1279 4588 vita,
1311 4508 1398 4571 fama
1425 4515 1457 4572 et
1488 4509 1626 4571 scientia
1654 4509 1962 4590 commendandum,
1996 4509 2077 4572 vitio

419 4611 528 4668 tamen
552 4604 723 4669 electionis
747 4607 908 4691 predicte,
942 4606 984 4671 ad
1011 4629 1107 4692 quam
1131 4607 1171 4672 de
1195 4609 1264 4674 iure
1288 4610 1466 4695 procedere
1496 4611 1709 4695 nequivistis,
1738 4612 1841 4696 ipsam
1869 4611 2075 4676 decrevimus

420 4709 544 4772 irritam
568 4714 600 4772 et
623 4707 764 4775 inanem.
810 4710 932 4774 Verum
958 4712 1033 4795 quia
1056 4712 1199 4775 ecclesia
1222 4719 1331 4776 vestra
1354 4714 1535 4798 apostolice
1559 4713 1631 4778 sedi
1655 4736 1785 4800 semper
1808 4737 1843 4780 se
1867 4715 2076 4780 obedientem

418 4810 570 4875 exhibuit
592 4819 626 4875 et
649 4811 810 4894 devotam,
835 4814 916 4878 adeo
940 4821 975 4877 ut
998 4815 1038 4878 ab
1063 4814 1253 4880 obedientia
1277 4824 1310 4880 et
1326 4816 1500 4881 dovotione
1518 4817 1620 4902 ipsius
1644 4839 1716 4882 eam
1740 4840 1799 4882 nec
1822 4819 1989 4883 tribulatio
2014 4842 2076 4884 neo

418 4915 569 4994 angustia
589 4919 762 5002 separavit,
786 4918 879 4982 vobis
903 4919 1098 4982 remittimus
1120 4920 1203 4985 hanc
1224 4921 1393 4998 offensam,
1418 4921 1635 4986 concodentes
1658 4927 1703 4996 ut,
1727 4943 1790 4985 non
1809 4923 1960 4986 obstante
1978 4923 2076 5007 quod,
2130 4943 2154 4980 aa

420 5019 504 5082 sicut
525 5018 710 5104 predictum
733 5027 793 5100 cst,
818 5022 1069 5107 preposituram,
1097 5043 1158 5106 que
1182 5025 1286 5109 primo
1310 5025 1343 5087 in
1366 5025 1438 5110 ipsa
1459 5025 1590 5088 civitate
1609 5032 1751 5098 vacaret,
1774 5031 1884 5088 nostre
1909 5024 2078 5090 donationi

419 5122 635 5204 servavimus,
668 5125 907 5211 preposituram
937 5125 1043 5211 ipsam
1071 5147 1130 5211 per
1158 5127 1356 5191 electionem
1379 5127 1568 5191 canonicam
1599 5127 1703 5191 libere
1727 5126 1901 5206 ordinetis,
1933 5129 2077 5194 scientes

419 5224 504 5309 quod
529 5233 656 5310 gratum
680 5227 775 5291 nobis
799 5229 876 5306 erit,
907 5230 935 5293 si
957 5228 998 5293 ad
1027 5251 1098 5294 eam
1126 5228 1286 5294 decanum
1309 5231 1476 5314 elegeritis
1502 5239 1731 5310 memoratum,
1760 5231 1814 5315 qui
1843 5253 1907 5295 non
1938 5238 2005 5295 tam
2035 5235 2078 5298 ad

417 5330 656 5414 promotionem
680 5352 783 5410 suam,
807 5352 904 5415 quam
928 5332 969 5395 ad
993 5337 1113 5396 statum
1139 5333 1279 5397 ecclesie
1303 5340 1412 5397 vestre
1437 5335 1469 5396 in
1493 5343 1605 5398 nostra
1627 5335 1794 5420 presentia
1816 5335 1988 5398 laboravit.

525 5431 601 5498 Dat.
624 5433 778 5498 Lateran.
803 5435 853 5497 XI
878 5433 953 5498 Kal.
976 5433 1105 5498 Ianuar.
1129 5436 1339 5521 pontificatus
1362 5437 1467 5500 nostri
1489 5457 1575 5500 anno
1598 5437 1707 5500 tertio.
1755 5465 1757 5472 s
2129 5462 2155 5498 ro

524 5691 551 5758 l)
572 5691 695 5746 Corrrcdt
712 5690 763 5744 IV.
833 5691 860 5757 2)
879 5691 1014 5746 Andreae.
