4596 6406
1028 376 1076 432 EX
1095 377 1270 432 GREGORII
1288 377 1326 432 IX
1345 377 1526 433 REGIS'PRO

735 762 904 836 Littera
930 762 1053 854 regis
1080 761 1281 837 Castelle
1310 762 1363 835 ad
1391 761 1619 835 dominum
1645 783 1819 855 papam.

560 912 774 977 Sanctissimo
801 913 887 999 patri
916 934 954 977 ac
982 910 1113 977 domino
1143 913 1319 999 Gregorio,
1353 912 1463 977 divina
1492 913 1700 998 providentia
1726 918 1934 978 sacrosancte
1958 913 2112 978 Romane

444 1016 585 1081 ecclesie
611 1037 738 1081 summo
761 1017 918 1104 pontifici,
941 1013 1217 1104 Frladenandus],
1240 1016 1305 1082 Dei
1328 1017 1434 1102 gratia
1456 1038 1517 1082 rex
1546 1015 1703 1097 Oastellc,
1726 1016 1851 1098 Toleti‚
1874 1015 2112 1101 Legionensis,

444 1118 624 1188 Galiticct
648 1119 815 1202 Cordube,
850 1142 923 1185 cum
947 1120 1059 1186 debito
1088 1121 1248 1185 famulatu
1275 1120 1397 1207 pedum
1429 1122 1541 1186 oscula
1567 1121 1750 1187 beatorum.
1805 1120 1905 1185 Novit
1941 1120 2013 1202 ille,
2050 1123 2109 1207 qui

316 1241 368 1295 sap.
384 1246 424 1293 cs.
444 1223 545 1287 nichil
567 1224 711 1310 ignorat,
736 1225 791 1311 qui
814 1231 976 1289 scrutator
1000 1231 1052 1290 cst
1074 1225 1220 1290 cordium
1243 1233 1278 1290 ct
1301 1225 1450 1310 cognitor
1472 1230 1689 1306 secretorum,
1718 1223 1805 1309 quod
1829 1224 1958 1290 sincere
1982 1227 2108 1290 mentis

444 1327 624 1410 desiderio,
648 1350 714 1393 non
736 1329 843 1393 minus
867 1328 986 1393 devoto
1011 1351 1108 1415 quam
1130 1329 1253 1411 debito,
1278 1352 1334 1395 cor
1355 1337 1501 1394 nostrum
1525 1329 1566 1394 ad
1588 1328 1746 1393 honorem
1769 1333 1916 1393 vestrum
1941 1335 2053 1393 estuat
2077 1336 2113 1394 et

447 1432 488 1497 ad
513 1433 749 1498 exaltationem
773 1433 906 1519 aspirat.
951 1433 1022 1497 Neo
1045 1435 1174 1517 mirum,
1197 1455 1294 1519 quem
1318 1439 1448 1498 constat
1469 1433 1502 1497 in
1526 1433 1622 1497 terris
1647 1431 1806 1496 vicarium
1828 1431 1906 1496 Iesu
1923 1430 2049 1496 Christi
2075 1439 2111 1496 et

446 1535 536 1599 viecs
559 1557 676 1620 gerere
700 1537 769 1602 veri
791 1535 871 1615 Dei,
894 1537 1132 1600 incrementum
1157 1544 1191 1601 ct
1212 1537 1350 1621 gloriam
1375 1537 1462 1601 sedis
1485 1536 1677 1622 apostolice,
1700 1535 1947 1621 progenitorum
1971 1541 2107 1600 nostro-

449 1659 519 1702 rum
544 1638 711 1724 sequendo
728 1639 879 1724 vestigia,
903 1645 1061 1724 quantum
1085 1639 1264 1703 sufficimus
1280 1640 1501 1718 affectantesl,
1524 1660 1587 1723 que
1603 1639 1729 1702 cunetis
1745 1659 1805 1724 per
1821 1638 1935 1704 orbem
1952 1639 2112 1704 fidelibus

450 1743 707 1807 sacratissimum
740 1742 817 1807 fidei
845 1741 1001 1828 pabulum
1031 1741 1260 1806 habundanter
1289 1740 1421 1828 erogatl
1452 1748 1486 1807 et
1515 1742 1683 1828 sapienter
1711 1740 1889 1823 ministrat,
1921 1763 1981 1828 per
2010 1765 2113 1829 quam
2166 1767 2190 1805 ro

448 1866 508 1909 nos
532 1851 566 1909 et
587 1846 733 1910 universi
757 1845 880 1910 Christi
910 1844 1040 1923 fideles,
1069 1851 1136 1909 tam
1168 1865 1264 1930 reges
1287 1867 1384 1930 quam
1408 1845 1484 1920 alii,
1515 1845 1648 1909 celestis
1672 1843 1743 1930 spei
1766 1845 1933 1931 propinari
1956 1847 2052 1912 uobis
2078 1853 2115 1912 et

449 1947 613 2013 credimus
643 1955 676 2014 at
705 1948 931 2014 desideramus
958 1955 1192 2034 augmentum;
1228 1970 1286 2034 pro
1323 1970 1387 2034 qua
1413 1947 1478 2013 fide
1513 1968 1697 2034 pugnamus
1725 1953 1760 2012 et
1793 1954 1916 2012 stamus
1948 1949 2112 2015 adversus

449 2052 600 2117 inimicos
624 2052 788 2131 eiusdem,
815 2052 952 2117 hereses
981 2051 1176 2138 extirpando
1201 2058 1235 2118 et
1257 2072 1317 2116 nos
1342 2057 1528 2116 ceterorum
1551 2051 1771 2132 inimicorum,
1801 2051 1855 2136 qui
1879 2073 2007 2117 errores
2032 2075 2113 2118 suos

447 2157 546 2220 armis
570 2156 772 2222 contendunt
795 2155 989 2234 defendere,
1023 2155 1197 2219 insultibus
1227 2160 1261 2220 et
1283 2155 1490 2218 conflictibus
1513 2175 1580 2218 non
1602 2154 1726 2239 absque
1750 2155 1843 2240 gravi
1865 2151 2012 2240 periculo
2036 2179 2113 2222 cor-

446 2261 605 2345 poraliter
639 2261 844 2347 opponendo.
899 2260 973 2325 Hoc
1008 2260 1108 2345 igitur
1142 2265 1176 2325 et
1210 2259 1449 2345 quamplurima
1481 2259 1546 2322 alia
1580 2257 1726 2338 duriora,
1762 2280 1826 2345 que
1859 2281 1924 2324 non
1952 2260 2110 2324 duximus

450 2363 569 2428 litteris
594 2365 840 2446 committenda,
875 2371 944 2428 tum
971 2364 1048 2450 quia
1074 2365 1209 2449 longum
1239 2371 1329 2428 esset
1356 2370 1389 2429 et
1418 2363 1617 2450 superfluum
1648 2384 1818 2446 enarrare,
1849 2371 1918 2428 tum
1942 2365 2043 2429 ctiam
2069 2385 2114 2428 ne

447 2466 577 2531 laudem
601 2468 766 2553 propriam
790 2489 929 2553 querere
951 2467 1141 2542 videamur,
1173 2487 1232 2552 pro
1257 2467 1380 2531 (lhristi
1402 2467 1534 2531 nomine
1563 2465 1698 2552 dignum
1729 2466 1877 2532 ducimus
1906 2467 2112 2548 sustinenda,

273 2576 484 2647 corruerant
518 2571 682 2636 funiculus
716 2572 909 2637 hereditatis
937 2571 1072 2636 Domini
1106 2571 1263 2636 dilatetur
1298 2577 1331 2636 et
1359 2571 1465 2636 bonor
1498 2570 1552 2657 pie
1580 2571 1693 2634 matris
1721 2570 1809 2636 sedis
1837 2571 2019 2656 apostolice
2051 2593 2115 2656 per

446 2673 662 2739 ministerium
695 2682 858 2758 nostrum,
889 2676 951 2740 etsi
978 2697 1043 2739 non
1073 2674 1220 2740 ohtatum
1250 2675 1304 2739 vel
1337 2674 1499 2756 debitum,
1537 2674 1653 2739 saltem
1681 2675 1917 2760 aliquantulum
1953 2676 2115 2761 suscipiat

448 2777 698 2841 incrementum.
742 2777 826 2842 Nam
851 2779 878 2842 si
902 2784 1143 2842 sacrosanctam
1167 2776 1350 2843 Romanam
1373 2778 1562 2857 ecclesiam,
1594 2798 1657 2863 que
1685 2799 1746 2842 nos
1774 2799 1907 2865 semper
1933 2777 2050 2842 dilexit
2075 2786 2110 2841 et
2161 2799 2188 2838 ao

446 2879 528 2944 fovit
551 2880 585 2944 in
608 2880 790 2946 visceribus
814 2881 970 2961 caritatis,
994 2888 1027 2946 et
1049 2881 1207 2967 requisita
1229 2903 1294 2947 non
1318 2883 1424 2946 solum
1440 2882 1615 2967 propitiam
1633 2886 1684 2945 set
1700 2888 1883 2968 promptam
1899 2903 1935 2946 se
1952 2882 2109 2946 exhibuit

448 2983 536 3047 circa
557 2983 796 3070 promotionem
820 2990 965 3048 nostram
988 2984 1181 3070 specialium
1205 2985 1421 3050 exuberantia
1443 2986 1632 3070 gratiarum,
1655 2991 1951 3070 quantumcumque
1975 2986 2108 3050 sincere

447 3085 629 3172 diligimus,
657 3087 843 3152 mercedem
872 3109 937 3153 non
961 3088 1123 3153 credimus
1154 3110 1214 3153 nos
1245 3089 1385 3170 habere,
1412 3091 1511 3153 immo
1535 3090 1636 3154 etiam
1658 3089 1822 3154 modicum
1845 3098 2051 3176 reputamus,
2077 3092 2108 3155 si

448 3189 611 3253 eidemin
636 3191 703 3254 suis
727 3191 980 3256 necessitatibus
1004 3192 1196 3256 assistamus
1220 3198 1253 3258 et
1275 3213 1333 3278 pro
1357 3213 1397 3256 ea
1419 3198 1452 3256 et
1474 3213 1649 3277 personam
1673 3199 1706 3256 et
1725 3184 1828 3277 regna
1843 3193 2108 3280 quibuscumque

451 3291 691 3358 discriminibus
715 3314 929 3380 exponamus.
974 3296 1061 3360 Sane
1085 3295 1262 3359 multorum
1285 3295 1442 3358 relatione
1466 3294 1649 3376 didicimus,
1673 3295 1760 3380 quod
1782 3296 1876 3360 nobis
1896 3297 2108 3382 postmodum

448 3395 576 3482 papalis
600 3396 710 3461 littera
733 3397 985 3478 demonstravit,
1015 3398 1247 3484 imperatorem
1273 3399 1307 3461 in
1335 3403 1576 3462 sacrosanctam
1603 3396 2006 3484 Romanamecclesiam,
2042 3424 2109 3487 que

450 3519 525 3564 eum
549 3501 678 3565 curiosa
707 3501 843 3566 nutrivit
866 3507 900 3567 et
922 3501 1114 3566 mirabiliter
1136 3502 1307 3583 exaltavit,
1336 3502 1562 3588 multipliciter
1588 3501 1767 3587 deliquisse
1798 3510 1832 3568 et
1860 3525 1932 3569 eam
1956 3505 2040 3570 adeo
2064 3505 2109 3570 ad

302 3632 348 3674 aa.
363 3634 431 3684 aar.
450 3601 649 3668 iracundiam
677 3626 889 3692 provocasse,
917 3603 1003 3691 quod
1033 3624 1114 3690 opus
1143 3605 1219 3686 luit,
1250 3611 1287 3669 ut
1312 3625 1411 3669 manu
1433 3604 1531 3669 Domi
1558 3605 1565 3619 '
1596 3612 1797 3690 tangeretur.
1849 3606 2006 3692 Nunquid
2037 3611 2109 3696 pati

449 3713 559 3793 potest
581 3709 637 3794 pia
659 3715 774 3790 mater,
797 3715 831 3774 et
852 3728 918 3772 non
942 3708 1137 3793 compatitur
1151 3707 1260 3771 filius?
1286 3707 1440 3793 Nunquid
1456 3707 1509 3771 dol
1563 3708 1659 3774 sedes
1682 3710 1873 3796 apostolica,
1897 3717 1930 3775 ct
1953 3712 2107 3777 exultare

449 3816 560 3897 potest
582 3810 711 3875 fidelis?
736 3805 901 3896 'Nunquid
930 3810 1060 3875 turbato
1084 3809 1190 3897 capite
1214 3812 1363 3876 membra
1385 3811 1497 3895 vigere
1520 3818 1724 3877 noscuntur?
1757 3813 1916 3878 Attamen
1938 3815 2015 3899 quia
2038 3837 2107 3880 non

290 3940 347 3983 psa,
363 3947 432 3994 ΜΟ,
452 3914 656 3979 obliviscitur
678 3915 826 3980 misereri
849 3913 1010 3978 Dominus
1033 3919 1097 3978 ne‘c
1119 3915 1152 3979 in
1175 3916 1224 3979 ira
1245 3914 1503 3980 miscricordiam
1527 3916 1715 3998 continebit,
1738 3939 1781 3982 ex
1804 3939 1867 4002 quo
1890 3921 1991 3983 semel
2016 3922 2110 4005 cepi-

291 4047 346 4088 can,
363 4051 430 4098 1⁸31,
450 4039 533 4096 mus,
557 4019 729 4104 loquemur
750 4041 864 4106 parum
886 4018 928 4083 ad
950 4018 1137 4101 Dominum,
1160 4018 1201 4084 de
1225 4019 1333 4084 dubiis
1357 4020 1562 4104 negotiorum
1586 4020 1757 4085 eventibus
1781 4032 1866 4085 non⁰
1889 4024 1993 4109 magis
2016 4026 2110 4090 anxii

451 4122 611 4207 quamde
635 4122 722 4186 facto
747 4123 972 4208 imperatoris,
1002 4143 1098 4207 quem
1129 4129 1285 4206 quantum
1314 4144 1387 4186 cum
1411 4121 1485 4188 Deo
1513 4144 1687 4208 possumus
1709 4124 1933 4209 multipliciter
1955 4133 2112 4193 tenemur

451 4226 603 4312 diligere,
637 4227 773 4290 obtenta
801 4226 890 4312 prius
913 4227 1009 4290 venia
1039 4233 1073 4290 et
1100 4246 1258 4291 concessa
1281 4226 1429 4306 licentia,
1460 4225 1516 4291 utd
1539 4227 1756 4293 mansuetudo
1778 4230 1881 4314 patris
1902 4231 2108 4315 penitentem

454 4336 628 4416 recuperet
650 4329 752 4393 lilium
777 4336 812 4394 et
833 4329 976 4395 ecclesia
999 4350 1059 4410 suo
1082 4351 1148 4394 non
1172 4335 1297 4394 careret
1319 4328 1459 4410 athleta,
1490 4337 1600 4417 partes
1628 4339 1756 4396 nostras
1778 4334 1987 4418 interponere
2010 4356 2107 4399 cura-

451 4454 572 4498 remus.
614 4431 668 4495 Ad
690 4431 753 4496 hoc
775 4438 885 4496 autem
908 4433 1149 4517 competentius
1168 4431 1398 4517 exequendum
1413 4435 1636 4499 venerabilem
1658 4456 1696 4499 ac
1712 4435 1867 4501 dilectum
1879 4436 1934 4502 W.
1950 4436 2108 4502 abbatem

454 4536 568 4600 Sancti
596 4534 744 4599 Facundi
754 4537 776 4617 ¹,
806 4535 910 4599 virum
939 4535 1176 4622 circumspecte
1207 4535 1412 4623 providentie
1442 4543 1476 4602 et
1503 4537 1691 4621 honestum,
1723 4538 1764 4603 de
1792 4561 1855 4626 quo
1884 4547 2019 4627 propter
2047 4563 2109 4607 sue

456 4639 697 4725 prerogativam
720 4637 903 4704 honestatis
927 4639 1025 4724 plene
1049 4640 1257 4721 confidimus,
1286 4661 1384 4725 quem
1412 4661 1485 4704 cum
1515 4650 1604 4706 essct
1627 4663 1726 4706 causa
1747 4641 1901 4708 visitandi
1923 4642 2108 4710 Romanam

452 4741 627 4806 ecclesiam
648 4742 682 4805 in
705 4742 821 4807 itinere
839 4743 1046 4824 constitutus,
1069 4743 1109 4808 ad
1126 4763 1186 4807 nos
1202 4744 1439 4825 revocavimus,
1461 4742 1697 4810 deliberatione
1714 4745 1827 4810 habita
1842 4747 1883 4811 ad
1898 4768 1957 4812 vos
1972 4755 2111 4834 propter

452 4843 513 4908 hec
538 4850 572 4909 et
594 4845 658 4910 alia
680 4846 832 4910 duximus
863 4845 1108 4930 destinandum,
1137 4853 1174 4912 ut
1203 4849 1310 4912 securi
1339 4847 1380 4913 de
1409 4849 1480 4912 aius
1508 4848 1682 4914 honestate
1715 4855 1748 4914 et
1775 4850 1935 4915 industria
1962 4851 2106 4916 eundem
2163 4884 2192 4922 (ο

452 4949 655 5015 confidenter
676 4949 718 5014 ad
740 4950 973 5036 imperatorem
998 4973 1041 5016 cx
1063 4956 1155 5036 parte
1179 4957 1306 5031 nostra,
1337 4951 1364 5014 si
1395 4952 1553 5037 expedire
1584 4952 1751 5034 videritis,
1782 4952 1836 5018 vel
1860 4953 1901 5017 ad
1923 4975 1983 5017 nos
2007 4955 2109 5018 etiam

454 5052 625 5117 remittatis
643 5074 717 5117 cum
733 5061 842 5120 vestre
862 5055 896 5118 in
919 5053 1070 5119 omnibus
1094 5061 1127 5119 ct
1148 5075 1209 5140 per
1231 5054 1339 5120 omnia
1360 5055 1567 5141 beneplacito
1584 5057 1772 5124 voluntatis.
1808 5056 1885 5142 Ipse
1906 5057 2003 5136 enim,
2020 5057 2109 5142 quod

557 5349 579 5416 ¹)
597 5351 635 5400 ito
652 5351 727 5401 eliam
745 5350 830 5416 Roga.
853 5351 881 5401 in
899 5350 960 5417 Bag.
979 5351 1051 5417 legin
1072 5351 1156 5402 uticus
1174 5351 1296 5402 condoce
1316 5352 1438 5417 aoriptmn
1456 5360 1503 5418 cst,
1527 5370 1589 5404 nom
1615 5362 1789 5418 aspectamus:
1809 5355 1863 5405 Noc
1880 5354 1984 5418 mirum,
2003 5353 2024 5402 si
2042 5353 2108 5418 eius,

452 5453 529 5504 quem
547 5445 591 5487 etc.
609 5439 764 5489 affectamus.
865 5437 888 5503 ι)
905 5439 943 5488 ita
960 5437 1059 5504 Roya.,·
1076 5446 1195 5491 eructuat
1211 5455 1301 5505 apogr.
1319 5448 1441 5490 nostram.
1523 5437 1545 5506 ο)
1563 5458 1615 5492 non
1633 5441 1744 5490 alcestin
1757 5440 1789 5491 11,
1888 5439 1911 5499 ⁰)
1929 5440 2051 5505 quatinus
2068 5442 2109 5490 orl

452 5526 503 5575 tole
521 5523 583 5588 quid
600 5531 659 5574 ante
677 5529 707 5574 ut
723 5523 751 5573 ia
769 5522 801 5574 B.
820 5524 919 5575 mado.
2162 5559 2191 5599 45

557 5676 584 5745 l)
603 5673 695 5728 Hodie
712 5675 855 5747 Satrapen,
875 5691 893 5730 o
910 5677 1021 5730 deitate
1038 5677 1207 5747 acyronense
1224 5677 1262 5731 od
1277 5675 1416 5731 meridiem
1434 5680 1459 5730 et
1476 5677 1613 5733 orimum.
