4448 6420
1042 381 1090 435 llll
1108 378 1265 435 HONORH
1282 379 1324 434 111
1341 377 1522 436 nauffinna

1246 783 1331 855 267.

566 917 754 1010 Honoras
767 942 835 1007 ΙΙΙ
849 962 937 1022 papa
951 938 1117 1004 Ludoroico
1138 937 1229 1003 VIII
1241 938 1307 1021 repr?
1321 938 1519 1002 Francorum
1535 935 1710 1017 exprobrat,
1732 934 1815 1016 qaod
1835 932 1991 1014 quasdam
2012 937 2110 997 terras

456 1045 609 1132 [Hemici
630 1045 711 1130 ΠΙ]
730 1045 813 1127 repis
834 1045 972 1126 Aupliac
991 1063 1049 1123 per
1070 1040 1252 1105 molentium
1274 1041 1479 1121 occupaverit,
1508 1059 1636 1120 eamque
1658 1041 1761 1120 rapot,
1783 1039 1819 1100 at
1842 1053 1895 1100 cae
1917 1035 2111 1099 restitactet

456 1152 655 1229 competentes
677 1153 801 1231 crapas
822 1167 892 1212 cum
913 1166 947 1210 eo
967 1147 1064 1210 ineat.

1814 1226 1909 1304 1225,
1931 1223 2026 1290 Febr.

562 1336 636 1390 non.
654 1335 713 1389 111
727 1334 796 1404 aa.
820 1333 877 1388 ror.
902 1334 930 1396 r,
950 1331 1153 1398 31;Lib.1x‚
1172 1334 1234 1385 roa.

846 1595 1079 1671 Lodowico
1106 1596 1199 1688 regi
1225 1595 1496 1671 Francorum
1525 1592 1725 1669 illustri¹.

568 1745 663 1836 Illius
687 1746 739 1810 cui
763 1766 859 1810 omne
887 1751 1054 1831 comparet
1076 1746 1297 1811 testimonium
1321 1745 1527 1826 invocamus,
1558 1744 1643 1829 quod
1675 1765 1849 1830 personam
1873 1751 1964 1807 tuam
1988 1743 2114 1806 sincera

461 1849 596 1914 caritate
625 1847 792 1933 diligimus
823 1855 856 1913 et
889 1848 930 1913 ad
963 1856 1054 1913 tuum
1081 1870 1120 1913 ac
1151 1849 1245 1934 regni
1280 1849 1328 1913 tui
1357 1849 1516 1913 honorem
1550 1855 1584 1913 et
1618 1853 1738 1912 statum
1771 1846 1913 1911 ferventi
1947 1844 2112 1910 desiderio

461 1951 660 2037 aspiramus,
689 1952 871 2016 retinentes
894 1953 1084 2017 memoriter
1106 1958 1139 2018 at
1161 1953 1322 2018 habentes
1346 1953 1441 2038 quasi
1463 1972 1595 2039 semper
1622 1972 1680 2036 pre
1712 1951 1815 2015 oculis
1842 1950 1935 2013 illum
1959 1947 2113 2035 specialis

460 2052 646 2118 dilectionis
670 2054 833 2134 affectum,
857 2055 912 2140 qui
933 2076 994 2120 nos
1018 2061 1051 2120 et
1074 2056 1162 2120 clare
1185 2055 1342 2120 memorie
1364 2054 1553 2141 Philippum
1575 2075 1687 2138 regem
1711 2053 1847 2118 Francia
1871 2059 2000 2138 patrem
2022 2058 2113 2114 tuum

460 2163 574 2221 mutua
596 2157 731 2221 caritate
755 2158 957 2238 coniuncxit,
986 2165 1020 2222 et
1042 2158 1249 2224 devotionem
1273 2160 1449 2237 sinceram,
1484 2177 1580 2241 quam
1603 2157 1784 2243 apostolica
1808 2155 1903 2220 sedes
1928 2175 2060 2240 semper
2081 2155 2113 2217 in

462 2280 501 2325 eo
525 2265 558 2324 et
580 2259 653 2324 aliis
669 2260 936 2346 progenitoribus
959 2263 1023 2325 tuis
1048 2261 1180 2346 regibus
1196 2261 1395 2326 Francorum
1412 2260 1637 2325 indesinenter
1659 2261 1794 2340 invenit,
1817 2280 1855 2323 ac
1870 2259 1998 2322 firmam
2023 2277 2115 2343 spem

461 2361 678 2447 fiduciamque
706 2369 897 2446 gerentem,
930 2363 1015 2449 quod
1045 2373 1081 2430 hr
1107 2387 1221 2431 eorum
1253 2365 1499 2451 progenitorum
1532 2370 1661 2428 tuarum
1694 2363 1833 2448 vestigia
1863 2361 2022 2426 imitanda
2050 2380 2116 2425 non

462 2465 613 2546 deseres,
649 2471 700 2530 set
729 2485 842 2530 eorum
871 2468 1022 2553 exemplo
1053 2468 1210 2533 laudabili
1239 2469 1272 2531 in
1303 2468 1482 2553 apostolice
1519 2466 1606 2531 sedis
1639 2465 1813 2530 devotione
1845 2485 1976 2551 semper
2003 2464 2114 2528 firmus

463 2567 655 2653 stabiliaque
677 2568 848 2653 persistes.
894 2567 1049 2635 Ceterum
1071 2570 1135 2634 hiis
1155 2571 1358 2656 temporibus
1381 2570 1490 2635 fecisti
1506 2569 1645 2656 quedam
1662 2569 1792 2633 omnino
1816 2568 1979 2632 contraria
2001 2567 2115 2631 huius·

462 2671 551 2736 modi
574 2670 646 2757 spei
668 2677 796 2751 nostre,
826 2671 903 2755 quia
930 2694 1003 2736 oum
1032 2694 1092 2759 per
1119 2674 1245 2738 litteras
1275 2680 1403 2738 nostras
1435 2679 1467 2738 te
1498 2674 1659 2737 instanter
1688 2672 1812 2758 pluries
1835 2671 2060 2755 rogaverimus
2084 2676 2116 2735 et

462 2774 653 2860 petierimus
677 2795 734 2860 pro
758 2794 893 2839 munere
917 2775 1069 2860 speciali,
1101 2781 1138 2839 ut
1158 2783 1290 2861 treugas
1319 2777 1405 2840 inter
1433 2782 1466 2840 te
1496 2796 1534 2839 ac
1565 2775 1725 2838 illustrem
1755 2794 1868 2858 regem
1891 2773 2012 2858 Anglie
2040 2793 2116 2860 pro-

463 2898 608 2963 rogares,
632 2884 668 2941 hr
689 2898 805 2963 preces
830 2883 863 2941 et
885 2878 1063 2964 petitiones
1079 2885 1207 2942 nostras
1225 2900 1359 2965 prorsus
1376 2878 1568 2956 obaudiens,
1593 2875 1750 2963 quasdam
1773 2876 1876 2961 ipsius
1899 2877 1988 2960 regis
2011 2882 2116 2940 terras

464 2999 524 3066 per
544 2979 735 3044 violentiam
758 2981 926 3066 occupasti
942 2982 1137 3068 contemptis
1162 2981 1286 3047 eisdem
1302 2982 1454 3069 precibus
1478 2987 1512 3046 et
1534 2980 1747 3069 petitionibus
1772 2980 1902 3060 nostris,
1927 2985 2115 3065 contempto

467 3082 568 3146 etiam
589 3086 710 3146 statuto
739 3081 779 3146 de
806 3104 887 3168 pace
909 3085 963 3149 vel
991 3086 1098 3149 saltim
1129 3087 1276 3171 treuguis
1306 3087 1392 3150 inter
1415 3085 1620 3150 Christianos
1649 3105 1761 3149 omnes
1791 3104 1828 3147 ac
1860 3083 2003 3147 maxime
2032 3084 2118 3148 inter
2176 3088 2182 3094 '

466 3184 721 3249 excellentiores
736 3186 901 3272 principes
917 3187 1141 3268 observandis,
1165 3189 1261 3276 quod,
1285 3191 1368 3254 sicut
1391 3191 1452 3255 tibi
1467 3189 1673 3254 meminimus
1690 3187 1905 3272 significasse,
1929 3185 2118 3251 iamdudum

466 3289 606 3352 fecimus
635 3288 669 3352 in
692 3289 855 3375 colloquio
883 3292 969 3357 inter
990 3314 1050 3358 nos
1080 3299 1114 3358 et
1137 3295 1339 3359 carissimum
1367 3295 1400 3358 in
1424 3293 1555 3358 Christo
1585 3293 1687 3356 filium
1718 3295 1866 3355 nostrum
1894 3289 2117 3370 Fredericum,

467 3390 689 3455 Romanorum
715 3393 946 3478 imperatorem
970 3417 1100 3482 semper
1126 3403 1302 3480 augustum
1326 3403 1360 3461 et
1381 3417 1495 3480 regem
1518 3395 1646 3475 Sicilie,
1675 3393 1852 3458 novissime
1876 3392 2056 3474 celebrato,
2078 3414 2117 3457 ac

467 3515 527 3580 per
551 3514 756 3580 consequens
780 3496 969 3582 posthabita
992 3521 1068 3563 cura
1091 3501 1216 3584 negotii
1240 3501 1342 3565 Terre
1366 3499 1503 3579 Sancte,
1534 3495 1777 3584 propterquod
1800 3501 1958 3560 statutum
1981 3496 2117 3560 fecimus

467 3595 679 3662 antedictum.
724 3597 798 3664 Hac
827 3599 953 3682 iecisti,
982 3609 1015 3666 et
1042 3603 1202 3666 tacuimus
1231 3609 1286 3666 tue
1315 3600 1501 3667 celsihrdini
1530 3600 1717 3665 deferentes
1744 3620 1782 3663 ac
1813 3604 2003 3684 sperantes,
2032 3597 2118 3683 quod
2165 3613 2187 3650 ²⁵

468 3701 541 3787 ipsa
563 3701 724 3787 patientia
745 3709 858 3768 nostra
881 3710 969 3769 tuam
994 3726 1072 3790 erga
1095 3726 1154 3769 nos
1170 3705 1378 3770 devotionem
1393 3702 1587 3768 accenderet
1610 3709 1708 3788 teque
1731 3701 1773 3764 ad
1790 3700 2120 3766 condescendendum

466 3803 627 3867 voluntati
651 3812 762 3870 nostre
786 3827 824 3870 ac
847 3806 999 3892 precibus
1023 3814 1226 3893 provocaret.
1278 3807 1375 3872 Licet
1395 3807 1495 3893 igitur
1517 3805 1657 3872 necdum
1679 3805 1771 3868 iuxta
1793 3825 1885 3891 apem
1908 3811 1941 3868 et
1964 3811 2120 3891 expecta·

467 3905 589 3970 tionem
612 3912 758 3971 nostram
780 3907 877 3972 nobis
892 3909 1083 3994 aquiescere
1107 3910 1140 3974 in
1163 3910 1225 3975 hac
1248 3917 1340 3997 parte
1363 3910 1538 3988 curaveris,
1561 3928 1621 3972 nos
1644 3913 1754 3971 tamen
1775 3927 1836 3970 nec
1860 3906 1907 3970 sic
1930 3904 2119 3971 desinentes

467 4008 508 4074 de
538 4016 595 4074 tua
623 4010 798 4076 devotione
834 4032 963 4097 sperare
1004 4019 1055 4078 set
1082 4019 1204 4078 certam
1234 4015 1329 4079 nobis
1359 4013 1400 4078 de
1434 4013 1491 4077 illa
1519 4011 1671 4076 fiduciam
1701 4009 1949 4096 promittentes,
1984 4030 2058 4074 cum
2087 4008 2120 4073 id

467 4112 576 4197 ipsum
598 4119 632 4178 et
654 4113 767 4178 innata
780 4105 849 4180 'tibi
874 4117 1048 4181 clementia
1070 4124 1103 4181 et
1125 4117 1198 4202 ipsa
1216 4118 1462 4203 progenitorum
1484 4121 1613 4180 tuorum
1637 4112 1811 4179 recolenda
1826 4113 1984 4177 memoria
2005 4134 2119 4199 repro·
2182 4134 2198 4140 ”

468 4215 599 4296 mittat,
630 4217 841 4282 serenitatem
864 4217 970 4283 adhuc
992 4220 1208 4306 multiplicata
1230 4241 1328 4306 prece
1351 4219 1573 4304 deposcimus,
1597 4223 1720 4302 quanta
1741 4237 1914 4302 possumus
1938 4217 2120 4281 attentione

469 4323 623 4402 rogantes
646 4325 680 4384 et
702 4319 914 4386 exhortantes
938 4323 972 4386 in
995 4321 1126 4387 domino
1149 4321 1227 4386 Iesu
1250 4321 1399 4402 Ohristo,
1429 4321 1582 4406 quatinus
1612 4319 1697 4384 dicto
1728 4319 1800 4404 regi
1831 4319 1987 4383 restituas
2016 4324 2120 4383 terras

470 4421 552 4500 eius,
575 4442 656 4506 quas
680 4423 841 4488 invasisse
864 4426 1010 4489 nosceris
1032 4427 1212 4506 violenter,
1236 4431 1270 4489 et
1293 4430 1518 4512 competentes
1540 4430 1674 4507 treugas
1697 4422 1789 4486 ineas
1813 4442 1887 4485 oum
1909 4421 2046 4500 eodem,
2068 4443 2120 4498 ne,

475 4523 502 4586 si
526 4543 621 4588 secus
645 4524 779 4590 duxeris
796 4526 992 4598 faciendum,
1022 4527 1123 4592 Terre
1147 4527 1265 4592 Sancte
1291 4548 1474 4606 succursus,
1497 4527 1553 4611 qui
1575 4547 1634 4612 per
1655 4525 1883 4610 progenitores
1905 4530 1981 4589 tuos
2007 4531 2041 4588 et
2063 4545 2123 4616 per

469 4628 562 4711 regni
596 4629 645 4692 tui
679 4631 765 4695 vires
799 4632 985 4716 promoveri
1012 4632 1181 4717 potissime
1216 4632 1403 4710 consuevit,
1440 4651 1525 4694 nunc
1558 4651 1618 4715 per
1651 4635 1684 4693 te
1716 4627 1865 4692 videatur
1899 4648 1917 4691 e
1958 4626 2120 4692 contrario
2170 4644 2201 4684 ε

469 4729 637 4815 impediri,
671 4738 791 4816 tueque
820 4732 853 4797 id
881 4733 967 4798 fame
996 4756 1034 4799 ac
1066 4734 1163 4798 saluti
1192 4733 1339 4813 obficiat,
1372 4753 1514 4818 nosque,
1542 4731 1628 4816 quod
1656 4731 1756 4806 absit,
1786 4729 1826 4796 de
1857 4736 1914 4794 tua
1945 4728 2122 4794 devotione

470 4830 627 4898 delfidere
656 4836 904 4921 compellamur,
937 4835 978 4901 de
1008 4857 1072 4922 qua
1105 4837 1182 4901 licet
1210 4837 1276 4900 iam
1308 4836 1428 4901 totiens
1463 4835 1592 4921 experti
1623 4835 1821 4899 contrarium
1852 4855 1918 4898 non
1947 4854 2122 4920 possumus

468 4956 534 4999 non
556 4957 699 5022 sperare.

575 5073 652 5139 Dat.
675 5075 828 5142 Lateran.
851 5099 964 5143 mense
987 5077 1165 5143 Februario
1188 5077 1265 5141 anni
1288 5077 1374 5142 noni.

574 5401 596 5469 ⁸)
614 5412 745 5472 gerentem
763 5403 794 5456 B.

572 5575 599 5642 1)
618 5572 685 5627 Alta
703 5573 820 5644 epistola
838 5575 875 5629 ad
893 5574 1014 5643 eundem,
1034 5591 1090 5644 aaa
1104 5591 1185 5644 popa
1203 5573 1237 5628 cle
1254 5572 1347 5628 eodan
1364 5587 1394 5624 re
1411 5571 1496 5626 multo
1510 5570 1659 5644 profusius
1677 5570 1788 5640 scribit,
1807 5569 1881 5626 edito
1900 5575 1943 5624 est
1960 5569 1990 5622 ia
2009 5568 2123 5625 nauem

468 5659 518 5714 dea
536 5659 613 5714 Hist.
632 5659 680 5713 dcc
700 5660 811 5724 cacas,
829 5665 849 5715 t.
867 5659 954 5725 XIX,
969 5677 1000 5730 p.
1020 5662 1080 5715 761.
