4494 6426
724 357 923 413 EPISTOLAE
940 359 1131 415 senacula
1165 361 1239 414 1220.
1770 369 1809 431 79

156 539 257 597 tatem
279 531 398 595 nobilis
422 532 482 595 viri
506 579 514 593 .
539 579 547 593 .
570 531 663 596 ducis
686 533 844 598 Αιιειιίθι
867 534 1088 613 mitteremus,
1111 554 1149 597 ac
1172 533 1390 615 affirmantes,
1418 535 1504 620 quod
1532 559 1591 602 rex
1614 544 1648 602 et
1669 538 1809 604 barones

156 635 305 722 predicti,
328 657 408 720 quos
432 636 508 700 illuc
531 643 687 700 venturos
711 637 896 700 firmissime
919 637 1173 722 promittebant,
1203 645 1357 722 presente
1385 638 1471 704 dicto
1495 642 1652 728 episeopo
1675 645 1809 710 induce-

158 746 270 803 rentur
292 739 387 802 facile
411 739 453 802 ad
476 740 698 820 concordiam,
730 746 764 804 ct
791 741 855 826 ipsi
885 739 926 803 ad
953 739 1015 804 hoc
1038 740 1266 825 impenderent
1288 740 1429 826 diligens
1454 743 1595 808 studium
1620 753 1653 811 et
1676 768 1809 831 operam

157 845 335 908 efficacem.
380 842 444 916 Qui
467 845 566 908 etiam
589 845 757 908 firmarunt
784 844 922 931 prestito
955 845 1155 922 iuramento,
1186 844 1271 927 quod
1301 845 1365 929 ipsi
1395 841 1436 909 ad
1459 847 1521 910 hoc
1544 847 1661 912 directi
1684 849 1745 913 hec
1767 849 1809 914 dc

156 947 302 1032 ipsorum
325 947 412 1031 regis
436 953 469 1012 et
491 949 650 1012 baronum
673 948 826 1012 mandato
842 948 979 1033 speciali
992 947 1155 1027 dicebant,
1180 955 1213 1011 et
1235 947 1322 1032 quod
1344 948 1386 1012 ad
1408 970 1523 1035 pacem
1548 959 1581 1015 et
1604 951 1809 1016 concordiam

155 1049 297 1114 fideliter
319 1051 515 1130 laborarent,
539 1051 690 1136 quodque
715 1051 917 1116 custodirent
940 1071 1114 1136 personam
1138 1051 1283 1136 episcopi
1308 1052 1391 1116 sicut
1415 1074 1500 1130 suas,
1527 1060 1593 1117 tam
1617 1053 1809 1120 deducendo

156 1173 231 1217 cum
254 1154 295 1217 ad
312 1155 476 1219 civitatem
494 1156 674 1241 predictam
691 1177 787 1240 quam
810 1155 851 1220 ad
867 1161 1012 1219 nostram
1028 1157 1227 1240 presentiam
1245 1155 1440 1237 reducendo,
1465 1157 1493 1220 si
1515 1157 1599 1222 forte
1615 1179 1680 1221 non
1697 1166 1810 1243 posset

156 1256 330 1321 concordia
350 1259 533 1344 provenire.
589 1259 658 1324 Nos
693 1261 794 1344 igitur
828 1260 1076 1344 acquiescentes
1109 1258 1262 1344 precibus
1300 1267 1333 1322 et
1361 1259 1516 1324 instantie
1547 1260 1706 1325 nobilium
1732 1284 1808 1347 prc-

155 1359 316 1425 dictorum
340 1362 530 1448 episcopum
553 1364 661 1448 ipsum
684 1363 724 1427 ad
748 1363 913 1426 civitatem
936 1361 1122 1426 iamdictam
1145 1361 1296 1425 duximus
1320 1363 1615 1441 transmittendum,
1638 1371 1675 1427 ιιι
1695 1365 1808 1428 huius-

79 1482 103 1518 ιο
155 1464 243 1528 modi
266 1467 489 1530 controversia
514 1467 611 1531 finem
635 1466 734 1531 dante
750 1466 891 1530 Domino
919 1467 1083 1530 sortiatur.
1118 1465 1264 1550 Ideoque
1281 1488 1340 1552 per
1362 1467 1543 1552 apostolica
1572 1466 1665 1530 vobis
1690 1469 1810 1553 scripta

154 1567 357 1642 mandamus,
380 1570 533 1652 quatinus
557 1570 597 1633 ad
613 1572 720 1634 locum
737 1571 844 1655 ipsum
858 1570 911 1633 vel
935 1569 1085 1654 propius,
1114 1570 1141 1633 si
1162 1590 1300 1634 necesse
1321 1570 1429 1652 fuerit,
1453 1570 1494 1634 ad
1509 1571 1602 1654 regni
1634 1571 1809 1635 confinium

150 1673 370 1756 personaliter
392 1672 586 1737 accedentes
610 1679 643 1736 et
666 1682 910 1736 commonentes
933 1673 1040 1758 ipsum
1058 1693 1187 1756 regem,
1219 1673 1272 1736 cui
1304 1672 1485 1759 superbae
1509 1673 1694 1752 scribimus,
1717 1681 1754 1737 ut
1777 1681 1810 1738 et

154 1775 225 1860 ipae
249 1776 342 1838 iuxta
364 1776 613 1862 promissionem
636 1776 797 1840 dictorum
825 1776 984 1839 nobilium
1016 1797 1087 1840 cum
1117 1777 1242 1860 aliquot
1273 1776 1313 1840 de
1336 1776 1514 1841 baronibus
1537 1798 1557 1840 a
1579 1777 1714 1857 ceteris,
1743 1784 1810 1841 tam

153 1878 330 1942 baronibus
355 1900 451 1963 quarn
473 1880 637 1945 nobilibus
661 1881 816 1961 Boemie,
851 1880 1038 1944 mandatum
1069 1880 1266 1944 habentibus
1296 1881 1337 1944 ad
1364 1881 1470 1944 locum
1500 1881 1636 1944 accedat
1659 1880 1809 1956 eundem,

154 1983 369 2068 interponatis
392 1982 571 2069 prudenter
595 1991 628 2048 et
652 1984 791 2047 sollicite
814 1990 925 2069 partes
940 1989 1067 2047 vestras
1083 1982 1380 2063 adreformandam
1405 1982 1612 2047 concordiam
1635 1984 1719 2048 inter
1736 2005 1809 2058 ecs;

154 2105 239 2169 quae
263 2086 290 2148 si
314 2086 420 2150 studio
444 2095 554 2151 vestro
575 2087 739 2151 meditante
758 2088 956 2172 provenerit,
981 2086 1097 2151 eadem
1114 2087 1291 2150 sufficienti
1315 2092 1348 2150 ct
1365 2086 1484 2150 idonea
1507 2088 1656 2151 cautione
1672 2088 1809 2166 firmata,

154 2189 298 2272 prefatas
315 2191 663 2254 excommunicationis
680 2198 714 2254 et
732 2190 896 2254 interdicti
913 2191 1094 2254 sententias
1116 2190 1284 2253 relaxetis.
1323 2189 1480 2274 Alioquin
1497 2191 1687 2276 episcopum
1703 2191 1810 2276 ipsum

153 2289 195 2354 ad
230 2312 290 2355 nos
324 2293 437 2358 reduci
471 2295 564 2358 iuxta
592 2295 790 2379 promissum
817 2294 976 2358 nobilium
1002 2293 1222 2378 predictorum
1251 2292 1447 2358 incolumem
1476 2293 1648 2370 facientes,
1676 2292 1810 2358 easdem

154 2397 335 2460 sententias
358 2397 547 2482 precipiatis
569 2418 673 2482 usquc
697 2394 738 2460 ad
762 2396 1021 2461 satisfactionem
1037 2396 1233 2480 condignam
1250 2396 1484 2462 inviolabiliter
1499 2397 1678 2462 observari.
1716 2395 1810 2470 Quod

77 2509 88 2545 ²
155 2499 184 2563 si
206 2520 272 2563 non
295 2520 410 2565 omnes
433 2509 497 2566 etc.

263 2601 341 2669 Dat.
364 2603 516 2686 Viterbli,
539 2603 627 2668 XIII
649 2603 724 2671 Kal.
747 2604 852 2690 April.
875 2605 1084 2691 pontificatus
1108 2604 1212 2668 nostri
1235 2625 1320 2668 anno
1343 2609 1469 2688 quarto.

940 3121 1023 3194 tta.

265 3235 454 3327 Honorias
485 3260 552 3325 ΙΙΙ
570 3282 660 3342 papa
686 3261 887 3346 F[ridcricc]
913 3261 1129 3325 chmacram
1165 3260 1231 3340 rapt
1252 3278 1418 3340 processus
1451 3259 1618 3322 terminum
1646 3279 1710 3324 aaa
1740 3262 1808 3325 siaa

151 3367 254 3430 irrata
283 3365 410 3447 quercla
436 3363 480 3426 ad
507 3363 672 3428 Kalendas
698 3364 788 3428 Mati
810 3365 978 3444 proximas
1001 3368 1165 3446 prorepat,
1193 3363 1396 3444 hortaturque
1424 3363 1533 3444 ittam,
1561 3367 1597 3426 at
1623 3363 1749 3428 tandem
1777 3385 1809 3429 sc

155 3470 278 3536 Carisa·
299 3467 449 3532 athletam
470 3470 500 3530 et
524 3466 639 3531 Terrae
662 3467 798 3534 Sanctae
820 3466 1011 3553 defensorem
1032 3467 1181 3532 ostendat.
1328 3467 1421 3542 1220,
1444 3465 1546 3530 Mart.
1560 3505 1599 3514 -
1614 3467 1721 3548 April.

261 3589 335 3643 Hoc.
354 3586 411 3639 111
425 3586 493 3657 ch.
518 3585 574 3639 Vol.
593 3585 637 3652 11,
656 3589 715 3650 169,
734 3591 802 3653 1705
820 3586 880 3640 Lib.
900 3587 952 3650 IV,
973 3589 1032 3640 691.

261 3673 400 3741 Pottbcst
420 3671 488 3740 Rea.
508 3675 585 3725 6216.

245 3905 286 3977 F.
313 3903 485 3978 illustri
517 3903 610 3996 regi
638 3903 788 3977 Sicilie
815 3902 858 3974 in
885 3901 1188 3974 Romanorum
1215 3900 1529 3991 imperatorem
1556 3901 1714 3976 electo.

266 4051 421 4133 Sinceris,
437 4052 484 4116 fili
500 4051 685 4130 karissime,
701 4050 849 4135 fulgebat
865 4050 1048 4128 affectibus,
1066 4055 1099 4114 et
1115 4049 1274 4112 ferventis
1291 4049 1390 4112 animi
1407 4046 1606 4113 desiderium
1623 4051 1810 4135 exponebat

154 4157 290 4243 pagina,
315 4177 411 4242 quam
434 4155 567 4234 misisti,
596 4154 770 4218 devotione
799 4153 915 4240 plena,
947 4151 1130 4216 humilitate
1154 4173 1219 4216 non
1243 4172 1363 4228 racua3
1395 4172 1458 4236 que
1481 4150 1558 4215 dum
1579 4161 1811 4240 perceptorum

153 4259 388 4324 beneficiorum
406 4259 598 4323 memoriam
615 4257 752 4342 replicat
776 4265 810 4320 et
831 4255 928 4319 offert
949 4255 990 4318 ad
1011 4255 1189 4340 gratiarum
1204 4254 1462 4320 vicissitudinem
1484 4262 1687 4341 apparatum,
1710 4257 1811 4323 habet

153 4368 260 4427 mater
283 4362 425 4427 eeclesia
447 4361 481 4424 in
503 4361 622 4425 taliae
645 4366 736 4424 tanto
759 4359 845 4439 filio,
869 4364 905 4422 ut
927 4358 1070 4443 gaudeat
1093 4358 1133 4422 de
1158 4359 1295 4436 collatis,
1319 4357 1420 4423 habet
1442 4359 1541 4423 etiam
1563 4360 1751 4446 providere,
1774 4370 1811 4426 ut

155 4471 190 4530 et
204 4466 238 4529 in
253 4465 460 4530 conferendis
479 4464 520 4529 de
537 4464 731 4529 adiectionis
743 4462 948 4550 plenitudine
964 4463 1010 4526 nil
1026 4463 1164 4526 omittat.
1202 4461 1411 4542 Benedictus,
1427 4461 1622 4528 benedictus
1634 4463 1806 4548 Dominus,
1820 4483 1875 4524 cen.
1890 4487 1943 4534 sac.

154 4589 215 4654 per
242 4590 338 4654 quem
370 4590 466 4654 reges
494 4575 633 4652 regnant
663 4574 696 4631 et
734 4567 766 4629 in
800 4586 901 4650 regno
933 4565 1100 4629 hominum
1131 4565 1354 4644 dominantur,
1389 4565 1479 4648 quia,
1516 4567 1599 4631 sicut
1626 4567 1719 4632 firma
1749 4585 1955 4656 spernacus.

155 4671 299 4736 creditur
321 4678 355 4738 et
377 4672 538 4757 probabili
561 4671 807 4757 presumptione
830 4676 976 4748 tenetur,
1001 4669 1140 4733 ecclesie
1165 4690 1223 4732 sue
1247 4667 1389 4754 providit
1412 4668 1446 4731 in
1471 4668 1556 4744 filio,
1580 4671 1635 4754 qui
1658 4670 1734 4734 dum
1757 4673 1808 4736 lae

160 4776 283 4840 teneris
307 4776 400 4839 annis
424 4775 605 4839 exhibitum
628 4781 662 4838 et
686 4774 793 4838 cibum
817 4772 956 4837 solidum
987 4773 1020 4835 in
1052 4779 1139 4836 etate
1169 4772 1284 4836 maiori
1310 4780 1504 4858 perceptum
1526 4774 1633 4858 plenis
1656 4775 1752 4840 labiis
1775 4784 1809 4840 et

154 4879 285 4965 scriptis
308 4879 483 4942 autenticis
506 4878 724 4962 recognoscit,
748 4877 873 4941 dulcior
894 4897 933 4939 ac
957 4875 1089 4939 suavior
1104 4874 1251 4940 redditur
1268 4874 1497 4939 sollicitudinis
1520 4876 1614 4940 labor
1636 4877 1669 4940 in
1692 4877 1807 4940 fructu.

154 4981 229 5048 Hec
259 4982 369 5066 itaque
397 4982 496 5045 faciat
527 4980 689 5046 Dominus
718 4989 751 5045 et
784 4981 845 5044 hec
874 4978 988 5058 addat,
1019 4987 1055 5042 ut
1085 4978 1170 5063 quod
1202 4978 1392 5064 superbiis
1423 4978 1599 5043 salubriter
1628 4979 1809 5064 inspirarit,

156 5084 321 5149 salubrius
344 5083 573 5170 prosequendo
598 5085 811 5149 saluberrime
835 5083 907 5169 ipse
932 5082 1090 5169 perficiat,
1115 5083 1267 5168 quatinus
1283 5081 1471 5146 continuata
1493 5081 1625 5146 devoti0
1649 5082 1695 5145 sic
1718 5081 1809 5144 uniat

153 5187 253 5252 finem
281 5187 455 5273 principio,
492 5185 577 5272 quod
611 5193 680 5251 toto
711 5193 859 5272 tempore
889 5185 954 5249 vite
990 5191 1046 5249 tue
1080 5191 1168 5249 totus
1204 5184 1323 5248 dicaris
1353 5184 1509 5265 ecclesie,
1538 5190 1627 5248 totus
1649 5182 1723 5249 Dei.
1779 5182 1807 5248 Ο

77 5321 103 5358 a
155 5297 314 5376 qnantum
329 5288 552 5354 desideramus
575 5295 607 5354 te
630 5289 664 5352 iu
681 5295 859 5373 conspectu
874 5287 1047 5366 Altissimi,
1070 5309 1089 5351 o
1113 5293 1267 5372 quantum
1290 5288 1324 5350 in
1347 5288 1450 5352 oculis
1464 5287 1640 5368 hominum,
1662 5293 1699 5350 ut
1721 5285 1809 5372 apud

156 5393 250 5458 illum
274 5393 475 5458 conscientia
498 5392 652 5478 quicquid
676 5398 728 5456 est
750 5391 948 5476 integritatis
965 5391 1129 5470 observet,
1153 5398 1186 5455 et
1209 5389 1295 5476 apud
1319 5391 1400 5455 istos
1423 5391 1510 5455 fama
1532 5389 1631 5454 nichil
1654 5389 1808 5454 notabilis

262 5551 374 5558 ——w
387 5551 595 5556 .-,-...--....-.--
785 5550 808 5556 ,-
979 5549 1165 5555 .--.----,..-.-
1175 5549 1302 5555 --......-.-...
1616 5547 1702 5554 -——-.-

260 5651 288 5716 1)
308 5647 442 5716 Ltupoldc'
464 5648 507 5701 Vl
521 5647 591 5702 dicti
607 5647 737 5702 Gloriari.
