4524 6412
1008 400 1055 453 EX
1074 399 1249 454 esurienti
1268 399 1305 452 lX
1325 398 1504 454 REGIS'l'llO

722 575 842 639 Mirum
858 581 910 639 est
926 572 1013 660 quod
1027 573 1126 637 etism
1138 573 1322 635 clausuram
1338 572 1426 636 illam
1438 573 1607 657 utriusque
1625 572 1740 656 templi
1756 572 1864 635 nullus
1877 571 2083 635 Christianus

635 679 763 764 ingredi
784 678 1007 765 permittetur,
1038 677 1102 740 nisi
1131 674 1243 739 credat
1272 675 1357 738 sicut
1381 674 1555 739 Sarraceni
1584 674 1732 739 credunt.
1776 674 1862 739 Item
1891 675 2010 740 mirum
2033 680 2085 739 est

636 781 722 866 quod
745 782 809 868 ipsi
832 786 970 866 possunt
992 778 1095 843 libere
1124 779 1246 842 intrare
1269 776 1457 858 Bethleem,
1488 780 1597 843 locum
1627 779 1753 842 scilicet
1780 779 1938 843 orationis
1961 784 2084 858 nostre,

635 887 668 949 in
692 883 886 948 infidelitate
911 904 971 947 sus
995 882 1066 946 sine
1090 881 1178 946 omni
1202 881 1462 956 examinatione,
1486 888 1519 945 et
1542 903 1601 945 uos
1625 882 1783 966 templum
1806 880 1959 964 Domini,
1984 883 2083 946 immo

636 1009 698 1052 neo
723 988 917 1066 clausuram,
939 986 973 1049 in
997 984 1060 1049 tide
1084 990 1117 1048 et
1140 984 1269 1049 nomine
1291 983 1370 1049 lesu
1394 985 1517 1049 Christi
1540 1007 1604 1050 non
1627 986 1806 1070 poterimus
1830 1006 1891 1050 uec
1913 986 2083 1072 permitte·
2149 1027 2153 1038 ·

636 1111 707 1154 mur
741 1090 872 1166 iutrsre,
907 1089 971 1152 nisi
1004 1088 1094 1174 prius
1130 1087 1179 1150 eis
1211 1093 1356 1166 constet,
1390 1087 1476 1172 quod
1510 1087 1550 1153 de
1587 1089 1710 1175 templo
1740 1088 1826 1174 quod
1856 1089 1919 1175 ipsi
1947 1088 2087 1153 credunt

638 1192 818 1270 credemus.
855 1193 940 1257 Item
956 1190 1134 1255 notandum
1150 1189 1237 1274 quod
1253 1191 1411 1276 templum
1423 1191 1554 1256 Domini
1571 1192 1632 1256 luit
1648 1193 1752 1278 primo
1769 1192 1864 1258 sedes
1877 1193 2086 1280 episcopalis,

640 1316 702 1382 que
726 1317 812 1360 nuuc
836 1294 1064 1380 patriarchalis
1088 1294 1259 1374 testacei,
1283 1301 1317 1358 et
1338 1294 1384 1358 ibi
1406 1316 1492 1359 nunc
1516 1295 1612 1360 sedes
1635 1303 1686 1360 est
1708 1295 1898 1360 Mahometi.

539 1401 579 1464 V.
612 1399 655 1464 Se
678 1420 779 1464 acuns
804 1397 972 1462 Ssrrsains
1005 1397 1150 1482 meffayit
1182 1396 1241 1461 des
1271 1397 1416 1480 estajsnz
1448 1419 1489 1463 θη
1511 1399 1691 1464 Ierusalem
1715 1419 1734 1462 s
1757 1397 1926 1464 Sarraains
1957 1401 2040 1464 oom'
2064 1401 2087 1464 il

432 1511 511 1583 esu,
536 1502 614 1589 doyt
637 1509 724 1568 estre
747 1523 862 1566 mcuez
886 1522 946 1587 per
967 1502 1101 1586 l’esgsrt
1124 1499 1182 1564 des
1207 1500 1386 1564 Sarrszins.

724 1604 813 1670 Ecce
837 1603 922 1689 qnod
946 1603 980 1666 in
1004 1604 1136 1668 civitate
1160 1603 1420 1670 iurisdictionem
1444 1605 1567 1670 habent
1590 1605 1676 1669 sicut
1699 1604 1887 1670 Christiani.

540 1708 599 1771 VI.
636 1708 862 1793 L'empereres
885 1728 951 1771 non
967 1705 1090 1791 sydera
1111 1707 1168 1770 nul
1183 1706 1300 1787 Franc,
1324 1708 1358 1771 ki
1381 1708 1424 1772 ke
1447 1708 1471 1771 il
1495 1714 1578 1793 soyt,
1603 1730 1644 1771 θη
1667 1710 1743 1773 nule
1760 1709 1904 1774 maniere
1927 1732 1986 1796 per
2009 1712 2087 1776 nule

433 1811 602 1876 enteution
625 1811 683 1874 k'il
705 1810 833 1895 ayentb,
864 1809 904 1874 de
937 1811 1035 1874 kelke
1067 1809 1225 1876 diversite
1254 1811 1312 1874 k'il
1344 1817 1478 1897 soyeut,
1511 1833 1552 1875 ne
1577 1809 1729 1874 Sarrsain
1759 1833 1779 1875 a
1809 1814 1975 1878 combatre
2006 1815 2041 1878 ni
2068 1835 2089 1877 a

433 1935 550 1998 guerre
577 1915 667 1999 fsyre
690 1918 802 1977 contre
833 1915 881 1978 les
906 1911 1074 1976 Ssrrszins
1099 1913 1150 1997 ly⁰
1173 1913 1229 1976 hel
1252 1921 1328 1977 sunt
1351 1935 1392 1976 θη
1417 1927 1506 1978 ceste
1530 1915 1614 1979 trive
1638 1921 1737 1998 moty,
1768 1916 1801 1979 ni
1825 1937 1866 1980 no
1890 1917 2086 1981 mandralo

434 2018 506 2080 enlz
530 2017 566 2080 ni
589 2038 630 2082 ηθ
654 2037 752 2102 segra
773 2017 830 2080 nul
854 2016 958 2081 d'euls
981 2037 1021 2080 cn
1045 2017 1121 2079 nule
1146 2014 1204 2079 des
1226 2023 1378 2102 psrtyes⁰
1397 2017 1432 2081 ki
1455 2024 1582 2102 motyes
1606 2023 1698 2095 sunt,
1729 2039 1791 2104 por
1813 2018 1959 2084 bettaille
1983 2021 2087 2106 leyre,
2151 2040 2162 2076 o

433 2141 474 2185 ne
497 2142 539 2184 no
564 2143 599 2184 se
624 2128 778 2206 asentyra
801 2141 820 2184 a
844 2122 916 2185 eulz
940 2141 981 2184 en
1005 2139 1130 2183 aucune
1154 2118 1310 2198 maniere,
1334 2139 1375 2182 ηθ
1399 2140 1440 2182 ηο
1464 2121 1512 2184 les
1540 2141 1696 2205 soccoyra
1718 2143 1759 2186 ne
1783 2120 1867 2185 d'ost
1889 2144 1930 2187 ne
1954 2123 2089 2209 d'svoyr

433 2244 474 2288 ηθ
498 2223 539 2288 de
562 2245 655 2310 genz.

727 2326 820 2392 Istud
844 2331 1099 2406 sacramentum,
1128 2325 1214 2410 quod
1245 2327 1278 2390 in
1302 2326 1362 2390 hso
1385 2333 1478 2412 parte
1501 2327 1580 2390 fecit
1603 2325 1757 2408 seldene,
1780 2329 1940 2411 quomodo
1965 2331 2090 2396 servari

639 2431 762 2517 poterit
784 2451 857 2495 curn
881 2451 931 2510 eo,
955 2428 1042 2514 qnod
1064 2429 1143 2494 fecit
1166 2430 1307 2494 ecclesie
1331 2427 1371 2492 de
1392 2428 1543 2494 tenendis
1567 2431 1658 2495 mille
1674 2431 1832 2496 militibus
1848 2454 1907 2518 per
1919 2432 2088 2499 biennium

640 2542 674 2600 et
697 2534 737 2598 de
760 2533 997 2618 quinquaginta
1019 2531 1138 2616 galeis,
1168 2552 1227 2616 pro
1251 2530 1369 2616 quibus
1393 2533 1695 2597 excommunicatus
1719 2541 1784 2615 est,
1808 2535 1884 2621 quia
1906 2535 2087 2623 adimplere
2141 2559 2151 2592 ·-

640 2637 757 2702 eadem
778 2657 843 2701 non
867 2635 1014 2700 curavit?

542 2741 621 2805 VII.
655 2741 883 2827 L'empereres
906 2739 1098 2802 destorners
1122 2745 1173 2801 toz
1197 2738 1264 2801 cels
1289 2738 1344 2821 qui
1367 2739 1500 2803 auront¹
1521 2739 1754 2804 entendernent
1776 2739 1830 2804 del
1852 2742 1917 2804 mal
1932 2741 2025 2827 layre
2049 2765 2091 2807 cn

435 2846 467 2908 la
490 2851 577 2908 terre
607 2843 660 2908 del
690 2842 804 2906 soldsn
827 2841 934 2905 Melec
963 2840 994 2904 el
1021 2839 1142 2905 Kemcl
1172 2861 1254 2904 een
1278 2842 1310 2904 ls
1333 2849 1418 2906 terre
1442 2843 1484 2907 he
1509 2849 1560 2907 est
1583 2850 1712 2928 motyess
1743 2865 1785 2907 θη
1807 2845 1840 2907 la
1862 2845 1963 2925 trive,
1994 2867 2012 2910 e
2040 2847 2091 2910 les

435 2945 597 3011 defeudra
619 2967 639 3010 a
662 2966 722 3010 son
742 2933 797 3009 ¹ost
820 2967 838 3009 θ
862 2966 881 3009 a
904 2967 963 3008 son
987 2966 1088 3030 avoyr
1111 2953 1144 3009 et
1167 2966 1186 3008 a
1209 2965 1262 3007 ses
1282 2944 1401 3009 homes
1426 2967 1444 3009 θ
1468 2967 1487 3010 a
1510 2953 1559 3010 tot
1582 2946 1684 3011 kanth
1706 2948 1764 3011 k’il
1788 2968 1868 3013 sura
1891 2947 1932 3012 de
1956 2970 2046 3036 poer.

728 3047 764 3111 Si
785 3047 871 3112 bene
894 3043 1026 3111 notetur
1048 3045 1135 3110 istud
1159 3047 1348 3132 capitulum,
1373 3050 1435 3112 etsi
1459 3070 1623 3134 nunqnam
1645 3050 1679 3112 in
1703 3051 1777 3114 aliis
1795 3051 2000 3137 deliquisset,
2022 3073 2090 3117 non
2142 3071 2154 3108 θ

642 3152 748 3214 solum
762 3150 866 3230 Deus,
887 3157 999 3214 contre
1015 3170 1112 3235 quem
1136 3171 1171 3213 se
1189 3151 1378 3235 specialiter
1393 3151 1562 3236 obligavit,
1587 3173 1699 3216 vemm
1716 3153 1815 3216 etism
1838 3161 1926 3219 totus
1949 3153 2091 3219 mundus

641 3254 779 3320 deberet
803 3255 972 3338 insurgere
996 3259 1109 3317 contrs
1132 3273 1218 3333 eum,
1241 3253 1319 3337 quia
1341 3254 1374 3316 in
1396 3254 1458 3318 hoe
1478 3262 1591 3318 contra
1606 3255 1792 3320 universam
1808 3255 2091 3322 Christianitatem

641 3358 804 3423 commisit
839 3358 873 3421 in
908 3355 1119 3446 opprobrium
1154 3364 1187 3419 et
1220 3363 1442 3444 contemptum
1475 3359 1673 3422 excellentie
1706 3359 1885 3446 imperialis
1922 3367 1956 3425 et
1989 3361 2090 3426 totius

640 3462 896 3527 Christianitatis
919 3459 1064 3525 dedecus
1087 3481 1152 3524 non
1175 3459 1338 3524 modicum
1361 3467 1395 3525 et
1418 3462 1625 3526 manifestum
1649 3483 1836 3546 grsvsmen.

543 3564 639 3630 VIII.
675 3565 832 3629 C'aucuns
849 3564 963 3640 Ilrsns,
987 3563 1021 3627 ki
1038 3563 1080 3627 ke
1100 3563 1123 3625 il
1140 3569 1223 3647 soyt,
1247 3583 1266 3625 a
1283 3562 1516 3627 entendsment
1532 3562 1572 3629 de
1590 3571 1755 3652 trspssser
1769 3567 1840 3630 rien
1856 3565 1915 3630 des
1931 3567 2089 3632 lermetea

433 3670 476 3734 ke
499 3669 674 3734 recordees
698 3690 741 3733 ou
762 3675 890 3753 motyes
914 3673 988 3732 sunt
1012 3686 1053 3730 θη
1076 3672 1166 3729 ceste
1190 3665 1290 3745 trive,
1321 3665 1345 3728 li
1368 3686 1556 3752 empereres
1581 3715 1761 3731 .......
1767 3666 1775 3707 ¹
1799 3690 1817 3733 e
1844 3691 1899 3734 sor
1927 3669 1950 3733 li
1973 3676 2024 3734 est
2047 3669 2089 3735 de

434 3772 603 3838 deffendre
626 3773 658 3838 le
676 3771 791 3837 soldan
815 3770 972 3836 cd'oster
994 3769 1201 3834 edestorner
1225 3769 1289 3832 l'en
1313 3789 1332 3830 s
1355 3789 1414 3832 son
1438 3775 1490 3832 ost
1513 3791 1530 3833 e
1554 3791 1574 3834 s
1598 3791 1657 3834 son
1671 3776 1772 3856 ev'oyr
1796 3779 1830 3835 et
1853 3793 1873 3835 s
1895 3793 1948 3836 ses
1964 3772 2091 3838 homes.

542 3877 604 3941 IX.
636 3876 748 3962 Triple
773 3897 791 3940 c
815 3895 852 3937 sa
874 3881 979 3952 terre,
1008 3873 1041 3936 le
1065 3871 1210 3953 Chraoh,
1235 3872 1347 3937 Csstel
1370 3871 1489 3952 Blanc,
1514 3872 1668 3954 Tortose,
1690 3873 1819 3958 Margat
1842 3896 1860 3938 e
1882 3873 2046 3941 Antioche
2072 3897 2090 3941 e

433 3981 514 4044 kant
536 3981 579 4044 ke
604 3985 655 4044 est
678 3999 720 4043 en
743 3979 792 4042 lor
814 3975 932 4065 terrei,¹
957 3996 992 4040 se
1009 3982 1083 4060 soyt
1108 3997 1148 4040 θη
1173 3997 1232 4040 θοη
1249 3982 1334 4040 estat
1357 3997 1398 4039 en
1414 3996 1533 4060 guerre
1557 3996 1575 4038 e
1600 3996 1642 4040 en
1658 3977 1760 4051 trive;
1784 3997 1802 4041 e
1827 3998 1881 4041 sor
1895 3979 2092 4064 l’empereor

434 4091 508 4167 soyt
535 4080 604 4146 h’ill
634 4080 803 4146 deffendrs
833 4102 853 4143 a
882 4101 936 4144 ses
968 4100 1051 4164 gena
1084 4101 1101 4144 e
1131 4102 1151 4144 a
1181 4101 1240 4143 son
1271 4086 1323 4143 ost
1353 4101 1371 4143 θ
1400 4100 1436 4142 es
1468 4078 1636 4164 apendanz
1665 4101 1685 4143 a
1714 4080 1735 4142 li
1768 4102 1786 4145 θ
1816 4102 1835 4145 a
1865 4083 1932 4146 cels
1960 4082 1994 4146 ki
2022 4104 2043 4146 a
2064 4083 2089 4146 li

433 4193 584 4267 venrant,
607 4186 711 4250 Fraus
734 4185 844 4272 prives
869 4205 887 4248 e
911 4190 1105 4267 eustranges
1129 4203 1149 4246 a
1170 4183 1194 4246 li
1211 4203 1347 4262 venans,
1370 4182 1403 4245 la
1426 4202 1487 4266 aye
1511 4181 1570 4246 des
1587 4203 1723 4266 segnors
1747 4182 1788 4247 de
1811 4184 1878 4248 cels
1902 4185 1973 4249 leus
1989 4186 2089 4250 motiz

435 4311 490 4355 sor
512 4290 589 4354 nula
614 4289 783 4354 enteution
806 4288 874 4372 k’yl
897 4293 997 4372 ayent
1020 4307 1061 4350 en
1085 4287 1118 4350 la
1141 4294 1228 4350 terre
1251 4286 1292 4351 de
1316 4285 1495 4350 Sarranins.

726 4392 800 4456 Ηοθ
823 4411 988 4475 nunquam
1011 4389 1139 4468 accidit,
1164 4389 1249 4453 sicut
1272 4388 1399 4471 dicitur,
1422 4390 1455 4453 in
1478 4395 1565 4453 terra
1588 4389 1650 4453 nisi
1672 4390 1780 4470 modo,
1806 4392 1881 4476 quia
1904 4390 2032 4476 quando
2055 4393 2090 4456 in

641 4515 743 4579 regno
766 4493 1027 4558 lerosolimitano
1059 4498 1175 4577 treuga
1205 4491 1406 4573 habebatur,
1440 4495 1513 4556 locs
1540 4491 1752 4578 precedentis
1784 4495 1905 4559 milites
1936 4496 2027 4580 regui
2056 4504 2090 4560 et

640 4596 697 4660 elii
713 4595 891 4661 Christiani
906 4597 1131 4661 indifferenter
1146 4596 1301 4661 iuvabant
1323 4605 1357 4663 et
1377 4619 1416 4663 ea
1433 4595 1538 4660 modis
1554 4596 1673 4682 quibus
1689 4605 1841 4683 poterant
1856 4599 2087 4668 defendebant.

1051 4823 1462 4830 Ἣ

1214 5032 1301 5106 381.

543 5125 776 5218 fflrnrunnus
804 5152 949 5235 nmpistcr
979 5153 1216 5218 Teutonicoram
1249 5154 1400 5237 Gregorio
1428 5154 1486 5219 IX
1510 5176 1616 5237 papae
1644 5160 1776 5234 narrat,
1813 5156 1890 5237 quid
1922 5158 1958 5220 tn
1990 5157 2091 5221 Terra

434 5257 555 5322 Sancta
574 5258 695 5338 pestem
717 5256 768 5333 sit,
790 5259 819 5318 ct
840 5255 987 5336 quomodo
1008 5256 1194 5320 Frisios-icas
1212 5257 1428 5321 chwaorsm
1450 5259 1620 5339 imperator
1642 5279 1711 5322 carn
1732 5256 1939 5343 [El-Ksmil]
1960 5258 2091 5324 soldano

539 5496 562 5564 ⁸)
581 5499 660 5564 ἰθθιιη,
675 5510 704 5552 ut
719 5501 827 5564 videbor,
843 5509 986 5568 corruptam.
1049 5498 1073 5566 ι’)
1090 5507 1168 5553 avent
1185 5501 1255 5552 ΗΒ.
1326 5501 1347 5568 ⁰)
1365 5503 1401 5569 ky
1418 5501 1488 5552 ΗΒ.
1555 5501 1805 5568 ι1)ιηηη(1θηηΗ.Β.
1870 5501 1892 5567 ⁸)
1911 5513 2001 5569 partye
2018 5501 2089 5554 ΕΒ.

443 5581 466 5735 ¹¹3
482 5585 660 5722 ffiffB.
739 5587 762 5651 ⁸)
781 5596 879 5654 motyes
897 5587 966 5639 H.B.
1046 5589 1069 5651 Ιθ)
1088 5588 1166 5640 ksnte
1184 5587 1252 5640 H.B.
1340 5588 1362 5654 ¹)
1380 5589 1421 5640 hic
1438 5589 1537 5655 oliqstid
1553 5589 1674 5640 excidisse
1691 5596 1807 5654 apparet.
1895 5585 1920 5649 ⁸)
1935 5589 2003 5672 ‘trive
2021 5589 2091 5639 HJJ.

2141 5692 2168 5732 lb
