4590 6366
137 3487 163 3526 20

776 360 976 415 EPlS'l'OLAE
994 360 1186 416 subacuta.
1224 361 1300 414 1236.

996 729 1083 802 696.

217 853 219 858 ’
319 836 510 948 Greyorios
527 866 582 930 IX
596 888 686 948 popo
701 868 723 952 [
722 867 865 950 Gnatae]
876 868 1016 948 episcopo
1029 868 1202 932 Bre'cionsi
1217 867 1357 946 recondat,
1379 872 1498 934 etcum
1513 869 1549 932 in
1564 869 1655 934 curio
1672 868 1872 949 inoperatoris

207 967 318 1052 suerit,
340 968 527 1034 detractores
549 971 691 1036 ecclcso'oc
712 972 861 1036 revincat.
908 971 957 1052 Cf.
981 991 1013 1036 n.
1038 974 1111 1039 695.

1507 1061 1602 1137 1236,
1623 1059 1707 1142 Asty.
1731 1061 1782 1125 17.

317 1137 399 1209 (lnce.
417 1140 467 1194 IX
484 1139 553 1210 Καρ.
578 1141 636 1195 Vol.
657 1139 688 1205 V,
709 1145 776 1205 1&6;
796 1141 857 1196 Lib.
877 1142 915 1206 X,
933 1145 996 1196 196.

761 1427 799 1444 ..
829 1370 1053 1463 episcopo
1080 1371 1321 1445 Brixiensi.

216 1567 219 1574 -
321 1520 470 1594 Qualiter
500 1541 598 1606 super
627 1521 759 1604 nogotio
788 1519 986 1585 Lombardie
1017 1528 1079 1585 eto.
1108 1529 1144 1584 ut
1172 1543 1271 1606 supra
1300 1542 1418 1606 usque:
1449 1522 1645 1601 revinceret,
1673 1521 1870 1586 fraternitati

210 1630 266 1687 tue
290 1646 349 1709 por
372 1624 553 1708 apostolica
576 1623 698 1708 scripta
725 1625 758 1687 in
790 1623 910 1688 virtute
934 1623 1123 1689 obedientie
1156 1624 1306 1689 districte
1329 1624 1540 1711 precipiendo
1564 1624 1766 1706 mandamus,
1790 1646 1870 1710 qua-

211 1727 315 1802 tinus,
352 1728 436 1791 sicut
474 1727 654 1813 apostolice
684 1727 772 1790 sedis
807 1735 840 1790 et
870 1734 1016 1793 nostram
1046 1728 1186 1812 gratiam
1215 1749 1322 1792 caram
1357 1728 1461 1792 habes
1496 1735 1530 1792 et
1557 1729 1725 1815 proprium
1754 1730 1872 1793 zelaris

212 1830 387 1912 honorem,
420 1853 493 1895 cum
523 1831 622 1895 fueris
647 1831 678 1893 in
703 1832 795 1894 curia
819 1832 984 1896 karissimi
1016 1833 1049 1896 in
1072 1831 1203 1896 Christo
1227 1832 1285 1895 filii
1309 1833 1413 1896 nostri
1435 1831 1595 1897 Frideriei
1619 1840 1697 1913 ete,
1728 1835 1756 1898 si
1779 1833 1864 1898 forte

213 1935 299 2000 idem
323 1936 501 2020 imperator
524 1936 576 1999 vel
600 1935 656 1998 alii
679 1934 809 2021 publice
834 1937 887 1999 vel
909 1937 1051 2000 latenter
1081 1936 1314 2022 temptaverint
1343 1937 1484 2001 ecclesio
1506 1934 1655 2002 Romane
1684 1937 1868 2016 detrahere,

211 2044 365 2123 tanquam
399 2039 486 2102 filius
520 2038 760 2103 benedictionis
792 2045 826 2103 ot
854 2040 976 2124 gratie,
1009 2039 1065 2123 qni
1097 2039 1210 2102 matris
1244 2045 1298 2103 tnc
1347 2040 1471 2104 teneris
1501 2041 1653 2104 iniuriam
1680 2041 1874 2127 propulsare

211 2143 390 2206 instructus
413 2149 479 2206 tam
504 2165 546 2206 ox
570 2142 632 2206 hiis
657 2164 720 2227 que
744 2143 777 2205 in
807 2140 934 2206 eisdem
964 2142 1084 2206 litteris
1112 2142 1323 2206 continentur
1357 2162 1455 2225 quam
1489 2144 1587 2224 alias,
1624 2151 1722 2229 prout
1756 2143 1873 2208 honori

211 2246 352 2310 ecclesie
375 2245 497 2311 videris
521 2245 689 2331 expedire,
714 2246 830 2331 spiritu
852 2243 1052 2308 fortitudinis
1077 2243 1249 2308 roboratus
1273 2265 1446 2310 assumens
1462 2246 1598 2311 verbum
1620 2267 1679 2333 pro
1703 2246 1864 2324 omnibus,

210 2360 247 2414 ut
270 2350 364 2435 quasi
387 2371 500 2414 omnes
525 2351 700 2436 loquantur
726 2370 786 2435 per
814 2368 929 2426 unum,
954 2355 1068 2412 cantra
1096 2347 1300 2412 detractores
1331 2350 1471 2414 ecclesie
1500 2345 1639 2414 viriliter
1666 2356 1699 2414 te
1723 2369 1871 2436 opponas

215 2474 253 2517 ac
284 2453 534 2538 malignantium
565 2454 767 2539 calumpnias
796 2452 978 2518 secundum
1010 2453 1118 2517 datam
1151 2452 1212 2516 tibi
1240 2474 1260 2516 a
1288 2452 1362 2518 Deo
1396 2454 1535 2538 gratiam
1567 2453 1715 2519 veritatis
1743 2453 1871 2518 ratione

213 2557 379 2637 revincas,
408 2559 454 2621 ita
477 2558 564 2643 quod
586 2558 757 2642 diligentie
781 2565 837 2622 tue
861 2557 1004 2622 studium
1028 2556 1132 2621 titulis
1156 2564 1307 2642 prompte
1330 2556 1516 2621 devotionis
1540 2564 1724 2638 accrescat,
1754 2563 1788 2622 ct
1809 2577 1870 2621 nos

213 2661 517 2746 circumspectionis
540 2668 596 2725 tue
619 2662 825 2747 prudentiam
848 2661 1013 2747 possimne
1037 2660 1070 2724 iu
1093 2658 1234 2724 Domino
1258 2660 1376 2724 merito
1400 2660 1639 2725 commendare.

321 2778 398 2845 Dat.
421 2788 458 2845 ut
480 2801 589 2867 snpra.

837 2959 1188 2966 m—m*
1194 2959 1247 2967 ...—

996 3222 1083 3294 697.

323 3333 514 3443 Greyorius
541 3360 598 3425 IX
615 3381 708 3444 ,papo
733 3360 943 3446 [Groitlelmo]
975 3362 1206 3443 archiepiscopo
1231 3361 1468 3426 Mediolanensi
1500 3365 1530 3424 ct
1561 3359 1774 3444 soffroyoucis
1806 3359 1874 3424 cius

215 3467 355 3544 recondat,
378 3468 504 3529 etcum
526 3464 562 3525 e‘n
584 3464 674 3527 corio
697 3463 896 3545 inperatoris
914 3464 1049 3550 fuerint,
1071 3485 1171 3528 unerm
1193 3486 1232 3528 esc
1253 3465 1334 3542 sech,
1357 3484 1446 3544 qoem
1467 3462 1511 3526 ad
1531 3462 1586 3527 hoc
1607 3463 1708 3556 napis
1729 3461 1874 3526 eamcam

205 3569 365 3646 ‘novor-int,
386 3570 560 3643 assumant,
582 3571 617 3629 ot
638 3566 824 3632 detractores
844 3568 986 3632 ccclesiae
1007 3569 1156 3634 revincat.
1203 3566 1253 3653 Of.
1276 3587 1309 3635 n.
1333 3567 1406 3634 695.

846 3723 848 3728 ,
1511 3655 1606 3731 1236,
1627 3654 1710 3734 Any.
1735 3655 1785 3715 17.

320 3738 402 3810 Grcy.
419 3738 469 3792 IX
486 3737 555 3806 Rey.
576 3737 635 3792 Vol.
658 3737 690 3807 V,
709 3741 778 3804 186,·
796 3737 858 3792 Lib.
877 3739 914 3808 X,
934 3743 994 3793 197.

670 4023 708 4040 ..
737 3968 1077 4061 archiepiscopo
1104 3969 1430 4043 Mediolanensi

796 4094 837 4162 et
865 4090 1162 4184 suffraganeis
1189 4091 1293 4164 suia.

324 4242 473 4316 Qualiter
503 4263 603 4328 super
641 4241 775 4325 negotio
804 4239 1002 4306 Lombardie
1035 4248 1143 4306 vestre
1175 4241 1342 4305 devotioni
1372 4240 1570 4320 scribamus,
1601 4261 1644 4304 ex
1672 4239 1873 4304 transmissis

215 4347 257 4411 ad
277 4369 335 4412 vos
357 4348 476 4412 litteris
500 4345 655 4429 colligere
672 4344 823 4429 poteritis
840 4343 1020 4408 evidenter.
1066 4344 1220 4409 Ceterum
1244 4345 1321 4429 qnia
1343 4352 1406 4409 etc.
1428 4351 1465 4407 ut
1486 4363 1585 4429 supra
1600 4364 1721 4428 usque:
1744 4342 1872 4406 obtine-

215 4450 316 4530 mnsl,
353 4472 393 4515 ne
428 4449 505 4535 quid
539 4449 572 4512 in
606 4447 780 4511 commisso
814 4447 907 4510 vobis
939 4447 1073 4530 negotio
1106 4447 1329 4511 inordinatum
1359 4447 1430 4511 fieri
1464 4446 1646 4531 contingat,
1683 4454 1734 4512 set
1765 4447 1874 4511 omnia

216 4554 415 4619 discretione
450 4575 488 4616 ao
522 4551 710 4616 maturitate
745 4550 859 4636 previa
892 4549 934 4613 ad
965 4549 1122 4616 honorem
1153 4550 1218 4616 Dei
1249 4559 1282 4616 et
1312 4551 1454 4616 ecclesie
1483 4557 1594 4615 vestra
1624 4550 1873 4636 circumspectio

219 4665 453 4744 prosequatur,
480 4655 690 4734 mandamus,
720 4655 872 4739 quatinus
895 4674 994 4718 unum
1019 4675 1061 4718 ex
1085 4653 1197 4734 vobis,
1227 4675 1325 4740 quem
1348 4654 1389 4719 ad
1411 4655 1473 4719 hoo
1497 4655 1598 4732 magis
1621 4653 1775 4720 idoneum
1798 4675 1873 4720 asse

217 4761 386 4836 noveritis,
410 4760 595 4835 assumatis,
619 4765 656 4821 ut
679 4779 753 4821 cunr
774 4757 904 4822 fueritis
931 4757 965 4820 in
989 4757 1078 4820 curia
1101 4767 1163 4823 eto.
1193 4780 1313 4844 usque:
1337 4759 1527 4837 detrahere,
1551 4760 1729 4824 instructus
1744 4779 1764 4822 a
1779 4757 1873 4823 vobis

218 4871 284 4928 tam
308 4885 351 4928 ex
373 4863 437 4928 hiis
462 4883 524 4949 que
554 4863 587 4924 in
616 4860 740 4926 eisdem
771 4860 891 4924 litteris
920 4860 1130 4925 eontinentur
1152 4869 1214 4928 etc.
1237 4883 1359 4948 usque:
1390 4864 1538 4928 veritatis
1567 4863 1693 4927 ratione
1715 4863 1874 4941 revincat,

217 4969 265 5032 ita
287 4975 398 5033 tamen
422 4966 508 5052 quod
532 4965 642 5029 omnia
663 4963 704 5029 de
721 4963 857 5029 oonsilio
873 4962 1072 5030 venerabilis
1088 4965 1198 5029 fratris
1214 4967 1319 5032 nostri
1341 5013 1375 5032 ..
1399 4966 1547 5052 episcopi
1558 4965 1756 5046 Penestrini,
1772 4965 1874 5050 legati

219 5071 307 5137 sedis
330 5071 522 5158 apostolice,
545 5069 772 5155 disponantur.

326 5192 402 5256 Dat.
425 5197 461 5255 ut
484 5211 593 5277 supra.

330 5311 369 5376 In
393 5311 534 5377 eundem
557 5312 688 5376 modum
711 5359 743 5377 ..
768 5310 1018 5397 archiepiscopo
1040 5312 1226 5378 Ravennati
1250 5321 1284 5379 et
1307 5314 1522 5399 suffraganeis
1546 5313 1625 5377 suis.

326 5473 908 5481 .---—-----.——--.--—-...-—-.--.----.—..-—.
926 5473 1012 5478 -h-—d-
1019 5473 1402 5480 ....-.,..--.-.—-..-...--—
1411 5475 1468 5480 -—.
1632 5473 1767 5480 ...-—-..—-

326 5573 348 5639 ·)
367 5573 412 5624 red
438 5575 525 5626 verbis
554 5583 726 5641 competenter
751 5574 856 5625 mutatis
883 5571 1033 5624 adclendam
1059 5581 1109 5634 ειη·
1137 5591 1199 5624 oram
1225 5575 1261 5624 sic
1289 5574 1417 5626 eredimus
1444 5573 1588 5640 leyendunr:
1614 5591 1709 5642 nsque:
1735 5573 1874 5626 evidenter.

220 5663 341 5714 Ceterum
360 5661 421 5727 quia
438 5661 469 5712 de
486 5669 531 5713 tue
549 5689 582 5698 -
600 5662 742 5731 alligatum,
761 5661 827 5714 scias
844 5661 1042 5714 conusdictores
1060 5662 1197 5714 revincere.
1273 5657 1294 5727 ι)
1312 5661 1357 5712 oti
1373 5662 1400 5713 in
1417 5679 1444 5712 a.
1464 5665 1516 5713 695
1535 5661 1641 5728 lapitas:
1658 5661 1810 5715 obtinentes.

322 5753 524 5808 uro.1’our.r.
1635 5751 1669 5808 lb
