4494 6426
725 355 923 410 EPISTOLAE
941 354 1129 412 SELECTAFJ.
1163 360 1240 413 1219.
1768 371 1810 431 69

155 549 277 613 magno
300 527 487 592 discrimine
511 551 570 614 pro
594 529 758 593 communi
786 551 886 593 eausa
914 531 1013 593 totius
1042 531 1153 616 populi
1183 530 1371 596 Christiani.
1418 532 1621 621 Quicumque
1644 543 1753 602 autem
1777 536 1809 600 id

155 632 338 718 adimplere
361 632 580 716 neglexerint,
615 633 678 696 nisi
712 654 769 696 eos
803 633 960 697 articulus
989 633 1164 698 manifeste
1192 635 1399 700 necessitatis
1423 645 1575 720 excuset,
1601 661 1643 704 ex
1672 646 1749 703 tunc
1774 660 1809 704 se

155 735 307 798 noverint
330 736 675 799 excommunicationis
700 737 830 800 vinculo
854 737 1036 801 innodatos.
1092 736 1245 802 Ceterum
1269 744 1305 801 ut
1333 745 1379 819 tu,
1416 739 1462 802 fili
1494 763 1568 824 rex,
1598 742 1749 807 devotius
1778 750 1810 808 et

156 838 304 902 securius
327 837 529 924 aggrediaris
553 838 614 902 hoc
638 839 711 918 iter,
734 860 909 924 personam
931 846 1019 902 tuam
1043 847 1077 903 et
1099 840 1281 925 imperium,
1316 863 1444 906 necnon
1470 844 1641 930 coniugem
1664 852 1753 909 tuam
1777 852 1811 910 et

156 941 260 1004 filiurn
296 947 403 1020 tuum,
436 946 474 1004 ao
507 962 644 1025 regnum
668 940 789 1026 Sycilie
813 941 873 1004 sub
908 941 996 1005 beati
1031 940 1122 1004 Petri
1155 949 1188 1006 et
1219 949 1331 1006 nostra
1363 947 1566 1030 protectione
1604 948 1810 1032 suscipimus,

156 1048 339 1108 statuentes
362 1050 398 1107 ut
421 1064 556 1107 cacum
579 1043 731 1107 omnibus
755 1044 879 1107 iuribus
905 1050 937 1107 et
959 1043 1136 1108 honoribus
1159 1046 1227 1108 suis
1243 1046 1372 1110 interim
1389 1048 1449 1111 sub
1472 1050 1606 1135 speciali
1629 1050 1831 1136 apostolice

157 1147 247 1212 sedis
270 1146 463 1212 defensione
487 1148 681 1228 consistant,
712 1169 750 1212 ac
774 1147 834 1211 sub
858 1147 1121 1211 interminatione
1153 1149 1371 1214 anathematis
1402 1151 1580 1216 districtius
1612 1152 1809 1233 inhibentes,

156 1272 199 1315 ne
223 1251 294 1335 quis
317 1250 444 1314 interea
458 1250 631 1336 imperium
647 1258 703 1314 aut
723 1272 860 1335 reguum
876 1252 983 1336 ipsum
1000 1271 1059 1314 seu
1074 1250 1184 1335 aliqua
1207 1273 1270 1336 que
1284 1252 1325 1316 ad
1343 1254 1399 1318 illa
1421 1257 1618 1341 pertineant,
1642 1255 1810 1338 invadere,

157 1355 323 1430 minuere,
346 1361 404 1418 aut
432 1353 678 1439 quomodolibet
704 1354 894 1439 perturbare
923 1360 1100 1439 presumat.
1145 1353 1197 1418 Ad
1221 1355 1281 1420 hec
1302 1358 1508 1423 universitati
1530 1367 1639 1425 vostre
1662 1359 1810 1423 districte

158 1457 372 1544 precipimus,
396 1463 431 1520 ut
453 1456 498 1520 hii
521 1457 575 1541 qai
603 1457 818 1521 remanseriut
841 1457 874 1520 in
896 1457 1048 1541 imperia,
1077 1458 1107 1521 ei
1130 1458 1183 1521 eui
1205 1459 1296 1542 regia
1318 1460 1524 1545 providentia
1547 1485 1657 1526 euram
1680 1462 1810 1548 imperii

158 1561 291 1626 duxerit
307 1559 581 1640 committendam,
604 1559 645 1624 de
669 1560 818 1624 omnibus
835 1560 1057 1645 imperialibus
1082 1561 1216 1625 iustitiis
1240 1563 1309 1626 sine
1327 1562 1539 1628 diminutione
1563 1585 1600 1628 ac
1620 1563 1811 1628 difficultate

159 1663 393 1750 respondeant,
428 1670 462 1727 et
495 1663 528 1726 in
558 1661 707 1725 omnibus
737 1661 891 1726 obediant
919 1669 952 1726 et
974 1661 1155 1726 intendant.
1205 1663 1275 1728 Nee
1304 1665 1332 1728 is
1362 1666 1413 1729 cui
1443 1666 1535 1751 regia
1558 1667 1807 1753 circumspectio

158 1765 345 1832 huiusmodi
368 1788 449 1830 onus
472 1765 603 1830 duxerit
626 1765 906 1844 committendum,
930 1766 1020 1840 illud,
1047 1768 1074 1830 si
1098 1767 1181 1832 ferte
1205 1769 1452 1852 crucesignatus
1476 1778 1537 1850 est,
1561 1770 1622 1834 hae
1646 1769 1687 1833 de
1711 1790 1811 1834 causa

160 1877 301 1950 recuset,
325 1877 375 1934 set
397 1869 501 1934 libero
523 1869 563 1934 de
593 1869 728 1934 licentia
755 1875 868 1965 nostra
897 1877 1081 1946 remaneat,
1117 1869 1255 1934 erindem
1292 1870 1528 1956 indulgentiam
1563 1894 1635 1936 eum
1667 1872 1730 1936 hiis
1758 1871 1813 1955 qui

96 2010 108 2044 a
160 1975 419 2061 proficiscuntur,
442 1971 614 2036 dummodo
642 1973 768 2054 aliquos
794 1971 970 2035 bellatores
999 1994 1058 2057 pro
1089 1995 1124 2037 se
1154 1975 1330 2037 mittatrin
1352 1974 1454 2039 Terre
1479 1974 1598 2039 Sancte
1630 1974 1811 2038 subsidium

133 2075 136 2080 ’
160 2079 253 2142 iuxta
274 2077 422 2163 proprias
445 2075 629 2152 facultates,
654 2082 687 2139 et
710 2074 851 2139 fideliter
873 2081 967 2158 gerat
995 2077 1200 2139 commissam
1232 2076 1295 2140 sibi
1324 2076 1600 2156 sollicitudinem,
1629 2077 1811 2141 habiturus.

158 2179 311 2265 Denique
327 2178 569 2242 venerabilibus
586 2179 738 2243 iratribus
755 2179 876 2242 nestris
894 2228 900 2240 .
915 2229 922 2242 .
939 2179 1184 2264 archiepiscopo
1206 2179 1460 2264 Salacburgensi
1477 2186 1510 2244 et
1527 2231 1533 2244 .
1551 2227 1559 2242 .
1575 2179 1812 2266 Herbipoleusi

160 2305 198 2347 ae
222 2331 230 2346 .
253 2333 261 2349 .
283 2282 488 2346 Traiectensi
510 2282 674 2368 episcopis
698 2281 811 2346 danius
841 2303 900 2367 per
928 2288 1055 2345 nostras
1083 2282 1209 2344 litteras
1232 2282 1266 2345 in
1297 2283 1475 2368 preceptis,
1505 2288 1540 2345 ut
1569 2282 1813 2367 crucesignatos

160 2386 217 2469 qui
239 2385 384 2470 arripere
407 2384 471 2448 iter
492 2386 577 2448 ultra
600 2385 774 2448 terminum
799 2385 1052 2469 suprascriptum
1077 2385 1147 2447 sine
1170 2384 1343 2448 manifesto
1368 2384 1603 2470 impedimento,
1617 2384 1812 2462 distulerint,

83 2521 100 2556 a
162 2488 394 2571 cuiuscumque
418 2486 541 2550 ordinis
564 2494 621 2550 aut
643 2487 813 2572 dignitatis
837 2487 991 2566 existant,
1014 2508 1057 2550 ex
1080 2493 1155 2550 tunc
1176 2487 1369 2551 denuntient
1392 2487 1726 2552 excommunicatione
1750 2487 1814 2550 illi-

161 2599 266 2677 gatos,
291 2597 324 2655 et
340 2609 454 2655 omnes
471 2611 528 2654 ees
545 2590 644 2654 simili
660 2590 861 2655 districtione
879 2595 1097 2675 compescant,
1121 2590 1148 2653 si
1171 2591 1235 2673 qui,
1259 2590 1345 2675 quod
1361 2613 1426 2654 non
1443 2589 1616 2670 eredimus,
1633 2589 1816 2675 imperialia

161 2697 233 2760 iura
247 2695 507 2781 presumpserint
528 2693 730 2773 subtrahere,
754 2693 919 2772 invadere,
943 2701 999 2756 aut
1027 2693 1270 2777 quomodolibet
1296 2701 1421 2758 temore
1449 2693 1651 2779 perturbare.
1685 2692 1814 2756 Accen-

161 2798 257 2863 datur
280 2798 380 2881 igitur
402 2804 510 2860 vestra
532 2795 680 2876 devotio,
711 2804 746 2860 ut
774 2805 815 2861 ct
836 2797 891 2881 qui
914 2797 1097 2860 transibunt
1124 2797 1261 2860 salutem
1289 2802 1536 2882 promereantur
1564 2803 1711 2860 eternam
1740 2817 1814 2881 pre-

167 2900 278 2966 liando
301 2900 434 2964 Domini
457 2900 607 2985 prelium,
631 2909 664 2963 et
689 2899 734 2962 hii
751 2900 806 2984 qui
827 2899 1042 2962 remanebunt
1066 2900 1112 2962 sie
1136 2901 1373 2962 transeuntium
1398 2898 1550 2963 studeant
1574 2898 1813 2962 communicare

84 3033 109 3068 rs
163 3003 342 3082 laboribus,
368 3001 591 3092 subveniendo
615 3003 679 3066 illis
703 3009 736 3066 et
760 3023 871 3065 eorum
894 3001 966 3065 iura
988 3001 1115 3065 illibata
1139 3000 1308 3081 servando,
1334 3008 1370 3064 ut
1393 3023 1467 3065 esse
1491 3002 1618 3086 possint
1640 2993 1816 3086 participes

162 3106 372 3192 premiorum.

272 3209 348 3272 Dat.
372 3208 524 3273 Lateran.
548 3208 600 3272 ΙΙΙ
623 3207 702 3272 Idus
724 3208 910 3282 Februarii,
934 3227 1018 3271 anno
1042 3209 1149 3271 tertio.

964 3642 1025 3713 96.

276 3739 477 3834 Fanniae
495 3765 709 3831 Romanarum
731 3786 788 3828 rea
803 3763 944 3828 Honorio
959 3764 1026 3828 ΙΙΙ
1040 3785 1144 3844 papae
1164 3764 1272 3826 scribit
1293 3782 1387 3842 super
1401 3761 1586 3842 quibusdam
1607 3760 1760 3836 articulis,
1782 3758 1819 3822 de

167 3874 281 3956 quibem
294 3895 333 3936 eu
347 3872 499 3936 relatione
508 3868 710 3953 P[creprini]
719 3868 925 3931 Brundusini
938 3868 1162 3948 archiepiscopi
1173 3887 1204 3930 se
1217 3868 1252 3929 in
1267 3867 1356 3929 erema
1367 3863 1513 3929 Rornann
1528 3864 1634 3927 uetari
1649 3862 1820 3926 audiverit:

91 4015 116 4050 a
163 3974 402 4058 primumquod
413 3977 566 4054 procuret,
589 3972 670 4052 qued
681 3971 771 4052 tilius
792 3989 868 4033 sures
889 3971 924 4033 in
940 3991 1039 4052 repam
1057 3969 1315 4032 Tlrerdenieorum
1329 3968 1465 4049 elipatur
1476 3969 1586 4030 eontra
1599 3964 1820 4046 promissiones

167 4098 248 4160 quas
280 4079 389 4159 feeerit
421 4077 458 4140 de
490 4096 584 4158 repno
613 4075 746 4140 Siciliae
778 4075 907 4154 imperio
940 4093 1104 4154 nunquam
1137 4071 1290 4150 unienda·
1325 4069 1457 4135 secunda
1489 4069 1571 4150 quod
1590 4067 1820 4149 patrimonium

166 4182 310 4246 ecelesiae
331 4181 497 4257 desinunt,
521 4200 589 4244 curn
604 4176 809 4262 [chnaldc]
829 4177 897 4256 filio
912 4175 1069 4256 quendam
1088 4175 1227 4241 Conredi
1249 4175 1337 4239 druis
1353 4172 1515 4254 Spoletani
1534 4172 1703 4252 permittat,
1726 4172 1762 4232 nt
1783 4170 1820 4232 in

168 4283 286 4348 clmrtis
303 4303 335 4347 se
357 4301 475 4363 queque
497 4301 566 4345 cum
588 4281 677 4344 tilido
701 4279 788 4343 druis
802 4278 991 4356 subscribut;
1017 4277 1107 4340 tertio
1128 4277 1210 4358 quad
1226 4276 1445 4340 ecclesiastieae
1469 4274 1606 4338 libertati
1614 4271 1820 4354 praeiudicet,

167 4385 367 4452 elect-ionibus
388 4405 420 4450 se
436 4382 643 4448 immiscendo.
688 4380 864 4460 Respondet
881 4385 985 4443 antem
1006 4379 1049 4443 cd
1064 4380 1222 4458 prrirnum:
1241 4379 1405 4458 imperium
1427 4377 1539 4441 melius
1561 4377 1637 4458 rep-i,
1659 4375 1734 4439 diem
1755 4375 1821 4454 ipse

93 4527 118 4562 :a
169 4493 205 4554 in
228 4491 389 4554 servitium
415 4489 533 4556 Christi
554 4487 666 4551 absens
685 4485 796 4566 suerit,
825 4489 854 4547 et
880 4484 909 4547 si
926 4482 1010 4568 forte
1032 4483 1158 4564 aliquid
1178 4482 1309 4547 hilariani
1330 4481 1392 4546 sibi
1412 4479 1572 4557 anderu,
1599 4479 1704 4561 filium
1731 4496 1822 4540 minin

169 4592 207 4657 de
241 4592 410 4656 hereditate
442 4592 627 4656 sereniorem
656 4590 741 4669 sora·
780 4588 824 4653 ad
855 4587 1038 4652 secundum:
1071 4587 1193 4650 nullius
1225 4605 1288 4649 esse
1320 4584 1465 4648 nrmnenli
1497 4581 1748 4647 consuetudinem
1787 4580 1823 4642 in

170 4695 365 4760 Alennrnnia
392 4695 579 4777 pennulam,
604 4693 708 4774 filium
738 4692 826 4756 ducis
854 4691 959 4755 ducem
986 4710 1018 4754 se
1045 4690 1227 4766 nonrinare,
1257 4688 1327 4751 lieet
1356 4687 1502 4750 ducatum
1529 4705 1593 4750 non
1622 4683 1749 4762 habeat;
1780 4681 1824 4744 ud

171 4799 315 4862 tertium:
344 4817 376 4862 se
398 4796 596 4861 eleclimribus
617 4795 816 4860 milesiarum
844 4813 876 4858 se
899 4794 1067 4858 irnrniseere
1088 4812 1153 4856 nan
1169 4789 1431 4872 praesumpsisse,
1454 4788 1508 4852 sed
1528 4792 1651 4852 tantum
1674 4803 1823 4850 mmanue-

171 4901 313 4965 dutiones
342 4899 531 4964 adhibuisse.
593 4897 756 4964 Concludit
788 4896 965 4960 nuntiando
997 4917 1028 4960 se
1059 4896 1095 4958 in
1120 4894 1265 4974 monimo
1298 4893 1447 4957 seleneues
1479 4891 1595 4972 tapetes
1628 4889 1671 4954 ad
1703 4888 1824 4952 curiam

115 5043 120 5070 r
172 5003 350 5068 Ronlanum
371 5001 554 5078 missarum,
584 5000 658 5064 dum
685 4999 750 5063 iam
776 5001 818 5063 sit
839 4999 883 5062 ad
909 4999 968 5062 iter
990 4997 1169 5062 Romanum
1192 5000 1343 5077 paratus,
1370 5013 1536 5076 papaeque
1563 4991 1825 5071 arehiepiscopum

172 5105 418 5170 Brundusinam
439 5108 468 5168 et
489 5105 557 5168 nus
579 5103 701 5186 nepotia
723 5103 921 5168 commendat.
1387 5099 1481 5174 1219,
1503 5097 1577 5158 ante
1599 5093 1683 5158 Mai.
1707 5093 1737 5156 9.

275 5213 973 5294 mmmmmwmmm

275 5310 331 5364 Ed,
351 5328 370 5365 a
391 5309 518 5373 Theium,
543 5307 607 5363 Cod.
626 5307 693 5377 dipl.
712 5307 781 5360 dam.
800 5310 877 5376 terap.
897 5323 919 5360 s.
939 5305 994 5361 sed.
1014 5309 1044 5373 I,
1064 5322 1094 5373 p.
1114 5310 1159 5368 50,
1177 5321 1203 5358 n.
1224 5309 1266 5359 rs.
1303 5305 1347 5359 De
1364 5307 1496 5375 corrupta
1513 5300 1597 5357 huius
1612 5299 1741 5370 epistolae
1757 5300 1824 5350 note

172 5395 363 5464 chronolopica
382 5397 419 5462 cf.
438 5393 679 5456 Bahman-Ficta,
697 5393 767 5463 Περ.
786 5395 856 5462 Imp.
875 5392 955 5446 Frid.
976 5393 1157 5456 II,n.101l.

280 5637 302 5706 ¹)
320 5639 420 5690 nrittant
438 5639 470 5692 lt.
