4604 6420
1031 411 1079 468 EX
1098 409 1273 467 aauuoun
1291 408 1328 463 IX
1349 401 1530 461 REGISTRO

1234 711 1320 784 523.

558 829 749 940 (drepanius
763 856 820 922 IX
839 877 926 938 papo
941 857 1072 940 anoni
1086 853 1234 920 Rnrrenst
1257 856 1286 916 et
1307 847 1483 934 I[otonni]
1497 846 1606 910 Barot
1625 844 1853 912 &marinensi
1874 844 2113 911 archidiaconis

450 964 479 1024 et
511 960 552 1028 G.
582 961 668 1026 Goin
702 961 850 1025 canonico
877 958 1026 1026 Itenrcnsn¹
1051 958 1196 1036 mandat,
1227 960 1263 1021 nt
1290 951 1499 1038 [Hernicum]
1527 949 1790 1030 oretricpiscopnnc
1823 947 2039 1014 Cotnricnsnn
2069 950 2113 1013 ad

450 1064 615 1128 cessionem
636 1063 797 1128 inducant.
845 1062 896 1149 ΟΥ.
921 1083 952 1129 n.
976 1063 1047 1128 520.
1723 1053 1817 1129 1233,
1838 1051 1948 1144 April,
1971 1055 2023 1118 19.

554 1183 636 1252 Grep.
653 1182 704 1236 IX
719 1183 787 1252 Rea.
811 1183 867 1237 Vol.
885 1181 939 1246 IV,
958 1185 990 1250 9;
1007 1180 1071 1236 Lib.
1093 1180 1162 1246 VII,
1181 1181 1226 1232 38.

450 1379 676 1471 Magistris
699 1377 875 1471 Hugoni
896 1375 1104 1450 Remensi
1133 1373 1226 1447 etl.
1250 1373 1382 1445 Baret
1401 1368 1751 1443 Cathaulonensi
1778 1366 2110 1441 archidiaconis
2172 1399 2183 1435 s

909 1502 951 1572 et
977 1495 1022 1570 G.
1051 1495 1163 1568 Goin
1190 1493 1408 1567 canonico
1436 1489 1655 1564 Remensi.

561 1646 643 1712 Cum
670 1646 840 1732 negotium
868 1645 1089 1731 inquisitionis
1120 1651 1233 1710 eontra
1264 1641 1487 1708 venerabilem
1519 1640 1654 1705 fratrem
1690 1646 1837 1703 nostrum
1872 1688 1879 1703 .
1905 1687 1912 1703 .
1944 1639 2109 1727 archiepi-

452 1769 589 1835 scopum
622 1747 854 1814 Ooloniensem
882 1748 974 1813 vobis
1009 1748 1071 1813 sub
1105 1753 1195 1813 certa
1229 1746 1333 1811 forma
1366 1744 1554 1810 duxerimus
1587 1741 1869 1822 committendum,
1904 1742 2109 1822 mandamus,

452 1853 604 1936 quatinus
628 1850 768 1917 eundem
791 1851 1075 1939 arehiepiscopum
1097 1858 1173 1916 aute
1203 1850 1313 1915 omnia
1342 1870 1476 1914 monere
1499 1870 1538 1912 ao
1565 1847 1719 1912 inducere
1748 1845 1887 1911 sollicite
1909 1847 2107 1934 procuretis,

451 1961 488 2020 ut
511 1955 609 2019 saluti
632 1975 690 2020 sue
713 1976 751 2019 eo
774 1953 860 2021 fame
883 1955 1018 2042 provide
1041 1955 1227 2033 consulens,
1249 1974 1309 2040 per
1331 1951 1511 2017 remedium
1534 1950 1596 2014 sibi
1620 1949 1792 2037 provideat
1813 1951 1984 2031 cessionis,
2008 1947 2106 2035 quam
2160 1981 2183 2018 a

452 2058 480 2122 si
503 2058 687 2123 faciendam
710 2057 852 2138 duxerit,
876 2059 981 2145 ipsam
1004 2058 1164 2123 studeatis
1187 2055 1335 2142 recipere
1351 2055 1424 2119 vioe
1446 2060 1572 2129 uostra;
1596 2055 1726 2141 proviso
1750 2075 1791 2119 nc
1814 2075 1873 2140 per
1890 2054 2109 2118 monitionem

451 2161 637 2227 huiusmodi
660 2163 847 2248 prosecutio
871 2163 996 2248 negotii
1019 2161 1200 2227 differatur.
1245 2158 1342 2248 Quod
1364 2159 1392 2222 si
1414 2180 1479 2223 non
1502 2179 1615 2223 ornnes
1640 2164 1702 2224 etc.

557 2281 634 2347 Dat.
655 2282 808 2349 Laterau.
831 2281 918 2346 XIII
939 2280 1014 2346 Kal.
1038 2277 1128 2362 Maii,
1152 2301 1237 2344 enno
1261 2279 1412 2366 septimo.

1077 2542 1488 2551 W—

1235 2783 1322 2857 frte.

560 2893 750 3004 Gramen
770 2923 826 2987 IX
840 2943 931 3004 papo
957 2926 1135 3006 waeposito
1161 2926 1281 2991 [fitensi
1302 2929 1332 2989 et
1351 2923 1532 2990 scholastico
1560 2926 1588 2987 ct
1610 2921 1807 2987 thesanario
1828 2921 1942 2989 Sancti
1962 2922 2114 2990 Severini

453 3024 647 3089 &loannis
667 3025 814 3105 nandat,
843 3029 879 3090 nt
899 3026 929 3090 si
948 3027 1170 3113 [Boldninns]
1191 3030 1351 3110 epncopns
1373 3026 1621 3110 Scrnrpatttcnsis
1643 3026 1679 3090 in
1698 3028 1893 3107 praepositos
1914 3027 2109 3094 Sanctorum
2164 3061 2187 3098 a

451 3127 675 3208 Apostolorum
701 3133 730 3193 ct
761 3127 875 3195 Sancti
904 3131 1032 3214 Gccrpn‘i
1062 3131 1256 3198 Colcnnnsts
1286 3131 1613 3198 enconnnnnicattonis
1641 3131 1826 3195 sonantium
1848 3131 2112 3213 promanaverit,

450 3251 518 3294 cam
538 3231 662 3295 notitam
683 3250 747 3297 esse
768 3232 963 3300 muntiant.
1722 3237 1815 3309 1233,
1838 3234 1944 3315 April.
1967 3238 2021 3300 22.

555 3350 638 3422 arey.
657 3351 707 3405 rx
723 3352 792 3425 aa.
814 3351 874 3408 va.
892 3353 947 3424 rr,
966 3357 995 3420 a
1014 3352 1077 3410 nn.
1102 3355 1167 3420 νη,
1188 3359 1233 3409 er.

554 3603 564 3621 .
592 3601 602 3624 .
630 3548 862 3641 preposito
889 3549 1076 3624 Tilensi¹
1104 3550 1406 3626 Traiectensis
1432 3551 1647 3641 diocesis,
1676 3607 1685 3624 .
1715 3608 1723 3624 .
1753 3550 2000 3625 scolastico

703 3674 745 3743 et
772 3726 781 3745 .
811 3727 819 3744 .
847 3671 1133 3746 thesaurario
1161 3673 1309 3747 Sancti
1335 3671 1531 3746 Severini
1559 3670 1847 3745 Coloniensis.
2161 3705 2188 3744 a

556 3815 677 3882 Dileoti
705 3818 764 3883 tilii
793 3866 801 3882 .
826 3866 834 3881 .
860 3817 1054 3898 Sanctorum
1077 3819 1310 3908 Apostolorum
1340 3826 1373 3886 et
1400 3871 1408 3885 .
1433 3871 1439 3884 .
1465 3821 1576 3886 Sancti
1600 3819 1735 3906 Georgii
1764 3822 1977 3887 ecclesiarum
2006 3822 2109 3888 Colo-

449 3922 613 3987 niensium
644 3923 804 4009 prepositi
836 3943 895 3988 sua
920 3924 1016 3989 nobis
1046 3925 1267 3991 insinuatione
1296 3927 1523 4005 innotuerunt,
1556 3924 1643 4010 qnod
1672 3946 1745 3989 oum
1775 3927 1974 3990 venerabilis
2003 3927 2110 3992 frater

448 4033 562 4090 noster
597 4074 605 4090 .
631 4074 639 4090 .
677 4025 938 4111 Semigalliensis
973 4027 1148 4115 episcopus
1183 4030 1224 4094 sd
1260 4036 1371 4116 partes
1409 4029 1548 4094 Livonie
1585 4028 1714 4112 legatus
1754 4049 1774 4092 a
1810 4027 1888 4093 sede
1923 4031 2109 4116 apostolica

448 4129 652 4208 mitteretur,
683 4137 736 4194 eta
756 4150 816 4215 per
839 4129 1007 4195 civitatem
1030 4130 1261 4197 Coloniensem
1286 4133 1462 4197 transitum
1484 4131 1608 4197 faciens
1639 4152 1698 4217 pro
1728 4130 1855 4196 duobus
1887 4130 2004 4196 diebus
2028 4153 2106 4219 pro-

449 4232 651 4296 curationem
673 4231 832 4297 tredecim
854 4253 1035 4298 maroarum
1065 4237 1246 4322 recepisset
1272 4235 1410 4316 ibidem,
1440 4234 1647 4321 postmodum
1678 4255 1737 4320 per
1759 4234 1921 4320 quendam
1944 4235 2104 4302 clericum
2157 4263 2184 4303 25

449 4357 543 4399 sunm
561 4336 609 4399 eis
625 4357 684 4422 pro
703 4357 762 4400 sua
777 4337 945 4402 voluntate
969 4338 1143 4421 mandevit,
1166 4347 1202 4404 ut
1225 4340 1368 4405 inbono
1393 4340 1456 4416 sibi
1479 4337 1637 4425 palefrido
1661 4345 1695 4402 et
1718 4338 1858 4402 samario
1880 4338 2107 4424 providentes,

450 4438 524 4503 illos
547 4486 556 4502 .
581 4488 589 4504 .
612 4438 725 4502 abbati
747 4438 882 4505 Veteris
905 4440 1049 4507 Montis²
1073 4443 1280 4509 Coloniensis
1304 4443 1446 4509 diocesis
1471 4464 1530 4508 suo
1553 4442 1684 4506 uomina
1707 4440 1927 4524 destinarent,
1957 4443 2106 4529 alioquin

449 4542 483 4604 in
510 4540 623 4625 vigilis
650 4540 840 4608 festivitatis
865 4542 963 4609 beate
991 4546 1095 4611 Marie
1122 4546 1338 4632 Magdalene³
1368 4546 1518 4632 proximo
1545 4552 1623 4610 tnnc
1652 4545 1761 4610 futura
1787 4545 1821 4609 in
1849 4547 1919 4610 eius
1951 4553 2107 4612 curarent

449 4643 616 4730 presentia
644 4665 843 4731 comparere.
888 4648 1035 4735 (tumque
1067 4651 1167 4715 iidem
1197 4650 1356 4737 propositi
1383 4648 1469 4714 dicto
1500 4649 1611 4713 abbati
1639 4647 1680 4714 ad
1710 4669 1791 4735 opus
1821 4649 1924 4735 ipsius
1955 4650 2106 4738 episcopi

449 4753 517 4809 tam
547 4746 742 4831 palafridum
776 4770 872 4834 quam
907 4755 1083 4819 somarium
1114 4755 1389 4835 transmisissent,
1423 4752 1526 4818 abbas
1562 4754 1634 4839 ipse
1669 4774 1727 4839 pro
1762 4773 1820 4816 suo
1854 4753 1940 4818 velle
1973 4757 2105 4820 remisit
2159 4779 2185 4817 aa

450 4848 595 4914 eosdem.
639 4850 683 4915 Et
713 4855 859 4937 quamvis
891 4859 1061 4922 memorati
1091 4857 1266 4945 prepositi,
1297 4855 1486 4922 dubitantes
1515 4876 1557 4920 ne
1588 4856 1695 4920 dictus
1726 4856 1899 4943 episcopus
1929 4859 2104 4924 occasione

448 4952 635 5018 huiusmodi
659 4955 854 5040 procederet
876 4961 910 5024 in
932 4961 1041 5045 aliquo
1065 4968 1178 5025 contra
1199 4962 1307 5047 ipsos,
1337 4961 1378 5024 ad
1402 4959 1514 5025 sedern
1537 4959 1751 5046 apostolicam
1775 4960 1985 5046 appellarint,
2010 4971 2104 5050 post-

448 5055 578 5121 modum
601 5063 711 5122 tamen
734 5059 776 5124 ad
798 5082 858 5148 eos¹
879 5061 1009 5127 rediens
1033 5064 1170 5128 clericus
1193 5071 1270 5130 ante
1294 5063 1403 5128 dictus
1434 5063 1592 5144 asseruit,
1623 5062 1710 5147 quod
1734 5064 1902 5148 sepefatus
1926 5067 2104 5154 episcopus

448 5161 481 5222 in
510 5160 617 5247 ipsos,
649 5183 707 5249 pro
742 5185 781 5229 eo
815 5163 902 5250 quod
932 5171 1053 5230 statuto
1086 5167 1224 5231 termino
1261 5167 1294 5232 in
1325 5168 1395 5232 eius
1430 5189 1495 5232 non
1524 5172 1676 5231 curarant
1705 5168 1871 5254 presentia
1900 5189 2105 5256 comparere,

448 5265 646 5329 sententiam
691 5267 1038 5333 excommunicationis
1083 5272 1281 5356 protulerat,
1326 5278 1359 5336 et
1403 5269 1579 5336 mandabat
1622 5270 1921 5336 excommunicatos
1966 5274 2103 5359 publice
2157 5303 2184 5342 ss

1420 5440 1422 5446 ’
1441 5447 1478 5454 ο-
1809 5444 1995 5456 -a—-m—

553 5559 575 5626 ι)
592 5568 618 5613 at
634 5562 702 5613 dean
718 5563 747 5613 in
764 5561 796 5615 a.
887 5625 890 5642 Ι

550 5696 576 5764 1)
597 5695 690 5751 Hodie
713 5695 770 5750 rtet
786 5697 816 5752 r'n
831 5713 912 5768 prov.
931 5697 1057 5765 Geldan,
1077 5699 1114 5755 ud
1136 5699 1219 5756 Waat
1232 5703 1345 5774 flumen.
1405 5704 1433 5772 2)
1451 5702 1609 5773 Attenterp
1623 5718 1714 5774 prope
1735 5701 1883 5759 Coloniam.
1936 5703 1965 5774 3)
1983 5703 2040 5760 Iul.
2058 5712 2104 5766 21.
