<?xml version="1.0" encoding="UTF-8"?>
<!DOCTYPE html PUBLIC "-//W3C//DTD XHTML 1.0 Transitional//EN"
    "http://www.w3.org/TR/xhtml1/DTD/xhtml1-transitional.dtd">
<html xmlns="http://www.w3.org/1999/xhtml" xml:lang="en" lang="en">
 <head>
  <title>
</title>
<meta http-equiv="Content-Type" content="text/html;charset=utf-8" />
  <meta name='ocr-system' content='tesseract 3.04.00' />
  <meta name='ocr-capabilities' content='ocr_page ocr_carea ocr_par ocr_line ocrx_word'/>
</head>
<body>
  <div class='ocr_page' id='page_1' title='image "./monumentagerman00peipgoog/monumentagerman00peipgoog_0024.png"; bbox 0 0 4538 6426; ppageno 0'>
   <div class='ocr_carea' id='block_1_1' title="bbox 261 1471 1789 1641">
    <p class='ocr_par' dir='ltr' id='par_1_1' title="bbox 261 1471 1789 1730">
     <span class='ocr_line' id='line_1_1' title="bbox 261 1471 1789 1641; baseline 0.001 -6"><span class='ocrx_word' id='word_1_1' title='bbox 261 1479 420 1635; x_wconf 86' lang='lat' dir='ltr'><em>EX</em></span> <span class='ocrx_word' id='word_1_2' title='bbox 472 1471 969 1638; x_wconf 85' lang='lat' dir='ltr'>HONORII</span> <span class='ocrx_word' id='word_1_3' title='bbox 1023 1477 1154 1633; x_wconf 92' lang='lat' dir='ltr'><em>III</em></span> <span class='ocrx_word' id='word_1_4' title='bbox 1206 1473 1789 1641; x_wconf 81' lang='lat' dir='ltr'>REGISTRO.</span> 
     </span>
    </p>
   </div>
   <div class='ocr_carea' id='block_1_2' title="bbox 131 1909 1859 2330">
    <p class='ocr_par' dir='ltr' id='par_1_2' title="bbox 197 1909 1859 2225">
     <span class='ocr_line' id='line_1_2' title="bbox 309 1909 1859 2018; baseline 0.001 -19"><span class='ocrx_word' id='word_1_5' title='bbox 309 1909 497 2000; x_wconf 81' lang='lat' dir='ltr'><em>Honorias</em></span> <span class='ocrx_word' id='word_1_6' title='bbox 518 1935 586 1998; x_wconf 90' lang='lat' dir='ltr'><em>III</em></span> <span class='ocrx_word' id='word_1_7' title='bbox 602 1955 687 2014; x_wconf 71' lang='lat' dir='ltr'><em>propa</em></span> <span class='ocrx_word' id='word_1_8' title='bbox 709 1934 920 2018; x_wconf 77' lang='lat' dir='ltr'><em>[Iohannem]</em></span> <span class='ocrx_word' id='word_1_9' title='bbox 942 1956 1042 2017; x_wconf 76' lang='lat' dir='ltr'><em>repone</em></span> <span class='ocrx_word' id='word_1_10' title='bbox 1057 1934 1377 2018; x_wconf 77' lang='lat' dir='ltr'><em>Hierosolpnntunam</em></span> <span class='ocrx_word' id='word_1_11' title='bbox 1401 1927 1560 2000; x_wconf 79' lang='lat' dir='ltr'><em>cort-loreas</em></span> <span class='ocrx_word' id='word_1_12' title='bbox 1579 1937 1701 2018; x_wconf 80' lang='lat' dir='ltr'><em>faciens</em></span> <span class='ocrx_word' id='word_1_13' title='bbox 1722 1939 1759 2002; x_wconf 83' lang='lat' dir='ltr'><em>de</em></span> <span class='ocrx_word' id='word_1_14' title='bbox 1774 1938 1859 2002; x_wconf 81' lang='lat' dir='ltr'><em>obita</em></span> 
     </span>
     <span class='ocr_line' id='line_1_3' title="bbox 199 2038 1859 2122; baseline -0.002 -14"><span class='ocrx_word' id='word_1_15' title='bbox 199 2043 379 2108; x_wconf 60' lang='lat' dir='ltr'><em>Innocentio?</em></span> <span class='ocrx_word' id='word_1_16' title='bbox 403 2041 471 2104; x_wconf 88' lang='lat' dir='ltr'><em>III</em></span> <span class='ocrx_word' id='word_1_17' title='bbox 489 2061 595 2120; x_wconf 82' lang='lat' dir='ltr'><em>papae</em></span> <span class='ocrx_word' id='word_1_18' title='bbox 623 2043 652 2102; x_wconf 92' lang='lat' dir='ltr'><em>ct</em></span> <span class='ocrx_word' id='word_1_19' title='bbox 677 2038 714 2101; x_wconf 90' lang='lat' dir='ltr'><em>de</em></span> <span class='ocrx_word' id='word_1_20' title='bbox 743 2059 802 2102; x_wconf 86' lang='lat' dir='ltr'><em>sna</em></span> <span class='ocrx_word' id='word_1_21' title='bbox 829 2040 972 2102; x_wconf 75' lang='lat' dir='ltr'><em>electione</em></span> <span class='ocrx_word' id='word_1_22' title='bbox 1000 2039 1191 2118; x_wconf 79' lang='lat' dir='ltr'><em>ectrortatnr,</em></span> <span class='ocrx_word' id='word_1_23' title='bbox 1218 2043 1253 2102; x_wconf 91' lang='lat' dir='ltr'><em>nt</em></span> <span class='ocrx_word' id='word_1_24' title='bbox 1282 2040 1319 2103; x_wconf 89' lang='lat' dir='ltr'><em>de</em></span> <span class='ocrx_word' id='word_1_25' title='bbox 1346 2041 1469 2122; x_wconf 78' lang='lat' dir='ltr'><em>¹qraliae</em></span> <span class='ocrx_word' id='word_1_26' title='bbox 1497 2061 1572 2104; x_wconf 75' lang='lat' dir='ltr'><em>sinn</em></span> <span class='ocrx_word' id='word_1_27' title='bbox 1597 2041 1706 2121; x_wconf 79' lang='lat' dir='ltr'><em>facore</em></span> <span class='ocrx_word' id='word_1_28' title='bbox 1732 2061 1859 2105; x_wconf 82' lang='lat' dir='ltr'><em>securos</em></span> 
     </span>
     <span class='ocr_line' id='line_1_4' title="bbox 197 2141 1858 2225; baseline -0.003 -15"><span class='ocrx_word' id='word_1_29' title='bbox 197 2145 388 2224; x_wconf 80' lang='lat' dir='ltr'><em>mrssortetnr</em></span> <span class='ocrx_word' id='word_1_30' title='bbox 410 2145 445 2206; x_wconf 86' lang='lat' dir='ltr'><em>ia</em></span> <span class='ocrx_word' id='word_1_31' title='bbox 460 2141 613 2220; x_wconf 64' lang='lat' dir='ltr'><em>Derai-rim</em></span> <span class='ocrx_word' id='word_1_32' title='bbox 634 2162 666 2205; x_wconf 87' lang='lat' dir='ltr'><em>se</em></span> <span class='ocrx_word' id='word_1_33' title='bbox 687 2143 771 2204; x_wconf 88' lang='lat' dir='ltr'><em>enlm</em></span> <span class='ocrx_word' id='word_1_34' title='bbox 792 2141 835 2204; x_wconf 72' lang='lat' dir='ltr'><em>ael</em></span> <span class='ocrx_word' id='word_1_35' title='bbox 856 2142 1070 2206; x_wconf 69' lang='lat' dir='ltr'><em>liberationem</em></span> <span class='ocrx_word' id='word_1_36' title='bbox 1088 2142 1203 2206; x_wconf 82' lang='lat' dir='ltr'><em>Terrae</em></span> <span class='ocrx_word' id='word_1_37' title='bbox 1226 2143 1361 2207; x_wconf 84' lang='lat' dir='ltr'><em>Sanctae</em></span> <span class='ocrx_word' id='word_1_38' title='bbox 1382 2145 1460 2208; x_wconf 87' lang='lat' dir='ltr'><em>votis</em></span> <span class='ocrx_word' id='word_1_39' title='bbox 1483 2164 1546 2208; x_wconf 91' lang='lat' dir='ltr'><em>non</em></span> <span class='ocrx_word' id='word_1_40' title='bbox 1568 2146 1742 2208; x_wconf 85' lang='lat' dir='ltr'><em>raineritns</em></span> <span class='ocrx_word' id='word_1_41' title='bbox 1764 2165 1858 2225; x_wconf 73' lang='lat' dir='ltr'><em>qrirrrn</em></span> 
     </span>
    </p>

    <p class='ocr_par' dir='ltr' id='par_1_3' title="bbox 131 2246 1770 2330">
     <span class='ocr_line' id='line_1_5' title="bbox 131 2246 1770 2330; baseline -0.001 -18"><span class='ocrx_word' id='word_1_42' title='bbox 131 2262 143 2296; x_wconf 71' lang='lat'>⁵</span> <span class='ocrx_word' id='word_1_43' title='bbox 194 2249 463 2330; x_wconf 77' lang='lat' dir='ltr'><em>praedecessorem</em></span> <span class='ocrx_word' id='word_1_44' title='bbox 484 2265 575 2310; x_wconf 71' lang='lat' dir='ltr'><em>scenos</em></span> <span class='ocrx_word' id='word_1_45' title='bbox 598 2246 752 2324; x_wconf 67' lang='lat' dir='ltr'><em>esperare.</em></span> <span class='ocrx_word' id='word_1_46' title='bbox 1513 2251 1607 2329; x_wconf 79' lang='lat'><em>1216,</em></span> <span class='ocrx_word' id='word_1_47' title='bbox 1631 2248 1697 2312; x_wconf 90' lang='lat' dir='ltr'><em>Inl.</em></span> <span class='ocrx_word' id='word_1_48' title='bbox 1718 2249 1770 2311; x_wconf 82' lang='lat'><em>25.</em></span> 
     </span>
    </p>
   </div>
   <div class='ocr_carea' id='block_1_3' title="bbox 304 2363 1481 2522">
    <p class='ocr_par' dir='ltr' id='par_1_4' title="bbox 304 2363 1481 2522">
     <span class='ocr_line' id='line_1_6' title="bbox 306 2363 1481 2435; baseline -0.003 -13"><span class='ocrx_word' id='word_1_49' title='bbox 306 2368 379 2422; x_wconf 73' lang='lat' dir='ltr'><em>Hora.</em></span> <span class='ocrx_word' id='word_1_50' title='bbox 397 2366 457 2420; x_wconf 91' lang='grc' dir='ltr'><em>ΙΙΙ</em></span> <span class='ocrx_word' id='word_1_51' title='bbox 472 2365 539 2435; x_wconf 80' lang='lat' dir='ltr'><em>Rep.</em></span> <span class='ocrx_word' id='word_1_52' title='bbox 557 2365 621 2418; x_wconf 84' lang='lat' dir='ltr'><em>Lit.</em></span> <span class='ocrx_word' id='word_1_53' title='bbox 640 2364 666 2428; x_wconf 91' lang='lat' dir='ltr'><em>I,</em></span> <span class='ocrx_word' id='word_1_54' title='bbox 683 2369 707 2418; x_wconf 85' lang='lat'><em>1.</em></span> <span class='ocrx_word' id='word_1_55' title='bbox 742 2363 862 2418; x_wconf 80' lang='lat' dir='ltr'><em>Edimns</em></span> <span class='ocrx_word' id='word_1_56' title='bbox 880 2381 894 2417; x_wconf 89' lang='lat' dir='ltr'><em>e</em></span> <span class='ocrx_word' id='word_1_57' title='bbox 913 2363 1007 2432; x_wconf 74' lang='lat' dir='ltr'><em>Rapa.</em></span> <span class='ocrx_word' id='word_1_58' title='bbox 1027 2366 1097 2416; x_wconf 81' lang='lat' dir='ltr'><em>Ana.</em></span> <span class='ocrx_word' id='word_1_59' title='bbox 1117 2364 1177 2416; x_wconf 84' lang='lat' dir='ltr'><em>ecel.</em></span> <span class='ocrx_word' id='word_1_60' title='bbox 1196 2380 1222 2416; x_wconf 87' lang='grc' dir='ltr'><em>α.</em></span> <span class='ocrx_word' id='word_1_61' title='bbox 1241 2367 1318 2428; x_wconf 76' lang='lat'><em>1216,</em></span> <span class='ocrx_word' id='word_1_62' title='bbox 1335 2369 1352 2430; x_wconf 60' lang='grc' dir='ltr'><em>ς’</em></span> <span class='ocrx_word' id='word_1_63' title='bbox 1371 2370 1481 2422; x_wconf 81' lang='grc'><strong><em>18-19.</em></strong></span> 
     </span>
     <span class='ocr_line' id='line_1_7' title="bbox 304 2453 1210 2522; baseline -0.013 -14"><span class='ocrx_word' id='word_1_64' title='bbox 304 2454 438 2516; x_wconf 84' lang='lat' dir='ltr'><em>Pottttaat,</em></span> <span class='ocrx_word' id='word_1_65' title='bbox 457 2453 526 2522; x_wconf 81' lang='lat' dir='ltr'><em>Rep.</em></span> <span class='ocrx_word' id='word_1_66' title='bbox 547 2455 626 2506; x_wconf 81' lang='lat'><strong><em>5317.</em></strong></span> <span class='ocrx_word' id='word_1_67' title='bbox 1207 2473 1210 2482; x_wconf 56' lang='grc' dir='ltr'><em>ι</em></span> 
     </span>
    </p>
   </div>
   <div class='ocr_carea' id='block_1_4' title="bbox 788 2644 1273 2737">
    <p class='ocr_par' dir='ltr' id='par_1_5' title="bbox 788 2644 1273 2737">
     <span class='ocr_line' id='line_1_8' title="bbox 788 2644 1273 2737; baseline 0 -19"><span class='ocrx_word' id='word_1_68' title='bbox 788 2644 1144 2719; x_wconf 87' lang='lat' dir='ltr'><em>lerosolimitano</em></span> <span class='ocrx_word' id='word_1_69' title='bbox 1171 2644 1273 2737; x_wconf 85' lang='lat' dir='ltr'><em>regi.</em></span> 
     </span>
    </p>
   </div>
   <div class='ocr_carea' id='block_1_5' title="bbox 118 2793 2021 5054">
    <p class='ocr_par' dir='ltr' id='par_1_6' title="bbox 118 2793 2021 5054">
     <span class='ocr_line' id='line_1_9' title="bbox 309 2793 1858 2886; baseline -0.001 -21"><span class='ocrx_word' id='word_1_70' title='bbox 309 2801 448 2884; x_wconf 85' lang='lat' dir='ltr'><em>Magnus</em></span> <span class='ocrx_word' id='word_1_71' title='bbox 469 2796 630 2860; x_wconf 83' lang='lat' dir='ltr'>Dominus</span> <span class='ocrx_word' id='word_1_72' title='bbox 654 2801 687 2859; x_wconf 91' lang='lat' dir='ltr'><em>et</em></span> <span class='ocrx_word' id='word_1_73' title='bbox 709 2793 881 2858; x_wconf 86' lang='lat' dir='ltr'><em>laudabilis</em></span> <span class='ocrx_word' id='word_1_74' title='bbox 904 2794 1000 2858; x_wconf 92' lang='lat' dir='ltr'><em>nimis</em></span> <span class='ocrx_word' id='word_1_75' title='bbox 1023 2797 1076 2857; x_wconf 88' lang='lat' dir='ltr'><em>ete.</em></span> <span class='ocrx_word' id='word_1_76' title='bbox 1094 2793 1272 2858; x_wconf 82' lang='lat' dir='ltr'><em>—Felicis</em></span> <span class='ocrx_word' id='word_1_77' title='bbox 1300 2794 1535 2861; x_wconf 90' lang='lat' dir='ltr'><em>recordationis</em></span> <span class='ocrx_word' id='word_1_78' title='bbox 1559 2797 1749 2863; x_wconf 79' lang='lat' dir='ltr'><em>Innocentio</em></span> <span class='ocrx_word' id='word_1_79' title='bbox 1773 2822 1858 2886; x_wconf 86' lang='lat' dir='ltr'><em>papa</em></span> 
     </span>
     <span class='ocr_line' id='line_1_10' title="bbox 118 2897 1857 2991; baseline 0 -25"><span class='ocrx_word' id='word_1_80' title='bbox 118 2931 145 2967; x_wconf 84' lang='lat' dir='ltr'><em>m</em></span> <span class='ocrx_word' id='word_1_81' title='bbox 200 2903 435 2991; x_wconf 81' lang='lat' dir='ltr'><em>predecessore</em></span> <span class='ocrx_word' id='word_1_82' title='bbox 448 2907 559 2966; x_wconf 91' lang='lat' dir='ltr'><em>nostro</em></span> <span class='ocrx_word' id='word_1_83' title='bbox 571 2897 840 2985; x_wconf 90' lang='lat' dir='ltr'><em>septimodecimo</em></span> <span class='ocrx_word' id='word_1_84' title='bbox 852 2897 927 2962; x_wconf 88' lang='lat' dir='ltr'><em>Kal.</em></span> <span class='ocrx_word' id='word_1_85' title='bbox 942 2897 1094 2982; x_wconf 81' lang='lat' dir='ltr'><em>Augusti,</em></span> <span class='ocrx_word' id='word_1_86' title='bbox 1112 2898 1217 2962; x_wconf 91' lang='lat' dir='ltr'><em>soluto</em></span> <span class='ocrx_word' id='word_1_87' title='bbox 1235 2897 1346 2961; x_wconf 88' lang='lat' dir='ltr'><em>debito</em></span> <span class='ocrx_word' id='word_1_88' title='bbox 1358 2900 1475 2978; x_wconf 84' lang='lat' dir='ltr'><em>carnis,</em></span> <span class='ocrx_word' id='word_1_89' title='bbox 1491 2899 1532 2963; x_wconf 89' lang='lat' dir='ltr'><em>ad</em></span> <span class='ocrx_word' id='word_1_90' title='bbox 1545 2901 1713 2986; x_wconf 84' lang='lat' dir='ltr'><em>regionem</em></span> <span class='ocrx_word' id='word_1_91' title='bbox 1728 2910 1857 2966; x_wconf 88' lang='lat' dir='ltr'><em>sancto·</em></span> 
     </span>
     <span class='ocr_line' id='line_1_11' title="bbox 199 3000 1857 3093; baseline -0.001 -21"><span class='ocrx_word' id='word_1_92' title='bbox 199 3029 271 3072; x_wconf 90' lang='lat' dir='ltr'><em>rum</em></span> <span class='ocrx_word' id='word_1_93' title='bbox 293 3007 464 3093; x_wconf 85' lang='lat' dir='ltr'><em>spirituum</em></span> <span class='ocrx_word' id='word_1_94' title='bbox 487 3010 523 3068; x_wconf 93' lang='lat' dir='ltr'><em>ut</em></span> <span class='ocrx_word' id='word_1_95' title='bbox 546 3003 707 3067; x_wconf 90' lang='lat' dir='ltr'><em>credimus</em></span> <span class='ocrx_word' id='word_1_96' title='bbox 731 3008 877 3080; x_wconf 87' lang='lat' dir='ltr'><em>evocato,</em></span> <span class='ocrx_word' id='word_1_97' title='bbox 901 3007 934 3066; x_wconf 89' lang='lat' dir='ltr'><em>et</em></span> <span class='ocrx_word' id='word_1_98' title='bbox 958 3002 1109 3087; x_wconf 81' lang='lat' dir='ltr'><em>sequenti</em></span> <span class='ocrx_word' id='word_1_99' title='bbox 1133 3000 1185 3066; x_wconf 91' lang='lat' dir='ltr'><em>die</em></span> <span class='ocrx_word' id='word_1_100' title='bbox 1209 3001 1382 3066; x_wconf 88' lang='lat' dir='ltr'><em>celebratis</em></span> <span class='ocrx_word' id='word_1_101' title='bbox 1405 3004 1554 3087; x_wconf 84' lang='lat' dir='ltr'><em>exequiis</em></span> <span class='ocrx_word' id='word_1_102' title='bbox 1578 3025 1616 3068; x_wconf 86' lang='lat' dir='ltr'><em>ao</em></span> <span class='ocrx_word' id='word_1_103' title='bbox 1639 3027 1712 3069; x_wconf 91' lang='lat' dir='ltr'><em>cum</em></span> <span class='ocrx_word' id='word_1_104' title='bbox 1735 3005 1857 3070; x_wconf 90' lang='lat' dir='ltr'><em>honore</em></span> 
     </span>
     <span class='ocr_line' id='line_1_12' title="bbox 199 3104 1858 3193; baseline -0.002 -17"><span class='ocrx_word' id='word_1_105' title='bbox 199 3111 311 3176; x_wconf 90' lang='lat' dir='ltr'><em>debito</em></span> <span class='ocrx_word' id='word_1_106' title='bbox 340 3110 499 3175; x_wconf 85' lang='lat' dir='ltr'><em>collocato</em></span> <span class='ocrx_word' id='word_1_107' title='bbox 526 3107 628 3192; x_wconf 86' lang='lat' dir='ltr'><em>ipsius</em></span> <span class='ocrx_word' id='word_1_108' title='bbox 656 3126 790 3191; x_wconf 89' lang='lat' dir='ltr'><em>corpore</em></span> <span class='ocrx_word' id='word_1_109' title='bbox 817 3106 850 3168; x_wconf 94' lang='lat' dir='ltr'><em>in</em></span> <span class='ocrx_word' id='word_1_110' title='bbox 880 3105 1045 3191; x_wconf 91' lang='lat' dir='ltr'><em>sepulcro,</em></span> <span class='ocrx_word' id='word_1_111' title='bbox 1074 3125 1140 3169; x_wconf 86' lang='lat' dir='ltr'><em>una</em></span> <span class='ocrx_word' id='word_1_112' title='bbox 1167 3126 1240 3169; x_wconf 93' lang='lat' dir='ltr'><em>cum</em></span> <span class='ocrx_word' id='word_1_113' title='bbox 1270 3104 1425 3170; x_wconf 86' lang='lat' dir='ltr'><em>fratribus</em></span> <span class='ocrx_word' id='word_1_114' title='bbox 1452 3107 1573 3170; x_wconf 89' lang='lat' dir='ltr'><em>nostris</em></span> <span class='ocrx_word' id='word_1_115' title='bbox 1601 3107 1643 3171; x_wconf 86' lang='lat' dir='ltr'><em>ad</em></span> <span class='ocrx_word' id='word_1_116' title='bbox 1672 3109 1858 3193; x_wconf 90' lang='lat' dir='ltr'><em>eligendum</em></span> 
     </span>
     <span class='ocr_line' id='line_1_13' title="bbox 199 3207 1857 3299; baseline 0 -20"><span class='ocrx_word' id='word_1_117' title='bbox 199 3214 410 3279; x_wconf 85' lang='lat' dir='ltr'><em>convenimus</em></span> <span class='ocrx_word' id='word_1_118' title='bbox 445 3231 685 3289; x_wconf 81' lang='lat' dir='ltr'><em>successorem,</em></span> <span class='ocrx_word' id='word_1_119' title='bbox 719 3213 753 3274; x_wconf 89' lang='lat' dir='ltr'><em>et</em></span> <span class='ocrx_word' id='word_1_120' title='bbox 783 3207 836 3272; x_wconf 90' lang='lat' dir='ltr'><em>die</em></span> <span class='ocrx_word' id='word_1_121' title='bbox 869 3208 981 3288; x_wconf 88' lang='lat' dir='ltr'><em>tertio,</em></span> <span class='ocrx_word' id='word_1_122' title='bbox 1017 3207 1157 3294; x_wconf 81' lang='lat' dir='ltr'><em>Spiritus</em></span> <span class='ocrx_word' id='word_1_123' title='bbox 1192 3210 1296 3274; x_wconf 85' lang='lat' dir='ltr'><em>sancti</em></span> <span class='ocrx_word' id='word_1_124' title='bbox 1330 3211 1437 3295; x_wconf 87' lang='lat' dir='ltr'><em>gratia</em></span> <span class='ocrx_word' id='word_1_125' title='bbox 1466 3211 1632 3292; x_wconf 88' lang='lat' dir='ltr'><em>invocata,</em></span> <span class='ocrx_word' id='word_1_126' title='bbox 1670 3235 1768 3299; x_wconf 89' lang='lat' dir='ltr'><em>super</em></span> <span class='ocrx_word' id='word_1_127' title='bbox 1795 3213 1857 3278; x_wconf 92' lang='lat' dir='ltr'><em>hoc</em></span> 
     </span>
     <span class='ocr_line' id='line_1_14' title="bbox 199 3312 1858 3399; baseline -0.003 -15"><span class='ocrx_word' id='word_1_128' title='bbox 199 3317 410 3384; x_wconf 78' lang='lat' dir='ltr'><em>tractavimus</em></span> <span class='ocrx_word' id='word_1_129' title='bbox 433 3315 622 3399; x_wconf 86' lang='lat' dir='ltr'><em>diligenter,</em></span> <span class='ocrx_word' id='word_1_130' title='bbox 657 3319 787 3398; x_wconf 90' lang='lat' dir='ltr'><em>etpost</em></span> <span class='ocrx_word' id='word_1_131' title='bbox 810 3319 984 3377; x_wconf 87' lang='lat' dir='ltr'><em>tractatum</em></span> <span class='ocrx_word' id='word_1_132' title='bbox 1014 3312 1174 3377; x_wconf 92' lang='lat' dir='ltr'><em>diutinum</em></span> <span class='ocrx_word' id='word_1_133' title='bbox 1198 3314 1321 3399; x_wconf 81' lang='lat' dir='ltr'><em>placuit</em></span> <span class='ocrx_word' id='word_1_134' title='bbox 1343 3315 1498 3379; x_wconf 83' lang='lat' dir='ltr'><em>tratribus</em></span> <span class='ocrx_word' id='word_1_135' title='bbox 1522 3315 1684 3380; x_wconf 88' lang='lat' dir='ltr'><em>universis</em></span> <span class='ocrx_word' id='word_1_136' title='bbox 1713 3314 1858 3380; x_wconf 91' lang='lat' dir='ltr'><em>humeris</em></span> 
     </span>
     <span class='ocr_line' id='line_1_15' title="bbox 200 3417 1858 3506; baseline -0.001 -21"><span class='ocrx_word' id='word_1_137' title='bbox 200 3421 333 3499; x_wconf 80' lang='lat' dir='ltr'><em>nostris,</em></span> <span class='ocrx_word' id='word_1_138' title='bbox 364 3418 511 3505; x_wconf 88' lang='lat' dir='ltr'><em>quamvis</em></span> <span class='ocrx_word' id='word_1_139' title='bbox 540 3417 828 3496; x_wconf 81' lang='lat' dir='ltr'><em>insufficientibus,</em></span> <span class='ocrx_word' id='word_1_140' title='bbox 856 3418 1023 3503; x_wconf 88' lang='lat' dir='ltr'><em>imponere</em></span> <span class='ocrx_word' id='word_1_141' title='bbox 1051 3438 1131 3481; x_wconf 92' lang='lat' dir='ltr'><em>onus</em></span> <span class='ocrx_word' id='word_1_142' title='bbox 1161 3417 1259 3483; x_wconf 89' lang='lat' dir='ltr'><em>istud.</em></span> <span class='ocrx_word' id='word_1_143' title='bbox 1310 3418 1353 3482; x_wconf 83' lang='lat' dir='ltr'><em>Et</em></span> <span class='ocrx_word' id='word_1_144' title='bbox 1375 3418 1454 3483; x_wconf 91' lang='lat' dir='ltr'><em>licet</em></span> <span class='ocrx_word' id='word_1_145' title='bbox 1475 3419 1509 3482; x_wconf 91' lang='lat' dir='ltr'><em>iu</em></span> <span class='ocrx_word' id='word_1_146' title='bbox 1532 3419 1645 3506; x_wconf 89' lang='lat' dir='ltr'><em>primis</em></span> <span class='ocrx_word' id='word_1_147' title='bbox 1669 3418 1858 3484; x_wconf 84' lang='lat' dir='ltr'><em>duxerimus</em></span> 
     </span>
     <span class='ocr_line' id='line_1_16' title="bbox 199 3519 1858 3603; baseline -0.001 -14"><span class='ocrx_word' id='word_1_148' title='bbox 199 3522 433 3602; x_wconf 88' lang='lat' dir='ltr'><em>resistendum,</em></span> <span class='ocrx_word' id='word_1_149' title='bbox 464 3543 505 3586; x_wconf 90' lang='lat' dir='ltr'><em>ne</em></span> <span class='ocrx_word' id='word_1_150' title='bbox 533 3527 642 3585; x_wconf 86' lang='lat' dir='ltr'><em>tamen</em></span> <span class='ocrx_word' id='word_1_151' title='bbox 668 3520 855 3585; x_wconf 88' lang='lat' dir='ltr'><em>videremur</em></span> <span class='ocrx_word' id='word_1_152' title='bbox 878 3521 1043 3584; x_wconf 91' lang='lat' dir='ltr'><em>vocationi</em></span> <span class='ocrx_word' id='word_1_153' title='bbox 1066 3519 1174 3584; x_wconf 87' lang='lat' dir='ltr'><em>divine</em></span> <span class='ocrx_word' id='word_1_154' title='bbox 1198 3522 1370 3603; x_wconf 89' lang='lat' dir='ltr'><em>resistere,</em></span> <span class='ocrx_word' id='word_1_155' title='bbox 1399 3522 1608 3586; x_wconf 88' lang='lat' dir='ltr'><em>submisimus</em></span> <span class='ocrx_word' id='word_1_156' title='bbox 1635 3521 1789 3588; x_wconf 88' lang='lat' dir='ltr'><em>humeros</em></span> <span class='ocrx_word' id='word_1_157' title='bbox 1818 3522 1858 3587; x_wconf 90' lang='lat' dir='ltr'><em>ad</em></span> 
     </span>
     <span class='ocr_line' id='line_1_17' title="bbox 197 3624 2010 3714; baseline 0.003 -22"><span class='ocrx_word' id='word_1_158' title='bbox 197 3625 408 3714; x_wconf 74' lang='lat' dir='ltr'><em>portandum,</em></span> <span class='ocrx_word' id='word_1_159' title='bbox 436 3632 606 3711; x_wconf 83' lang='lat' dir='ltr'><em>sperantes</em></span> <span class='ocrx_word' id='word_1_160' title='bbox 629 3625 663 3688; x_wconf 94' lang='lat' dir='ltr'><em>in</em></span> <span class='ocrx_word' id='word_1_161' title='bbox 691 3645 732 3688; x_wconf 90' lang='lat' dir='ltr'><em>eo</em></span> <span class='ocrx_word' id='word_1_162' title='bbox 762 3624 817 3709; x_wconf 94' lang='lat' dir='ltr'><em>qui</em></span> <span class='ocrx_word' id='word_1_163' title='bbox 843 3624 972 3708; x_wconf 83' lang='lat' dir='ltr'><em>linguas</em></span> <span class='ocrx_word' id='word_1_164' title='bbox 999 3624 1169 3700; x_wconf 86' lang='lat' dir='ltr'><em>infantium</em></span> <span class='ocrx_word' id='word_1_165' title='bbox 1192 3624 1271 3688; x_wconf 88' lang='lat' dir='ltr'><em>fecit</em></span> <span class='ocrx_word' id='word_1_166' title='bbox 1294 3625 1450 3704; x_wconf 89' lang='lat' dir='ltr'><em>disertas,</em></span> <span class='ocrx_word' id='word_1_167' title='bbox 1480 3624 1566 3709; x_wconf 93' lang='lat' dir='ltr'><em>quod</em></span> <span class='ocrx_word' id='word_1_168' title='bbox 1589 3625 1675 3711; x_wconf 89' lang='lat' dir='ltr'><em>ipse,</em></span> <span class='ocrx_word' id='word_1_169' title='bbox 1706 3628 1761 3713; x_wconf 93' lang='lat' dir='ltr'><em>qui</em></span> <span class='ocrx_word' id='word_1_170' title='bbox 1783 3636 1859 3692; x_wconf 88' lang='lat' dir='ltr'><em>vota</em></span> <span class='ocrx_word' id='word_1_171' title='bbox 1878 3643 1929 3698; x_wconf 74' lang='lat' dir='ltr'><em>Sar·</em></span> <span class='ocrx_word' id='word_1_172' title='bbox 1947 3650 2010 3694; x_wconf 68' lang='lat' dir='ltr'><em>rom.</em></span> 
     </span>
     <span class='ocr_line' id='line_1_18' title="bbox 198 3719 1859 3816; baseline -0.001 -19"><span class='ocrx_word' id='word_1_173' title='bbox 198 3719 335 3797; x_wconf 79' lang='lat' dir='ltr'><em>fratrum</em></span> <span class='ocrx_word' id='word_1_174' title='bbox 351 3729 524 3816; x_wconf 90' lang='lat' dir='ltr'><em>aspirando</em></span> <span class='ocrx_word' id='word_1_175' title='bbox 537 3729 696 3814; x_wconf 89' lang='lat' dir='ltr'><em>prevenit,</em></span> <span class='ocrx_word' id='word_1_176' title='bbox 717 3735 933 3813; x_wconf 89' lang='lat' dir='ltr'><em>prosequetur</em></span> <span class='ocrx_word' id='word_1_177' title='bbox 949 3728 1047 3791; x_wconf 90' lang='lat' dir='ltr'><em>etiam</em></span> <span class='ocrx_word' id='word_1_178' title='bbox 1065 3727 1258 3792; x_wconf 87' lang='lat' dir='ltr'><em>adiuvando.</em></span> <span class='ocrx_word' id='word_1_179' title='bbox 1292 3727 1460 3792; x_wconf 82' lang='lat' dir='ltr'><em>Fiduciam</em></span> <span class='ocrx_word' id='word_1_180' title='bbox 1481 3729 1569 3793; x_wconf 90' lang='lat' dir='ltr'><em>enim</em></span> <span class='ocrx_word' id='word_1_181' title='bbox 1584 3729 1684 3794; x_wconf 88' lang='lat' dir='ltr'><em>talem</em></span> <span class='ocrx_word' id='word_1_182' title='bbox 1701 3729 1859 3796; x_wconf 89' lang='lat' dir='ltr'><em>habemus</em></span> 
     </span>
     <span class='ocr_line' id='line_1_19' title="bbox 199 3829 1859 3922; baseline 0 -23"><span class='ocrx_word' id='word_1_183' title='bbox 199 3857 260 3922; x_wconf 90' lang='lat' dir='ltr'><em>per</em></span> <span class='ocrx_word' id='word_1_184' title='bbox 275 3833 440 3899; x_wconf 78' lang='lat' dir='ltr'><em>Christum</em></span> <span class='ocrx_word' id='word_1_185' title='bbox 462 3832 503 3897; x_wconf 87' lang='lat' dir='ltr'><em>ad</em></span> <span class='ocrx_word' id='word_1_186' title='bbox 523 3831 642 3908; x_wconf 89' lang='lat' dir='ltr'><em>Deum,</em></span> <span class='ocrx_word' id='word_1_187' title='bbox 665 3851 731 3894; x_wconf 92' lang='lat' dir='ltr'><em>non</em></span> <span class='ocrx_word' id='word_1_188' title='bbox 754 3829 840 3915; x_wconf 90' lang='lat' dir='ltr'><em>quod</em></span> <span class='ocrx_word' id='word_1_189' title='bbox 863 3829 1066 3896; x_wconf 85' lang='lat' dir='ltr'><em>sufficientes</em></span> <span class='ocrx_word' id='word_1_190' title='bbox 1090 3831 1191 3895; x_wconf 91' lang='lat' dir='ltr'><em>simus</em></span> <span class='ocrx_word' id='word_1_191' title='bbox 1215 3831 1360 3914; x_wconf 90' lang='lat' dir='ltr'><em>cogitare</em></span> <span class='ocrx_word' id='word_1_192' title='bbox 1384 3831 1506 3915; x_wconf 88' lang='lat' dir='ltr'><em>aliquid</em></span> <span class='ocrx_word' id='word_1_193' title='bbox 1528 3852 1549 3895; x_wconf 89' lang='lat' dir='ltr'><em>a</em></span> <span class='ocrx_word' id='word_1_194' title='bbox 1570 3831 1675 3911; x_wconf 90' lang='lat' dir='ltr'><em>nobis,</em></span> <span class='ocrx_word' id='word_1_195' title='bbox 1700 3834 1793 3917; x_wconf 87' lang='lat' dir='ltr'><em>quasi</em></span> <span class='ocrx_word' id='word_1_196' title='bbox 1816 3857 1859 3899; x_wconf 88' lang='lat' dir='ltr'><em>ex</em></span> 
     </span>
     <span class='ocr_line' id='line_1_20' title="bbox 120 3933 1858 4020; baseline 0 -20"><span class='ocrx_word' id='word_1_197' title='bbox 120 3963 143 4000; x_wconf 88' lang='lat'><em>·.·</em></span> <span class='ocrx_word' id='word_1_198' title='bbox 202 3938 308 4019; x_wconf 89' lang='lat' dir='ltr'><em>nobis,</em></span> <span class='ocrx_word' id='word_1_199' title='bbox 331 3937 390 4003; x_wconf 90' lang='lat' dir='ltr'><em>sed</em></span> <span class='ocrx_word' id='word_1_200' title='bbox 412 3942 524 4001; x_wconf 86' lang='lat' dir='ltr'><em>nostre</em></span> <span class='ocrx_word' id='word_1_201' title='bbox 546 3934 741 3999; x_wconf 79' lang='lat' dir='ltr'><em>sufficientia</em></span> <span class='ocrx_word' id='word_1_202' title='bbox 764 3941 815 3998; x_wconf 89' lang='lat' dir='ltr'><em>est</em></span> <span class='ocrx_word' id='word_1_203' title='bbox 838 3955 881 3999; x_wconf 86' lang='lat' dir='ltr'><em>ex</em></span> <span class='ocrx_word' id='word_1_204' title='bbox 902 3933 990 4020; x_wconf 90' lang='lat' dir='ltr'><em>Deo,</em></span> <span class='ocrx_word' id='word_1_205' title='bbox 1014 3933 1070 4019; x_wconf 93' lang='lat' dir='ltr'><em>qui</em></span> <span class='ocrx_word' id='word_1_206' title='bbox 1093 3954 1153 3998; x_wconf 92' lang='lat' dir='ltr'><em>nos</em></span> <span class='ocrx_word' id='word_1_207' title='bbox 1176 3933 1216 3997; x_wconf 88' lang='lat' dir='ltr'><em>ad</em></span> <span class='ocrx_word' id='word_1_208' title='bbox 1233 3953 1328 3997; x_wconf 92' lang='lat' dir='ltr'><em>suum</em></span> <span class='ocrx_word' id='word_1_209' title='bbox 1350 3933 1565 3998; x_wconf 91' lang='lat' dir='ltr'><em>ministerium</em></span> <span class='ocrx_word' id='word_1_210' title='bbox 1580 3935 1740 3998; x_wconf 90' lang='lat' dir='ltr'><em>evocavit.</em></span> <span class='ocrx_word' id='word_1_211' title='bbox 1785 3935 1858 4000; x_wconf 90' lang='lat' dir='ltr'><em>Non</em></span> 
     </span>
     <span class='ocr_line' id='line_1_21' title="bbox 202 4037 1857 4126; baseline -0.002 -21"><span class='ocrx_word' id='word_1_212' title='bbox 202 4062 281 4125; x_wconf 91' lang='lat' dir='ltr'><em>ergo</em></span> <span class='ocrx_word' id='word_1_213' title='bbox 298 4047 431 4126; x_wconf 89' lang='lat' dir='ltr'><em>propter</em></span> <span class='ocrx_word' id='word_1_214' title='bbox 451 4038 575 4103; x_wconf 92' lang='lat' dir='ltr'><em>obitum</em></span> <span class='ocrx_word' id='word_1_215' title='bbox 590 4037 709 4123; x_wconf 84' lang='lat' dir='ltr'><em>prefati</em></span> <span class='ocrx_word' id='word_1_216' title='bbox 729 4037 975 4124; x_wconf 86' lang='lat' dir='ltr'><em>predecessoris</em></span> <span class='ocrx_word' id='word_1_217' title='bbox 999 4037 1102 4101; x_wconf 90' lang='lat' dir='ltr'><em>nostri</em></span> <span class='ocrx_word' id='word_1_218' title='bbox 1125 4043 1354 4101; x_wconf 87' lang='lat' dir='ltr'><em>consternetur</em></span> <span class='ocrx_word' id='word_1_219' title='bbox 1375 4057 1431 4100; x_wconf 90' lang='lat' dir='ltr'><em>cor</em></span> <span class='ocrx_word' id='word_1_220' title='bbox 1451 4043 1543 4100; x_wconf 92' lang='lat' dir='ltr'><em>tuum</em></span> <span class='ocrx_word' id='word_1_221' title='bbox 1565 4059 1672 4122; x_wconf 89' lang='lat' dir='ltr'><em>neque</em></span> <span class='ocrx_word' id='word_1_222' title='bbox 1695 4037 1857 4118; x_wconf 84' lang='lat' dir='ltr'><em>formidet,</em></span> 
     </span>
     <span class='ocr_line' id='line_1_22' title="bbox 201 4138 1856 4228; baseline 0 -22"><span class='ocrx_word' id='word_1_223' title='bbox 201 4143 295 4228; x_wconf 87' lang='lat' dir='ltr'><em>quasi</em></span> <span class='ocrx_word' id='word_1_224' title='bbox 316 4149 449 4228; x_wconf 91' lang='lat' dir='ltr'><em>propter</em></span> <span class='ocrx_word' id='word_1_225' title='bbox 471 4141 532 4206; x_wconf 93' lang='lat' dir='ltr'><em>hoe</em></span> <span class='ocrx_word' id='word_1_226' title='bbox 555 4140 657 4205; x_wconf 84' lang='lat' dir='ltr'><em>Terre</em></span> <span class='ocrx_word' id='word_1_227' title='bbox 682 4139 801 4204; x_wconf 84' lang='lat' dir='ltr'><em>Sancte</em></span> <span class='ocrx_word' id='word_1_228' title='bbox 825 4138 1021 4225; x_wconf 88' lang='lat' dir='ltr'><em>impediatur</em></span> <span class='ocrx_word' id='word_1_229' title='bbox 1044 4161 1233 4220; x_wconf 86' lang='lat' dir='ltr'><em>succursus,</em></span> <span class='ocrx_word' id='word_1_230' title='bbox 1264 4139 1432 4225; x_wconf 88' lang='lat' dir='ltr'><em>quoniam,</em></span> <span class='ocrx_word' id='word_1_231' title='bbox 1465 4140 1528 4202; x_wconf 90' lang='lat' dir='ltr'><em>etsi</em></span> <span class='ocrx_word' id='word_1_232' title='bbox 1550 4139 1639 4204; x_wconf 89' lang='lat' dir='ltr'><em>illius</em></span> <span class='ocrx_word' id='word_1_233' title='bbox 1663 4140 1856 4206; x_wconf 77' lang='lat' dir='ltr'><em>sufficientis</em></span> 
     </span>
     <span class='ocr_line' id='line_1_23' title="bbox 202 4243 1855 4331; baseline 0.001 -21"><span class='ocrx_word' id='word_1_234' title='bbox 202 4252 314 4310; x_wconf 88' lang='lat' dir='ltr'><em>nostra</em></span> <span class='ocrx_word' id='word_1_235' title='bbox 336 4245 484 4310; x_wconf 87' lang='lat' dir='ltr'><em>videatur</em></span> <span class='ocrx_word' id='word_1_236' title='bbox 506 4244 654 4323; x_wconf 85' lang='lat' dir='ltr'><em>inferior,</em></span> <span class='ocrx_word' id='word_1_237' title='bbox 685 4244 727 4324; x_wconf 86' lang='lat' dir='ltr'><em>ad</em></span> <span class='ocrx_word' id='word_1_238' title='bbox 755 4244 984 4309; x_wconf 82' lang='lat' dir='ltr'><em>liberationem</em></span> <span class='ocrx_word' id='word_1_239' title='bbox 1006 4252 1116 4310; x_wconf 89' lang='lat' dir='ltr'><em>tamen</em></span> <span class='ocrx_word' id='word_1_240' title='bbox 1140 4245 1242 4330; x_wconf 90' lang='lat' dir='ltr'><em>ipsius</em></span> <span class='ocrx_word' id='word_1_241' title='bbox 1265 4245 1350 4309; x_wconf 90' lang='lat' dir='ltr'><em>votis</em></span> <span class='ocrx_word' id='word_1_242' title='bbox 1374 4265 1438 4308; x_wconf 93' lang='lat' dir='ltr'><em>non</em></span> <span class='ocrx_word' id='word_1_243' title='bbox 1461 4243 1641 4308; x_wconf 90' lang='lat' dir='ltr'><em>minoribus</em></span> <span class='ocrx_word' id='word_1_244' title='bbox 1664 4246 1855 4331; x_wconf 86' lang='lat' dir='ltr'><em>aspiremus,</em></span> 
     </span>
     <span class='ocr_line' id='line_1_24' title="bbox 202 4347 2021 4435; baseline -0.001 -23"><span class='ocrx_word' id='word_1_245' title='bbox 202 4349 320 4435; x_wconf 89' lang='lat' dir='ltr'><em>quibus</em></span> <span class='ocrx_word' id='word_1_246' title='bbox 343 4349 414 4434; x_wconf 90' lang='lat' dir='ltr'><em>ipse</em></span> <span class='ocrx_word' id='word_1_247' title='bbox 436 4347 615 4428; x_wconf 77' lang='lat' dir='ltr'><em>Dominus,</em></span> <span class='ocrx_word' id='word_1_248' title='bbox 643 4349 698 4433; x_wconf 93' lang='lat' dir='ltr'><em>qui</em></span> <span class='ocrx_word' id='word_1_249' title='bbox 721 4355 891 4434; x_wconf 84' lang='lat' dir='ltr'><em>sperantes</em></span> <span class='ocrx_word' id='word_1_250' title='bbox 915 4348 949 4411; x_wconf 91' lang='lat' dir='ltr'><em>in</em></span> <span class='ocrx_word' id='word_1_251' title='bbox 972 4370 1007 4412; x_wconf 89' lang='lat' dir='ltr'><em>se</em></span> <span class='ocrx_word' id='word_1_252' title='bbox 1031 4348 1216 4412; x_wconf 90' lang='lat' dir='ltr'><em>nullatenus</em></span> <span class='ocrx_word' id='word_1_253' title='bbox 1240 4347 1377 4426; x_wconf 89' lang='lat' dir='ltr'><em>deserit,</em></span> <span class='ocrx_word' id='word_1_254' title='bbox 1402 4349 2021 4435; x_wconf 82' lang='lat' dir='ltr'><em>effectumtribuatetpro-muua,1r.</em></span> 
     </span>
     <span class='ocr_line' id='line_1_25' title="bbox 122 4450 1857 4538; baseline 0.001 -24"><span class='ocrx_word' id='word_1_255' title='bbox 122 4477 134 4514; x_wconf 75' lang='lat' dir='ltr'><em>e</em></span> <span class='ocrx_word' id='word_1_256' title='bbox 203 4452 335 4530; x_wconf 86' lang='lat' dir='ltr'><em>fectum,</em></span> <span class='ocrx_word' id='word_1_257' title='bbox 358 4458 393 4516; x_wconf 94' lang='lat' dir='ltr'><em>ut</em></span> <span class='ocrx_word' id='word_1_258' title='bbox 416 4451 501 4537; x_wconf 94' lang='lat' dir='ltr'><em>quod</em></span> <span class='ocrx_word' id='word_1_259' title='bbox 519 4451 721 4538; x_wconf 84' lang='lat' dir='ltr'><em>possibilitas</em></span> <span class='ocrx_word' id='word_1_260' title='bbox 737 4458 849 4515; x_wconf 87' lang='lat' dir='ltr'><em>nostra</em></span> <span class='ocrx_word' id='word_1_261' title='bbox 864 4471 930 4514; x_wconf 91' lang='lat' dir='ltr'><em>uon</em></span> <span class='ocrx_word' id='word_1_262' title='bbox 946 4450 1083 4531; x_wconf 88' lang='lat' dir='ltr'><em>obtinet,</em></span> <span class='ocrx_word' id='word_1_263' title='bbox 1107 4452 1176 4516; x_wconf 91' lang='lat' dir='ltr'><em>eius</em></span> <span class='ocrx_word' id='word_1_264' title='bbox 1193 4451 1287 4515; x_wconf 91' lang='lat' dir='ltr'><em>nobis</em></span> <span class='ocrx_word' id='word_1_265' title='bbox 1304 4451 1410 4535; x_wconf 87' lang='lat' dir='ltr'><em>gratia</em></span> <span class='ocrx_word' id='word_1_266' title='bbox 1425 4450 1591 4536; x_wconf 87' lang='lat' dir='ltr'><em>largiatur.</em></span> <span class='ocrx_word' id='word_1_267' title='bbox 1638 4450 1857 4518; x_wconf 84' lang='lat' dir='ltr'><em>Serenitatem</em></span> 
     </span>
     <span class='ocr_line' id='line_1_26' title="bbox 203 4553 1858 4640; baseline 0 -20"><span class='ocrx_word' id='word_1_268' title='bbox 203 4557 303 4640; x_wconf 92' lang='lat' dir='ltr'><em>igitur</em></span> <span class='ocrx_word' id='word_1_269' title='bbox 325 4555 449 4640; x_wconf 86' lang='lat' dir='ltr'><em>regiam</em></span> <span class='ocrx_word' id='word_1_270' title='bbox 476 4575 628 4639; x_wconf 90' lang='lat' dir='ltr'><em>rogamus</em></span> <span class='ocrx_word' id='word_1_271' title='bbox 657 4555 814 4620; x_wconf 85' lang='lat' dir='ltr'><em>attentius</em></span> <span class='ocrx_word' id='word_1_272' title='bbox 843 4560 876 4620; x_wconf 91' lang='lat' dir='ltr'><em>et</em></span> <span class='ocrx_word' id='word_1_273' title='bbox 903 4575 1073 4619; x_wconf 91' lang='lat' dir='ltr'><em>monemus</em></span> <span class='ocrx_word' id='word_1_274' title='bbox 1096 4560 1129 4619; x_wconf 89' lang='lat' dir='ltr'><em>et</em></span> <span class='ocrx_word' id='word_1_275' title='bbox 1153 4554 1364 4619; x_wconf 85' lang='lat' dir='ltr'><em>exhortamur</em></span> <span class='ocrx_word' id='word_1_276' title='bbox 1385 4554 1419 4618; x_wconf 93' lang='lat' dir='ltr'><em>in</em></span> <span class='ocrx_word' id='word_1_277' title='bbox 1441 4553 1602 4635; x_wconf 87' lang='lat' dir='ltr'><em>Domine,</em></span> <span class='ocrx_word' id='word_1_278' title='bbox 1635 4556 1786 4640; x_wconf 87' lang='lat' dir='ltr'><em>quatinus</em></span> <span class='ocrx_word' id='word_1_279' title='bbox 1817 4555 1858 4620; x_wconf 92' lang='lat' dir='ltr'><em>de</em></span> 
     </span>
     <span class='ocr_line' id='line_1_27' title="bbox 203 4656 1859 4744; baseline 0 -22"><span class='ocrx_word' id='word_1_280' title='bbox 203 4658 308 4742; x_wconf 88' lang='lat' dir='ltr'><em>gratie</em></span> <span class='ocrx_word' id='word_1_281' title='bbox 329 4663 440 4722; x_wconf 89' lang='lat' dir='ltr'><em>nostre</em></span> <span class='ocrx_word' id='word_1_282' title='bbox 463 4658 573 4722; x_wconf 83' lang='lat' dir='ltr'><em>favore</em></span> <span class='ocrx_word' id='word_1_283' title='bbox 602 4679 746 4738; x_wconf 89' lang='lat' dir='ltr'><em>securus,</em></span> <span class='ocrx_word' id='word_1_284' title='bbox 769 4665 883 4744; x_wconf 90' lang='lat' dir='ltr'><em>utpote</em></span> <span class='ocrx_word' id='word_1_285' title='bbox 910 4658 965 4743; x_wconf 90' lang='lat' dir='ltr'><em>qui</em></span> <span class='ocrx_word' id='word_1_286' title='bbox 991 4657 1033 4722; x_wconf 88' lang='lat' dir='ltr'><em>ad</em></span> <span class='ocrx_word' id='word_1_287' title='bbox 1060 4657 1308 4722; x_wconf 90' lang='lat' dir='ltr'><em>subventionem</em></span> <span class='ocrx_word' id='word_1_288' title='bbox 1334 4663 1421 4722; x_wconf 91' lang='lat' dir='ltr'><em>terre</em></span> <span class='ocrx_word' id='word_1_289' title='bbox 1445 4656 1548 4742; x_wconf 90' lang='lat' dir='ltr'><em>ipsius</em></span> <span class='ocrx_word' id='word_1_290' title='bbox 1569 4663 1638 4720; x_wconf 87' lang='lat' dir='ltr'><em>tota</em></span> <span class='ocrx_word' id='word_1_291' title='bbox 1661 4657 1859 4722; x_wconf 89' lang='lat' dir='ltr'><em>intendimus</em></span> 
     </span>
     <span class='ocr_line' id='line_1_28' title="bbox 205 4758 1858 4847; baseline 0.001 -23"><span class='ocrx_word' id='word_1_292' title='bbox 205 4761 385 4841; x_wconf 89' lang='lat' dir='ltr'><em>voluntate,</em></span> <span class='ocrx_word' id='word_1_293' title='bbox 409 4761 600 4827; x_wconf 86' lang='lat' dir='ltr'><em>conforteris</em></span> <span class='ocrx_word' id='word_1_294' title='bbox 623 4761 657 4825; x_wconf 93' lang='lat' dir='ltr'><em>in</em></span> <span class='ocrx_word' id='word_1_295' title='bbox 679 4760 821 4825; x_wconf 93' lang='lat' dir='ltr'><em>Domino</em></span> <span class='ocrx_word' id='word_1_296' title='bbox 846 4768 879 4826; x_wconf 90' lang='lat' dir='ltr'><em>et</em></span> <span class='ocrx_word' id='word_1_297' title='bbox 901 4761 935 4825; x_wconf 89' lang='lat' dir='ltr'><em>in</em></span> <span class='ocrx_word' id='word_1_298' title='bbox 957 4762 1103 4847; x_wconf 91' lang='lat' dir='ltr'><em>potentia</em></span> <span class='ocrx_word' id='word_1_299' title='bbox 1118 4761 1247 4825; x_wconf 89' lang='lat' dir='ltr'><em>virtutis</em></span> <span class='ocrx_word' id='word_1_300' title='bbox 1270 4760 1384 4845; x_wconf 87' lang='lat' dir='ltr'><em>ipsius,</em></span> <span class='ocrx_word' id='word_1_301' title='bbox 1408 4758 1450 4824; x_wconf 87' lang='lat' dir='ltr'><em>ad</em></span> <span class='ocrx_word' id='word_1_302' title='bbox 1466 4760 1749 4825; x_wconf 87' lang='lat' dir='ltr'><em>conservationem</em></span> <span class='ocrx_word' id='word_1_303' title='bbox 1772 4767 1858 4826; x_wconf 89' lang='lat' dir='ltr'><em>terre</em></span> 
     </span>
     <span class='ocr_line' id='line_1_29' title="bbox 205 4862 1859 4951; baseline 0 -23"><span class='ocrx_word' id='word_1_304' title='bbox 205 4862 377 4929; x_wconf 89' lang='lat' dir='ltr'><em>intendens</em></span> <span class='ocrx_word' id='word_1_305' title='bbox 410 4863 549 4928; x_wconf 90' lang='lat' dir='ltr'><em>viriliter</em></span> <span class='ocrx_word' id='word_1_306' title='bbox 582 4873 615 4930; x_wconf 91' lang='lat' dir='ltr'><em>et</em></span> <span class='ocrx_word' id='word_1_307' title='bbox 647 4862 840 4951; x_wconf 88' lang='lat' dir='ltr'><em>prudenter,</em></span> <span class='ocrx_word' id='word_1_308' title='bbox 874 4865 1070 4950; x_wconf 90' lang='lat' dir='ltr'><em>preliaturus</em></span> <span class='ocrx_word' id='word_1_309' title='bbox 1102 4864 1206 4950; x_wconf 91' lang='lat' dir='ltr'><em>prelia</em></span> <span class='ocrx_word' id='word_1_310' title='bbox 1236 4862 1387 4944; x_wconf 92' lang='lat' dir='ltr'><em>Domini,</em></span> <span class='ocrx_word' id='word_1_311' title='bbox 1419 4884 1492 4926; x_wconf 91' lang='lat' dir='ltr'><em>cum</em></span> <span class='ocrx_word' id='word_1_312' title='bbox 1525 4868 1654 4950; x_wconf 89' lang='lat' dir='ltr'><em>tempus</em></span> <span class='ocrx_word' id='word_1_313' title='bbox 1689 4862 1859 4928; x_wconf 81' lang='lat' dir='ltr'><em>advenerit</em></span> 
     </span>
     <span class='ocr_line' id='line_1_30' title="bbox 208 4964 1782 5054; baseline -0.001 -22"><span class='ocrx_word' id='word_1_314' title='bbox 208 4975 434 5054; x_wconf 90' lang='lat' dir='ltr'><em>opportunum,</em></span> <span class='ocrx_word' id='word_1_315' title='bbox 458 4973 491 5031; x_wconf 91' lang='lat' dir='ltr'><em>et</em></span> <span class='ocrx_word' id='word_1_316' title='bbox 514 4967 554 5032; x_wconf 93' lang='lat' dir='ltr'><em>ob</em></span> <span class='ocrx_word' id='word_1_317' title='bbox 578 4966 639 5032; x_wconf 90' lang='lat' dir='ltr'><em>hoo</em></span> <span class='ocrx_word' id='word_1_318' title='bbox 665 4973 856 5053; x_wconf 90' lang='lat' dir='ltr'><em>recepturus</em></span> <span class='ocrx_word' id='word_1_319' title='bbox 879 4968 921 5032; x_wconf 88' lang='lat' dir='ltr'><em>ab</em></span> <span class='ocrx_word' id='word_1_320' title='bbox 944 4989 983 5032; x_wconf 92' lang='lat' dir='ltr'><em>eo</em></span> <span class='ocrx_word' id='word_1_321' title='bbox 1007 4968 1145 5053; x_wconf 86' lang='lat' dir='ltr'><em>gratiam</em></span> <span class='ocrx_word' id='word_1_322' title='bbox 1168 4968 1201 5031; x_wconf 91' lang='lat' dir='ltr'><em>in</em></span> <span class='ocrx_word' id='word_1_323' title='bbox 1223 4967 1371 5053; x_wconf 90' lang='lat' dir='ltr'><em>presenti</em></span> <span class='ocrx_word' id='word_1_324' title='bbox 1393 4973 1427 5031; x_wconf 88' lang='lat' dir='ltr'><em>et</em></span> <span class='ocrx_word' id='word_1_325' title='bbox 1449 4966 1586 5051; x_wconf 87' lang='lat' dir='ltr'><em>gloriam</em></span> <span class='ocrx_word' id='word_1_326' title='bbox 1609 4966 1641 5028; x_wconf 93' lang='lat' dir='ltr'><em>in</em></span> <span class='ocrx_word' id='word_1_327' title='bbox 1664 4964 1782 5030; x_wconf 86' lang='lat' dir='ltr'><em>futuro.</em></span> 
     </span>
    </p>
   </div>
   <div class='ocr_carea' id='block_1_6' title="bbox 311 5085 1350 5174">
    <p class='ocr_par' dir='ltr' id='par_1_7' title="bbox 311 5085 1350 5174">
     <span class='ocr_line' id='line_1_31' title="bbox 311 5085 1350 5174; baseline -0.002 -24"><span class='ocrx_word' id='word_1_328' title='bbox 311 5086 387 5152; x_wconf 90' lang='lat' dir='ltr'><em>Dat.</em></span> <span class='ocrx_word' id='word_1_329' title='bbox 410 5086 549 5170; x_wconf 90' lang='lat' dir='ltr'><em>Perusii,</em></span> <span class='ocrx_word' id='word_1_330' title='bbox 571 5087 656 5153; x_wconf 86' lang='lat' dir='ltr'>VIII</span> <span class='ocrx_word' id='word_1_331' title='bbox 678 5087 753 5153; x_wconf 90' lang='lat' dir='ltr'><em>Kal.</em></span> <span class='ocrx_word' id='word_1_332' title='bbox 777 5088 863 5173; x_wconf 88' lang='lat' dir='ltr'><em>Aug.</em></span> <span class='ocrx_word' id='word_1_333' title='bbox 886 5094 975 5174; x_wconf 91' lang='lat' dir='ltr'><em>pont.</em></span> <span class='ocrx_word' id='word_1_334' title='bbox 999 5087 1103 5153; x_wconf 90' lang='lat' dir='ltr'><em>nostri</em></span> <span class='ocrx_word' id='word_1_335' title='bbox 1125 5107 1210 5151; x_wconf 89' lang='lat' dir='ltr'><em>enno</em></span> <span class='ocrx_word' id='word_1_336' title='bbox 1233 5085 1350 5172; x_wconf 90' lang='lat' dir='ltr'><em>primo.</em></span> 
     </span>
    </p>
   </div>
   <div class='ocr_carea' id='block_1_7' title="bbox 1016 5452 1038 5524">
    <p class='ocr_par' dir='ltr' id='par_1_8' title="bbox 1016 5452 1038 5524">
     <span class='ocr_line' id='line_1_32' title="bbox 1016 5452 1038 5524; baseline 0 0"><span class='ocrx_word' id='word_1_337' title='bbox 1016 5452 1038 5524; x_wconf 71' lang='lat' dir='ltr'><em>t</em></span> 
     </span>
    </p>
   </div>
   <div class='ocr_carea' id='block_1_8' title="bbox 208 5551 1860 5759">
    <p class='ocr_par' dir='ltr' id='par_1_9' title="bbox 208 5551 1860 5759">
     <span class='ocr_line' id='line_1_33' title="bbox 316 5551 1860 5657; baseline -0.004 -15"><span class='ocrx_word' id='word_1_338' title='bbox 316 5551 503 5642; x_wconf 82' lang='lat' dir='ltr'><em>Honorias</em></span> <span class='ocrx_word' id='word_1_339' title='bbox 534 5577 597 5640; x_wconf 87' lang='lat' dir='ltr'><em>III</em></span> <span class='ocrx_word' id='word_1_340' title='bbox 623 5596 711 5657; x_wconf 83' lang='lat' dir='ltr'><em>papo</em></span> <span class='ocrx_word' id='word_1_341' title='bbox 740 5578 925 5656; x_wconf 79' lang='lat' dir='ltr'><em>potestatem</em></span> <span class='ocrx_word' id='word_1_342' title='bbox 956 5577 986 5639; x_wconf 90' lang='lat' dir='ltr'><em>et</em></span> <span class='ocrx_word' id='word_1_343' title='bbox 1008 5575 1162 5656; x_wconf 64' lang='lat' dir='ltr'><em>porratam</em></span> <span class='ocrx_word' id='word_1_344' title='bbox 1190 5572 1459 5638; x_wconf 81' lang='lat' dir='ltr'><em>Mediolanensem</em></span> <span class='ocrx_word' id='word_1_345' title='bbox 1491 5572 1643 5648; x_wconf 76' lang='lat' dir='ltr'><em>obsonet,</em></span> <span class='ocrx_word' id='word_1_346' title='bbox 1680 5591 1719 5634; x_wconf 89' lang='lat' dir='ltr'><em>ne</em></span> <span class='ocrx_word' id='word_1_347' title='bbox 1751 5574 1860 5636; x_wconf 88' lang='lat' dir='ltr'><em>contra</em></span> 
     </span>
     <span class='ocr_line' id='line_1_34' title="bbox 208 5673 1859 5759; baseline -0.003 -17"><span class='ocrx_word' id='word_1_348' title='bbox 208 5679 377 5759; x_wconf 81' lang='lat' dir='ltr'><em>Pepicnscs</em></span> <span class='ocrx_word' id='word_1_349' title='bbox 403 5683 432 5742; x_wconf 90' lang='lat' dir='ltr'><em>et</em></span> <span class='ocrx_word' id='word_1_350' title='bbox 456 5678 615 5743; x_wconf 79' lang='lat' dir='ltr'><em>uiliatmes</em></span> <span class='ocrx_word' id='word_1_351' title='bbox 641 5699 746 5743; x_wconf 86' lang='lat' dir='ltr'><em>cornrn</em></span> <span class='ocrx_word' id='word_1_352' title='bbox 777 5677 931 5742; x_wconf 73' lang='lat' dir='ltr'><em>hostiliter</em></span> <span class='ocrx_word' id='word_1_353' title='bbox 956 5678 1139 5758; x_wconf 77' lang='lat' dir='ltr'><em>prendant,</em></span> <span class='ocrx_word' id='word_1_354' title='bbox 1174 5677 1266 5742; x_wconf 78' lang='lat' dir='ltr'><em>trinio</em></span> <span class='ocrx_word' id='word_1_355' title='bbox 1290 5676 1334 5740; x_wconf 81' lang='lat' dir='ltr'><em>cil</em></span> <span class='ocrx_word' id='word_1_356' title='bbox 1360 5695 1393 5740; x_wconf 89' lang='lat' dir='ltr'><em>se</em></span> <span class='ocrx_word' id='word_1_357' title='bbox 1420 5676 1549 5741; x_wconf 81' lang='lat' dir='ltr'><em>nuntios</em></span> <span class='ocrx_word' id='word_1_358' title='bbox 1575 5673 1699 5739; x_wconf 75' lang='lat' dir='ltr'><em>idunan</em></span> <span class='ocrx_word' id='word_1_359' title='bbox 1724 5675 1859 5754; x_wconf 71' lang='lat' dir='ltr'><em>mittam,</em></span> 
     </span>
    </p>
   </div>
   <div class='ocr_carea' id='block_1_9' title="bbox 310 5785 1653 5852">
    <p class='ocr_par' dir='ltr' id='par_1_10' title="bbox 310 5785 1653 5852">
     <span class='ocr_line' id='line_1_35' title="bbox 310 5785 1653 5852; baseline 0 0"><span class='ocrx_word' id='word_1_360' title='bbox 310 5802 370 5852; x_wconf 73' lang='lat' dir='ltr'><em>mo.</em></span> <span class='ocrx_word' id='word_1_361' title='bbox 387 5801 466 5852; x_wconf 72' lang='lat' dir='ltr'><em>ron.</em></span> <span class='ocrx_word' id='word_1_362' title='bbox 484 5803 503 5852; x_wconf 92' lang='lat'><em>1.</em></span> <span class='ocrx_word' id='word_1_363' title='bbox 1638 5785 1653 5837; x_wconf 91' lang='lat'>1</span> 
     </span>
    </p>
   </div>
   <div class='ocr_carea' id='block_1_10' title="bbox 0 0 2293 6420">
    <p class='ocr_par' dir='ltr' id='par_1_11' title="bbox 0 0 2293 6420">
     <span class='ocr_line' id='line_1_36' title="bbox 0 0 2293 6420; baseline 0 0"><span class='ocrx_word' id='word_1_364' title='bbox 0 0 2293 6420; x_wconf 95' lang='lat' dir='ltr'><em> </em></span> 
     </span>
    </p>
   </div>
  </div>
 </body>
</html>
