<?xml version="1.0" encoding="UTF-8"?>
<!DOCTYPE html PUBLIC "-//W3C//DTD XHTML 1.0 Transitional//EN"
    "http://www.w3.org/TR/xhtml1/DTD/xhtml1-transitional.dtd">
<html xmlns="http://www.w3.org/1999/xhtml" xml:lang="en" lang="en">
 <head>
  <title>
</title>
<meta http-equiv="Content-Type" content="text/html;charset=utf-8" />
  <meta name='ocr-system' content='tesseract 3.04.00' />
  <meta name='ocr-capabilities' content='ocr_page ocr_carea ocr_par ocr_line ocrx_word'/>
</head>
<body>
  <div class='ocr_page' id='page_1' title='image "./monumentagerman00peipgoog/monumentagerman00peipgoog_0339.png"; bbox 0 0 4524 6412; ppageno 0'>
   <div class='ocr_carea' id='block_1_1' title="bbox 424 402 1503 478">
    <p class='ocr_par' dir='ltr' id='par_1_1' title="bbox 424 402 1503 478">
     <span class='ocr_line' id='line_1_1' title="bbox 424 402 1503 478; baseline -0.017 1"><span class='ocrx_word' id='word_1_1' title='bbox 424 413 486 478; x_wconf 83' lang='lat'><strong>316</strong></span> <span class='ocrx_word' id='word_1_2' title='bbox 613 464 614 470; x_wconf 69' lang='grc'>,</span> <span class='ocrx_word' id='word_1_3' title='bbox 1006 403 1052 462; x_wconf 80' lang='lat' dir='ltr'><strong>nx</strong></span> <span class='ocrx_word' id='word_1_4' title='bbox 1071 403 1246 462; x_wconf 70' lang='lat' dir='ltr'><strong>armoenia</strong></span> <span class='ocrx_word' id='word_1_5' title='bbox 1265 403 1302 460; x_wconf 81' lang='lat' dir='ltr'><strong>rx</strong></span> <span class='ocrx_word' id='word_1_6' title='bbox 1323 402 1503 461; x_wconf 72' lang='lat' dir='ltr'><strong>anvjnsvno</strong></span> 
     </span>
    </p>
   </div>
   <div class='ocr_carea' id='block_1_2' title="bbox 318 579 2081 674">
    <p class='ocr_par' dir='ltr' id='par_1_2' title="bbox 318 579 2081 674">
     <span class='ocr_line' id='line_1_2' title="bbox 318 579 2081 674; baseline -0.005 -22"><span class='ocrx_word' id='word_1_7' title='bbox 318 593 328 607; x_wconf 84' lang='lat'><strong>‘</strong></span> <span class='ocrx_word' id='word_1_8' title='bbox 423 587 536 674; x_wconf 92' lang='lat' dir='ltr'><strong>templi</strong></span> <span class='ocrx_word' id='word_1_9' title='bbox 566 585 748 652; x_wconf 80' lang='lat' dir='ltr'>custodiam</span> <span class='ocrx_word' id='word_1_10' title='bbox 779 591 813 650; x_wconf 92' lang='lat' dir='ltr'><strong>et</strong></span> <span class='ocrx_word' id='word_1_11' title='bbox 840 584 924 671; x_wconf 83' lang='lat' dir='ltr'><strong>septi</strong></span> <span class='ocrx_word' id='word_1_12' title='bbox 956 585 1027 649; x_wconf 89' lang='lat' dir='ltr'><strong>eius</strong></span> <span class='ocrx_word' id='word_1_13' title='bbox 1057 583 1166 646; x_wconf 91' lang='lat' dir='ltr'><strong>claves</strong></span> <span class='ocrx_word' id='word_1_14' title='bbox 1192 581 1382 647; x_wconf 84' lang='lat' dir='ltr'><strong>Sarracenis</strong></span> <span class='ocrx_word' id='word_1_15' title='bbox 1414 583 1638 660; x_wconf 89' lang='lat' dir='ltr'><strong>committens,</strong></span> <span class='ocrx_word' id='word_1_16' title='bbox 1669 581 1794 645; x_wconf 93' lang='lat' dir='ltr'><strong>nullum</strong></span> <span class='ocrx_word' id='word_1_17' title='bbox 1818 579 1939 646; x_wconf 89' lang='lat' dir='ltr'><strong>intrare</strong></span> <span class='ocrx_word' id='word_1_18' title='bbox 1965 580 2081 645; x_wconf 78' lang='lat' dir='ltr'><strong>statuit</strong></span> 
     </span>
    </p>
   </div>
   <div class='ocr_carea' id='block_1_3' title="bbox 424 684 2162 5119">
    <p class='ocr_par' dir='ltr' id='par_1_3' title="bbox 424 684 2162 5119">
     <span class='ocr_line' id='line_1_3' title="bbox 425 684 2081 771; baseline -0.004 -17"><span class='ocrx_word' id='word_1_19' title='bbox 425 689 663 769; x_wconf 89' lang='lat' dir='ltr'><strong>Christianum,</strong></span> <span class='ocrx_word' id='word_1_20' title='bbox 694 690 759 755; x_wconf 92' lang='lat' dir='ltr'><strong>nisi</strong></span> <span class='ocrx_word' id='word_1_21' title='bbox 792 689 833 754; x_wconf 91' lang='lat' dir='ltr'><strong>de</strong></span> <span class='ocrx_word' id='word_1_22' title='bbox 867 687 1038 753; x_wconf 83' lang='lat' dir='ltr'><strong>altitudine</strong></span> <span class='ocrx_word' id='word_1_23' title='bbox 1070 686 1184 771; x_wconf 91' lang='lat' dir='ltr'><strong>templi</strong></span> <span class='ocrx_word' id='word_1_24' title='bbox 1215 686 1305 770; x_wconf 93' lang='lat' dir='ltr'><strong>prius</strong></span> <span class='ocrx_word' id='word_1_25' title='bbox 1336 687 1541 750; x_wconf 89' lang='lat' dir='ltr'><strong>examinatus</strong></span> <span class='ocrx_word' id='word_1_26' title='bbox 1571 707 1662 750; x_wconf 90' lang='lat' dir='ltr'><strong>suam</strong></span> <span class='ocrx_word' id='word_1_27' title='bbox 1691 706 1818 770; x_wconf 92' lang='lat' dir='ltr'><strong>pagano</strong></span> <span class='ocrx_word' id='word_1_28' title='bbox 1852 684 2081 749; x_wconf 87' lang='lat' dir='ltr'><strong>credulitatem</strong></span> 
     </span>
     <span class='ocr_line' id='line_1_4' title="bbox 424 788 2082 880; baseline -0.005 -22"><span class='ocrx_word' id='word_1_29' title='bbox 424 799 578 880; x_wconf 89' lang='lat' dir='ltr'><strong>exponat.</strong></span> <span class='ocrx_word' id='word_1_30' title='bbox 623 793 688 858; x_wconf 94' lang='lat' dir='ltr'><strong>Per</strong></span> <span class='ocrx_word' id='word_1_31' title='bbox 710 792 796 878; x_wconf 91' lang='lat' dir='ltr'><strong>quod</strong></span> <span class='ocrx_word' id='word_1_32' title='bbox 819 791 913 855; x_wconf 90' lang='lat' dir='ltr'><strong>datur</strong></span> <span class='ocrx_word' id='word_1_33' title='bbox 937 790 1076 874; x_wconf 82' lang='lat' dir='ltr'><strong>intelligi</strong></span> <span class='ocrx_word' id='word_1_34' title='bbox 1099 788 1284 866; x_wconf 78' lang='lat' dir='ltr'><strong>manifeste,</strong></span> <span class='ocrx_word' id='word_1_35' title='bbox 1308 789 1394 872; x_wconf 91' lang='lat' dir='ltr'><strong>quod</strong></span> <span class='ocrx_word' id='word_1_36' title='bbox 1414 789 1533 854; x_wconf 91' lang='lat' dir='ltr'><strong>iudicio</strong></span> <span class='ocrx_word' id='word_1_37' title='bbox 1550 789 1722 854; x_wconf 81' lang='lat' dir='ltr'><strong>Sarraceni</strong></span> <span class='ocrx_word' id='word_1_38' title='bbox 1742 789 1946 873; x_wconf 80' lang='lat' dir='ltr'><strong>relinquitur,</strong></span> <span class='ocrx_word' id='word_1_39' title='bbox 1969 795 2082 852; x_wconf 92' lang='lat' dir='ltr'><strong>utrum</strong></span> 
     </span>
     <span class='ocr_line' id='line_1_5' title="bbox 424 873 2082 982; baseline -0.004 -22"><span class='ocrx_word' id='word_1_40' title='bbox 424 897 545 962; x_wconf 89' lang='lat' dir='ltr'><strong>debeat</strong></span> <span class='ocrx_word' id='word_1_41' title='bbox 558 897 623 962; x_wconf 90' lang='lat' dir='ltr'><strong>Dei</strong></span> <span class='ocrx_word' id='word_1_42' title='bbox 639 896 797 982; x_wconf 89' lang='lat' dir='ltr'><strong>templum</strong></span> <span class='ocrx_word' id='word_1_43' title='bbox 813 895 940 980; x_wconf 84' lang='lat' dir='ltr'><strong>ingredi</strong></span> <span class='ocrx_word' id='word_1_44' title='bbox 957 894 1174 958; x_wconf 82' lang='lat' dir='ltr'><strong>Christianus.</strong></span> <span class='ocrx_word' id='word_1_45' title='bbox 1220 892 1367 956; x_wconf 85' lang='lat' dir='ltr'><strong>Tertium</strong></span> <span class='ocrx_word' id='word_1_46' title='bbox 1390 900 1441 958; x_wconf 89' lang='lat' dir='ltr'><strong>est</strong></span> <span class='ocrx_word' id='word_1_47' title='bbox 1462 892 1547 978; x_wconf 93' lang='lat' dir='ltr'><strong>quod</strong></span> <span class='ocrx_word' id='word_1_48' title='bbox 1564 873 1773 957; x_wconf 71' lang='lat' dir='ltr'><strong>Antiochiam</strong></span> <span class='ocrx_word' id='word_1_49' title='bbox 1789 899 1822 956; x_wconf 92' lang='lat' dir='ltr'><strong>et</strong></span> <span class='ocrx_word' id='word_1_50' title='bbox 1838 891 2082 956; x_wconf 82' lang='lat' dir='ltr'><strong>Antiochenam</strong></span> 
     </span>
     <span class='ocr_line' id='line_1_6' title="bbox 424 994 2154 1086; baseline -0.003 -22"><span class='ocrx_word' id='word_1_51' title='bbox 424 1001 639 1085; x_wconf 91' lang='lat' dir='ltr'><strong>provinciam,</strong></span> <span class='ocrx_word' id='word_1_52' title='bbox 669 999 906 1086; x_wconf 87' lang='lat' dir='ltr'><strong>Tripolitanam</strong></span> <span class='ocrx_word' id='word_1_53' title='bbox 940 999 1040 1062; x_wconf 89' lang='lat' dir='ltr'><strong>etiam</strong></span> <span class='ocrx_word' id='word_1_54' title='bbox 1076 1018 1150 1061; x_wconf 91' lang='lat' dir='ltr'><strong>cum</strong></span> <span class='ocrx_word' id='word_1_55' title='bbox 1178 996 1404 1061; x_wconf 91' lang='lat' dir='ltr'><strong>adiacentibus</strong></span> <span class='ocrx_word' id='word_1_56' title='bbox 1435 999 1518 1076; x_wconf 88' lang='lat' dir='ltr'><strong>suis,</strong></span> <span class='ocrx_word' id='word_1_57' title='bbox 1547 1004 1688 1074; x_wconf 83' lang='lat' dir='ltr'><strong>castrum</strong></span> <span class='ocrx_word' id='word_1_58' title='bbox 1721 994 1806 1081; x_wconf 92' lang='lat' dir='ltr'><strong>quod</strong></span> <span class='ocrx_word' id='word_1_59' title='bbox 1834 995 1952 1060; x_wconf 91' lang='lat' dir='ltr'><strong>dicitur</strong></span> <span class='ocrx_word' id='word_1_60' title='bbox 1980 994 2080 1076; x_wconf 88' lang='lat' dir='ltr'><strong>Crak,</strong></span> <span class='ocrx_word' id='word_1_61' title='bbox 2144 1011 2154 1046; x_wconf 68' lang='grc' dir='ltr'>ι</span> 
     </span>
     <span class='ocr_line' id='line_1_7' title="bbox 426 1097 2081 1186; baseline -0.004 -19"><span class='ocrx_word' id='word_1_62' title='bbox 426 1099 607 1168; x_wconf 81' lang='lat' dir='ltr'><strong>Castellum</strong></span> <span class='ocrx_word' id='word_1_63' title='bbox 635 1103 757 1167; x_wconf 91' lang='lat' dir='ltr'><strong>Album</strong></span> <span class='ocrx_word' id='word_1_64' title='bbox 793 1110 826 1168; x_wconf 88' lang='lat' dir='ltr'><strong>et</strong></span> <span class='ocrx_word' id='word_1_65' title='bbox 855 1102 1052 1186; x_wconf 85' lang='lat' dir='ltr'><strong>Margattum</strong></span> <span class='ocrx_word' id='word_1_66' title='bbox 1089 1100 1279 1184; x_wconf 88' lang='lat' dir='ltr'><strong>occupando</strong></span> <span class='ocrx_word' id='word_1_67' title='bbox 1307 1101 1443 1186; x_wconf 87' lang='lat' dir='ltr'><strong>paganis</strong></span> <span class='ocrx_word' id='word_1_68' title='bbox 1473 1101 1641 1184; x_wconf 83' lang='lat' dir='ltr'><strong>exposuit,</strong></span> <span class='ocrx_word' id='word_1_69' title='bbox 1679 1097 1808 1183; x_wconf 91' lang='lat' dir='ltr'><strong>quando</strong></span> <span class='ocrx_word' id='word_1_70' title='bbox 1843 1099 1915 1184; x_wconf 90' lang='lat' dir='ltr'><strong>ipsa</strong></span> <span class='ocrx_word' id='word_1_71' title='bbox 1948 1120 1968 1162; x_wconf 90' lang='lat' dir='ltr'><strong>a</strong></span> <span class='ocrx_word' id='word_1_72' title='bbox 2003 1119 2081 1162; x_wconf 92' lang='lat' dir='ltr'><strong>con-</strong></span> 
     </span>
     <span class='ocr_line' id='line_1_8' title="bbox 424 1202 2082 1291; baseline -0.001 -24"><span class='ocrx_word' id='word_1_73' title='bbox 424 1204 627 1272; x_wconf 84' lang='lat' dir='ltr'><strong>federatione</strong></span> <span class='ocrx_word' id='word_1_74' title='bbox 650 1213 861 1291; x_wconf 88' lang='lat' dir='ltr'><strong>treuguarum</strong></span> <span class='ocrx_word' id='word_1_75' title='bbox 885 1204 1025 1290; x_wconf 85' lang='lat' dir='ltr'><strong>excepit.</strong></span> <span class='ocrx_word' id='word_1_76' title='bbox 1071 1204 1175 1268; x_wconf 92' lang='lat' dir='ltr'><strong>lmmo</strong></span> <span class='ocrx_word' id='word_1_77' title='bbox 1199 1204 1227 1267; x_wconf 90' lang='lat' dir='ltr'><strong>si</strong></span> <span class='ocrx_word' id='word_1_78' title='bbox 1251 1225 1290 1268; x_wconf 89' lang='lat' dir='ltr'><strong>ea</strong></span> <span class='ocrx_word' id='word_1_79' title='bbox 1313 1203 1422 1268; x_wconf 89' lang='lat' dir='ltr'><strong>invadi</strong></span> <span class='ocrx_word' id='word_1_80' title='bbox 1446 1205 1651 1287; x_wconf 88' lang='lat' dir='ltr'><strong>contingeret</strong></span> <span class='ocrx_word' id='word_1_81' title='bbox 1673 1225 1693 1266; x_wconf 94' lang='lat' dir='ltr'><strong>a</strong></span> <span class='ocrx_word' id='word_1_82' title='bbox 1715 1203 1862 1288; x_wconf 85' lang='lat' dir='ltr'><strong>paganis,</strong></span> <span class='ocrx_word' id='word_1_83' title='bbox 1884 1223 1950 1266; x_wconf 93' lang='lat' dir='ltr'><strong>non</strong></span> <span class='ocrx_word' id='word_1_84' title='bbox 1974 1202 2082 1266; x_wconf 89' lang='lat' dir='ltr'><strong>solum</strong></span> 
     </span>
     <span class='ocr_line' id='line_1_9' title="bbox 426 1305 2082 1392; baseline -0.003 -19"><span class='ocrx_word' id='word_1_85' title='bbox 426 1330 521 1375; x_wconf 93' lang='lat' dir='ltr'><strong>omne</strong></span> <span class='ocrx_word' id='word_1_86' title='bbox 547 1311 728 1375; x_wconf 90' lang='lat' dir='ltr'><strong>subsidium</strong></span> <span class='ocrx_word' id='word_1_87' title='bbox 751 1332 787 1375; x_wconf 91' lang='lat' dir='ltr'><strong>se</strong></span> <span class='ocrx_word' id='word_1_88' title='bbox 811 1308 1048 1392; x_wconf 87' lang='lat' dir='ltr'><strong>denegaturum</strong></span> <span class='ocrx_word' id='word_1_89' title='bbox 1070 1308 1223 1386; x_wconf 86' lang='lat' dir='ltr'><strong>assensit,</strong></span> <span class='ocrx_word' id='word_1_90' title='bbox 1246 1314 1297 1372; x_wconf 90' lang='lat' dir='ltr'><strong>sot</strong></span> <span class='ocrx_word' id='word_1_91' title='bbox 1320 1308 1490 1371; x_wconf 90' lang='lat' dir='ltr'><strong>universos</strong></span> <span class='ocrx_word' id='word_1_92' title='bbox 1513 1308 1659 1372; x_wconf 84' lang='lat' dir='ltr'><strong>ferentes</strong></span> <span class='ocrx_word' id='word_1_93' title='bbox 1683 1305 1840 1370; x_wconf 91' lang='lat' dir='ltr'><strong>auxilium</strong></span> <span class='ocrx_word' id='word_1_94' title='bbox 1864 1305 2024 1391; x_wconf 89' lang='lat' dir='ltr'><strong>impedire</strong></span> <span class='ocrx_word' id='word_1_95' title='bbox 2049 1311 2082 1370; x_wconf 92' lang='lat' dir='ltr'><strong>et</strong></span> 
     </span>
     <span class='ocr_line' id='line_1_10' title="bbox 427 1407 2082 1500; baseline -0.004 -22"><span class='ocrx_word' id='word_1_96' title='bbox 427 1413 582 1479; x_wconf 92' lang='lat' dir='ltr'><strong>cohibere</strong></span> <span class='ocrx_word' id='word_1_97' title='bbox 612 1412 878 1500; x_wconf 90' lang='lat' dir='ltr'><strong>nephandissimo</strong></span> <span class='ocrx_word' id='word_1_98' title='bbox 908 1411 1082 1476; x_wconf 92' lang='lat' dir='ltr'><strong>iuramenti</strong></span> <span class='ocrx_word' id='word_1_99' title='bbox 1110 1410 1239 1474; x_wconf 91' lang='lat' dir='ltr'><strong>vinculo</strong></span> <span class='ocrx_word' id='word_1_100' title='bbox 1267 1431 1303 1474; x_wconf 92' lang='lat' dir='ltr'><strong>se</strong></span> <span class='ocrx_word' id='word_1_101' title='bbox 1334 1411 1519 1491; x_wconf 90' lang='lat' dir='ltr'><strong>astrincxit,</strong></span> <span class='ocrx_word' id='word_1_102' title='bbox 1550 1410 1644 1495; x_wconf 92' lang='lat' dir='ltr'><strong>quasi</strong></span> <span class='ocrx_word' id='word_1_103' title='bbox 1672 1430 1737 1474; x_wconf 94' lang='lat' dir='ltr'><strong>non</strong></span> <span class='ocrx_word' id='word_1_104' title='bbox 1764 1408 1907 1472; x_wconf 86' lang='lat' dir='ltr'><strong>sufficiat</strong></span> <span class='ocrx_word' id='word_1_105' title='bbox 1934 1407 2082 1472; x_wconf 90' lang='lat' dir='ltr'><strong>inaudite</strong></span> 
     </span>
     <span class='ocr_line' id='line_1_11' title="bbox 427 1509 2081 1602; baseline -0.002 -22"><span class='ocrx_word' id='word_1_106' title='bbox 427 1516 625 1602; x_wconf 86' lang='lat' dir='ltr'><strong>tyrampnidi</strong></span> <span class='ocrx_word' id='word_1_107' title='bbox 648 1523 682 1582; x_wconf 90' lang='lat' dir='ltr'><strong>et</strong></span> <span class='ocrx_word' id='word_1_108' title='bbox 704 1515 887 1581; x_wconf 86' lang='lat' dir='ltr'><strong>infidelitati</strong></span> <span class='ocrx_word' id='word_1_109' title='bbox 915 1514 1107 1600; x_wconf 89' lang='lat' dir='ltr'><strong>dampnate,</strong></span> <span class='ocrx_word' id='word_1_110' title='bbox 1137 1515 1294 1600; x_wconf 90' lang='lat' dir='ltr'><strong>templum</strong></span> <span class='ocrx_word' id='word_1_111' title='bbox 1318 1513 1383 1578; x_wconf 90' lang='lat' dir='ltr'><strong>Dei</strong></span> <span class='ocrx_word' id='word_1_112' title='bbox 1411 1509 1555 1579; x_wconf 88' lang='lat' dir='ltr'><strong>bostium</strong></span> <span class='ocrx_word' id='word_1_113' title='bbox 1581 1514 1658 1578; x_wconf 89' lang='lat' dir='ltr'><strong>fidei</strong></span> <span class='ocrx_word' id='word_1_114' title='bbox 1690 1513 1830 1578; x_wconf 87' lang='lat' dir='ltr'><strong>subdere</strong></span> <span class='ocrx_word' id='word_1_115' title='bbox 1861 1514 2016 1598; x_wconf 88' lang='lat' dir='ltr'><strong>potestati</strong></span> <span class='ocrx_word' id='word_1_116' title='bbox 2047 1519 2081 1576; x_wconf 91' lang='lat' dir='ltr'><strong>et</strong></span> 
     </span>
     <span class='ocr_line' id='line_1_12' title="bbox 427 1616 2081 1706; baseline -0.002 -24"><span class='ocrx_word' id='word_1_117' title='bbox 427 1619 625 1706; x_wconf 89' lang='lat' dir='ltr'><strong>prophanari</strong></span> <span class='ocrx_word' id='word_1_118' title='bbox 652 1618 867 1682; x_wconf 91' lang='lat' dir='ltr'><strong>immunditiis</strong></span> <span class='ocrx_word' id='word_1_119' title='bbox 898 1638 1097 1704; x_wconf 90' lang='lat' dir='ltr'><strong>paganorum</strong></span> <span class='ocrx_word' id='word_1_120' title='bbox 1127 1638 1165 1682; x_wconf 91' lang='lat' dir='ltr'><strong>ac</strong></span> <span class='ocrx_word' id='word_1_121' title='bbox 1196 1616 1364 1681; x_wconf 80' lang='lat' dir='ltr'><strong>Christum</strong></span> <span class='ocrx_word' id='word_1_122' title='bbox 1394 1617 1434 1681; x_wconf 91' lang='lat' dir='ltr'><strong>de</strong></span> <span class='ocrx_word' id='word_1_123' title='bbox 1464 1617 1542 1682; x_wconf 91' lang='lat' dir='ltr'><strong>sede</strong></span> <span class='ocrx_word' id='word_1_124' title='bbox 1571 1638 1630 1681; x_wconf 88' lang='lat' dir='ltr'><strong>sua</strong></span> <span class='ocrx_word' id='word_1_125' title='bbox 1657 1617 1797 1701; x_wconf 89' lang='lat' dir='ltr'><strong>turpiter</strong></span> <span class='ocrx_word' id='word_1_126' title='bbox 1828 1617 1983 1697; x_wconf 86' lang='lat' dir='ltr'><strong>eiecisse,</strong></span> <span class='ocrx_word' id='word_1_127' title='bbox 2016 1616 2081 1680; x_wconf 88' lang='lat' dir='ltr'><strong>nisi</strong></span> 
     </span>
     <span class='ocr_line' id='line_1_13' title="bbox 428 1719 2082 1808; baseline -0.003 -22"><span class='ocrx_word' id='word_1_128' title='bbox 428 1723 527 1787; x_wconf 91' lang='lat' dir='ltr'><strong>etiam</strong></span> <span class='ocrx_word' id='word_1_129' title='bbox 550 1723 687 1808; x_wconf 88' lang='lat' dir='ltr'><strong>primam</strong></span> <span class='ocrx_word' id='word_1_130' title='bbox 707 1722 818 1787; x_wconf 90' lang='lat' dir='ltr'><strong>sedem</strong></span> <span class='ocrx_word' id='word_1_131' title='bbox 840 1721 1061 1808; x_wconf 89' lang='lat' dir='ltr'><strong>apostolorum</strong></span> <span class='ocrx_word' id='word_1_132' title='bbox 1077 1720 1246 1807; x_wconf 87' lang='lat' dir='ltr'><strong>principis,</strong></span> <span class='ocrx_word' id='word_1_133' title='bbox 1270 1721 1340 1784; x_wconf 92' lang='lat' dir='ltr'><strong>eius</strong></span> <span class='ocrx_word' id='word_1_134' title='bbox 1357 1721 1479 1800; x_wconf 88' lang='lat' dir='ltr'><strong>vicarii,</strong></span> <span class='ocrx_word' id='word_1_135' title='bbox 1503 1721 1719 1785; x_wconf 91' lang='lat' dir='ltr'><strong>iuramentum</strong></span> <span class='ocrx_word' id='word_1_136' title='bbox 1743 1721 1774 1783; x_wconf 93' lang='lat' dir='ltr'><strong>ei</strong></span> <span class='ocrx_word' id='word_1_137' title='bbox 1797 1721 1970 1805; x_wconf 91' lang='lat' dir='ltr'><strong>prestitum</strong></span> <span class='ocrx_word' id='word_1_138' title='bbox 1994 1719 2082 1782; x_wconf 91' lang='lat' dir='ltr'><strong>male</strong></span> 
     </span>
     <span class='ocr_line' id='line_1_14' title="bbox 429 1822 2084 1911; baseline -0.001 -23"><span class='ocrx_word' id='word_1_139' title='bbox 429 1845 578 1900; x_wconf 88' lang='lat' dir='ltr'><strong>servans,</strong></span> <span class='ocrx_word' id='word_1_140' title='bbox 603 1825 794 1911; x_wconf 85' lang='lat' dir='ltr'><strong>exposuerit</strong></span> <span class='ocrx_word' id='word_1_141' title='bbox 817 1825 956 1889; x_wconf 92' lang='lat' dir='ltr'><strong>inimicis</strong></span> <span class='ocrx_word' id='word_1_142' title='bbox 980 1823 1056 1888; x_wconf 86' lang='lat' dir='ltr'><strong>fidei</strong></span> <span class='ocrx_word' id='word_1_143' title='bbox 1078 1822 1279 1902; x_wconf 89' lang='lat' dir='ltr'><strong>Christiane,</strong></span> <span class='ocrx_word' id='word_1_144' title='bbox 1306 1822 1479 1888; x_wconf 87' lang='lat' dir='ltr'><strong>manifeste</strong></span> <span class='ocrx_word' id='word_1_145' title='bbox 1502 1830 1688 1910; x_wconf 89' lang='lat' dir='ltr'><strong>protestans</strong></span> <span class='ocrx_word' id='word_1_146' title='bbox 1711 1823 1797 1908; x_wconf 94' lang='lat' dir='ltr'><strong>quod</strong></span> <span class='ocrx_word' id='word_1_147' title='bbox 1818 1823 1959 1887; x_wconf 86' lang='lat' dir='ltr'><strong>infidelia</strong></span> <span class='ocrx_word' id='word_1_148' title='bbox 1983 1822 2084 1909; x_wconf 90' lang='lat' dir='ltr'><strong>capiti</strong></span> 
     </span>
     <span class='ocr_line' id='line_1_15' title="bbox 429 1926 2082 2012; baseline -0.001 -20"><span class='ocrx_word' id='word_1_149' title='bbox 429 1949 494 1992; x_wconf 91' lang='lat' dir='ltr'><strong>non</strong></span> <span class='ocrx_word' id='word_1_150' title='bbox 524 1928 628 1992; x_wconf 93' lang='lat' dir='ltr'><strong>solum</strong></span> <span class='ocrx_word' id='word_1_151' title='bbox 659 1929 714 1992; x_wconf 94' lang='lat' dir='ltr'><strong>uni</strong></span> <span class='ocrx_word' id='word_1_152' title='bbox 745 1928 907 2008; x_wconf 88' lang='lat' dir='ltr'><strong>membro,</strong></span> <span class='ocrx_word' id='word_1_153' title='bbox 947 1933 998 1992; x_wconf 92' lang='lat' dir='ltr'><strong>set</strong></span> <span class='ocrx_word' id='word_1_154' title='bbox 1030 1929 1090 1991; x_wconf 88' lang='lat' dir='ltr'><strong>toti</strong></span> <span class='ocrx_word' id='word_1_155' title='bbox 1123 1927 1251 2012; x_wconf 86' lang='lat' dir='ltr'><strong>corpori</strong></span> <span class='ocrx_word' id='word_1_156' title='bbox 1289 1927 1332 1990; x_wconf 90' lang='lat' dir='ltr'><strong>sit</strong></span> <span class='ocrx_word' id='word_1_157' title='bbox 1363 1926 1490 1992; x_wconf 91' lang='lat' dir='ltr'><strong>infidus.</strong></span> <span class='ocrx_word' id='word_1_158' title='bbox 1547 1926 1669 2000; x_wconf 85' lang='lat' dir='ltr'><strong>Quarto</strong></span> <span class='ocrx_word' id='word_1_159' title='bbox 1698 1934 1807 1991; x_wconf 89' lang='lat' dir='ltr'><strong>autem</strong></span> <span class='ocrx_word' id='word_1_160' title='bbox 1836 1936 1948 1991; x_wconf 92' lang='lat' dir='ltr'><strong>contra</strong></span> <span class='ocrx_word' id='word_1_161' title='bbox 1977 1934 2082 1992; x_wconf 91' lang='lat' dir='ltr'><strong>totum</strong></span> 
     </span>
     <span class='ocr_line' id='line_1_16' title="bbox 428 2030 2155 2117; baseline 0.001 -24"><span class='ocrx_word' id='word_1_162' title='bbox 428 2031 584 2116; x_wconf 94' lang='lat' dir='ltr'><strong>populum</strong></span> <span class='ocrx_word' id='word_1_163' title='bbox 607 2032 828 2097; x_wconf 91' lang='lat' dir='ltr'><strong>Christianum</strong></span> <span class='ocrx_word' id='word_1_164' title='bbox 851 2038 990 2117; x_wconf 90' lang='lat' dir='ltr'><strong>apparet</strong></span> <span class='ocrx_word' id='word_1_165' title='bbox 1016 2031 1120 2116; x_wconf 89' lang='lat' dir='ltr'><strong>ipsius</strong></span> <span class='ocrx_word' id='word_1_166' title='bbox 1148 2037 1182 2094; x_wconf 92' lang='lat' dir='ltr'><strong>et</strong></span> <span class='ocrx_word' id='word_1_167' title='bbox 1204 2050 1406 2115; x_wconf 89' lang='lat' dir='ltr'><strong>paganorum</strong></span> <span class='ocrx_word' id='word_1_168' title='bbox 1429 2030 1650 2095; x_wconf 84' lang='lat' dir='ltr'><strong>confederatio</strong></span> <span class='ocrx_word' id='word_1_169' title='bbox 1673 2031 1864 2110; x_wconf 81' lang='lat' dir='ltr'><strong>manifesta,</strong></span> <span class='ocrx_word' id='word_1_170' title='bbox 1893 2031 1950 2095; x_wconf 94' lang='lat' dir='ltr'><strong>ubi</strong></span> <span class='ocrx_word' id='word_1_171' title='bbox 1973 2032 2020 2095; x_wconf 92' lang='lat' dir='ltr'><strong>ita</strong></span> <span class='ocrx_word' id='word_1_172' title='bbox 2046 2053 2082 2095; x_wconf 90' lang='lat' dir='ltr'><strong>se</strong></span> <span class='ocrx_word' id='word_1_173' title='bbox 2145 2053 2155 2088; x_wconf 75' lang='lat' dir='ltr'><strong>s</strong></span> 
     </span>
     <span class='ocr_line' id='line_1_17' title="bbox 429 2132 2086 2222; baseline -0.001 -24"><span class='ocrx_word' id='word_1_174' title='bbox 429 2135 681 2222; x_wconf 86' lang='lat' dir='ltr'><strong>dampnabiliter</strong></span> <span class='ocrx_word' id='word_1_175' title='bbox 710 2137 885 2221; x_wconf 90' lang='lat' dir='ltr'><strong>obligavit,</strong></span> <span class='ocrx_word' id='word_1_176' title='bbox 916 2134 1002 2220; x_wconf 93' lang='lat' dir='ltr'><strong>quod</strong></span> <span class='ocrx_word' id='word_1_177' title='bbox 1031 2155 1159 2212; x_wconf 91' lang='lat' dir='ltr'><strong>omnes,</strong></span> <span class='ocrx_word' id='word_1_178' title='bbox 1190 2134 1245 2219; x_wconf 93' lang='lat' dir='ltr'><strong>qui</strong></span> <span class='ocrx_word' id='word_1_179' title='bbox 1272 2132 1429 2218; x_wconf 89' lang='lat' dir='ltr'><strong>predictis</strong></span> <span class='ocrx_word' id='word_1_180' title='bbox 1456 2133 1541 2198; x_wconf 89' lang='lat' dir='ltr'><strong>inter</strong></span> <span class='ocrx_word' id='word_1_181' title='bbox 1569 2154 1604 2197; x_wconf 90' lang='lat' dir='ltr'><strong>se</strong></span> <span class='ocrx_word' id='word_1_182' title='bbox 1627 2134 1716 2198; x_wconf 90' lang='lat' dir='ltr'><strong>initis</strong></span> <span class='ocrx_word' id='word_1_183' title='bbox 1740 2134 1936 2199; x_wconf 89' lang='lat' dir='ltr'><strong>factionibus</strong></span> <span class='ocrx_word' id='word_1_184' title='bbox 1959 2135 2086 2199; x_wconf 89' lang='lat' dir='ltr'><strong>vellent</strong></span> 
     </span>
     <span class='ocr_line' id='line_1_18' title="bbox 431 2237 2085 2324; baseline 0 -22"><span class='ocrx_word' id='word_1_185' title='bbox 431 2239 677 2322; x_wconf 91' lang='lat' dir='ltr'><strong>quomodolibet</strong></span> <span class='ocrx_word' id='word_1_186' title='bbox 699 2240 843 2320; x_wconf 91' lang='lat' dir='ltr'><strong>obviare,</strong></span> <span class='ocrx_word' id='word_1_187' title='bbox 867 2239 1049 2302; x_wconf 90' lang='lat' dir='ltr'><strong>iuramento</strong></span> <span class='ocrx_word' id='word_1_188' title='bbox 1072 2244 1203 2302; x_wconf 91' lang='lat' dir='ltr'><strong>tenetur</strong></span> <span class='ocrx_word' id='word_1_189' title='bbox 1224 2238 1291 2301; x_wconf 90' lang='lat' dir='ltr'><strong>suis</strong></span> <span class='ocrx_word' id='word_1_190' title='bbox 1313 2237 1467 2323; x_wconf 87' lang='lat' dir='ltr'><strong>expensis</strong></span> <span class='ocrx_word' id='word_1_191' title='bbox 1491 2244 1524 2301; x_wconf 92' lang='lat' dir='ltr'><strong>et</strong></span> <span class='ocrx_word' id='word_1_192' title='bbox 1546 2238 1695 2301; x_wconf 87' lang='lat' dir='ltr'><strong>exercitu</strong></span> <span class='ocrx_word' id='word_1_193' title='bbox 1716 2259 1774 2301; x_wconf 90' lang='lat' dir='ltr'><strong>suo</strong></span> <span class='ocrx_word' id='word_1_194' title='bbox 1796 2259 1855 2324; x_wconf 91' lang='lat' dir='ltr'><strong>pro</strong></span> <span class='ocrx_word' id='word_1_195' title='bbox 1874 2239 1942 2303; x_wconf 90' lang='lat' dir='ltr'><strong>suis</strong></span> <span class='ocrx_word' id='word_1_196' title='bbox 1958 2239 2085 2302; x_wconf 92' lang='lat' dir='ltr'><strong>viribus</strong></span> 
     </span>
     <span class='ocr_line' id='line_1_19' title="bbox 429 2335 2086 2430; baseline 0 -25"><span class='ocrx_word' id='word_1_197' title='bbox 429 2341 613 2419; x_wconf 90' lang='lat' dir='ltr'><strong>debellare;</strong></span> <span class='ocrx_word' id='word_1_198' title='bbox 646 2364 688 2408; x_wconf 90' lang='lat' dir='ltr'><strong>ex</strong></span> <span class='ocrx_word' id='word_1_199' title='bbox 719 2365 782 2430; x_wconf 91' lang='lat' dir='ltr'><strong>quo</strong></span> <span class='ocrx_word' id='word_1_200' title='bbox 812 2347 958 2422; x_wconf 88' lang='lat' dir='ltr'><strong>constat,</strong></span> <span class='ocrx_word' id='word_1_201' title='bbox 988 2340 1074 2426; x_wconf 94' lang='lat' dir='ltr'><strong>quod</strong></span> <span class='ocrx_word' id='word_1_202' title='bbox 1106 2335 1133 2404; x_wconf 89' lang='lat' dir='ltr'><strong>si</strong></span> <span class='ocrx_word' id='word_1_203' title='bbox 1156 2340 1362 2404; x_wconf 88' lang='lat' dir='ltr'><strong>Christianus</strong></span> <span class='ocrx_word' id='word_1_204' title='bbox 1394 2341 1559 2405; x_wconf 87' lang='lat' dir='ltr'><strong>exercitus</strong></span> <span class='ocrx_word' id='word_1_205' title='bbox 1589 2342 1704 2405; x_wconf 89' lang='lat' dir='ltr'><strong>ulcisci</strong></span> <span class='ocrx_word' id='word_1_206' title='bbox 1732 2341 1783 2406; x_wconf 93' lang='lat' dir='ltr'><strong>sui</strong></span> <span class='ocrx_word' id='word_1_207' title='bbox 1806 2342 1905 2406; x_wconf 91' lang='lat' dir='ltr'><strong>vellet</strong></span> <span class='ocrx_word' id='word_1_208' title='bbox 1933 2342 2086 2406; x_wconf 89' lang='lat' dir='ltr'><strong>iniuriam</strong></span> 
     </span>
     <span class='ocr_line' id='line_1_20' title="bbox 431 2442 2087 2532; baseline 0.001 -24"><span class='ocrx_word' id='word_1_209' title='bbox 431 2443 662 2531; x_wconf 88' lang='lat' dir='ltr'><strong>Redemptoris</strong></span> <span class='ocrx_word' id='word_1_210' title='bbox 697 2453 730 2510; x_wconf 90' lang='lat' dir='ltr'><strong>et</strong></span> <span class='ocrx_word' id='word_1_211' title='bbox 764 2467 784 2510; x_wconf 89' lang='lat' dir='ltr'><strong>a</strong></span> <span class='ocrx_word' id='word_1_212' title='bbox 817 2446 940 2531; x_wconf 93' lang='lat' dir='ltr'><strong>templo</strong></span> <span class='ocrx_word' id='word_1_213' title='bbox 968 2443 1033 2508; x_wconf 92' lang='lat' dir='ltr'><strong>Dei</strong></span> <span class='ocrx_word' id='word_1_214' title='bbox 1064 2449 1098 2508; x_wconf 92' lang='lat' dir='ltr'><strong>et</strong></span> <span class='ocrx_word' id='word_1_215' title='bbox 1131 2464 1151 2506; x_wconf 91' lang='lat' dir='ltr'><strong>a</strong></span> <span class='ocrx_word' id='word_1_216' title='bbox 1183 2442 1285 2508; x_wconf 85' lang='lat' dir='ltr'><strong>Terra</strong></span> <span class='ocrx_word' id='word_1_217' title='bbox 1317 2442 1438 2508; x_wconf 84' lang='lat' dir='ltr'><strong>Sancta</strong></span> <span class='ocrx_word' id='word_1_218' title='bbox 1472 2444 1641 2510; x_wconf 91' lang='lat' dir='ltr'><strong>eliminare</strong></span> <span class='ocrx_word' id='word_1_219' title='bbox 1671 2445 1842 2530; x_wconf 90' lang='lat' dir='ltr'><strong>spurcitias</strong></span> <span class='ocrx_word' id='word_1_220' title='bbox 1873 2467 2087 2532; x_wconf 87' lang='lat' dir='ltr'><strong>paganorum,</strong></span> 
     </span>
     <span class='ocr_line' id='line_1_21' title="bbox 430 2546 2159 2634; baseline 0.001 -22"><span class='ocrx_word' id='word_1_221' title='bbox 430 2555 581 2633; x_wconf 90' lang='lat' dir='ltr'><strong>patenter</strong></span> <span class='ocrx_word' id='word_1_222' title='bbox 603 2554 736 2614; x_wconf 90' lang='lat' dir='ltr'><strong>tenetur</strong></span> <span class='ocrx_word' id='word_1_223' title='bbox 759 2570 794 2613; x_wconf 88' lang='lat' dir='ltr'><strong>se</strong></span> <span class='ocrx_word' id='word_1_224' title='bbox 818 2569 984 2634; x_wconf 90' lang='lat' dir='ltr'><strong>opponere</strong></span> <span class='ocrx_word' id='word_1_225' title='bbox 1008 2546 1216 2613; x_wconf 89' lang='lat' dir='ltr'><strong>Christianis.</strong></span> <span class='ocrx_word' id='word_1_226' title='bbox 2135 2577 2159 2615; x_wconf 77' lang='lat' dir='ltr'><strong>a</strong></span> 
     </span>
     <span class='ocr_line' id='line_1_22' title="bbox 537 2650 2086 2738; baseline 0.003 -24"><span class='ocrx_word' id='word_1_227' title='bbox 537 2651 691 2736; x_wconf 84' lang='lat' dir='ltr'><strong>Nunquid</strong></span> <span class='ocrx_word' id='word_1_228' title='bbox 715 2651 900 2738; x_wconf 89' lang='lat' dir='ltr'><strong>superbiis</strong></span> <span class='ocrx_word' id='word_1_229' title='bbox 923 2672 988 2714; x_wconf 93' lang='lat' dir='ltr'><strong>non</strong></span> <span class='ocrx_word' id='word_1_230' title='bbox 1018 2650 1241 2735; x_wconf 87' lang='lat' dir='ltr'><strong>indignabitur</strong></span> <span class='ocrx_word' id='word_1_231' title='bbox 1263 2652 1353 2716; x_wconf 85' lang='lat' dir='ltr'><strong>zelus</strong></span> <span class='ocrx_word' id='word_1_232' title='bbox 1377 2658 1468 2732; x_wconf 86' lang='lat' dir='ltr'><strong>tuus,</strong></span> <span class='ocrx_word' id='word_1_233' title='bbox 1499 2658 1557 2716; x_wconf 92' lang='lat' dir='ltr'><strong>aut</strong></span> <span class='ocrx_word' id='word_1_234' title='bbox 1578 2653 1710 2737; x_wconf 89' lang='lat' dir='ltr'><strong>impune</strong></span> <span class='ocrx_word' id='word_1_235' title='bbox 1735 2651 1885 2717; x_wconf 91' lang='lat' dir='ltr'><strong>Christus</strong></span> <span class='ocrx_word' id='word_1_236' title='bbox 1914 2652 1955 2718; x_wconf 91' lang='lat' dir='ltr'><strong>de</strong></span> <span class='ocrx_word' id='word_1_237' title='bbox 1982 2675 2086 2738; x_wconf 90' lang='lat' dir='ltr'><strong>regno</strong></span> 
     </span>
     <span class='ocr_line' id='line_1_23' title="bbox 430 2753 2088 2842; baseline 0.002 -26"><span class='ocrx_word' id='word_1_238' title='bbox 430 2774 489 2817; x_wconf 93' lang='lat' dir='ltr'><strong>suo</strong></span> <span class='ocrx_word' id='word_1_239' title='bbox 513 2761 547 2818; x_wconf 92' lang='lat' dir='ltr'><strong>et</strong></span> <span class='ocrx_word' id='word_1_240' title='bbox 570 2753 649 2819; x_wconf 90' lang='lat' dir='ltr'><strong>sede</strong></span> <span class='ocrx_word' id='word_1_241' title='bbox 674 2755 853 2841; x_wconf 86' lang='lat' dir='ltr'><strong>repellitur,</strong></span> <span class='ocrx_word' id='word_1_242' title='bbox 877 2762 911 2819; x_wconf 93' lang='lat' dir='ltr'><strong>et</strong></span> <span class='ocrx_word' id='word_1_243' title='bbox 933 2755 1186 2820; x_wconf 88' lang='lat' dir='ltr'><strong>transactionem</strong></span> <span class='ocrx_word' id='word_1_244' title='bbox 1207 2755 1364 2841; x_wconf 89' lang='lat' dir='ltr'><strong>principis</strong></span> <span class='ocrx_word' id='word_1_245' title='bbox 1388 2756 1458 2819; x_wconf 92' lang='lat' dir='ltr'><strong>solo</strong></span> <span class='ocrx_word' id='word_1_246' title='bbox 1482 2756 1612 2821; x_wconf 89' lang='lat' dir='ltr'><strong>nomine</strong></span> <span class='ocrx_word' id='word_1_247' title='bbox 1629 2755 1818 2836; x_wconf 87' lang='lat' dir='ltr'><strong>Christiani,</strong></span> <span class='ocrx_word' id='word_1_248' title='bbox 1841 2777 1904 2840; x_wconf 90' lang='lat' dir='ltr'><strong>qua</strong></span> <span class='ocrx_word' id='word_1_249' title='bbox 1926 2756 2088 2842; x_wconf 92' lang='lat' dir='ltr'><strong>templum</strong></span> 
     </span>
     <span class='ocr_line' id='line_1_24' title="bbox 430 2855 2088 2946; baseline 0.003 -27"><span class='ocrx_word' id='word_1_250' title='bbox 430 2855 495 2920; x_wconf 92' lang='lat' dir='ltr'><strong>Dei</strong></span> <span class='ocrx_word' id='word_1_251' title='bbox 519 2856 708 2921; x_wconf 91' lang='lat' dir='ltr'><strong>conceditur</strong></span> <span class='ocrx_word' id='word_1_252' title='bbox 729 2857 949 2937; x_wconf 90' lang='lat' dir='ltr'><strong>Macbometo,</strong></span> <span class='ocrx_word' id='word_1_253' title='bbox 972 2858 1088 2942; x_wconf 90' lang='lat' dir='ltr'><strong>religio</strong></span> <span class='ocrx_word' id='word_1_254' title='bbox 1113 2857 1301 2922; x_wconf 89' lang='lat' dir='ltr'><strong>Christiana</strong></span> <span class='ocrx_word' id='word_1_255' title='bbox 1324 2860 1575 2924; x_wconf 89' lang='lat' dir='ltr'><strong>conniventibus</strong></span> <span class='ocrx_word' id='word_1_256' title='bbox 1599 2860 1702 2924; x_wconf 90' lang='lat' dir='ltr'><strong>oculis</strong></span> <span class='ocrx_word' id='word_1_257' title='bbox 1725 2860 1941 2946; x_wconf 72' lang='lat' dir='ltr'><strong>approbabit?</strong></span> <span class='ocrx_word' id='word_1_258' title='bbox 1987 2860 2088 2924; x_wconf 83' lang='lat' dir='ltr'><strong>Absit</strong></span> 
     </span>
     <span class='ocr_line' id='line_1_25' title="bbox 430 2957 2086 3046; baseline 0.004 -25"><span class='ocrx_word' id='word_1_259' title='bbox 430 2964 467 3021; x_wconf 93' lang='lat' dir='ltr'><strong>ut</strong></span> <span class='ocrx_word' id='word_1_260' title='bbox 494 2957 597 3039; x_wconf 89' lang='lat' dir='ltr'><strong>illius,</strong></span> <span class='ocrx_word' id='word_1_261' title='bbox 621 2960 676 3045; x_wconf 93' lang='lat' dir='ltr'><strong>qui</strong></span> <span class='ocrx_word' id='word_1_262' title='bbox 698 2961 767 3025; x_wconf 89' lang='lat' dir='ltr'><strong>lese</strong></span> <span class='ocrx_word' id='word_1_263' title='bbox 793 2960 975 3025; x_wconf 91' lang='lat' dir='ltr'><strong>maiestatis</strong></span> <span class='ocrx_word' id='word_1_264' title='bbox 999 2981 1073 3024; x_wconf 90' lang='lat' dir='ltr'><strong>reus</strong></span> <span class='ocrx_word' id='word_1_265' title='bbox 1098 2967 1162 3034; x_wconf 88' lang='lat' dir='ltr'><strong>est,</strong></span> <span class='ocrx_word' id='word_1_266' title='bbox 1190 2961 1356 3046; x_wconf 87' lang='lat' dir='ltr'><strong>particeps</strong></span> <span class='ocrx_word' id='word_1_267' title='bbox 1380 2963 1433 3025; x_wconf 87' lang='lat' dir='ltr'><strong>vel</strong></span> <span class='ocrx_word' id='word_1_268' title='bbox 1457 2983 1592 3026; x_wconf 93' lang='lat' dir='ltr'><strong>consors</strong></span> <span class='ocrx_word' id='word_1_269' title='bbox 1617 2962 1751 3026; x_wconf 88' lang='lat' dir='ltr'><strong>existas.</strong></span> <span class='ocrx_word' id='word_1_270' title='bbox 1796 2960 1831 3026; x_wconf 84' lang='lat' dir='ltr'><strong>Si</strong></span> <span class='ocrx_word' id='word_1_271' title='bbox 1854 2983 1930 3027; x_wconf 89' lang='lat' dir='ltr'><strong>reus</strong></span> <span class='ocrx_word' id='word_1_272' title='bbox 1954 2971 2006 3027; x_wconf 91' lang='lat' dir='ltr'><strong>est</strong></span> <span class='ocrx_word' id='word_1_273' title='bbox 2029 2964 2086 3027; x_wconf 93' lang='lat' dir='ltr'><strong>ille</strong></span> 
     </span>
     <span class='ocr_line' id='line_1_26' title="bbox 431 3061 2158 3152; baseline 0.003 -29"><span class='ocrx_word' id='word_1_274' title='bbox 431 3061 575 3125; x_wconf 90' lang='lat' dir='ltr'><strong>criminis</strong></span> <span class='ocrx_word' id='word_1_275' title='bbox 598 3062 707 3144; x_wconf 93' lang='lat' dir='ltr'><strong>huius,</strong></span> <span class='ocrx_word' id='word_1_276' title='bbox 730 3064 822 3128; x_wconf 88' lang='lat' dir='ltr'><strong>cuius</strong></span> <span class='ocrx_word' id='word_1_277' title='bbox 846 3085 908 3149; x_wconf 92' lang='lat' dir='ltr'><strong>ope</strong></span> <span class='ocrx_word' id='word_1_278' title='bbox 928 3064 981 3128; x_wconf 90' lang='lat' dir='ltr'><strong>vel</strong></span> <span class='ocrx_word' id='word_1_279' title='bbox 1004 3062 1078 3128; x_wconf 93' lang='lat' dir='ltr'><strong>dolo</strong></span> <span class='ocrx_word' id='word_1_280' title='bbox 1102 3064 1216 3128; x_wconf 90' lang='lat' dir='ltr'><strong>civitas</strong></span> <span class='ocrx_word' id='word_1_281' title='bbox 1238 3063 1387 3128; x_wconf 90' lang='lat' dir='ltr'><strong>hostibus</strong></span> <span class='ocrx_word' id='word_1_282' title='bbox 1403 3065 1456 3128; x_wconf 89' lang='lat' dir='ltr'><strong>vel</strong></span> <span class='ocrx_word' id='word_1_283' title='bbox 1478 3065 1646 3150; x_wconf 91' lang='lat' dir='ltr'><strong>provincia</strong></span> <span class='ocrx_word' id='word_1_284' title='bbox 1664 3065 1811 3146; x_wconf 88' lang='lat' dir='ltr'><strong>traditur,</strong></span> <span class='ocrx_word' id='word_1_285' title='bbox 1834 3073 1955 3151; x_wconf 89' lang='lat' dir='ltr'><strong>quanto</strong></span> <span class='ocrx_word' id='word_1_286' title='bbox 1980 3068 2086 3152; x_wconf 91' lang='lat' dir='ltr'><strong>magis</strong></span> <span class='ocrx_word' id='word_1_287' title='bbox 2135 3090 2158 3130; x_wconf 80' lang='lat' dir='ltr'><strong>ss</strong></span> 
     </span>
     <span class='ocr_line' id='line_1_27' title="bbox 432 3163 2089 3254; baseline 0.005 -28"><span class='ocrx_word' id='word_1_288' title='bbox 432 3163 580 3229; x_wconf 91' lang='lat' dir='ltr'><strong>eiusdem</strong></span> <span class='ocrx_word' id='word_1_289' title='bbox 613 3167 755 3232; x_wconf 91' lang='lat' dir='ltr'><strong>criminis</strong></span> <span class='ocrx_word' id='word_1_290' title='bbox 790 3187 866 3232; x_wconf 89' lang='lat' dir='ltr'><strong>reus</strong></span> <span class='ocrx_word' id='word_1_291' title='bbox 898 3174 963 3247; x_wconf 86' lang='lat' dir='ltr'><strong>est,</strong></span> <span class='ocrx_word' id='word_1_292' title='bbox 995 3168 1051 3251; x_wconf 93' lang='lat' dir='ltr'><strong>qui</strong></span> <span class='ocrx_word' id='word_1_293' title='bbox 1082 3187 1156 3231; x_wconf 90' lang='lat' dir='ltr'><strong>cum</strong></span> <span class='ocrx_word' id='word_1_294' title='bbox 1183 3167 1324 3232; x_wconf 90' lang='lat' dir='ltr'><strong>inimicis</strong></span> <span class='ocrx_word' id='word_1_295' title='bbox 1352 3166 1428 3232; x_wconf 90' lang='lat' dir='ltr'><strong>fidei</strong></span> <span class='ocrx_word' id='word_1_296' title='bbox 1461 3165 1646 3232; x_wconf 90' lang='lat' dir='ltr'><strong>Christiane</strong></span> <span class='ocrx_word' id='word_1_297' title='bbox 1680 3175 1794 3233; x_wconf 90' lang='lat' dir='ltr'><strong>contra</strong></span> <span class='ocrx_word' id='word_1_298' title='bbox 1821 3191 1934 3254; x_wconf 90' lang='lat' dir='ltr'><strong>regem</strong></span> <span class='ocrx_word' id='word_1_299' title='bbox 1962 3171 2026 3234; x_wconf 93' lang='lat' dir='ltr'><strong>celi</strong></span> <span class='ocrx_word' id='word_1_300' title='bbox 2055 3177 2089 3235; x_wconf 90' lang='lat' dir='ltr'><strong>et</strong></span> 
     </span>
     <span class='ocr_line' id='line_1_28' title="bbox 432 3264 2089 3358; baseline 0.005 -31"><span class='ocrx_word' id='word_1_301' title='bbox 432 3264 662 3350; x_wconf 86' lang='lat' dir='ltr'><strong>imperatorem</strong></span> <span class='ocrx_word' id='word_1_302' title='bbox 693 3276 859 3348; x_wconf 90' lang='lat' dir='ltr'><strong>eternum,</strong></span> <span class='ocrx_word' id='word_1_303' title='bbox 889 3277 925 3334; x_wconf 91' lang='lat' dir='ltr'><strong>ut</strong></span> <span class='ocrx_word' id='word_1_304' title='bbox 959 3270 1094 3334; x_wconf 88' lang='lat' dir='ltr'><strong>thronus</strong></span> <span class='ocrx_word' id='word_1_305' title='bbox 1125 3270 1196 3334; x_wconf 92' lang='lat' dir='ltr'><strong>eius</strong></span> <span class='ocrx_word' id='word_1_306' title='bbox 1225 3268 1266 3332; x_wconf 93' lang='lat' dir='ltr'><strong>ad</strong></span> <span class='ocrx_word' id='word_1_307' title='bbox 1294 3268 1517 3333; x_wconf 90' lang='lat' dir='ltr'><strong>adversarium</strong></span> <span class='ocrx_word' id='word_1_308' title='bbox 1549 3270 1780 3348; x_wconf 88' lang='lat' dir='ltr'><strong>transferatur,</strong></span> <span class='ocrx_word' id='word_1_309' title='bbox 1810 3271 1984 3358; x_wconf 89' lang='lat' dir='ltr'><strong>nepharias</strong></span> <span class='ocrx_word' id='word_1_310' title='bbox 2013 3273 2089 3336; x_wconf 94' lang='lat' dir='ltr'><strong>iniit</strong></span> 
     </span>
     <span class='ocr_line' id='line_1_29' title="bbox 431 3367 2089 3458; baseline 0.007 -28"><span class='ocrx_word' id='word_1_311' title='bbox 431 3367 601 3436; x_wconf 89' lang='lat' dir='ltr'><strong>sactiones.</strong></span> <span class='ocrx_word' id='word_1_312' title='bbox 646 3371 681 3436; x_wconf 82' lang='lat' dir='ltr'><strong>si</strong></span> <span class='ocrx_word' id='word_1_313' title='bbox 706 3372 884 3438; x_wconf 87' lang='lat' dir='ltr'><strong>secundum</strong></span> <span class='ocrx_word' id='word_1_314' title='bbox 906 3374 1000 3457; x_wconf 89' lang='lat' dir='ltr'><strong>leges</strong></span> <span class='ocrx_word' id='word_1_315' title='bbox 1029 3372 1212 3458; x_wconf 89' lang='lat' dir='ltr'><strong>principum</strong></span> <span class='ocrx_word' id='word_1_316' title='bbox 1236 3372 1432 3436; x_wconf 87' lang='lat' dir='ltr'><strong>secularium</strong></span> <span class='ocrx_word' id='word_1_317' title='bbox 1459 3372 1521 3437; x_wconf 89' lang='lat' dir='ltr'><strong>boc</strong></span> <span class='ocrx_word' id='word_1_318' title='bbox 1545 3374 1711 3458; x_wconf 88' lang='lat' dir='ltr'><strong>piaculare</strong></span> <span class='ocrx_word' id='word_1_319' title='bbox 1734 3375 1894 3458; x_wconf 85' lang='lat' dir='ltr'><strong>flagitium</strong></span> <span class='ocrx_word' id='word_1_320' title='bbox 1917 3382 1982 3439; x_wconf 91' lang='lat' dir='ltr'><strong>tam</strong></span> <span class='ocrx_word' id='word_1_321' title='bbox 2006 3375 2089 3441; x_wconf 90' lang='lat' dir='ltr'><strong>dura</strong></span> 
     </span>
     <span class='ocr_line' id='line_1_30' title="bbox 431 3470 2089 3566; baseline 0.005 -32"><span class='ocrx_word' id='word_1_322' title='bbox 431 3470 565 3558; x_wconf 88' lang='lat' dir='ltr'><strong>diraque</strong></span> <span class='ocrx_word' id='word_1_323' title='bbox 594 3497 681 3562; x_wconf 88' lang='lat' dir='ltr'><strong>pena</strong></span> <span class='ocrx_word' id='word_1_324' title='bbox 708 3478 879 3556; x_wconf 89' lang='lat' dir='ltr'><strong>multatur,</strong></span> <span class='ocrx_word' id='word_1_325' title='bbox 911 3483 948 3541; x_wconf 90' lang='lat' dir='ltr'><strong>ut</strong></span> <span class='ocrx_word' id='word_1_326' title='bbox 977 3476 1102 3542; x_wconf 86' lang='lat' dir='ltr'><strong>feratur</strong></span> <span class='ocrx_word' id='word_1_327' title='bbox 1128 3477 1208 3540; x_wconf 94' lang='lat' dir='ltr'><strong>ultio</strong></span> <span class='ocrx_word' id='word_1_328' title='bbox 1239 3485 1306 3542; x_wconf 91' lang='lat' dir='ltr'><strong>tam</strong></span> <span class='ocrx_word' id='word_1_329' title='bbox 1332 3479 1365 3541; x_wconf 92' lang='lat' dir='ltr'><strong>in</strong></span> <span class='ocrx_word' id='word_1_330' title='bbox 1393 3486 1521 3542; x_wconf 91' lang='lat' dir='ltr'><strong>actores</strong></span> <span class='ocrx_word' id='word_1_331' title='bbox 1551 3479 1686 3543; x_wconf 87' lang='lat' dir='ltr'><strong>sceleris</strong></span> <span class='ocrx_word' id='word_1_332' title='bbox 1716 3499 1812 3566; x_wconf 89' lang='lat' dir='ltr'><strong>quam</strong></span> <span class='ocrx_word' id='word_1_333' title='bbox 1842 3479 1875 3542; x_wconf 95' lang='lat' dir='ltr'><strong>in</strong></span> <span class='ocrx_word' id='word_1_334' title='bbox 1904 3479 2089 3564; x_wconf 90' lang='lat' dir='ltr'><strong>proieniem</strong></span> 
     </span>
     <span class='ocr_line' id='line_1_31' title="bbox 431 3574 2160 3668; baseline 0.008 -30"><span class='ocrx_word' id='word_1_335' title='bbox 431 3574 695 3663; x_wconf 85' lang='lat' dir='ltr'><strong>dampnatorum,</strong></span> <span class='ocrx_word' id='word_1_336' title='bbox 720 3588 772 3646; x_wconf 72' lang='lat' dir='ltr'><strong>eta</strong></span> <span class='ocrx_word' id='word_1_337' title='bbox 798 3581 945 3646; x_wconf 88' lang='lat' dir='ltr'><strong>eiusdem</strong></span> <span class='ocrx_word' id='word_1_338' title='bbox 969 3581 1113 3645; x_wconf 91' lang='lat' dir='ltr'><strong>criminis</strong></span> <span class='ocrx_word' id='word_1_339' title='bbox 1135 3581 1255 3645; x_wconf 91' lang='lat' dir='ltr'><strong>noxius</strong></span> <span class='ocrx_word' id='word_1_340' title='bbox 1279 3602 1344 3645; x_wconf 91' lang='lat' dir='ltr'><strong>non</strong></span> <span class='ocrx_word' id='word_1_341' title='bbox 1367 3581 1472 3645; x_wconf 90' lang='lat' dir='ltr'><strong>solum</strong></span> <span class='ocrx_word' id='word_1_342' title='bbox 1495 3582 1619 3646; x_wconf 90' lang='lat' dir='ltr'><strong>honore</strong></span> <span class='ocrx_word' id='word_1_343' title='bbox 1644 3583 1702 3646; x_wconf 92' lang='lat' dir='ltr'><strong>sed</strong></span> <span class='ocrx_word' id='word_1_344' title='bbox 1725 3582 1792 3645; x_wconf 90' lang='lat' dir='ltr'><strong>vita</strong></span> <span class='ocrx_word' id='word_1_345' title='bbox 1814 3581 1960 3668; x_wconf 89' lang='lat' dir='ltr'><strong>privetur</strong></span> <span class='ocrx_word' id='word_1_346' title='bbox 1981 3582 2085 3646; x_wconf 91' lang='lat' dir='ltr'><strong>filios·</strong></span> <span class='ocrx_word' id='word_1_347' title='bbox 2137 3613 2160 3651; x_wconf 83' lang='lat' dir='ltr'><strong>ao</strong></span> 
     </span>
     <span class='ocr_line' id='line_1_32' title="bbox 431 3683 2088 3771; baseline 0.004 -28"><span class='ocrx_word' id='word_1_348' title='bbox 431 3700 493 3763; x_wconf 90' lang='lat' dir='ltr'><strong>que</strong></span> <span class='ocrx_word' id='word_1_349' title='bbox 517 3689 677 3768; x_wconf 88' lang='lat' dir='ltr'><strong>perpetua</strong></span> <span class='ocrx_word' id='word_1_350' title='bbox 700 3684 876 3748; x_wconf 91' lang='lat' dir='ltr'><strong>comitetur</strong></span> <span class='ocrx_word' id='word_1_351' title='bbox 899 3684 1048 3764; x_wconf 84' lang='lat' dir='ltr'><strong>infamia,</strong></span> <span class='ocrx_word' id='word_1_352' title='bbox 1077 3691 1114 3748; x_wconf 95' lang='lat' dir='ltr'><strong>ut</strong></span> <span class='ocrx_word' id='word_1_353' title='bbox 1142 3683 1183 3748; x_wconf 91' lang='lat' dir='ltr'><strong>ad</strong></span> <span class='ocrx_word' id='word_1_354' title='bbox 1211 3686 1336 3749; x_wconf 91' lang='lat' dir='ltr'><strong>nullum</strong></span> <span class='ocrx_word' id='word_1_355' title='bbox 1366 3685 1525 3749; x_wconf 90' lang='lat' dir='ltr'><strong>honorem</strong></span> <span class='ocrx_word' id='word_1_356' title='bbox 1553 3686 1706 3771; x_wconf 91' lang='lat' dir='ltr'><strong>nullaque</strong></span> <span class='ocrx_word' id='word_1_357' title='bbox 1736 3706 1869 3771; x_wconf 91' lang='lat' dir='ltr'><strong>prorsus</strong></span> <span class='ocrx_word' id='word_1_358' title='bbox 1892 3687 2088 3771; x_wconf 88' lang='lat' dir='ltr'><strong>perveniant</strong></span> 
     </span>
     <span class='ocr_line' id='line_1_33' title="bbox 432 3787 2135 3876; baseline 0.005 -31"><span class='ocrx_word' id='word_1_359' title='bbox 432 3791 646 3866; x_wconf 90' lang='lat' dir='ltr'><strong>sacramenta,</strong></span> <span class='ocrx_word' id='word_1_360' title='bbox 670 3793 707 3850; x_wconf 96' lang='lat' dir='ltr'><strong>ut</strong></span> <span class='ocrx_word' id='word_1_361' title='bbox 730 3808 817 3851; x_wconf 92' lang='lat' dir='ltr'><strong>mors</strong></span> <span class='ocrx_word' id='word_1_362' title='bbox 842 3788 884 3851; x_wconf 88' lang='lat' dir='ltr'><strong>sit</strong></span> <span class='ocrx_word' id='word_1_363' title='bbox 907 3788 956 3852; x_wconf 89' lang='lat' dir='ltr'><strong>eis</strong></span> <span class='ocrx_word' id='word_1_364' title='bbox 981 3787 1132 3851; x_wconf 91' lang='lat' dir='ltr'><strong>solatium</strong></span> <span class='ocrx_word' id='word_1_365' title='bbox 1157 3795 1191 3852; x_wconf 93' lang='lat' dir='ltr'><strong>et</strong></span> <span class='ocrx_word' id='word_1_366' title='bbox 1213 3788 1280 3851; x_wconf 93' lang='lat' dir='ltr'><strong>vita</strong></span> <span class='ocrx_word' id='word_1_367' title='bbox 1302 3788 1335 3852; x_wconf 92' lang='lat' dir='ltr'><strong>in</strong></span> <span class='ocrx_word' id='word_1_368' title='bbox 1358 3788 1550 3874; x_wconf 90' lang='lat' dir='ltr'><strong>supplitium</strong></span> <span class='ocrx_word' id='word_1_369' title='bbox 1573 3794 1792 3864; x_wconf 89' lang='lat' dir='ltr'><strong>convertatur,</strong></span> <span class='ocrx_word' id='word_1_370' title='bbox 1815 3795 1936 3872; x_wconf 91' lang='lat' dir='ltr'><strong>quanta</strong></span> <span class='ocrx_word' id='word_1_371' title='bbox 1957 3791 2088 3876; x_wconf 84' lang='lat' dir='ltr'><strong>qualive</strong></span> <span class='ocrx_word' id='word_1_372' title='bbox 2132 3813 2135 3822; x_wconf 61' lang='lat'><strong>⁴</strong></span> 
     </span>
     <span class='ocr_line' id='line_1_34' title="bbox 431 3889 2088 3978; baseline 0.004 -27"><span class='ocrx_word' id='word_1_373' title='bbox 431 3907 516 3972; x_wconf 90' lang='lat' dir='ltr'><strong>pena</strong></span> <span class='ocrx_word' id='word_1_374' title='bbox 545 3895 596 3954; x_wconf 88' lang='lat' dir='ltr'><strong>cst</strong></span> <span class='ocrx_word' id='word_1_375' title='bbox 628 3889 764 3974; x_wconf 89' lang='lat' dir='ltr'><strong>dignus,</strong></span> <span class='ocrx_word' id='word_1_376' title='bbox 799 3891 855 3975; x_wconf 91' lang='lat' dir='ltr'><strong>qui</strong></span> <span class='ocrx_word' id='word_1_377' title='bbox 884 3891 916 3954; x_wconf 91' lang='lat' dir='ltr'><strong>in</strong></span> <span class='ocrx_word' id='word_1_378' title='bbox 948 3899 996 3956; x_wconf 91' lang='lat' dir='ltr'><strong>tot</strong></span> <span class='ocrx_word' id='word_1_379' title='bbox 1026 3899 1060 3956; x_wconf 92' lang='lat' dir='ltr'><strong>et</strong></span> <span class='ocrx_word' id='word_1_380' title='bbox 1094 3893 1193 3957; x_wconf 91' lang='lat' dir='ltr'><strong>tantis</strong></span> <span class='ocrx_word' id='word_1_381' title='bbox 1229 3891 1327 3978; x_wconf 91' lang='lat' dir='ltr'><strong>impie</strong></span> <span class='ocrx_word' id='word_1_382' title='bbox 1357 3891 1523 3957; x_wconf 92' lang='lat' dir='ltr'><strong>dominum</strong></span> <span class='ocrx_word' id='word_1_383' title='bbox 1552 3891 1615 3956; x_wconf 94' lang='lat' dir='ltr'><strong>Dei</strong></span> <span class='ocrx_word' id='word_1_384' title='bbox 1646 3893 1748 3956; x_wconf 91' lang='lat' dir='ltr'><strong>filium</strong></span> <span class='ocrx_word' id='word_1_385' title='bbox 1779 3892 1889 3956; x_wconf 92' lang='lat' dir='ltr'><strong>lesum</strong></span> <span class='ocrx_word' id='word_1_386' title='bbox 1919 3891 2088 3958; x_wconf 90' lang='lat' dir='ltr'><strong>Christum</strong></span> 
     </span>
     <span class='ocr_line' id='line_1_35' title="bbox 432 3990 2087 4082; baseline 0.005 -29"><span class='ocrx_word' id='word_1_387' title='bbox 432 3990 577 4072; x_wconf 84' lang='lat' dir='ltr'><strong>offendit,</strong></span> <span class='ocrx_word' id='word_1_388' title='bbox 602 4014 678 4057; x_wconf 90' lang='lat' dir='ltr'><strong>cum</strong></span> <span class='ocrx_word' id='word_1_389' title='bbox 701 3995 799 4079; x_wconf 87' lang='lat' dir='ltr'><strong>longo</strong></span> <span class='ocrx_word' id='word_1_390' title='bbox 824 3995 867 4058; x_wconf 91' lang='lat' dir='ltr'><strong>sit</strong></span> <span class='ocrx_word' id='word_1_391' title='bbox 890 3994 1021 4080; x_wconf 86' lang='lat' dir='ltr'><strong>gravius</strong></span> <span class='ocrx_word' id='word_1_392' title='bbox 1040 4002 1189 4059; x_wconf 88' lang='lat' dir='ltr'><strong>eternam</strong></span> <span class='ocrx_word' id='word_1_393' title='bbox 1206 4016 1303 4079; x_wconf 92' lang='lat' dir='ltr'><strong>quam</strong></span> <span class='ocrx_word' id='word_1_394' title='bbox 1320 3996 1535 4082; x_wconf 90' lang='lat' dir='ltr'><strong>temporalem</strong></span> <span class='ocrx_word' id='word_1_395' title='bbox 1552 3995 1719 4061; x_wconf 81' lang='lat' dir='ltr'><strong>offendere</strong></span> <span class='ocrx_word' id='word_1_396' title='bbox 1736 3997 1951 4061; x_wconf 88' lang='lat' dir='ltr'><strong>maiestatem.</strong></span> <span class='ocrx_word' id='word_1_397' title='bbox 1997 3997 2087 4071; x_wconf 87' lang='lat' dir='ltr'><strong>Quo-</strong></span> 
     </span>
     <span class='ocr_line' id='line_1_36' title="bbox 432 4093 2159 4185; baseline 0.006 -29"><span class='ocrx_word' id='word_1_398' title='bbox 432 4093 517 4157; x_wconf 88' lang='lat' dir='ltr'><strong>circa</strong></span> <span class='ocrx_word' id='word_1_399' title='bbox 548 4096 754 4162; x_wconf 91' lang='lat' dir='ltr'><strong>nobilitatem</strong></span> <span class='ocrx_word' id='word_1_400' title='bbox 769 4097 777 4122; x_wconf 82' lang='lat'><strong>·&#39;</strong></span> <span class='ocrx_word' id='word_1_401' title='bbox 788 4105 878 4161; x_wconf 91' lang='lat' dir='ltr'><strong>tuam</strong></span> <span class='ocrx_word' id='word_1_402' title='bbox 912 4119 1064 4183; x_wconf 91' lang='lat' dir='ltr'><strong>rogamus</strong></span> <span class='ocrx_word' id='word_1_403' title='bbox 1103 4105 1136 4162; x_wconf 90' lang='lat' dir='ltr'><strong>et</strong></span> <span class='ocrx_word' id='word_1_404' title='bbox 1172 4119 1342 4163; x_wconf 90' lang='lat' dir='ltr'><strong>monemus</strong></span> <span class='ocrx_word' id='word_1_405' title='bbox 1376 4099 1409 4162; x_wconf 96' lang='lat' dir='ltr'><strong>in</strong></span> <span class='ocrx_word' id='word_1_406' title='bbox 1443 4098 1602 4178; x_wconf 92' lang='lat' dir='ltr'><strong>Domino,</strong></span> <span class='ocrx_word' id='word_1_407' title='bbox 1640 4120 1699 4185; x_wconf 90' lang='lat' dir='ltr'><strong>per</strong></span> <span class='ocrx_word' id='word_1_408' title='bbox 1732 4100 1927 4164; x_wconf 84' lang='lat' dir='ltr'><strong>effusionem</strong></span> <span class='ocrx_word' id='word_1_409' title='bbox 1962 4098 2086 4163; x_wconf 89' lang='lat' dir='ltr'><strong>Christi</strong></span> <span class='ocrx_word' id='word_1_410' title='bbox 2137 4131 2159 4166; x_wconf 76' lang='lat' dir='ltr'><strong>‚a</strong></span> 
     </span>
     <span class='ocr_line' id='line_1_37' title="bbox 433 4198 2089 4285; baseline 0.004 -26"><span class='ocrx_word' id='word_1_411' title='bbox 433 4198 601 4281; x_wconf 90' lang='lat' dir='ltr'><strong>sanguinis</strong></span> <span class='ocrx_word' id='word_1_412' title='bbox 625 4200 855 4279; x_wconf 89' lang='lat' dir='ltr'><strong>obsecrantes,</strong></span> <span class='ocrx_word' id='word_1_413' title='bbox 884 4201 1036 4285; x_wconf 91' lang='lat' dir='ltr'><strong>quatinus</strong></span> <span class='ocrx_word' id='word_1_414' title='bbox 1068 4201 1109 4265; x_wconf 93' lang='lat' dir='ltr'><strong>ad</strong></span> <span class='ocrx_word' id='word_1_415' title='bbox 1138 4201 1365 4266; x_wconf 91' lang='lat' dir='ltr'><strong>vindicandam</strong></span> <span class='ocrx_word' id='word_1_416' title='bbox 1394 4203 1546 4266; x_wconf 92' lang='lat' dir='ltr'><strong>iniuriam</strong></span> <span class='ocrx_word' id='word_1_417' title='bbox 1568 4203 1740 4267; x_wconf 90' lang='lat' dir='ltr'><strong>salvatoris</strong></span> <span class='ocrx_word' id='word_1_418' title='bbox 1763 4205 1868 4269; x_wconf 91' lang='lat' dir='ltr'><strong>nostri</strong></span> <span class='ocrx_word' id='word_1_419' title='bbox 1888 4203 1954 4268; x_wconf 90' lang='lat' dir='ltr'><strong>Dei</strong></span> <span class='ocrx_word' id='word_1_420' title='bbox 1977 4204 2089 4269; x_wconf 92' lang='lat' dir='ltr'><strong>taliter</strong></span> 
     </span>
     <span class='ocr_line' id='line_1_38' title="bbox 432 4305 2089 4392; baseline 0.004 -29"><span class='ocrx_word' id='word_1_421' title='bbox 432 4320 605 4386; x_wconf 89' lang='lat' dir='ltr'><strong>assurgas,</strong></span> <span class='ocrx_word' id='word_1_422' title='bbox 627 4311 664 4367; x_wconf 91' lang='lat' dir='ltr'><strong>ut</strong></span> <span class='ocrx_word' id='word_1_423' title='bbox 687 4325 758 4368; x_wconf 90' lang='lat' dir='ltr'><strong>curn</strong></span> <span class='ocrx_word' id='word_1_424' title='bbox 783 4327 802 4368; x_wconf 91' lang='lat' dir='ltr'><strong>a</strong></span> <span class='ocrx_word' id='word_1_425' title='bbox 824 4305 919 4369; x_wconf 93' lang='lat' dir='ltr'><strong>nobis</strong></span> <span class='ocrx_word' id='word_1_426' title='bbox 943 4305 1045 4370; x_wconf 85' lang='lat' dir='ltr'><strong>fueris</strong></span> <span class='ocrx_word' id='word_1_427' title='bbox 1069 4305 1260 4390; x_wconf 91' lang='lat' dir='ltr'><strong>requisitus,</strong></span> <span class='ocrx_word' id='word_1_428' title='bbox 1284 4314 1432 4392; x_wconf 91' lang='lat' dir='ltr'><strong>paratum</strong></span> <span class='ocrx_word' id='word_1_429' title='bbox 1456 4313 1488 4370; x_wconf 92' lang='lat' dir='ltr'><strong>te</strong></span> <span class='ocrx_word' id='word_1_430' title='bbox 1512 4307 1656 4372; x_wconf 92' lang='lat' dir='ltr'><strong>inveniat</strong></span> <span class='ocrx_word' id='word_1_431' title='bbox 1679 4308 1820 4373; x_wconf 90' lang='lat' dir='ltr'><strong>ecclesia</strong></span> <span class='ocrx_word' id='word_1_432' title='bbox 1842 4317 1947 4373; x_wconf 90' lang='lat' dir='ltr'><strong>mater</strong></span> <span class='ocrx_word' id='word_1_433' title='bbox 1968 4314 2025 4371; x_wconf 92' lang='lat' dir='ltr'><strong>tua</strong></span> <span class='ocrx_word' id='word_1_434' title='bbox 2047 4306 2089 4370; x_wconf 90' lang='lat' dir='ltr'><strong>ad</strong></span> 
     </span>
     <span class='ocr_line' id='line_1_39' title="bbox 433 4405 2087 4495; baseline 0.006 -29"><span class='ocrx_word' id='word_1_435' title='bbox 433 4405 696 4488; x_wconf 89' lang='lat' dir='ltr'><strong>exprobrandum</strong></span> <span class='ocrx_word' id='word_1_436' title='bbox 732 4408 942 4495; x_wconf 91' lang='lat' dir='ltr'><strong>obprobrium</strong></span> <span class='ocrx_word' id='word_1_437' title='bbox 975 4409 1179 4472; x_wconf 89' lang='lat' dir='ltr'><strong>inimicomm</strong></span> <span class='ocrx_word' id='word_1_438' title='bbox 1210 4411 1315 4474; x_wconf 88' lang='lat' dir='ltr'><strong>crucis</strong></span> <span class='ocrx_word' id='word_1_439' title='bbox 1347 4409 1468 4474; x_wconf 88' lang='lat' dir='ltr'><strong>Christi</strong></span> <span class='ocrx_word' id='word_1_440' title='bbox 1503 4417 1536 4476; x_wconf 94' lang='lat' dir='ltr'><strong>et</strong></span> <span class='ocrx_word' id='word_1_441' title='bbox 1570 4410 1765 4476; x_wconf 89' lang='lat' dir='ltr'><strong>abolendam</strong></span> <span class='ocrx_word' id='word_1_442' title='bbox 1803 4413 1963 4477; x_wconf 89' lang='lat' dir='ltr'><strong>maculam</strong></span> <span class='ocrx_word' id='word_1_443' title='bbox 1996 4419 2087 4476; x_wconf 91' lang='lat' dir='ltr'><strong>tante</strong></span> 
     </span>
     <span class='ocr_line' id='line_1_40' title="bbox 433 4505 2088 4602; baseline 0.007 -35"><span class='ocrx_word' id='word_1_444' title='bbox 433 4505 566 4572; x_wconf 86' lang='lat' dir='ltr'><strong>inlamie</strong></span> <span class='ocrx_word' id='word_1_445' title='bbox 589 4530 608 4572; x_wconf 94' lang='lat' dir='ltr'><strong>a</strong></span> <span class='ocrx_word' id='word_1_446' title='bbox 630 4511 735 4594; x_wconf 92' lang='lat' dir='ltr'><strong>gloria</strong></span> <span class='ocrx_word' id='word_1_447' title='bbox 749 4513 890 4577; x_wconf 87' lang='lat' dir='ltr'><strong>nominis</strong></span> <span class='ocrx_word' id='word_1_448' title='bbox 907 4513 1095 4578; x_wconf 90' lang='lat' dir='ltr'><strong>Christiani.</strong></span> <span class='ocrx_word' id='word_1_449' title='bbox 1141 4511 1224 4576; x_wconf 90' lang='lat' dir='ltr'><strong>Cum</strong></span> <span class='ocrx_word' id='word_1_450' title='bbox 1240 4535 1345 4600; x_wconf 90' lang='lat' dir='ltr'><strong>nuper</strong></span> <span class='ocrx_word' id='word_1_451' title='bbox 1363 4513 1415 4579; x_wconf 88' lang='lat' dir='ltr'><strong>dic</strong></span> <span class='ocrx_word' id='word_1_452' title='bbox 1432 4513 1595 4579; x_wconf 91' lang='lat' dir='ltr'><strong>dominica</strong></span> <span class='ocrx_word' id='word_1_453' title='bbox 1610 4520 1685 4601; x_wconf 89' lang='lat' dir='ltr'><strong>post</strong></span> <span class='ocrx_word' id='word_1_454' title='bbox 1699 4516 1821 4580; x_wconf 82' lang='lat' dir='ltr'><strong>festum</strong></span> <span class='ocrx_word' id='word_1_455' title='bbox 1834 4515 2088 4602; x_wconf 83' lang='lat' dir='ltr'><strong>Apostolorum¹</strong></span> 
     </span>
     <span class='ocr_line' id='line_1_41' title="bbox 434 4615 2162 4703; baseline 0.005 -29"><span class='ocrx_word' id='word_1_456' title='bbox 434 4631 534 4696; x_wconf 90' lang='lat' dir='ltr'><strong>super</strong></span> <span class='ocrx_word' id='word_1_457' title='bbox 555 4615 724 4699; x_wconf 90' lang='lat' dir='ltr'><strong>premissis</strong></span> <span class='ocrx_word' id='word_1_458' title='bbox 754 4617 993 4703; x_wconf 87' lang='lat' dir='ltr'><strong>recepissemus</strong></span> <span class='ocrx_word' id='word_1_459' title='bbox 1020 4617 1148 4681; x_wconf 88' lang='lat' dir='ltr'><strong>litteras</strong></span> <span class='ocrx_word' id='word_1_460' title='bbox 1176 4617 1377 4703; x_wconf 87' lang='lat' dir='ltr'><strong>patriarche,</strong></span> <span class='ocrx_word' id='word_1_461' title='bbox 1407 4618 1558 4703; x_wconf 90' lang='lat' dir='ltr'><strong>sequenti</strong></span> <span class='ocrx_word' id='word_1_462' title='bbox 1585 4617 1639 4682; x_wconf 93' lang='lat' dir='ltr'><strong>die</strong></span> <span class='ocrx_word' id='word_1_463' title='bbox 1669 4619 1797 4684; x_wconf 90' lang='lat' dir='ltr'><strong>sabbati</strong></span> <span class='ocrx_word' id='word_1_464' title='bbox 1826 4620 1907 4684; x_wconf 88' lang='lat' dir='ltr'><strong>alias</strong></span> <span class='ocrx_word' id='word_1_465' title='bbox 1937 4618 2086 4683; x_wconf 91' lang='lat' dir='ltr'><strong>eiusdem</strong></span> <span class='ocrx_word' id='word_1_466' title='bbox 2136 4645 2162 4682; x_wconf 79' lang='grc' dir='ltr'><strong>ιο</strong></span> 
     </span>
     <span class='ocr_line' id='line_1_42' title="bbox 433 4715 2087 4810; baseline 0.006 -34"><span class='ocrx_word' id='word_1_467' title='bbox 433 4715 620 4801; x_wconf 90' lang='lat' dir='ltr'><strong>accepimus</strong></span> <span class='ocrx_word' id='word_1_468' title='bbox 643 4717 780 4800; x_wconf 87' lang='lat' dir='ltr'><strong>litteras,</strong></span> <span class='ocrx_word' id='word_1_469' title='bbox 806 4721 971 4807; x_wconf 89' lang='lat' dir='ltr'><strong>inquibus</strong></span> <span class='ocrx_word' id='word_1_470' title='bbox 993 4721 1078 4785; x_wconf 90' lang='lat' dir='ltr'><strong>inter</strong></span> <span class='ocrx_word' id='word_1_471' title='bbox 1096 4721 1160 4785; x_wconf 89' lang='lat' dir='ltr'><strong>alia</strong></span> <span class='ocrx_word' id='word_1_472' title='bbox 1175 4721 1403 4807; x_wconf 91' lang='lat' dir='ltr'><strong>perspeximus</strong></span> <span class='ocrx_word' id='word_1_473' title='bbox 1423 4721 1583 4786; x_wconf 91' lang='lat' dir='ltr'><strong>contineri</strong></span> <span class='ocrx_word' id='word_1_474' title='bbox 1592 4721 1616 4802; x_wconf 77' lang='lat'><strong>²,</strong></span> <span class='ocrx_word' id='word_1_475' title='bbox 1639 4721 1725 4805; x_wconf 91' lang='lat' dir='ltr'><strong>quod</strong></span> <span class='ocrx_word' id='word_1_476' title='bbox 1744 4729 1919 4810; x_wconf 90' lang='lat' dir='ltr'><strong>postquam</strong></span> <span class='ocrx_word' id='word_1_477' title='bbox 1935 4744 2087 4788; x_wconf 89' lang='lat' dir='ltr'><strong>reversus</strong></span> 
     </span>
     <span class='ocr_line' id='line_1_43' title="bbox 434 4818 2087 4913; baseline 0.006 -33"><span class='ocrx_word' id='word_1_478' title='bbox 434 4823 485 4882; x_wconf 90' lang='lat' dir='ltr'><strong>est</strong></span> <span class='ocrx_word' id='word_1_479' title='bbox 507 4818 613 4884; x_wconf 92' lang='lat' dir='ltr'><strong>dictus</strong></span> <span class='ocrx_word' id='word_1_480' title='bbox 630 4820 815 4889; x_wconf 85' lang='lat' dir='ltr'><strong>Fridericus</strong></span> <span class='ocrx_word' id='word_1_481' title='bbox 838 4846 858 4889; x_wconf 95' lang='lat' dir='ltr'><strong>a</strong></span> <span class='ocrx_word' id='word_1_482' title='bbox 880 4826 1014 4890; x_wconf 91' lang='lat' dir='ltr'><strong>civitate</strong></span> <span class='ocrx_word' id='word_1_483' title='bbox 1030 4824 1224 4906; x_wconf 90' lang='lat' dir='ltr'><strong>Ierusalem,</strong></span> <span class='ocrx_word' id='word_1_484' title='bbox 1248 4825 1370 4890; x_wconf 91' lang='lat' dir='ltr'><strong>dictum</strong></span> <span class='ocrx_word' id='word_1_485' title='bbox 1388 4824 1605 4911; x_wconf 89' lang='lat' dir='ltr'><strong>patriarcham</strong></span> <span class='ocrx_word' id='word_1_486' title='bbox 1629 4834 1662 4890; x_wconf 89' lang='lat' dir='ltr'><strong>et</strong></span> <span class='ocrx_word' id='word_1_487' title='bbox 1685 4827 1801 4890; x_wconf 86' lang='lat' dir='ltr'><strong>fratres</strong></span> <span class='ocrx_word' id='word_1_488' title='bbox 1825 4827 1940 4891; x_wconf 91' lang='lat' dir='ltr'><strong>militie</strong></span> <span class='ocrx_word' id='word_1_489' title='bbox 1958 4826 2087 4913; x_wconf 85' lang='lat' dir='ltr'><strong>Templi</strong></span> 
     </span>
     <span class='ocr_line' id='line_1_44' title="bbox 434 4921 2087 5016; baseline 0.002 -26"><span class='ocrx_word' id='word_1_490' title='bbox 434 4921 587 4990; x_wconf 87' lang='lat' dir='ltr'><strong>obsidens</strong></span> <span class='ocrx_word' id='word_1_491' title='bbox 623 4927 655 4990; x_wconf 93' lang='lat' dir='ltr'><strong>in</strong></span> <span class='ocrx_word' id='word_1_492' title='bbox 686 4927 799 4992; x_wconf 92' lang='lat' dir='ltr'><strong>Accon</strong></span> <span class='ocrx_word' id='word_1_493' title='bbox 830 4930 973 5015; x_wconf 86' lang='lat' dir='ltr'><strong>quinque</strong></span> <span class='ocrx_word' id='word_1_494' title='bbox 1005 4927 1121 4992; x_wconf 91' lang='lat' dir='ltr'><strong>diebus</strong></span> <span class='ocrx_word' id='word_1_495' title='bbox 1153 4949 1226 4992; x_wconf 90' lang='lat' dir='ltr'><strong>cum</strong></span> <span class='ocrx_word' id='word_1_496' title='bbox 1256 4928 1319 4992; x_wconf 90' lang='lat' dir='ltr'><strong>hiis</strong></span> <span class='ocrx_word' id='word_1_497' title='bbox 1348 4928 1403 5013; x_wconf 96' lang='lat' dir='ltr'><strong>qui</strong></span> <span class='ocrx_word' id='word_1_498' title='bbox 1436 4950 1547 4993; x_wconf 91' lang='lat' dir='ltr'><strong>secum</strong></span> <span class='ocrx_word' id='word_1_499' title='bbox 1578 4937 1672 4995; x_wconf 91' lang='lat' dir='ltr'><strong>erant</strong></span> <span class='ocrx_word' id='word_1_500' title='bbox 1699 4931 1844 5014; x_wconf 86' lang='lat' dir='ltr'><strong>graviter</strong></span> <span class='ocrx_word' id='word_1_501' title='bbox 1872 4931 2087 5016; x_wconf 89' lang='lat' dir='ltr'><strong>impugnavit,</strong></span> 
     </span>
     <span class='ocr_line' id='line_1_45' title="bbox 434 5027 2086 5119; baseline 0.005 -29"><span class='ocrx_word' id='word_1_502' title='bbox 434 5027 605 5095; x_wconf 88' lang='lat' dir='ltr'><strong>intendens</strong></span> <span class='ocrx_word' id='word_1_503' title='bbox 642 5029 905 5099; x_wconf 59' lang='lat' dir='ltr'><strong>domus&#39;eorum</strong></span> <span class='ocrx_word' id='word_1_504' title='bbox 940 5033 1035 5096; x_wconf 92' lang='lat' dir='ltr'><strong>bonis</strong></span> <span class='ocrx_word' id='word_1_505' title='bbox 1068 5033 1219 5097; x_wconf 89' lang='lat' dir='ltr'><strong>omnibus</strong></span> <span class='ocrx_word' id='word_1_506' title='bbox 1255 5033 1410 5119; x_wconf 88' lang='lat' dir='ltr'><strong>spoliarc;</strong></span> <span class='ocrx_word' id='word_1_507' title='bbox 1451 5039 1502 5097; x_wconf 93' lang='lat' dir='ltr'><strong>set</strong></span> <span class='ocrx_word' id='word_1_508' title='bbox 1536 5055 1608 5097; x_wconf 92' lang='lat' dir='ltr'><strong>cum</strong></span> <span class='ocrx_word' id='word_1_509' title='bbox 1642 5033 1804 5098; x_wconf 93' lang='lat' dir='ltr'><strong>Dominus</strong></span> <span class='ocrx_word' id='word_1_510' title='bbox 1839 5042 1992 5099; x_wconf 89' lang='lat' dir='ltr'><strong>conatum</strong></span> <span class='ocrx_word' id='word_1_511' title='bbox 2028 5055 2086 5099; x_wconf 88' lang='lat' dir='ltr'><strong>suc</strong></span> 
     </span>
    </p>
   </div>
   <div class='ocr_carea' id='block_1_4' title="bbox 543 5223 1523 5234">
    <p class='ocr_par' dir='ltr' id='par_1_4' title="bbox 543 5223 1523 5234">
     <span class='ocr_line' id='line_1_46' title="bbox 543 5223 1523 5234; baseline 0.005 -4"><span class='ocrx_word' id='word_1_512' title='bbox 543 5223 1053 5233; x_wconf 66' lang='lat'><strong>-———--——..---—-——-—----——-—</strong></span> <span class='ocrx_word' id='word_1_513' title='bbox 1335 5228 1523 5234; x_wconf 52' lang='grc' dir='ltr'><strong>-ω</strong></span> 
     </span>
    </p>
   </div>
   <div class='ocr_carea' id='block_1_5' title="bbox 537 5359 2165 5424">
    <p class='ocr_par' dir='ltr' id='par_1_5' title="bbox 537 5359 2165 5424">
     <span class='ocr_line' id='line_1_47' title="bbox 537 5359 2165 5424; baseline -0.003 -11"><span class='ocrx_word' id='word_1_514' title='bbox 537 5359 560 5424; x_wconf 85' lang='lat'><strong>⁸)</strong></span> <span class='ocrx_word' id='word_1_515' title='bbox 578 5371 604 5414; x_wconf 85' lang='lat' dir='ltr'><strong>ot</strong></span> <span class='ocrx_word' id='word_1_516' title='bbox 622 5363 690 5416; x_wconf 75' lang='lat' dir='ltr'><strong>deest</strong></span> <span class='ocrx_word' id='word_1_517' title='bbox 707 5365 735 5415; x_wconf 84' lang='lat' dir='ltr'><strong>in</strong></span> <span class='ocrx_word' id='word_1_518' title='bbox 753 5363 785 5415; x_wconf 79' lang='lat' dir='ltr'><strong>ll.</strong></span> <span class='ocrx_word' id='word_1_519' title='bbox 2140 5372 2165 5408; x_wconf 73' lang='lat'><strong>45</strong></span> 
     </span>
    </p>
   </div>
   <div class='ocr_carea' id='block_1_6' title="bbox 427 5479 2089 5756">
    <p class='ocr_par' dir='ltr' id='par_1_6' title="bbox 427 5479 2089 5756">
     <span class='ocr_line' id='line_1_48' title="bbox 536 5479 2088 5587; baseline 0.005 -21"><span class='ocrx_word' id='word_1_520' title='bbox 536 5513 561 5581; x_wconf 89' lang='lat'><strong>1)</strong></span> <span class='ocrx_word' id='word_1_521' title='bbox 579 5513 643 5568; x_wconf 81' lang='lat' dir='ltr'><strong>Iun.</strong></span> <span class='ocrx_word' id='word_1_522' title='bbox 662 5518 708 5584; x_wconf 82' lang='lat'><strong>29,</strong></span> <span class='ocrx_word' id='word_1_523' title='bbox 727 5514 772 5568; x_wconf 84' lang='lat' dir='ltr'><strong>dic</strong></span> <span class='ocrx_word' id='word_1_524' title='bbox 793 5513 923 5570; x_wconf 81' lang='lat' dir='ltr'><strong>Veneris:</strong></span> <span class='ocrx_word' id='word_1_525' title='bbox 941 5479 1045 5582; x_wconf 78' lang='lat' dir='ltr'><strong>recepit</strong></span> <span class='ocrx_word' id='word_1_526' title='bbox 1061 5513 1150 5583; x_wconf 72' lang='lat' dir='ltr'><strong>igitar</strong></span> <span class='ocrx_word' id='word_1_527' title='bbox 1164 5515 1284 5582; x_wconf 80' lang='lat' dir='ltr'><strong>primam</strong></span> <span class='ocrx_word' id='word_1_528' title='bbox 1302 5517 1444 5584; x_wconf 83' lang='lat' dir='ltr'><strong>epistolam</strong></span> <span class='ocrx_word' id='word_1_529' title='bbox 1463 5516 1517 5570; x_wconf 79' lang='lat' dir='ltr'><strong>Iol.</strong></span> <span class='ocrx_word' id='word_1_530' title='bbox 1537 5523 1560 5581; x_wconf 82' lang='lat'><strong>1,</strong></span> <span class='ocrx_word' id='word_1_531' title='bbox 1579 5515 1693 5572; x_wconf 83' lang='lat' dir='ltr'><strong>alteram</strong></span> <span class='ocrx_word' id='word_1_532' title='bbox 1712 5515 1765 5570; x_wconf 81' lang='lat' dir='ltr'><strong>Iul.</strong></span> <span class='ocrx_word' id='word_1_533' title='bbox 1787 5521 1810 5569; x_wconf 81' lang='lat'><strong>7.</strong></span> <span class='ocrx_word' id='word_1_534' title='bbox 1893 5519 1921 5586; x_wconf 74' lang='lat'><strong>2)</strong></span> <span class='ocrx_word' id='word_1_535' title='bbox 1941 5517 1978 5586; x_wconf 78' lang='lat' dir='ltr'><strong>cs.</strong></span> <span class='ocrx_word' id='word_1_536' title='bbox 1996 5521 2088 5587; x_wconf 82' lang='lat' dir='ltr'><strong>patri·</strong></span> 
     </span>
     <span class='ocr_line' id='line_1_49' title="bbox 431 5599 2089 5674; baseline 0.004 -22"><span class='ocrx_word' id='word_1_537' title='bbox 431 5599 530 5652; x_wconf 78' lang='lat' dir='ltr'><strong>orobos</strong></span> <span class='ocrx_word' id='word_1_538' title='bbox 547 5600 689 5668; x_wconf 80' lang='lat' dir='ltr'><strong>epistolam</strong></span> <span class='ocrx_word' id='word_1_539' title='bbox 708 5601 813 5668; x_wconf 76' lang='lat' dir='ltr'><strong>[armac</strong></span> <span class='ocrx_word' id='word_1_540' title='bbox 832 5599 925 5668; x_wconf 86' lang='lat' dir='ltr'><strong>Maio]</strong></span> <span class='ocrx_word' id='word_1_541' title='bbox 945 5599 981 5653; x_wconf 72' lang='lat' dir='ltr'><strong>orl</strong></span> <span class='ocrx_word' id='word_1_542' title='bbox 999 5601 1141 5654; x_wconf 74' lang='lat' dir='ltr'><strong>uniocmos</strong></span> <span class='ocrx_word' id='word_1_543' title='bbox 1155 5603 1259 5655; x_wconf 80' lang='lat' dir='ltr'><strong>Christi</strong></span> <span class='ocrx_word' id='word_1_544' title='bbox 1272 5602 1368 5670; x_wconf 78' lang='lat' dir='ltr'><strong>fideles</strong></span> <span class='ocrx_word' id='word_1_545' title='bbox 1386 5603 1515 5656; x_wconf 77' lang='lat' dir='ltr'><strong>directam</strong></span> <span class='ocrx_word' id='word_1_546' title='bbox 1533 5621 1577 5672; x_wconf 86' lang='lat' dir='ltr'><strong>cp.</strong></span> <span class='ocrx_word' id='word_1_547' title='bbox 1595 5603 1894 5671; x_wconf 78' lang='lat' dir='ltr'><strong>Haillrird-Bribolles,</strong></span> <span class='ocrx_word' id='word_1_548' title='bbox 1911 5605 1928 5657; x_wconf 85' lang='lat' dir='ltr'><strong>l.</strong></span> <span class='ocrx_word' id='word_1_549' title='bbox 1947 5621 1968 5658; x_wconf 90' lang='lat' dir='ltr'><strong>c.</strong></span> <span class='ocrx_word' id='word_1_550' title='bbox 1988 5608 2007 5660; x_wconf 84' lang='lat' dir='ltr'><strong>l.</strong></span> <span class='ocrx_word' id='word_1_551' title='bbox 2026 5606 2089 5674; x_wconf 84' lang='lat'><strong>111,</strong></span> 
     </span>
     <span class='ocr_line' id='line_1_50' title="bbox 427 5689 538 5756; baseline 0.027 -17"><span class='ocrx_word' id='word_1_552' title='bbox 427 5702 457 5756; x_wconf 80' lang='lat' dir='ltr'><strong>p.</strong></span> <span class='ocrx_word' id='word_1_553' title='bbox 477 5689 538 5742; x_wconf 84' lang='lat'><strong>135.</strong></span> 
     </span>
    </p>
   </div>
   <div class='ocr_carea' id='block_1_7' title="bbox 0 0 2278 6408">
    <p class='ocr_par' dir='ltr' id='par_1_7' title="bbox 0 0 2278 6408">
     <span class='ocr_line' id='line_1_51' title="bbox 0 0 2278 6408; baseline 0 0"><span class='ocrx_word' id='word_1_554' title='bbox 0 0 2278 6408; x_wconf 95' lang='lat' dir='ltr'><strong> </strong></span> 
     </span>
    </p>
   </div>
  </div>
 </body>
</html>
