4596 6406
468 465 529 526 620
1047 455 1093 511 EX
1112 452 1286 511 ceneclan
1304 451 1342 509 IX
1360 451 1540 508 REGlSl'RO

469 635 604 700 Selavos
629 655 669 698 ex
700 635 804 699 altera
826 633 935 718 gravis
959 609 1123 696 discordia
1156 631 1198 694 sit
1228 635 1261 694 et
1283 629 1381 693 luerit
1404 628 1444 692 ab
1467 629 1618 713 antiquo,
1653 649 1694 692 ex
1727 648 1790 712 qua
1819 626 1922 692 multa
1946 647 2124 712 corporum

469 747 502 804 et
524 739 704 804 animarum
726 737 875 825 pericula
898 735 1097 816 acciderunt,
1121 733 1162 799 de
1189 733 1326 798 consilio
1350 732 1530 817 peritorum
1553 732 1685 812 habuit,
1716 730 1801 816 quod
1823 752 1883 817 pro
1908 728 2122 794 reformanda

468 843 554 908 inter
602 843 692 928 ipsos
751 849 784 906 et
835 839 969 904 Sclavos
1023 838 1157 904 eosdem
1211 836 1383 902 concordia
1434 837 1568 901 salutari
1613 835 1773 921 quandam
1824 841 1958 920 neptem
2005 830 2118 896 suam¹

467 947 570 1012 nobili
615 947 684 1011 viro
721 946 760 1012 B.
798 945 873 1010 duci
910 943 1123 1023 Pomerauie,
1169 943 1221 1006 cui
1267 940 1383 1005 eadem
1426 941 1459 1003 in
1505 947 1618 1025 quarto
1662 939 1766 1024 gradu
1808 939 1949 1003 attinere
1989 935 2122 1016 dicitur,

467 1050 588 1116 tribuat
625 1051 657 1114 in
696 1071 842 1116 uxorem.
910 1047 1019 1123 Quare
1065 1047 1171 1111 dictus
1216 1067 1276 1111 rex
1320 1044 1414 1110 nobis
1460 1044 1626 1109 humiliter
1670 1044 1881 1130 supplicavit,
1925 1050 1961 1107 ut
2008 1039 2121 1106 eidem

468 1154 660 1242 perficiendi
709 1154 912 1240 parentelam
967 1150 1154 1217 huiusmodi
1202 1150 1244 1216 de
1289 1149 1494 1235 benignitate
1546 1150 1643 1213 solita
1690 1147 1855 1214 licentiam
1911 1146 2122 1230 largiremur.

469 1258 554 1331 Quia
576 1280 653 1324 vero
677 1257 771 1322 nobis
793 1280 859 1323 non
886 1259 1033 1322 constitit
1063 1255 1103 1320 de
1127 1255 1316 1341 premissis,
1352 1254 1547 1318 fraternitati
1578 1260 1705 1334 vestre,
1744 1252 1784 1318 de
1820 1273 1883 1338 qua
1917 1253 2052 1337 plenam
2088 1251 2124 1313 in

467 1361 609 1426 Domino
633 1362 818 1427 obtinemus
834 1362 999 1441 fiduciam,
1022 1383 1082 1447 per
1104 1359 1285 1446 apostolica
1308 1359 1430 1444 scripta
1452 1357 1653 1438 mandamus,
1677 1358 1827 1443 quatinus
1844 1355 2002 1440 inquisita
2018 1375 2124 1440 super

359 1485 364 1503 ⁸
467 1465 636 1552 premissis
660 1464 850 1550 diligentius
881 1465 1035 1544 veritate,
1073 1462 1159 1549 quod
1181 1461 1383 1542 inveneritis,
1417 1460 1510 1525 nobis
1534 1460 1675 1526 fideliter
1697 1459 1911 1539 rescribatis,
1938 1464 1975 1521 ut
2006 1464 2124 1522 vestra

468 1569 626 1634 relatione
651 1569 852 1634 sufficienter
874 1569 1037 1647 instructi,
1062 1566 1148 1653 quod
1171 1587 1270 1652 super
1291 1565 1353 1629 hoc
1377 1564 1533 1650 expedire
1556 1564 1744 1644 viderimus,
1768 1562 2016 1646 disponamus².

576 1689 651 1755 Dat.
675 1690 828 1756 Lateran.
851 1690 900 1754 IV
923 1689 997 1756 Kal.
1020 1689 1203 1769 Februarii,
1225 1688 1434 1775 pontificatus
1458 1688 1560 1752 nostri
1583 1707 1667 1751 anno
1691 1684 1749 1748 XI.

1249 2160 1334 2235 lfifi.

576 2271 766 2384 Grcporias
792 2302 847 2367 IX
875 2323 961 2383 papa
988 2303 1154 2368 Fridcrico
1176 2303 1389 2367 Rornanorum
1414 2303 1595 2382 imperatori
1617 2304 1824 2383 conque-ritas,
1853 2303 1936 2384 qaod
1962 2301 2127 2387 officiales

467 2411 534 2474 cius
549 2410 685 2472 castrum
700 2407 900 2486 chccoicae
915 2407 1056 2472 ecclcsiae
1071 2406 1234 2471 Romanae
1249 2407 1380 2487 speciale
1395 2405 1611 2486 occupaverint
1630 2411 1658 2470 ct
1680 2407 1924 2472 iurisdictionem
1944 2406 2126 2474 indebitam

466 2514 503 2576 ia
524 2510 675 2576 Murchic
696 2509 757 2574 sibi
779 2509 1027 2590 vindicaveriat;
1048 2514 1145 2594 rapat,
1168 2515 1203 2574 ct
1225 2511 1299 2575 hacc
1319 2509 1480 2574 crrrcodari
1497 2508 1611 2594 faciat.

1759 2599 1851 2675 1238,
1878 2596 1972 2662 Mart.
1997 2600 2028 2660 4.
2064 2654 2065 2657 ,

572 2682 654 2750 Grec.
674 2681 723 2735 IX
739 2680 808 2752 Req.
831 2680 889 2736 Vol.
911 2681 943 2745 V,
963 2687 1035 2743 362;
1053 2682 1116 2736 Lib.
1136 2683 1188 2746 XI,
1207 2685 1266 2736 418.

651 2879 896 2966 Friderico,
924 2878 1221 2953 Romanorum
1249 2879 1507 2973 imperatori
1535 2899 1707 2969 semper
1733 2883 1941 2970 augusto,

880 2999 1130 3074 Ierusalem
1158 3006 1198 3074 et
1226 3001 1375 3074 Sicilie
1402 3000 1496 3092 regi
1523 2999 1702 3072 illustri.

576 3150 693 3215 Adhuc
716 3150 840 3214 instant
862 3149 1014 3234 pessimi,
1053 3150 1107 3235 qui
1130 3149 1171 3214 ab
1195 3150 1363 3215 incentore
1386 3150 1545 3213 malorum
1569 3135 1711 3212 omnium
1735 3149 1879 3234 instigati
1912 3150 2000 3215 inter
2023 3158 2059 3217 te
2086 3174 2126 3217 ac

468 3253 650 3320 Romanam
686 3253 859 3319 ecclesiam
893 3261 1031 3317 matrem
1067 3261 1172 3332 tuam,
1209 3275 1271 3339 que
1301 3261 1333 3317 te
1365 3254 1405 3317 ab
1439 3252 1597 3317 uberibus
1631 3255 1715 3317 lacte
1745 3251 1927 3318 dulcedinis
1951 3253 2123 3337 educavit,

471 3357 628 3424 suscitare
644 3358 814 3423 materiam
831 3356 977 3421 scandali
993 3358 1176 3438 molientes,
1200 3359 1232 3420 in
1248 3358 1407 3422 offensam
1423 3358 1525 3444 ipsius
1542 3357 1681 3422 ecclesie
1705 3379 1768 3421 non
1791 3357 1915 3443 absque
1939 3360 2126 3424 multorum

470 3460 622 3526 scandalo
647 3462 828 3526 inofficiose
851 3461 1035 3548 prosiliunt,
1060 3462 1219 3526 interesse
1242 3483 1306 3526 non
1329 3469 1420 3526 tuum
1444 3461 1597 3547 prosequi
1614 3470 1665 3525 set
1687 3461 1831 3548 ipsorum
1847 3463 2014 3547 proprium
2030 3464 2125 3555 arbi-

470 3572 607 3647 trantes,
642 3572 675 3631 et
698 3564 865 3652 pensando
900 3561 1030 3629 diaholo
1066 3572 1264 3650 suggerente
1287 3565 1373 3651 quod
1396 3567 1429 3629 in
1452 3587 1536 3650 aqua
1559 3564 1688 3628 turbida
1711 3566 1878 3651 piscantur
1900 3565 2125 3632 confidentius

472 3670 572 3734 emuli
594 3669 787 3756 piscatores.
831 3667 947 3752 Nuper
977 3669 1064 3732 enim
1097 3669 1255 3735 officiales
1290 3671 1352 3750 tui,
1388 3670 1498 3734 forsan
1529 3669 1610 3732 citra
1633 3668 1865 3733 conscienh'am
1888 3677 1988 3750 tuam,
2011 3679 2124 3735 metas

470 3773 570 3838 officii
604 3771 794 3838 excedendo
834 3771 874 3835 ad
909 3772 979 3836 iura
1016 3772 1103 3837 sedis
1139 3775 1321 3860 apostolice
1355 3794 1469 3837 manus
1504 3772 1693 3836 temerarias
1717 3772 1943 3853 extendentes,
1968 3781 2119 3839 castrum

470 3876 664 3962 Aquavive³
695 3876 798 3966 ipsius
832 3875 972 3940 ecclesie
1008 3877 1151 3962 speciale
1183 3877 1427 3963 presumptione
1460 3875 1659 3962 dampnabili
1687 3883 1902 3962 occuparunt,
1940 3883 1973 3940 et
2007 3879 2122 3963 ipsum

470 3986 663 4066 occupatum
697 4002 755 4066 pro
791 4001 851 4044 sua
883 3981 1051 4044 voluntate
1087 3987 1240 4045 tenentes
1273 4003 1311 4044 ac
1343 3978 1601 4044 iurisdictionem
1625 3978 1803 4045 indebitam
1826 3979 1859 4043 in
1882 3979 2028 4044 Marchio
2053 3983 2121 4046 sibi

471 4091 596 4148 temere
619 4083 843 4160 vendicantes,
865 4090 991 4168 ponunt
1012 4082 1131 4164 banna,
1155 4092 1341 4170 proponunt
1364 4083 1480 4163 edicta,
1505 4082 1627 4147 faciunt
1648 4081 1896 4169 prohibitiones,
1925 4105 1962 4147 ac
1986 4083 2052 4148 alia
2076 4084 2120 4150 de

468 4189 555 4252 facto
578 4186 700 4252 ibidem
724 4207 882 4251 exercere
907 4187 1070 4268 nituntur,
1100 4209 1138 4252 ac
1162 4188 1190 4251 si
1213 4187 1253 4252 ad
1277 4208 1334 4252 eos
1356 4187 1390 4250 in
1418 4193 1506 4250 terra
1539 4188 1678 4252 ecclesie
1709 4187 1895 4252 huiusmodi
1933 4187 2120 4254 iurisdictio

2181 3277 2208 3316 20

469 4293 660 4378 pertineret.
705 4291 849 4357 Attende
873 4293 982 4377 igitur,
1015 4292 1062 4356 fili
1084 4291 1267 4372 karissime,
1292 4297 1324 4355 et
1348 4289 1528 4370 considera,
1559 4291 1587 4354 si
1609 4290 1670 4355 hec
1694 4299 1770 4355 sunt
1791 4291 2007 4377 equanimiter
2029 4294 2118 4358 tole·
2177 4327 2206 4366 ω

471 4395 582 4475 randa,
608 4396 635 4459 si
659 4394 783 4480 absque
808 4394 947 4482 dampno
971 4397 1170 4461 conscientie
1195 4417 1232 4459 ae
1256 4394 1342 4459 same
1366 4394 1536 4480 dispendio
1552 4415 1727 4481 possumus
1744 4395 1992 4460 conniventibus
2008 4396 2116 4461 oculis

467 4499 680 4584 pertransire.
726 4497 775 4563 Ne
811 4520 889 4562 vero
923 4499 955 4562 in
988 4507 1090 4563 matre
1124 4506 1181 4563 tua
1213 4498 1398 4584 periculose
1422 4497 1618 4578 dissimules,
1647 4497 1733 4582 qnod
1755 4493 1840 4565 iuste
1864 4499 1897 4562 in
1919 4499 1984 4562 alio
2009 4500 2118 4564 nulla-

468 4611 564 4667 tenus
580 4603 749 4682 tolerares,
773 4609 807 4667 ct
830 4603 942 4688 culpas
966 4603 1155 4668 officialium
1178 4608 1306 4667 tuorum
1329 4602 1430 4667 facias
1454 4601 1601 4687 proprias
1624 4623 1683 4687 per
1706 4621 1911 4683 consensum,
1935 4624 2009 4666 cum
2026 4625 2121 4668 error

469 4705 521 4769 eui
536 4726 601 4768 non
617 4706 780 4770 resistitur
796 4707 1010 4792 approbetur:
1034 4707 1237 4794 imperialem
1259 4706 1489 4771 excellentiam
1512 4726 1676 4790 rogamus,
1699 4726 1868 4770 monemus
1891 4713 1925 4771 ot
1947 4705 2120 4772 hortamur

468 4810 654 4888 attentius,
678 4809 828 4894 quatinus
856 4811 1017 4894 premissa
1041 4813 1087 4876 sie
1119 4810 1297 4876 efficaciter
1320 4816 1353 4876 et
1376 4811 1423 4874 sic
1448 4809 1597 4874 celeriter
1627 4809 1728 4874 facias
1752 4809 1919 4875 emendari
1941 4818 1975 4875 et
1997 4811 2115 4892 huius-
2173 4851 2202 4890 ³,

467 4911 555 4976 modi
567 4920 813 4999 presumptores
825 4912 935 4980 debita
947 4915 1122 4980 severitate
1135 4914 1281 5000 percelli,
1294 4914 1380 5000 quod
1391 4914 1451 4977 hec
1464 4913 1504 4978 de
1521 4914 1722 4978 conscientia
1734 4922 1790 4979 tua
1804 4936 1870 4979 non
1886 4935 1960 4979 esse
1977 4935 2116 5002 operum

467 5016 670 5082 exhibitione
703 5017 909 5086 demonstres
943 5028 976 5085 et
1009 5019 1104 5085 nobis
1136 5021 1227 5085 nulla
1259 5026 1394 5106 propter
1426 5019 1488 5083 hoc
1516 5019 1711 5084 turbationis
1740 5020 1877 5084 materia
1900 5020 2115 5105 relinquatur.

466 5120 535 5187 Noa
573 5123 661 5186 enim
694 5129 807 5189 contra
836 5130 1079 5210 presumptores
1115 5123 1250 5223 eosdem
1283 5124 1512 5188 nichilominus
1544 5131 1679 5189 auctore
1702 5123 1844 5188 Domino
1876 5124 1976 5188 olfieii
2011 5127 2118 5191 nostri

465 5225 610 5290 debitum
634 5248 847 5312 exequemur.

573 5346 647 5414 Dat.
673 5349 824 5414 Lateran.
848 5348 920 5413 IIII
942 5347 1026 5414 Non.
1049 5349 1169 5430 Martii,
1194 5369 1278 5414 anno
1301 5349 1485 5414 undecimo.

668 5510 744 5515 -——
947 5511 1234 5516 ------...--.--.-.-.
1410 5509 1906 5516 ——.....-—..-.-......—————.-....
1913 5508 2010 5514 ---..-.-

569 5611 595 5674 l)
615 5607 793 5663 Morionocm
821 5610 941 5676 contine,
970 5610 1055 5676 filiam
1080 5609 1187 5665 Alonis·
1215 5611 1321 5664 comitis
1350 5610 1383 5663 de
1406 5609 1584 5672 Orlamunde;
1621 5608 1656 5676 cf.
1676 5609 1816 5678 Kleopin,
1841 5609 1941 5663 Porum.
1965 5609 1996 5663 U.
2005 5611 2038 5662 Β.
2055 5613 2074 5664 t.
2093 5611 2120 5676 1,

461 5712 490 5763 p.
520 5699 679 5749 275-282.
780 5697 809 5761 fil
840 5714 865 5750 c.
896 5701 982 5761 1238,
1010 5698 1083 5766 Sept.
1112 5702 1127 5750 4
1152 5715 1231 5766 papa
1259 5697 1372 5766 poticam
1395 5696 1536 5778 licentiam
1563 5696 1708 5764 concessit;
1744 5696 1887 5758 Pottbcst,
1915 5695 1983 5763 Ray.
2013 5701 2120 5754 10652.

464 5783 492 5852 3)
513 5781 548 5835 Iu
566 5781 739 5834 arsacidioncli
757 5780 902 5835 Mors-hice
916 5789 1006 5851 porte.
