4576 6390
442 393 504 456 476
1022 383 1070 442 EX
1088 386 1263 443 GREGORII
1281 383 1321 438 IX
1339 381 1519 440 REGISTRO

440 564 543 629 sancti
568 562 737 628 Fraacisci
765 561 802 628 de
831 559 1005 645 Mardara,
1044 563 1080 626 ia
1116 582 1176 644 qao
1205 579 1317 643 corpas
1350 558 1456 624 beatae
1484 557 1648 625 Elisabeth
1676 558 1873 643 lantaraoiac
1905 557 2103 643 Tlrarinpr'ac

441 667 622 749 requieseat,
645 686 750 732 coram
771 666 877 731 domui
899 664 1051 750 conferre.
1774 667 1866 744 1234,
1890 665 1956 732 Iul.
1981 670 2012 732 1.

544 785 628 856 (ἔτερ.
646 786 696 840 IX
713 786 781 854 Ray.
803 783 862 840 Vol.
880 784 901 838 1
906 784 933 853 V,
951 788 1021 852 192,·
1039 783 1100 838 [ab.
1122 779 1209 853 VIII,
1229 789 1290 840 145.

547 872 683 937 Pottlrast,
702 871 771 942 Rea.
792 875 876 926 9483.

692 1089 701 1107 .
731 1090 739 1107 .
770 1033 985 1125 magistro
1014 1038 1055 1105 et
1080 1033 1290 1106 fratribus
1318 1032 1515 1123 ospitalis
1542 1037 1693 1104 sancte
1720 1030 1851 1105 Maria

900 1152 1245 1226 Teutonicorum
1273 1153 1642 1226 lerosolilnitane.

550 1284 654 1350 Sedes
677 1287 877 1372 apostolica,
907 1293 1013 1350 mater
1038 1287 1266 1351 universorum
1294 1286 1439 1351 fidelium
1463 1292 1497 1350 et
1519 1286 1691 1369 magistra,
1721 1284 1802 1349 nulli
1835 1283 1944 1349 facere
1967 1284 2098 1349 videtur

440 1391 607 1470 iniuriam,
639 1391 667 1455 si
689 1397 786 1456 utens
815 1389 979 1456 interdum
1010 1391 1216 1480 plenitudine
1244 1391 1435 1476 potestatis,
1468 1389 1583 1452 maiori
1613 1389 1747 1453 caritate
1779 1387 1945 1452 ferventes
1975 1389 2112 1475 potiori

439 1494 545 1578 gratia
564 1499 791 1580 prosequatur.
836 1494 904 1558 Nos
922 1515 1060 1579 quoque,
1085 1493 1162 1558 dum
1184 1495 1268 1558 sicut
1286 1493 1383 1558 decet
1403 1492 1614 1573 attendimus,
1638 1491 1725 1577 quod
1745 1492 1934 1578 piamentis
1956 1492 2095 1556 intentio

439 1596 585 1661 favorem
608 1605 756 1662 nostrum
778 1619 844 1662 non
867 1597 1001 1681 indigne
1025 1604 1179 1677 meretur,
1204 1597 1297 1681 quasi
1319 1596 1508 1660 necessario
1531 1595 1724 1674 inducimur,
1748 1601 1785 1660 ut
1807 1600 1893 1672 vota,
1917 1616 1981 1679 que
2005 1595 2094 1680 aspi-

439 1698 541 1763 rando
557 1699 719 1765 Dominus
735 1702 898 1787 prevenit,
923 1707 1081 1765 consucta
1097 1700 1320 1765 benivolentia
1336 1701 1600 1785 complectamur.
1647 1697 1732 1762 Sane
1749 1698 1860 1762 dilecti
1883 1698 1942 1762 filii
1965 1697 2095 1761 nobiles

439 1805 500 1868 viri
530 1805 573 1870 H.
598 1811 631 1869 et
654 1804 708 1886 0,
740 1806 858 1869 fratres
886 1805 1046 1888 langravii
1074 1803 1248 1889 Turingie,
1278 1805 1515 1890 amplectentes
1543 1810 1709 1887 tamquam
1738 1800 1921 1865 devotionis
1948 1802 2095 1887 alumpni

440 1927 541 1992 opera
563 1907 705 1994 pietatis,
730 1908 936 1972 considerato
960 1907 1138 1993 prudenter
1158 1908 1244 1992 quod
1267 1908 1383 1972 domus
1404 1914 1513 1973 vestra
1532 1909 1623 1972 velut
1646 1907 1782 1971 dextere
1803 1906 1911 1970 divine
1934 1906 2094 1992 plantatio

438 2013 629 2094 generalem
652 2012 827 2076 ecclesiam
851 2012 1019 2096 religionis
1043 2011 1143 2076 odore
1167 2011 1311 2076 delectat
1335 2019 1368 2075 et
1390 2012 1497 2075 fructu
1521 2011 1624 2075 reficit
1643 2010 1797 2090 caritatis,
1822 2011 1914 2074 cuius
1937 2009 1983 2073 ibi
2007 2010 2095 2074 circa

438 2135 601 2200 pauperes
626 2115 771 2180 officiose
795 2115 938 2179 osticium
959 2123 1143 2194 exercetur,
1167 2116 1296 2180 ardenti
1318 2115 1505 2179 iamdudum
1526 2114 1689 2179 desiderio
1713 2113 1908 2177 affectarunt
1929 2112 2093 2198 hospitale

439 2217 544 2281 sancti
569 2217 738 2283 Francisci
770 2218 810 2283 de
833 2218 1026 2297 Marburch,
1059 2219 1145 2305 quod
1172 2221 1206 2282 in
1236 2219 1368 2305 proprio
1399 2220 1469 2282 solo
1502 2218 1672 2282 fundatum
1702 2217 1742 2280 de
1773 2217 1932 2280 bonorum
1962 2236 2095 2280 suorum

437 2319 587 2384 ubertate
611 2320 781 2402 dotarunt,
805 2322 1009 2387 remittentes
1033 2322 1081 2385 illi
1103 2321 1286 2386 liberaliter
1307 2327 1442 2407 propter
1462 2319 1570 2385 Deum
1593 2319 1747 2405 quicquid
1769 2319 1848 2383 iuris
1870 2317 2037 2382 habebant
2061 2319 2094 2381 in

438 2422 527 2506 ipso,
559 2429 591 2488 et
620 2424 726 2488 eidem
755 2426 892 2511 insuper
920 2424 1140 2489 concedentes
1169 2425 1219 2489 ius
1251 2433 1442 2511 patronatus
1470 2424 1556 2508 quod
1587 2425 1621 2488 in
1652 2423 1848 2509 parrochiali
1880 2423 2021 2487 ecclesia
2052 2422 2095 2487 de

437 2525 614 2590 Marburch
639 2528 851 2614 competebat
874 2528 1016 2610 eisdem,
1040 2527 1134 2592 vobis
1158 2529 1199 2592 ab
1222 2529 1404 2614 apostolica
1427 2527 1505 2592 sede
1529 2526 1679 2592 conferri.
1723 2526 1819 2591 Unde
1842 2527 1988 2613 prefatus
2013 2524 2050 2589 0.
2074 2547 2095 2588 a

437 2630 532 2694 nobis
561 2631 665 2694 multa
691 2653 826 2717 precum
854 2632 1009 2696 instantia
1038 2633 1218 2719 postulavit
1229 2632 1250 2710 ¹,
1280 2639 1316 2695 ut
1342 2632 1446 2717 ipsius
1474 2638 1507 2695 et
1535 2629 1672 2716 predicti
1700 2630 1808 2693 fratris
1837 2630 1887 2693 sui
1919 2628 2092 2694 desideriis

438 2740 636 2814 annuentes,
667 2734 806 2819 ospitale
836 2735 944 2820 ipsum
975 2735 1121 2821 predicte
1152 2735 1263 2799 domui
1285 2742 1394 2799 vestre
1425 2735 1565 2799 conferri
1594 2733 1850 2798 misericorditer
1872 2733 2092 2816 dignaremur.

439 2835 521 2900 Cum
550 2837 651 2921 igitur
678 2838 828 2901 succensi
858 2838 928 2902 zelo
958 2838 1083 2919 divino,
1114 2860 1177 2924 quo
1204 2861 1263 2925 pro
1288 2838 1418 2902 Christo
1446 2838 1571 2902 animas
1594 2845 1721 2902 vestras
1744 2858 1866 2922 ponere
1890 2836 2092 2917 decrevistis,

439 2940 631 3004 mereamini
650 2939 902 3004 habundantiori
923 2940 1152 3006 benedictione
1173 2942 1261 3006 sedis
1288 2943 1468 3028 apostolice
1490 2941 1656 3005 confoveri
1679 2948 1713 3004 et
1734 2939 1893 3004 nobilium
1914 2939 2093 3004 eorundem

439 3042 572 3107 affectui
595 3043 751 3129 plenioris
779 3044 901 3108 favoris
926 3044 1086 3110 exhibitio
1111 3046 1289 3126 debeatur,
1319 3067 1397 3126 nos,
1426 3067 1484 3131 pro
1508 3045 1599 3108 firmo
1622 3051 1774 3109 tenentes
1799 3043 1883 3128 quod
1907 3064 1950 3107 ex
1973 3043 2091 3107 eodem

439 3145 594 3232 hospitali
625 3148 727 3210 multa
749 3147 856 3233 possit
878 3147 980 3212 Terre
1005 3147 1142 3228 Sancte,
1172 3150 1263 3213 cuius
1286 3171 1345 3213 vos
1377 3149 1524 3213 totaliter
1552 3148 1729 3212 devovistis
1760 3147 1934 3232 obsequio,
1963 3147 2089 3211 utilitas

438 3251 611 3335 provenire
635 3257 668 3314 et
690 3251 725 3314 in
748 3272 788 3316 eo
811 3252 941 3337 plenius
960 3251 1181 3338 hospitalitas,
1205 3253 1365 3339 adquam
1390 3275 1432 3318 ex
1452 3253 1657 3316 institutione
1681 3251 1861 3337 apostolice
1885 3249 1973 3315 sedis
1997 3257 2091 3314 tene-

438 3353 533 3432 mini,
567 3353 750 3436 observari,
779 3354 941 3441 hospitale
971 3356 1077 3442 ipsum
1106 3377 1180 3419 curn
1208 3357 1279 3420 iure
1303 3363 1493 3442 patronatus
1517 3356 1662 3442 predicte
1686 3355 1826 3419 ecclesie
1850 3354 1890 3417 de
1913 3353 2091 3419 Marburch

438 3461 471 3521 et
493 3457 566 3520 aliis
589 3457 716 3522 iuribus
740 3463 773 3522 et
801 3459 1010 3543 pertinentiis
1041 3458 1215 3544 hospitalis
1240 3459 1388 3524 eiusdem
1411 3459 1503 3523 vobis
1528 3465 1562 3522 et
1584 3457 1694 3522 domui
1716 3463 1825 3522 vestre
1849 3456 1889 3522 de
1915 3457 2091 3542 potestatis

437 3558 642 3644 plenitudine
672 3582 709 3625 ac
742 3562 848 3646 gratia
878 3563 1013 3648 speciali
1036 3561 1189 3626 duximus
1215 3563 1465 3638 conferendum
1495 3562 1576 3626 illud
1605 3585 1664 3649 pro
1687 3563 1872 3627 reverentia
1899 3561 1995 3626 beate
2019 3582 2089 3625 me-

436 3663 539 3728 morie
562 3662 747 3748 Helysabet
775 3665 943 3750 langravie
975 3665 1150 3751 Turingie,
1184 3667 1277 3731 cuius
1307 3688 1424 3752 corpus
1455 3667 1633 3751 requiescit
1662 3665 1802 3747 ibidem,
1834 3672 1887 3746 ut,
1922 3666 2007 3729 sicut
2036 3673 2089 3730 est

436 3765 566 3830 celebre
596 3768 809 3832 veneratione
842 3766 1003 3847 fidelium,
1037 3769 1085 3833 sic
1118 3770 1330 3855 prerogativa
1364 3769 1507 3854 gaudeat
1539 3771 1719 3851 libertatis,
1751 3769 1949 3835 venerabilis
1978 3768 2089 3833 fratris

435 3869 539 3933 nostri
579 3916 586 3933 .
617 3917 625 3933 .
667 3870 851 3956 Maguntini
890 3871 1148 3959 archiepiscopi,
1190 3874 1253 3937 loci
1292 3872 1476 3955 diocesani,
1517 3874 1697 3959 episcopali
1735 3874 1805 3938 iure
1844 3874 1877 3937 in
1915 3872 2090 3958 parrochia

435 3979 613 4038 memorate
644 3973 785 4038 ecclesie
814 3973 854 4038 de
880 3972 1057 4040 Marburch
1091 3977 1126 4039 in
1154 3976 1304 4040 omnibns
1337 3998 1467 4062 semper
1494 3978 1601 4059 salvo,
1642 3984 1675 4041 et
1702 3998 1722 4041 a
1751 3976 1845 4041 vobis
1874 3998 1933 4063 pro
1970 3975 2087 4040 eodem

434 4075 591 4162 hospitali
617 4098 724 4141 annuo
753 4087 874 4142 censu⁸
902 4077 1038 4142 duarum
1071 4080 1276 4144 marcharum
1304 4080 1432 4164 argenti
1461 4080 1525 4144 sibi
1553 4087 1587 4144 et
1617 4080 1685 4144 suis
1716 4081 1961 4145 successoribus
1991 4081 2086 4144 annis

435 4178 573 4263 singulis
597 4179 831 4266 persolvendo,
859 4181 892 4245 in
916 4183 1036 4246 ceteris
1060 4203 1134 4248 esse
1157 4183 1297 4248 liberum
1322 4189 1521 4259 statuentes;
1549 4205 1614 4248 non
1638 4184 1788 4248 obstante
1812 4183 1899 4269 quod
1921 4183 1961 4249 de
1985 4185 2084 4269 preti·
2139 4219 2164 4258 ³5

434 4282 550 4347 ciendo
579 4284 737 4367 magistro
765 4285 828 4370 ipsi
859 4284 1015 4370 hospitali
1038 4285 1200 4370 quondam
1229 4286 1377 4350 noscitur
1403 4287 1598 4351 institutum.
1643 4287 1734 4351 Nulli
1766 4308 1845 4373 ergo
1872 4295 1982 4353 nostre
2006 4311 2085 4354 con-

433 4385 592 4450 cessionis
616 4392 650 4450 et
673 4387 915 4453 constitutionis
939 4395 1001 4455 etc.
1048 4387 1178 4474 Siquis
1202 4396 1311 4455 antem
1335 4396 1396 4455 etc.
1653 4377 1654 4380 Ἴ

540 4503 617 4571 Dat.
639 4503 756 4588 Reate,
778 4505 939 4572 Kalendis
962 4509 1049 4590 Iulii,
1073 4529 1158 4573 auno
1182 4515 1307 4573 octavo.

1214 4927 1299 5000 587.

537 5017 728 5130 Graecias
744 5047 807 5113 'IX
823 5069 910 5130 papa
937 5050 1068 5113 rectores
1090 5049 1245 5117 coactetis
1266 5052 1476 5119 lombardiae
1498 5059 1613 5134 moeret,
1642 5076 1683 5121 ae
1711 5063 1908 5138 moveantar,
1938 5062 2021 5144 qaod
2040 5065 2084 5129 iis

428 5150 642 5229 maturarit,
671 5155 708 5215 at
724 5153 883 5216 'militibus
904 5151 1103 5232 imperatoris
1120 5174 1181 5234 pro
1202 5155 1341 5221 subsidio
1363 5158 1507 5223 aetesiae
1529 5164 1638 5224 eontra
1659 5160 1819 5228 Roaraaoa
1837 5168 2081 5245 properantibus
2132 5199 2159 5238 a

996 5296 1091 5302 -.-.-....-.
1098 5299 1149 5303 ..-
1154 5299 1435 5308 .,-...-..,.-.,,»..-,-....,
1440 5303 1554 5310 -—-——--

534 5374 556 5442 ¹)
575 5393 654 5429 censu
672 5377 740 5430 decet
756 5379 785 5430 ia
802 5379 835 5430 ll.

532 5496 559 5564 1)
581 5494 726 5552 Conradas
744 5497 806 5566 ipse
818 5497 915 5566 Reate,
932 5498 981 5554 abi
993 5518 1074 5571 papa
1092 5507 1117 5557 et
1134 5502 1285 5573 imperator
1302 5513 1491 5575 convenerant,
1509 5507 1615 5577 aderat,
1633 5509 1705 5564 sicat
1722 5509 1790 5577 lepis
1808 5511 1838 5563 ia
1852 5513 2010 5582 priuilepio,
2029 5529 2082 5582 aaa

425 5579 810 5741 {mmmmmdi’pm
821 5583 872 5638 aab
887 5588 1059 5654 protectione
1071 5605 1125 5644 aaa
1137 5591 1236 5662 recipit
1248 5593 1327 5661 aque
1339 5591 1411 5648 bona
1424 5599 1449 5648 et
1460 5594 1527 5649 iura
1538 5595 1689 5664 confirmat.
1726 5595 1769 5664 Cf.
1783 5596 2082 5669 Haillardltre'lvclles,

437 5709 443 5724 .
477 5709 484 5723 .
514 5711 520 5723 .
585 5709 593 5735 ‚
631 5709 637 5722 .
713 5712 718 5725 .
