4494 6426
430 382 471 444 80
1021 377 1068 431 EX
1087 376 1243 432 HONORII
1262 376 1301 430 ΠΙ
1320 374 1502 430 REGIS'I'RO

430 552 648 638 expositionis
676 553 831 617 incurrat.
876 551 978 615 Porro
1010 552 1066 637 qui
1098 551 1176 615 satis
1203 549 1326 634 diligit,
1357 551 1437 614 satis
1465 549 1568 614 timet.
1613 548 1709 613 Unde
1739 569 1804 612 non
1827 549 1962 629 mimm,
1990 550 2018 613 si
2046 548 2088 614 de

432 654 597 720 retardato
620 677 777 743 processu
801 662 857 719 tuo
881 655 914 717 iu
937 654 1121 718 subsidium
1135 654 1237 718 Terre
1255 652 1374 717 Sancte
1399 653 1460 716 tibi
1483 654 1657 717 timeamus
1681 661 1715 716 et
1738 652 1847 717 uobis:
1870 654 1941 733 tibi,
1964 675 2005 718 ne
2029 676 2090 740 per

436 759 557 824 totiens
580 761 721 846 repetite
737 759 903 824 dilationis
919 759 1109 822 instantiam
1133 757 1302 836 offensam,
1325 755 1413 842 quod
1428 757 1525 833 absit,
1547 756 1767 842 potentissimi
1791 757 1879 841 regis
1900 758 2089 824 incurreris.

434 862 547 943 nobis,
574 885 616 927 ne
639 861 797 928 facilitate
821 863 1088 948 prorogationum
1120 859 1307 924 huiusmodi
1330 881 1463 924 eausam
1486 860 1573 923 illius
1597 860 1714 923 summi
1736 861 1914 946 pontificis,
1946 861 2002 946 qui
2029 882 2089 946 pro

437 967 543 1032 salute
565 967 679 1053 populi
701 968 735 1031 in
758 987 815 1030 ora
837 968 944 1031 erucis
968 988 1002 1030 se
1026 967 1133 1052 ipsum
1156 965 1274 1029 obtulit
1296 964 1437 1028 hostiam
1459 963 1532 1028 Deo
1562 964 1663 1049 patri,
1695 963 1864 1029 videamur
1886 964 2090 1049 negligentia

434 1070 618 1156 reliquisse.
663 1071 789 1134 Verum
816 1069 923 1133 adhuc
955 1071 1075 1150 instas,
1104 1075 1141 1132 ut
1169 1067 1329 1132 adiciatur
1360 1075 1475 1152 quarte
1505 1067 1634 1148 dilatio,
1664 1075 1698 1132 et
1724 1090 1789 1133 non
1811 1069 1973 1148 attendis,
2004 1067 2091 1154 quod

435 1174 553 1238 citatus
576 1173 681 1238 tribus
705 1173 832 1250 edictis,
856 1173 885 1236 si
908 1171 949 1236 ad
974 1171 1132 1237 iudicium
1154 1172 1268 1236 venire
1286 1172 1498 1258 contempnit,
1522 1179 1631 1258 potest
1653 1172 1857 1236 contumacia
1880 1171 2091 1258 reprehendi.

436 1276 495 1342 Set
519 1277 640 1341 scimus
663 1275 751 1361 quod
774 1275 816 1340 ad
837 1276 1065 1361 purgationem
1094 1297 1184 1340 more
1210 1277 1383 1339 nonnullas
1408 1297 1524 1339 causas
1549 1274 1773 1338 excusationis
1796 1275 1937 1359 allegas,
1969 1275 2092 1338 scimus

435 1381 535 1444 etiam
558 1379 644 1466 quod
667 1400 732 1444 uon
756 1379 803 1444 sic
826 1400 883 1444 eas
906 1381 1164 1466 interpretantur
1186 1381 1286 1445 emuli
1308 1388 1345 1445 ut
1367 1381 1473 1444 amici.
1519 1379 1588 1444 Nos
1620 1387 1746 1457 autem,
1778 1398 1819 1442 ue
1847 1385 1914 1442 tam
1943 1379 2011 1442 cari
2033 1378 2093 1441 filii

434 1483 554 1547 famam
576 1503 743 1568 exponere
758 1482 930 1547 videamur
953 1483 1165 1568 contemptui,
1188 1504 1291 1569 usque
1315 1482 1356 1547 ad
1371 1482 1541 1548 Kalendas
1559 1481 1639 1546 hiaii
1653 1483 1821 1567 proximas
1844 1482 1892 1546 tui
1913 1502 2091 1568 processus
2156 1503 2160 1526 ·

436 1587 611 1650 terminum
633 1605 865 1670 prorogamus,
894 1592 1065 1669 sperantes
1089 1583 1176 1668 quod
1199 1586 1399 1649 excellentia
1422 1587 1514 1670 regia
1537 1586 1584 1650 sic
1613 1593 1766 1672 potenter
1787 1584 2013 1670 aggredietur,
2045 1585 2094 1648 sic

436 1686 611 1774 experirer
633 1694 850 1772 prosequetur
865 1687 1033 1772 negotium
1048 1686 1127 1751 Iesu
1143 1687 1278 1768 Christi,
1302 1688 1389 1772 quod
1412 1689 1533 1754 totiens
1550 1688 1677 1753 indulta
1699 1687 1822 1768 dilatio,
1845 1710 1909 1774 que
1932 1688 2093 1752 hactenus

437 1792 509 1856 visa
532 1797 583 1856 est
607 1790 778 1855 subiacere
801 1791 1001 1876 calumpnia,
1029 1791 1123 1876 quasi
1146 1792 1334 1875 excogitate
1357 1792 1476 1856 ascribi
1500 1791 1672 1878 prudentie
1705 1813 1743 1857 ac
1771 1798 1946 1877 utcumque
1969 1790 2094 1855 assumi

436 1896 559 1982 poterit
584 1893 625 1958 ad
652 1895 824 1959 cautelam.
880 1893 966 1959 Sane
995 1894 1179 1976 considera,
1210 1895 1396 1978 considera,
1428 1897 1520 1961 cuius
1544 1897 1588 1961 sit
1617 1917 1716 1960 causa
1749 1917 1812 1980 que
1844 1896 1985 1980 geritur,
2018 1895 2095 1979 quia

437 1999 574 2072 Christi;
605 1997 697 2062 cuius
728 1997 917 2076 comodum,
949 1999 1024 2082 quia
1052 2001 1319 2084 prosequentium
1343 2001 1463 2085 ipsam;
1494 2001 1586 2065 cuius
1610 2001 1729 2085 gloria,
1753 1999 1830 2084 quia
1852 2000 1953 2086 totius
1977 1998 2090 2085 populi

438 2102 630 2174 Christiani;
653 2107 687 2166 et
708 2101 849 2186 negligis
873 2123 946 2166 esse
973 2110 1164 2187 prosecutor
1187 2125 1284 2167 cause
1307 2103 1382 2180 Dei,
1406 2112 1597 2190 procurator
1620 2102 1780 2168 commodi
1803 2103 1850 2166 tui
1873 2111 1907 2168 et
1930 2102 2093 2167 Christia-

436 2207 549 2271 nitatis
578 2205 722 2269 athleta?
778 2203 822 2268 Et
849 2203 980 2288 quidem
1003 2205 1044 2269 ad
1067 2206 1131 2269 ista
1154 2213 1186 2269 te
1208 2204 1370 2270 Dominus
1397 2206 1566 2272 beneficiis
1593 2207 1709 2286 allicit,
1740 2207 1906 2271 miraculis
1928 2212 2096 2291 provocat,

438 2316 472 2375 et
499 2309 661 2394 exemplis
691 2308 858 2372 informat:
892 2308 1063 2374 beneficiis
1094 2310 1215 2390 allicit,
1251 2312 1328 2396 quia
1357 2319 1425 2375 tam
1456 2311 1647 2399 depressum
1680 2309 1854 2396 aliquando
1886 2311 1933 2373 sic
1961 2309 2096 2374 tandem

438 2413 545 2478 erexit
577 2412 611 2475 in
644 2413 763 2488 altum3
802 2413 968 2476 miraculis
1002 2420 1168 2498 provocat,
1206 2416 1282 2498 quia
1316 2414 1356 2478 dc
1391 2415 1544 2479 Damiata
1577 2415 1795 2479 munitissima
1830 2413 1962 2477 civitate
1996 2413 2096 2499 plene

437 2514 636 2581 desiderium
658 2514 771 2599 pusilli
793 2515 960 2580 exercitus
977 2515 1165 2596 Christiani,
1189 2538 1247 2603 spe
1271 2519 1335 2581 iam
1359 2517 1540 2598 debilitata,
1563 2518 1717 2603 perfecit;
1741 2515 1894 2582 informat
1917 2515 2094 2600 exemplis,
2145 2533 2156 2568 ι’

439 2619 516 2704 quia
537 2639 603 2682 non
619 2619 724 2682 solum
738 2617 865 2683 nobiles
889 2627 923 2683 et
937 2627 1099 2705 potentes,
1126 2627 1177 2684 set
1193 2622 1291 2684 etiam
1312 2643 1473 2708 pauperes
1498 2628 1532 2686 et
1548 2621 1675 2685 debiles
1698 2620 1761 2685 hoc
1776 2620 1908 2684 salubre
1924 2619 2095 2703 negotium

439 2728 516 2786 sunt
538 2723 698 2806 aggressi.
753 2721 960 2809 Quapropter
983 2723 1161 2808 diligenter
1184 2732 1310 2788 avertat
1332 2747 1393 2789 rex
1415 2733 1480 2788 tam
1504 2724 1637 2810 grandis
1660 2732 1694 2789 et
1716 2724 1855 2803 nobilis,
1886 2729 1953 2786 tam
1976 2728 2096 2810 potens

439 2830 473 2890 et
501 2825 612 2905 fortis,
647 2824 735 2909 quod
763 2826 798 2889 in
832 2825 896 2890 hiis
926 2847 965 2890 eo
989 2829 1095 2891 minus
1119 2829 1342 2892 excusationis
1372 2837 1558 2915 competere
1588 2828 1725 2913 poterit,
1761 2848 1825 2912 quo
1860 2827 1934 2912 plus
1967 2825 2098 2890 videtur

439 2934 616 3014 suppetere
649 2928 826 2992 facultatis.
882 2928 1031 3015 Exurgat
1064 2932 1164 3016 igitur
1197 2933 1396 2996 excellentia
1429 2933 1535 3016 regia,
1572 2939 1712 3016 exurgat
1747 2931 1899 3016 princeps
1930 2929 2096 3014 egregius,

440 3033 610 3116 quoniam,
633 3037 670 3095 ut
692 3053 874 3118 speramus,
897 3041 1031 3118 paratus
1055 3042 1105 3098 est
1127 3034 1288 3100 Dominus
1312 3034 1467 3120 grandem
1491 3034 1609 3099 offerre
1632 3032 1848 3119 triumphum,
1879 3033 1933 3117 qui
1957 3032 2094 3096 multam

440 3135 505 3199 iam
527 3125 638 3198 attulit
664 3133 706 3198 de
736 3156 914 3220 paucorum
944 3136 1057 3201 labore
1085 3159 1248 3202 coronam.
1292 3137 1494 3221 Accingere,
1525 3138 1697 3220 accingere
1727 3135 1837 3222 gladio
1866 3135 1952 3199 circa
1981 3134 2096 3211 femur,

439 3238 666 3324 potentissime
683 3239 864 3324 principum
880 3247 1094 3321 terrenomm,
1117 3241 1289 3326 accingere
1306 3242 1340 3304 in
1355 3241 1540 3304 humilitate
1556 3247 1683 3325 potens,
1706 3240 1879 3324 accingere
1896 3240 1929 3303 in
1946 3239 2097 3323 potentia

439 3339 587 3420 humilis,
616 3347 654 3405 ut
680 3363 745 3406 non
773 3343 807 3406 in
834 3341 986 3405 brachiob
1010 3348 1066 3406 tuo
1096 3343 1253 3420 conlisus,
1286 3342 1326 3406 de
1355 3363 1454 3406 manu
1476 3343 1637 3406 Altissimi
1665 3343 1825 3428 suscipias
1854 3343 1887 3406 in
1911 3342 1994 3405 tanti
2018 3362 2095 3406 con-

440 3445 624 3508 sumatione
646 3445 770 3529 negotii
793 3447 944 3530 gloriam,
972 3468 1036 3531 quc
1065 3454 1224 3532 speratur.
1270 3445 1424 3511 Ceterum
1456 3448 1534 3511 licet
1562 3454 1757 3533 prorogatus
1785 3447 1829 3511 sit
1855 3447 2031 3525 terminus,
2061 3453 2096 3510 tu

440 3546 669 3611 nichilominus
692 3549 823 3612 interim
845 3549 1023 3634 prudenter
1044 3558 1077 3614 et
1100 3557 1263 3636 patenter,
1294 3563 1391 3636 prout
1412 3552 1549 3635 poteris,
1579 3551 1643 3614 iter
1666 3551 1821 3636 arripias,
1851 3550 2004 3634 quoniam
2028 3570 2094 3612 non

441 3651 547 3714 solum
570 3651 757 3736 prosecutio
779 3652 922 3732 itineris,
953 3660 1004 3717 set
1032 3654 1132 3717 ctiam
1155 3654 1395 3738 prosecutionis
1423 3654 1510 3717 sama
1537 3653 1731 3739 preambula
1760 3654 1881 3717 multos
1905 3651 2098 3716 sollicitabit

440 3753 482 3817 ad
504 3753 577 3834 iter,
600 3755 720 3817 multos
742 3756 911 3840 premittet
932 3756 967 3820 in
989 3756 1171 3820 subsidium
1194 3757 1296 3822 Terre
1314 3757 1443 3832 Sancte,
1466 3779 1525 3842 per
1548 3778 1629 3841 quos
1652 3756 1751 3822 dante
1768 3754 1912 3820 Domino
1936 3760 1971 3819 et
1993 3755 2097 3819 nostri

442 3857 647 3942 reparabitur
669 3857 769 3922 robur
791 3859 958 3923 exercitus
988 3866 1021 3923 et
1043 3867 1154 3945 partes
1185 3863 1413 3925 concutientur
1443 3860 1592 3926 adverso.
1636 3859 1729 3924 Alias
1758 3880 1887 3944 quoque
1915 3859 2096 3944 petitiones

440 3961 535 4024 nohis
559 3968 719 4048 exparte
746 3968 804 4026 tua
830 3969 999 4048 porrectas
1030 3965 1214 4027 curarimus
1243 3964 1400 4028 exaudire
1422 3964 1580 4048 benigne,
1609 3965 1694 4028 sicut
1720 3965 1829 4028 littere
1859 3968 1972 4026 nostre
1997 3983 2097 4046 super

333 4103 339 4112 ·
442 4064 505 4128 hiis
528 4064 614 4130 lacte
637 4071 670 4129 te
695 4065 825 4151 plenius
848 4063 1043 4133 edocebunt.

1062 4260 1473 4268 Ἣ

1231 4483 1315 4556 113.

552 4589 608 4680 P
600 4621 747 4698 arercdna,
769 4622 857 4686 nrbis
872 4622 991 4686 Romae
1009 4627 1141 4701 serrator,
1163 4625 1288 4688 norrrine
1311 4626 1405 4687 letires
1419 4627 1533 4705 populi
1552 4624 1691 4688 Rotnani
1704 4624 1869 4688 Frnienieo
1882 4623 2100 4688 Reclamant

441 4728 508 4809 rapi
533 4726 653 4801 scribit,
680 4727 833 4805 qnantum
863 4745 902 4786 ee
931 4725 1144 4789 insinuatione
1173 4726 1353 4810 [manns]
1383 4728 1505 4792 abbatis
1530 4727 1703 4791 Fnldensis
1729 4726 1916 4806 legationes
1946 4728 2101 4808 pandirrm

442 4830 623 4910 snscepcrc't,
654 4828 737 4910 qnod
757 4829 822 4907 ipse
845 4827 881 4889 in
900 4829 1044 4906 proximo
1065 4830 1107 4892 sit
1128 4829 1262 4894 Romam
1284 4833 1434 4894 nmtnmrs
1455 4831 1499 4893 ad
1519 4829 1731 4910 recipiendam
1751 4829 1915 4908 irrspcriolc
1936 4828 2101 4908 diadema·

440 4934 563 5018 pretias
591 4932 657 5013 apit
682 4931 720 4994 de
747 4930 827 4994 bona
854 4931 1022 5007 voluntate,
1050 4953 1146 5011 qrmm
1173 4953 1246 5014 erpa
1274 4932 1434 4996 Rerrmnos
1462 4933 1611 5010 ostmrdit·
1641 4931 1731 4994 addit
1753 4931 1883 5011 imper
1909 4951 1942 4995 se
1965 4937 1997 4996 ct
2017 4932 2100 5011 illos,

442 5038 526 5102 circa
541 5035 719 5098 Rmnanam
740 5033 898 5096 εωίεείανη
913 5032 1119 5097 oboedientiae
1139 5035 1232 5114 (ilios,
1255 5035 1284 5098 si
1305 5036 1382 5116 qnid
1398 5035 1571 5100 discordiae
1589 5035 1755 5111 emerserit,
1779 5034 1823 5097 nd
1843 5055 1913 5098 cant
1926 5034 2101 5099 sedandam
2150 5066 2173 5102 a

437 5139 628 5220 propassins
656 5138 821 5213 enimam,
850 5139 886 5198 nt
913 5137 1123 5200 coronatmnis
1153 5138 1333 5201 sehnrnitaa
1360 5140 1395 5201 in
1427 5137 1508 5202 Urbe
1530 5159 1591 5218 per
1620 5157 1774 5202 armiliam
1794 5138 1974 5218 pontificem
2000 5139 2101 5220 quiete

437 5246 622 5324 peragatur.
1641 5242 1734 5316 1220,
1756 5238 2014 5321 Mart—April.

548 5355 1020 5426 mmmmmm

550 5443 605 5496 Ed.
624 5459 642 5496 o
660 5443 751 5505 Perta,
772 5441 848 5495 Mon.
869 5440 958 5495 Germ.
976 5442 1037 5495 LL.
1056 5448 1074 5496 t.
1093 5441 1137 5508 Il,
1154 5459 1182 5510 p.
1200 5447 1260 5496 241.

550 5567 828 5576 ———---—
977 5567 1096 5574 ...-·—-—..
1120 5569 1151 5574 --
1220 5569 1508 5578 m-.—=----—
1520 5569 1613 5576 --—0-=
1626 5570 1645 5574 .-
1668 5566 1992 5576 ——-—-..-.-—-——.——-—-.-

550 5649 573 5718 ⁸)
591 5651 711 5720 expedire
729 5647 766 5702 R.
848 5647 871 5708 bl
890 5648 980 5700 bachio
1000 5649 1031 5700 R.
