4448 6420
841 425 1040 484 EPISTOLAE
1057 421 1246 483 annuento.
1279 425 1355 482 1226.
1863 433 1926 498 237

272 603 447 688 munimus,
471 608 655 670 statuentes
677 609 714 668 ut
736 607 910 689 postquam
933 603 966 667 in
989 601 1137 689 proximo
1160 601 1307 694 generali
1329 602 1482 688 passagio
1506 605 1570 667 iter
1591 601 1795 692 arripueritis
1818 613 1926 672 trans·

270 709 448 790 marinum,
476 707 581 773 donec
608 706 649 772 de
678 713 790 772 vestro
818 704 925 771 reditu
954 706 1007 771 vel
1037 705 1129 770 obitu
1160 704 1342 770 certissime
1371 713 1603 792 cognoscatur,
1636 709 1698 774 sub
1728 708 1923 777 defensione

269 812 450 897 apostolice
474 809 561 875 sedis
585 831 626 875 ca
648 809 757 874 omnia
777 809 907 894 integra
929 815 1082 873 maneant
1105 814 1139 874 et
1161 809 1281 893 quieta.
1325 808 1415 874 Nulli
1436 831 1515 895 ergo
1539 845 1591 873 -·.
1637 811 1673 876 Si
1696 813 1768 899 quis
1791 849 1844 879 -.

378 930 455 995 Dat.
477 929 630 996 Lateran.
654 928 767 994 Idibus
789 928 998 1011 Novembris,
1023 925 1120 1015 [anno
1142 924 1235 1014 xpp

896 1197 1306 1206 -—.—.-———-—..-.

1056 1457 1142 1531 313.

207 1627 220 1664 a
381 1568 569 1661 Honoras
590 1594 657 1661 ΠΙ
669 1615 759 1677 papa
780 1594 891 1659 asom
912 1595 1043 1676 scapo
1063 1595 1199 1662 meana
1218 1598 1401 1679 scarane
1423 1599 1583 1682 scomma
1603 1600 1744 1666 roccas
1765 1584 1847 1668 taos.

1567 1705 1661 1784 122⁶,
1683 1703 1763 1771 Noc.
1785 1709 1837 1770 13.

373 1785 448 1840 Hora
462 1786 518 1839 ΙΙΙ
533 1784 602 1855 Boo.
620 1783 683 1838 Lib.
702 1783 758 1856 XI,
778 1787 845 1839 380.

546 1998 730 2075 Cunctis
757 1998 1086 2092 crucesignatis
1114 1998 1317 2074 civitatis
1345 1997 1647 2077 Coloniensis

377 2149 592 2217 Sacrosancta
615 2154 677 2214 etc.
700 2155 737 2214 ut
760 2170 858 2235 supra
880 2170 1003 2235 usque:
1028 2150 1150 2236 quieta.
1194 2147 1240 2214 Ut
1262 2154 1372 2214 autem
1388 2149 1519 2217 facilius
1543 2156 1576 2216 et
1598 2151 1764 2218 efficacius
1787 2151 1925 2219 reddere

194 2287 219 2326 rc
271 2253 410 2319 valeatis
438 2254 580 2320 Domino
611 2258 689 2318 vota
722 2258 849 2335 vestra,
882 2252 1086 2340 percipiendi
1117 2274 1155 2319 ao
1189 2252 1358 2338 obligandi
1389 2253 1536 2320 redditus
1564 2261 1693 2321 vestros
1728 2277 1748 2321 a
1775 2262 1924 2342 tempore

269 2356 433 2442 generalis
464 2356 611 2445 passagii
646 2375 750 2441 usqua
783 2355 826 2420 ad
860 2363 990 2445 tempus
1023 2358 1056 2421 in
1085 2356 1233 2443 generali
1264 2357 1565 2442 crucesignatorum
1603 2358 1807 2445 indulgentia
1836 2379 1924 2424 conr-

268 2462 466 2548 prehensnm
489 2463 626 2528 liberam
643 2460 736 2526 vobis
752 2461 960 2526 concedimus
976 2461 1175 2543 facultatem,
1198 2461 1245 2526 ita
1267 2460 1355 2545 quod
1377 2462 1435 2543 illi,
1458 2462 1577 2549 quibus
1601 2483 1658 2528 eos
1675 2461 1925 2528 committendos

269 2564 430 2632 duxeritis
457 2567 511 2632 vel
540 2566 639 2631 etiam
670 2564 879 2649 obligandos,
911 2564 998 2629 intra
1019 2565 1237 2651 proscriptum
1267 2570 1398 2651 tempus
1421 2586 1495 2630 cum
1524 2586 1564 2630 ea
1585 2565 1777 2651 integritate
1799 2564 1924 2631 fructus

268 2669 453 2756 percipiant
475 2668 665 2750 earundem,
689 2689 762 2732 cum
785 2689 850 2754 qna
872 2689 931 2733 ros
955 2669 1029 2733 illos
1051 2669 1277 2756 perciperetis,
1301 2668 1330 2733 si
1346 2670 1565 2755 personaliter
1586 2669 1620 2733 in
1642 2669 1709 2734 illis
1732 2668 1921 2734 resideretis

194 2804 217 2840 n
269 2771 431 2852 ecclesiis,
453 2773 488 2836 in
511 2771 629 2857 quibus
651 2792 710 2837 eos
733 2770 962 2857 dignoscimini
985 2773 1145 2839 obtinere.
1189 2771 1279 2837 Nulli
1302 2793 1382 2858 ergo
1407 2811 1457 2839 -.
1503 2771 1635 2859 Siquis
1659 2809 1711 2836 -.

377 2890 455 2956 Dat.
478 2897 514 2956 ut
536 2912 645 2978 supra.

889 3059 1301 3070 -—-—-.-—---——-——-·-

1057 3320 1143 3393 314.

379 3428 567 3523 Hatra
593 3456 661 3522 ΠΙ
681 3477 768 3538 papa
794 3455 968 3543 [naras]
996 3457 1225 3539 arooasapo
1255 3458 1448 3538 conatast,
1480 3458 1664 3545 [marae]
1689 3457 1804 3523 maan
1823 3475 1920 3537 prae-

262 3563 367 3643 posito
382 3565 412 3625 ot
424 3561 540 3625 decano
555 3559 744 3626 Sanctorum
757 3561 979 3642 Apostolorum
997 3561 1231 3628 Colonienstum
1244 3562 1384 3642 mandat,
1398 3583 1438 3627 ne
1448 3564 1644 3644 pemittant,
1658 3566 1695 3626 ut
1708 3559 1923 3643 mancipanti,

268 3666 324 3747 pat
345 3665 382 3728 in
406 3663 522 3728 Terrae
543 3662 679 3729 Sanctce
700 3663 874 3728 adsidtcm
890 3665 1050 3745 proficisci
1070 3666 1309 3747 proposuerant,
1337 3670 1447 3731 contro
1470 3665 1673 3746 protectionis
1693 3683 1769 3728 socc
1791 3667 1926 3727 morem

192 3801 218 3840 20
268 3769 478 3834 molestentur.
1566 3769 1661 3847 1226,
1682 3765 1761 3832 Noc.
1785 3769 1838 3831 13.

373 3885 445 3940 Hora
464 3883 522 3938 ΙΙΙ
535 3883 602 3954 qu.
619 3882 682 3938 Lib.
702 3883 758 3950 XI,
778 3887 843 3940 382.

270 4156 279 4175 .
309 4157 318 4174 .
345 4097 692 4191 archiepiscopo
720 4102 763 4171 et
790 4153 800 4180 ,
828 4153 838 4172 .
865 4099 1026 4175 maiori
1056 4101 1291 4195 preposito
1319 4107 1361 4176 et
1387 4158 1397 4177 .
1426 4157 1436 4176 .
1464 4102 1633 4177 decano
1661 4099 1925 4176 Sanctorum

746 4218 1067 4310 Apostolorum
1095 4219 1446 4297 Coloniensium.

377 4367 460 4434 Oum
481 4366 621 4436 dilectos
649 4366 735 4432 filios
764 4369 936 4436 universos
965 4370 1212 4457 crucesignatos
1240 4371 1382 4437 civitatis
1406 4369 1632 4453 coloniensis,
1661 4369 1718 4456 qui
1746 4369 1818 4437 zelo
1847 4369 1925 4437 fidei

191 4515 217 4553 ,ὁ
269 4494 308 4539 ac
335 4472 518 4539 dovotionis
549 4472 679 4539 accensi
713 4472 807 4559 signo
839 4475 966 4542 vivifice
997 4476 1104 4541 crucis
1134 4483 1302 4564 assumpto
1332 4481 1577 4563 proposuerunt
1608 4474 1643 4539 in
1670 4473 1773 4540 Terre
1803 4471 1925 4538 Sancte

268 4576 451 4642 subsidium
474 4575 655 4662 proficisci,
679 4597 753 4642 cum
775 4576 907 4644 familiis
930 4584 964 4643 et
986 4579 1138 4645 omnibus
1162 4579 1257 4645 bonis
1280 4581 1359 4662 suis,
1384 4601 1449 4666 que
1471 4577 1758 4666 impresentiarum
1781 4577 1924 4642 rationa-

167 4701 178 4730 ·
267 4679 379 4745 biliter
400 4680 586 4767 possident,
618 4679 679 4746 sub
706 4680 797 4746 beati
825 4681 916 4746 Petri
947 4683 1188 4769 susceperimus
1215 4684 1420 4770 protectione
1448 4704 1487 4748 ac
1517 4687 1644 4764 nostra,
1679 4685 1861 4746 statuentes
1889 4686 1926 4745 ut

268 4789 441 4869 postquam
468 4784 504 4849 in
533 4783 683 4871 proximo
705 4785 854 4869 generali
875 4786 1028 4871 passagio
1051 4787 1116 4852 iter
1141 4787 1339 4874 arripuerint
1361 4786 1631 4868 transmarinum,
1663 4805 1704 4852 ea
1731 4783 1841 4850 omnia
1863 4783 1923 4848 sub

269 4885 460 4952 defensione
483 4887 664 4972 apostolice
687 4887 776 4953 sedis
807 4888 937 4974 integra
964 4897 1119 4955 maneant
1141 4897 1175 4956 et
1197 4891 1326 4977 quieta,
1358 4890 1462 4956 donec
1489 4889 1530 4956 de
1556 4890 1704 4976 ipsorum
1735 4886 1843 4954 reditu
1870 4885 1924 4952 vel
2041 4957 2042 4962 γ

191 5029 217 5068 30
270 4989 361 5055 obitu
396 4989 578 5056 certissimo
613 4996 849 5075 cognoscatur,
891 4989 1083 5058 discretioni
1115 5001 1224 5058 vestre
1258 5014 1319 5079 per
1353 4993 1532 5080 apostolica
1567 4993 1689 5079 scripta
1722 4989 1923 5071 mandamus,

269 5092 423 5177 quatinus
446 5092 536 5179 ipsos
560 5099 675 5157 contra
696 5093 911 5179 protectionis
942 5100 976 5160 et
998 5095 1241 5160 constitutionis
1270 5103 1383 5162 nostre
1405 5102 1552 5162 tenorem
1574 5115 1641 5160 non
1662 5094 1858 5181 permittatis
1881 5092 1923 5157 ab

269 5195 433 5282 aliquibus
454 5195 641 5278 molestari,
669 5197 898 5263 molestatores
926 5219 1040 5264 eorum
1064 5197 1228 5266 indebitos
1251 5219 1504 5285 percensuram
1527 5198 1785 5265 ecclesiasticam
1808 5196 1923 5282 appel-

268 5281 390 5365 latione
413 5299 598 5386 postposita
621 5301 871 5386 compellentes.
916 5299 1012 5374 Quod
1035 5302 1063 5366 si
1085 5322 1151 5368 non
1174 5323 1288 5368 omnes
1311 5338 1363 5367 -.

375 5420 451 5485 Dat.
474 5418 627 5487 Lateran.
651 5419 765 5487 Idibus
788 5421 997 5506 Novembris,
1023 5421 1120 5510 [anno
1143 5419 1236 5510 ΧΨ.

188 5733 214 5773 to
366 5717 389 5779 ¹)
407 5733 474 5766 anno
492 5717 529 5767 XI
548 5717 616 5768 deest
632 5715 660 5765 in
679 5715 710 5766 n.
732 5695 733 5700 ¹
793 5715 900 5782 b)a1mo
918 5721 956 5772 x1
974 5720 1041 5772 deest
1059 5721 1086 5770 ὄπ
1105 5720 1135 5772 Β.
