4524 6412
433 361 494 424 300
1011 350 1058 410 EX
1078 348 1252 410 eunconu
1270 348 1308 407 IX
1326 348 1507 408 haeresco

432 532 561 618 plenius
582 531 722 618 cognitis
745 537 853 596 motus
876 538 985 597 vestro
1008 528 1222 596 beatitudinis
1245 528 1354 593 valeat
1377 526 1418 593 de
1442 528 1580 613 singulis
1603 527 1742 614 amplius
1771 527 1949 594 informari.
1995 525 2085 595 Sciat

432 635 532 720 igitur
548 636 703 700 sanctitas
718 641 840 717 vestra,
856 635 942 721 quod
957 635 1042 699 circa
1056 634 1176 698 festum
1191 631 1279 696 beati
1296 630 1496 695 Clementis¹
1512 632 1690 717 imperator
1702 633 1829 719 Ioppen
1843 633 2010 718 profectus
2034 641 2085 699 est

432 737 472 803 de
495 740 626 820 Accon,
658 739 829 825 ipsumque
853 745 985 804 secutus
1008 743 1060 802 est
1083 736 1250 801 exercitus
1274 732 1489 798 Christianus.
1535 735 1611 820 Ipso
1635 743 1744 800 autem
1767 737 1845 801 illuc
1868 737 2106 822 perveniente

430 861 469 906 ac
491 841 669 927 incipiente
689 841 827 923 munire,
849 840 1014 927 peregrini
1037 839 1077 903 ad
1101 837 1406 903 circumadiacentia
1429 838 1551 903 casalia
1572 845 1784 903 cucurrerunt
1805 861 1864 926 pro
1887 840 2082 905 victualibus

430 945 675 1030 perquirendis;
698 944 784 1030 quod
806 943 943 1009 audiens
960 943 1125 1023 soldanus,
1148 941 1204 1026 qui
1226 961 1328 1026 prope
1353 946 1424 1004 erat
1447 962 1520 1005 curn
1544 962 1602 1005 suo
1619 942 1778 1022 exercitu,
1801 943 1887 1008 male
1911 943 2082 1029 respondit
2145 989 2149 1000 ·

430 1049 552 1113 nuntiis
583 1048 806 1135 imperatoris,
835 1048 890 1133 qui
918 1047 982 1111 iam
1011 1047 1051 1112 de
1074 1044 1187 1110 Accon
1215 1045 1341 1110 iverant
1369 1043 1411 1109 ad
1442 1044 1597 1124 eundem,
1633 1052 1667 1109 et
1695 1044 1796 1126 dixit,
1825 1045 1912 1131 quod
1944 1047 2083 1112 durante

430 1157 571 1216 tractatu
593 1153 683 1236 pacis
707 1151 834 1238 Ioppen
856 1171 922 1216 non
946 1149 1117 1215 debuisset
1139 1169 1238 1212 causa
1259 1148 1449 1212 munitionis
1472 1147 1622 1213 faciende
1645 1149 1786 1229 venisse,
1810 1171 1870 1214 nec
1893 1149 2001 1235 frangi
2024 1173 2083 1215 sua

430 1255 551 1319 casalia
584 1254 755 1329 debuisse;
790 1261 926 1342 propter
959 1275 1021 1338 que
1058 1255 1256 1316 memoratos
1290 1250 1421 1314 nuntios
1459 1272 1532 1315 cum
1565 1250 1788 1336 indignatione
1823 1259 1857 1318 et
1889 1252 2081 1319 confusione

430 1359 565 1424 remisit.
609 1358 663 1423 Ad
686 1359 748 1423 hec
770 1359 948 1445 imperator
971 1357 1089 1435 omnia,
1113 1376 1176 1440 que
1201 1354 1366 1439 peregrini
1390 1361 1544 1440 ceperant
1567 1376 1586 1419 a
1609 1355 1770 1420 casalibus
1794 1356 1978 1439 antedictis,
2003 1357 2082 1422 fecit

430 1463 573 1542 restitui,
602 1469 635 1527 et
665 1462 738 1547 ipsa
767 1461 889 1526 casalia
919 1481 990 1525 cum
1023 1457 1172 1524 omnibus
1199 1456 1341 1538 affidari,
1372 1457 1542 1522 soldanum
1572 1459 1732 1546 incipiens
1762 1460 1809 1524 sic
1840 1460 1981 1546 placare.
2028 1459 2078 1524 Eo
2133 1487 2155 1524 ιο

428 1571 577 1650 tempore
600 1564 632 1629 ei
655 1563 809 1628 soldanus
833 1563 972 1650 quedam
994 1563 1212 1626 instmmenta
1240 1561 1330 1624 misit
1351 1560 1431 1624 vilia
1453 1567 1488 1626 et
1510 1560 1681 1646 despecta,
1713 1583 1776 1647 que
1800 1560 1922 1627 directe
1947 1569 2079 1648 preten-

430 1667 553 1732 debant
575 1667 727 1732 effectum
751 1668 916 1753 turcopuli
939 1673 972 1731 et
995 1665 1148 1746 tonsoris,
1171 1663 1329 1728 mandans
1345 1662 1432 1748 quod
1455 1668 1543 1728 terra
1566 1686 1625 1729 sua
1647 1665 1767 1730 talibus
1791 1665 1981 1731 abundaret.
2027 1664 2082 1730 Ad

428 1769 491 1835 hec
514 1771 691 1857 imperator
713 1770 838 1835 remisit
868 1791 962 1834 suum
984 1769 1146 1835 notarium
1177 1766 1217 1833 ad
1245 1766 1415 1832 soldanum
1445 1788 1503 1852 pro
1531 1774 1670 1832 tractatu
1699 1769 1789 1854 pacis
1820 1769 1937 1834 iterum
1966 1769 2080 1834 incho-

429 1870 529 1948 ando;
560 1872 614 1958 qui
641 1872 725 1938 male
756 1880 907 1960 receptus
937 1893 958 1936 a
984 1872 1134 1952 soldano,
1167 1873 1278 1936 statim
1306 1872 1348 1935 ab
1376 1892 1416 1936 eo
1445 1871 1596 1950 recessit,
1620 1871 1746 1955 fuitque
1774 1872 1807 1938 in
1836 1893 1894 1937 suo
1924 1870 2033 1937 reditu
2061 1894 2081 1937 a

430 1974 620 2041 Sarracenis
644 1981 800 2041 tractatus
824 1977 962 2064 turpiter
984 1983 1018 2040 et
1046 1976 1142 2040 bonis
1165 1974 1317 2040 omnibus
1340 1974 1509 2060 spoliatus.
1552 1973 1763 2039 Postmodum
1794 1996 1859 2039 non
1887 1975 1958 2040 sine
1986 1976 2078 2061 graui
2131 2001 2153 2038 u

429 2079 582 2144 scandalo
606 2080 852 2166 peregrinorum
875 2101 913 2144 ac
935 2079 1020 2143 mira
1035 2078 1228 2143 confusione
1251 2076 1338 2141 idem
1360 2077 1505 2141 notarius
1529 2082 1581 2141 est
1596 2078 1763 2157 remissus,
1787 2078 1919 2142 mittens
1943 2079 2079 2144 soldano

428 2203 519 2247 arma
541 2203 601 2247 sua
623 2183 767 2269 propria,
789 2183 924 2247 loricam
948 2183 1083 2260 scilicet,
1107 2183 1235 2267 galeam
1260 2187 1293 2245 et
1308 2179 1463 2265 gladium,
1487 2186 1585 2265 atque
1602 2179 1769 2260 mandans,
1794 2181 1877 2246 sicut
1899 2181 1961 2246 fuit
1983 2182 2080 2246 nobis

426 2292 598 2372 procerte
623 2288 777 2368 relatum,
810 2285 895 2370 quod
926 2286 1051 2351 faceret
1078 2284 1119 2350 dc
1152 2284 1223 2370 ipso
1253 2284 1451 2370 imperatore
1482 2283 1639 2369 quidquid
1661 2285 1778 2366 vellet,
1807 2285 1883 2370 quia
1912 2307 2078 2371 nunquam

427 2395 540 2453 contra
569 2411 642 2454 eum
673 2389 714 2454 de
742 2394 853 2454 cetero
882 2409 918 2454 sc
946 2393 1098 2452 armaret.
1152 2386 1206 2450 Ad
1235 2385 1321 2472 quod
1350 2386 1450 2451 nichil
1475 2386 1644 2473 respondit
1672 2387 1843 2466 soldanus,
1871 2389 2079 2475 vilipendens

427 2492 535 2556 omnia
558 2514 620 2579 que
637 2492 769 2557 flebant.
814 2493 906 2557 Inter
928 2493 989 2556 hec
1005 2490 1137 2576 quidam
1160 2490 1201 2556 de
1222 2490 1437 2555 familiaribus
1454 2490 1592 2570 soldani,
1616 2491 1669 2574 qui
1692 2491 1921 2578 imperatorem
1938 2492 2077 2579 diligere
2129 2521 2154 2560 a

426 2615 462 2660 se
493 2595 672 2682 fingebat²,
701 2595 784 2659 dixit
816 2596 961 2674 notario,
993 2595 1021 2660 si
1053 2600 1143 2659 esset
1170 2593 1211 2659 de
1241 2593 1450 2681 beneplacito
1481 2593 1625 2674 soldani,
1663 2594 1748 2680 quod
1775 2616 1885 2661 comes
1913 2595 2079 2662 Thomas³

426 2706 649 2764 reverteretur
671 2697 712 2762 ad
735 2698 853 2783 ipsum,
877 2698 941 2784 ipsi
963 2697 1027 2762 duo
1050 2697 1090 2763 de
1114 2717 1196 2783 pace
1218 2698 1327 2782 aliqua
1350 2703 1383 2763 ct
1406 2696 1580 2762 concordia
1599 2698 1718 2762 iterato
1738 2704 1926 2766 tractarent.
1972 2697 2081 2786 Super

425 2822 489 2886 quo
514 2800 703 2888 sepedictus
726 2801 871 2865 notarius
897 2799 1032 2865 soldano
1056 2822 1130 2865 cum
1152 2821 1273 2886 magna
1293 2801 1449 2865 instantia
1472 2802 1676 2889 supplicavit,
1700 2809 1736 2866 ut
1758 2802 1820 2866 sibi
1842 2802 1876 2866 in
1898 2803 1960 2867 hac
1983 2810 2078 2888 parte

426 2927 519 2969 snum
543 2910 706 2991 prestaret
728 2925 917 2978 assensum;
947 2905 1002 2988 qui
1026 2905 1159 2970 tandem
1182 2905 1346 2969 concessit
1368 2906 1584 2992 supplicatum
1607 2905 1746 2990 gratiam
1768 2905 1976 2991 supplicanti.
2023 2906 2078 2972 Sic

424 3007 525 3091 igitur
547 3027 678 3072 reverso
702 3007 822 3072 comite
845 3006 886 3071 ad
910 3006 1090 3088 soldanum,
1113 3028 1173 3093 per
1195 3007 1303 3094 ipsum
1327 3015 1360 3072 et
1381 3008 1574 3073 familiarem
1591 3007 1774 3095 predictum
1792 3013 1949 3073 tractatus
1972 3011 2076 3096 pacis,
2127 3037 2152 3076 a

425 3109 481 3193 qui
504 3108 599 3174 modo
623 3109 810 3196 supradicto
834 3109 867 3172 in
891 3109 1116 3174 confusionem
1145 3111 1246 3175 totius
1270 3110 1527 3177 Christianitatis
1557 3111 1664 3176 fuerat
1686 3111 1883 3193 dissolutus,
1913 3112 1975 3177 fuit
1998 3133 2076 3178 con-

424 3211 553 3277 fusione
576 3211 700 3299 duplici
722 3212 829 3278 denuo
853 3213 1036 3280 inchoatus.
1081 3214 1152 3288 Quo
1176 3213 1314 3281 durante
1343 3217 1558 3301 capiebantur
1587 3217 1689 3281 nostri
1718 3216 1830 3280 miseri
1853 3217 2020 3301 peregrini
2043 3224 2078 3282 et

423 3315 703 3380 interficiebantur
737 3314 983 3398 indifferenter,
1023 3324 1057 3382 et
1095 3316 1274 3384 secundum
1309 3319 1394 3404 quod
1432 3319 1653 3385 intelleximus
1689 3320 1866 3400 veraciter,
1905 3321 1952 3384 sic
1990 3319 2076 3386 bene

423 3420 591 3485 amisimus
619 3422 793 3507 plusquam
821 3421 1016 3506 quingentos
1044 3420 1084 3485 de
1114 3422 1248 3501 nostris,
1282 3428 1315 3487 et
1343 3428 1380 3487 ut
1405 3443 1519 3488 scmrn
1546 3422 1723 3502 fateamur,
1749 3429 1923 3509 postquam
1947 3421 2075 3509 Syriam

423 3523 601 3610 imperator
633 3523 781 3605 intrauit,
816 3545 836 3588 a
869 3525 937 3588 suis
972 3525 1026 3588 vel
1060 3525 1102 3589 ab
1135 3525 1200 3589 illis
1231 3525 1273 3590 de
1306 3526 1454 3591 exercitu
1483 3524 1668 3591 Christiano
1703 3526 1790 3613 capti
1823 3526 1877 3591 vel
1910 3526 2074 3592 interfecti
2126 3552 2151 3590 ao

424 3626 596 3694 Sarraceni
624 3649 796 3693 numemm
824 3627 994 3693 denarium
1023 3648 1088 3691 non
1117 3629 1291 3714 attingunt.
1337 3629 1441 3693 Immo
1465 3628 1596 3713 quidam
1626 3629 1659 3692 in
1683 3629 1831 3694 exercitu
1858 3629 1920 3694 fuit
1948 3636 2073 3717 captus,

422 3731 476 3814 qui
501 3732 611 3795 statim
634 3731 810 3811 liberatus,
835 3732 931 3796 claris
955 3731 1102 3796 vestibus
1125 3730 1257 3796 indutus
1281 3734 1383 3797 etsie
1407 3733 1583 3798 honorifice
1606 3741 1658 3798 est
1680 3733 1814 3798 soldano
1836 3733 2004 3814 remissus,
2027 3735 2075 3799 ita

421 3833 508 3918 quod
531 3834 589 3917 illi,
613 3835 668 3920 qui
692 3856 767 3900 eum
790 3857 833 3899 ex
855 3841 947 3921 parte
972 3835 1177 3920 imperatoris
1196 3834 1432 3917 conducebant,
1454 3836 1576 3900 fuerint
1600 3835 1824 3901 aSarracenis
1846 3835 1880 3900 in
1902 3837 1955 3902 via
1977 3837 2073 3902 bonis

421 3937 572 4003 omnibus
598 3938 747 4025 spoliati,
777 3938 897 4021 vixque
921 3943 1059 4002 mortem
1083 3937 1225 4002 evadere
1249 3943 1433 4023 potuerunt.
1480 3937 1534 4002 Sic
1557 3939 1666 4024 itaque
1690 3941 1744 4024 qui
1767 3940 1808 4004 ab
1830 3939 1971 4004 inimicis
1995 3940 2072 4005 fidei

420 4039 679 4123 infestabantur,
708 4041 865 4128 principis
900 4041 1058 4105 auxilium
1086 4062 1150 4104 non
1179 4039 1360 4115 habebant;
1397 4041 1424 4104 si
1452 4041 1545 4125 quisa
1573 4050 1681 4108 autem
1713 4063 1770 4108 eos
1801 4064 1843 4108 ex
1874 4064 2070 4131 quacunque

264 4170 284 4210 a.
299 4166 348 4208 cor.
363 4173 404 4220 rs.
420 4165 520 4209 causa
543 4145 740 4226 offenderet,
771 4144 969 4230 puniebatur
990 4143 1032 4208 ab
1062 4165 1117 4219 eo;
1147 4143 1233 4208 unde
1257 4142 1335 4208 foris
1363 4143 1491 4228 gladius
1515 4150 1548 4209 et
1569 4145 1656 4210 intus
1679 4146 1776 4211 timor
1798 4147 1916 4211 nostris
1939 4148 2072 4213 assidue

418 4249 621 4314 imminebat.
665 4247 736 4312 Nec
763 4246 845 4312 illud
876 4246 1038 4312 silendum
1069 4253 1135 4327 est,
1170 4247 1257 4332 quod
1288 4246 1328 4311 ad
1359 4248 1464 4311 maius
1493 4247 1635 4313 dedecus
1666 4249 1923 4316 Christianitatis
1951 4251 2071 4318 cedere

418 4352 524 4415 uisum
547 4351 618 4416 fuit.
664 4349 848 4438 Imperator
868 4351 997 4436 rogavit
1020 4350 1201 4432 soldanum,
1224 4357 1261 4415 ut
1282 4372 1343 4437 per
1358 4349 1556 4416 Sarracenos
1579 4373 1657 4416 suos
1679 4353 1713 4417 in
1735 4354 1839 4440 ipsius
1862 4355 2070 4440 imperatoris

419 4455 574 4540 expensis
607 4452 837 4518 Christianum
862 4454 1044 4519 exercitum
1077 4454 1202 4520 faceret
1235 4454 1405 4530 custodiri;
1441 4455 1526 4541 quod
1561 4477 1634 4520 cum
1666 4457 1849 4522 ordinatum
1883 4479 1903 4522 a
1933 4459 2069 4524 soldano

417 4557 555 4639 fuisset,
586 4557 663 4643 quia
694 4555 734 4622 de
764 4557 850 4642 lupis
884 4563 978 4622 erant
1006 4562 1156 4643 pastores
1185 4557 1313 4637 effecti,
1347 4558 1441 4622 multi
1469 4557 1510 4623 de
1539 4559 1660 4623 nostris
1691 4559 1751 4624 sub
1783 4561 1839 4625 illa
1871 4560 2069 4626 confidentia

418 4659 616 4742 ceciderunt,
640 4667 673 4725 et
696 4658 782 4744 quod
805 4681 878 4725 cum
901 4660 1044 4724 maxima
1065 4659 1263 4724 uerecundia
1285 4659 1459 4726 referimus
1483 4667 1516 4726 et
1540 4662 1669 4742 rubore,
1692 4663 1881 4750 imperatori
1904 4663 2068 4746 soldanus,

416 4762 554 4828 audiens
583 4762 670 4848 quod
700 4763 880 4827 secundum
907 4783 1030 4827 morem
1061 4761 1307 4828 Sarracenicum
1337 4784 1373 4828 se
1400 4763 1553 4845 haberet,
1584 4765 1673 4829 misit
1700 4766 1910 4848 cantatrices,
1940 4787 2004 4852 que
2035 4777 2069 4834 et

417 4867 601 4931 saltatrices
625 4865 787 4946 dicuntur,
811 4871 845 4931 et
867 4865 1079 4946 ioculatores,
1102 4886 1260 4951 personas
1284 4866 1416 4950 quidem
1439 4888 1504 4931 nou
1528 4868 1633 4933 solum
1656 4867 1809 4948 infames,
1832 4853 1945 4935 verum
1968 4873 2066 4936 etiam

415 4971 457 5036 de
480 4970 599 5055 quibus
622 4968 707 5034 inter
730 4967 934 5034 Christianos
962 4969 1076 5034 haberi
1104 4971 1226 5035 mentio
1255 4990 1322 5034 non
1351 4968 1497 5036 deberet.
1546 4970 1628 5035 Cum
1652 4972 1770 5058 quibus
1798 4972 1885 5038 idem
1914 4975 2067 5064 princeps

519 5281 542 5346 ⁸)
560 5283 619 5348 quis
636 5282 703 5335 dccet
720 5299 762 5348 up.
782 5280 867 5348 Rapa.
2116 5308 2142 5347 45

517 5435 545 5501 1)
563 5435 581 5488 i.
601 5449 623 5488 c.
643 5435 716 5488 Noc.
733 5437 785 5502 23;
812 5432 892 5486 immo
910 5432 982 5486 Noc.
1010 5437 1045 5486 15
1067 5436 1230 5501 peruenerat
1257 5433 1376 5503 Impera·
1409 5433 1605 5500 Wintelmaau,
1633 5435 1728 5490 auec.
1752 5437 1794 5504 ΙΙ,
1818 5453 1849 5506 p.
1872 5438 1938 5501 300,
1964 5439 2020 5492 not.
2042 5441 2065 5490 1.

413 5525 441 5591 2)
459 5521 564 5592 Agitur
582 5526 613 5576 at
629 5519 739 5575 carcar
755 5519 789 5574 dc
810 5517 996 5586 Fau-eccm
1015 5519 1051 5587 cf.
1070 5518 1212 5585 Reinuud,
1236 5519 1369 5575 narratu
1385 5520 1433 5576 cles
1451 5520 1526 5577 Hiat.
1545 5523 1662 5586 Arabes,
1685 5540 1715 5592 p.
1733 5527 1795 5577 429.
1933 5523 1961 5590 3)
1979 5537 2068 5578 cornea

412 5613 588 5680 Armorum,
606 5607 716 5663 toialru
733 5608 909 5677 imperamus
924 5607 956 5660 ia
977 5606 1062 5661 Terra
1079 5605 1190 5662 Sancto.
