4576 6390
442 427 505 489 456
1022 417 1070 470 EX
1089 415 1264 471 GREGORII
1282 415 1320 469 IX
1339 413 1519 469 arelauno

325 661 329 672 ,
441 596 564 661 tudinis
588 595 705 680 quibus
728 594 826 679 digne
851 598 1010 677 congruat
1032 611 1174 677 superne
1197 589 1387 676 preconium
1410 577 1575 666 veritatis,
1600 584 1778 650 secundum
1801 584 1887 648 dona
1909 579 2100 671 prudentie,

440 722 502 785 que
535 698 576 763 de
609 698 723 763 celesti
751 695 954 783 plenitudine
986 717 1043 760 vos
1074 694 1238 758 tribuente
1271 693 1413 756 Domino
1448 690 1611 755 credimus
1645 689 1830 774 recepisse,
1867 688 1957 772 regis
1993 684 2102 748 eterni

438 804 594 889 populum
616 802 650 865 in
674 800 798 866 eisdem
822 799 969 886 partibus
994 799 1206 862 constitutum
1229 796 1270 861 ad
1300 796 1362 860 hoc
1393 795 1494 858 sacris
1518 801 1552 858 et
1581 793 1716 858 attentis
1740 789 2027 856 exhortationibus
2050 790 2100 850 in-

439 906 576 986 ducatis,
599 912 635 968 ut
658 910 812 989 suscepto
836 925 909 967 cum
932 902 1116 966 reverentia
1138 901 1306 985 signaculo
1331 905 1443 964 sancte
1460 899 1565 962 crucis
1582 897 1761 961 constantis
1784 895 1882 958 animi
1903 894 2100 957 fulcimenta

439 1008 621 1094 suscipiant
653 1014 687 1072 et
720 1006 761 1071 ad
796 1005 979 1093 perdendas
1013 1005 1159 1091 viperas,
1202 1025 1266 1088 que
1304 1003 1462 1067 familiam
1497 1009 1637 1087 querunt
1669 1001 1861 1084 extinguere
1896 996 2097 1078 Conditoris,

438 1115 565 1200 potenti
593 1113 713 1177 virtute
742 1133 778 1175 se
808 1110 950 1195 dirigant
981 1115 1015 1174 et
1043 1107 1238 1194 procedant,
1273 1108 1384 1194 sicque
1416 1106 1472 1169 fiat
1501 1105 1585 1189 quod
1617 1105 1746 1168 illarum
1775 1102 1909 1167 confusa
1941 1101 2099 1186 congerie

439 1219 545 1304 possit
568 1215 755 1281 Christiana
778 1214 894 1297 religio
917 1213 1080 1299 presentis
1105 1217 1139 1276 et
1166 1218 1279 1275 eterne
1304 1210 1419 1273 salutis
1442 1208 1571 1294 gaudiis
1596 1209 1754 1272 exultare.
1799 1205 1924 1270 Verum
1949 1212 1986 1268 ut
2010 1205 2099 1290 quod

440 1345 459 1386 a
489 1321 584 1385 nobis
615 1321 738 1406 scripto
768 1318 969 1402 suggeritur,
998 1336 1164 1380 sacrorum
1196 1315 1345 1400 impensa
1378 1335 1549 1377 munerum
1580 1311 1621 1376 ad
1651 1312 1789 1376 effectus
1819 1309 1958 1395 gratiam
1982 1316 2098 1374 actore

442 1425 584 1489 Domino
608 1423 816 1510 perducatur,
839 1443 898 1484 nos
922 1420 962 1486 de
987 1419 1220 1505 omnipotentis
1243 1417 1308 1483 Dei
1332 1415 1558 1481 misericordia
1581 1422 1614 1480 et
1636 1416 1808 1479 beatorum
1831 1413 1921 1477 Petri
1945 1418 1979 1476 et
2002 1412 2099 1476 Pauli

441 1529 664 1614 apostolorum
693 1527 764 1591 eius
792 1524 986 1588 auctoritate
1015 1521 1129 1586 confisi
1159 1521 1309 1585 omnibus
1340 1541 1417 1584 vere
1446 1519 1671 1606 penitentibus
1702 1525 1735 1582 et
1764 1516 1942 1595 confessis,
1975 1515 2032 1599 qui
2054 1514 2097 1578 ad

443 1632 554 1716 spinas
578 1631 724 1695 heretice
747 1627 917 1715 pravitatis
942 1633 1053 1690 eterne
1082 1625 1268 1712 punctionis
1298 1625 1431 1687 aculeos
1455 1621 1674 1709 producentes
1698 1618 1909 1707 extirpandas
1933 1618 1974 1683 de
1998 1619 2098 1682 vinea

440 1733 672 1819 Redemptoris
694 1732 843 1796 laborem
867 1728 1026 1793 subierint
1047 1729 1081 1792 in
1103 1728 1253 1814 personis
1276 1727 1416 1813 propriis
1440 1726 1493 1790 rel
1518 1726 1692 1811 expensis,
1717 1724 1860 1788 omnium
1883 1729 2097 1808 peccatorum

442 1857 574 1900 suorum
597 1836 725 1900 veniam
749 1835 834 1898 sicut
858 1832 1011 1897 euntibus
1033 1831 1260 1896 Ierosolimam
1283 1829 1502 1913 indulgemus.

551 1955 628 2020 Dat.
652 1955 814 2040 Anagnia,
837 1951 873 2015 ΙΙ
895 1949 970 2016 Kal.
993 1950 1201 2032 Novembris,
1224 1971 1310 2015 anno
1336 1951 1486 2035 septimo.

1059 2232 1471 2241 ——-————-—

1228 2492 1314 2564 56a.

547 2605 737 2714 Gregorius
767 2631 821 2695 IX
851 2652 939 2711 papa
966 2630 1115 2711 potestati
1147 2633 1177 2692 ct
1203 2629 1321 2712 populo
1352 2629 1552 2695 Ancaritano
1585 2630 1642 2693 sab
1663 2649 1769 2710 promta
1799 2630 1884 2695 millo
1916 2649 2100 2693 marcarum
2152 2661 2175 2696 a

438 2735 563 2818 arpenti
585 2735 730 2812 mandat,
758 2738 795 2796 nt
814 2737 997 2814 potestatem
1018 2737 1048 2796 ct
1069 2733 1232 2814 syndicum
1253 2753 1322 2797 cnm
1343 2752 1399 2796 sca
1423 2733 1459 2796 dc
1481 2733 1653 2797 nlaioribus
1675 2734 1811 2797 ciuitatis
1831 2733 1875 2796 ad
1890 2731 2100 2814 purgandam

438 2859 469 2902 sc
491 2838 528 2901 dc
550 2836 835 2913 coniurationibm,
863 2856 943 2917 qnos
965 2839 1074 2899 contra
1096 2835 1329 2900 constitutiones
1350 2835 1542 2919 1[obcnnis]
1565 2836 1650 2900 cinni
1672 2836 1808 2901 Sanctae
1831 2834 1990 2900 Praxcdis
2009 2856 2101 2915 pres-

440 2940 539 3024 bytcri
561 2940 746 3019 cardinatis,
768 2941 897 3004 rectoris
918 2939 1093 3017 Meretrice,
1115 2938 1257 3017 inierint,
1280 2938 1370 3023 infra
1392 2959 1526 3003 nccnscm
1548 2940 1592 3003 ad
1612 2939 1712 3003 sedem
1734 2939 1937 3018 apostolicam
1959 2939 2099 3002 initiarat.

1740 3045 1833 3121 1233,
1855 3041 1934 3106 Noc.
1955 3045 2009 3106 22.

544 3128 627 3197 Grcp.
645 3128 695 3181 IX
712 3128 779 3199 nep.
805 3128 861 3181 Vol.
879 3127 933 3194 IV,
952 3132 1018 3189 101;
1036 3127 1098 3180 Lib.
1122 3127 1189 3186 VII.
1210 3129 1274 3180 357.

542 3213 680 3276 Potitia.
699 3213 768 3286 ch.
789 3217 872 3267 9328.

492 3480 500 3497 .
531 3480 539 3497 .
569 3423 785 3515 potestati
813 3430 857 3498 et
883 3423 1049 3516 populo
1078 3422 1357 3496 Anconitano
1385 3424 1593 3516 spiritum
1621 3424 1803 3516 consilii
1829 3423 2038 3497 sanioris.

546 3574 675 3638 Vestris
699 3580 750 3637 est
774 3572 968 3637 excessibus
984 3571 1221 3659 imputandum,
1245 3572 1330 3657 quod
1354 3581 1465 3638 nostre
1489 3574 1695 3638 salutationis
1712 3575 1891 3658 alloquium
1914 3596 1975 3639 nos
1999 3575 2097 3639 vobis

440 3676 559 3760 cogitis
583 3675 763 3761 denegare,
796 3697 869 3739 curn
893 3676 1104 3760 exigentibus
1134 3677 1237 3763 culpis
1261 3677 1380 3741 vestris
1413 3698 1451 3740 eo
1484 3675 1693 3740 reddideritis
1717 3698 1774 3740 vos
1797 3677 1960 3762 indignos.
2005 3677 2096 3742 Dum

438 3779 526 3842 enim
549 3779 738 3843 rebellionis
762 3784 870 3842 vestre
898 3780 1110 3863 protervitas,
1142 3779 1219 3843 dum
1249 3782 1427 3844 enormitas
1457 3787 1640 3844 vestrorum
1670 3802 1866 3846 excessuum
1889 3781 2097 3847 diversorum
2149 3809 2161 3847 a

437 3881 480 3946 ad
506 3883 698 3946 memoriam
721 3881 930 3963 reducuntur,
955 3903 1020 3946 non
1043 3882 1084 3945 ad
1107 3885 1232 3969 premia
1255 3883 1453 3948 conferenda
1477 3889 1528 3947 set
1551 3883 1592 3946 ad
1615 3883 1819 3948 inferendam
1843 3905 1961 3970 penam
1983 3887 2097 3971 potius

437 4005 662 4071 provocamur.
708 3983 777 4048 Vos
801 3991 910 4048 autom
934 3984 1044 4050 divine
1066 3987 1225 4072 patientie
1249 3986 1423 4072 improvidi
1447 3985 1622 4065 abusores,
1654 3987 1760 4069 gratie
1783 3995 1894 4052 nostre
1917 3989 2020 4072 gratis
2044 3990 2096 4053 in-

438 4090 524 4170 grati
549 4095 583 4153 at
605 4089 698 4153 obliti
721 4088 954 4172 beneficiorum
987 4111 1007 4154 a
1034 4090 1112 4154 sedo
1143 4091 1324 4175 apostolica
1346 4096 1597 4176 perceptorum,
1626 4111 1692 4154 non
1721 4089 1930 4155 attendentes
1954 4092 2098 4176 qualiter

437 4198 617 4272 monetam,
649 4193 856 4274 comitatum,
887 4200 1015 4279 portum
1039 4201 1073 4258 ot
1102 4195 1167 4258 alia
1194 4195 1280 4272 iura,
1308 4214 1370 4278 que
1393 4195 1493 4258 nullis
1517 4194 1556 4259 de
1580 4194 1728 4258 Marchia
1750 4201 1827 4259 sunt
1849 4216 2022 4275 concessa,
2052 4196 2096 4260 ad

436 4303 581 4360 nostram
609 4297 732 4360 curiam
759 4299 975 4384 pertinentia,
1012 4299 1154 4364 ccclesia
1176 4299 1324 4363 Romana
1351 4320 1409 4363 ros
1440 4299 1595 4363 sustinuit
1622 4299 1781 4363 hactenus
1810 4298 1983 4378 habuisse,
2015 4299 2095 4362 olim

437 4399 551 4463 Ottoni
581 4405 659 4463 tunc
689 4403 972 4467 excommunicato
998 4403 1175 4468 abalienati
1198 4409 1394 4484 retrorsum,
1426 4402 1539 4466 matris
1563 4409 1673 4467 vestre
1703 4400 1876 4466 dulcedine
1907 4401 2095 4482 abutentes,

436 4522 565 4565 necnon
594 4509 628 4566 et
657 4550 665 4566 .
690 4551 697 4567 .
722 4506 833 4569 comiti
857 4505 1055 4572 Gelanensi¹
1086 4529 1124 4572 ac
1152 4507 1225 4570 aliis
1250 4507 1390 4571 ecclesie
1420 4507 1561 4570 inimicis
1590 4507 1709 4570 violata
1739 4506 1901 4590 religione
1930 4505 2006 4571 fidei
2035 4504 2094 4569 ad-

436 4605 587 4684 hesistis,
623 4627 662 4669 ac
692 4609 811 4672 ceteris
839 4609 1052 4675 redeuntibus
1083 4631 1141 4674 vos
1171 4611 1205 4674 in
1235 4611 1416 4696 pertinacia
1442 4616 1553 4674 vestra
1580 4610 1773 4696 perstitistis
1806 4607 1926 4673 diutius
1956 4609 2095 4672 nimium

437 4706 659 4794 impudenter,
692 4717 725 4774 et
748 4713 840 4796 quasi
870 4735 936 4778 non
959 4715 1023 4778 ista
1046 4714 1254 4793 sufficerent,
1288 4734 1446 4777 conversa
1469 4712 1607 4777 dextera
1629 4713 1662 4776 in
1685 4713 1813 4788 viscera
1834 4713 1948 4776 matris
1972 4718 2095 4792 vestre,

437 4811 696 4896 conspirationes
719 4820 752 4877 et
775 4816 1016 4882 coniurationes
1049 4837 1122 4880 cum
1146 4814 1341 4900 quibusdam
1365 4815 1560 4900 sequacibus
1584 4815 1705 4879 restris
1730 4821 1843 4879 contra
1867 4815 2093 4880 venerabilem

436 4913 569 4979 fratrem
596 4920 743 4980 nostrum
771 4966 779 4980 .
804 4967 811 4982 .
835 4919 1073 4985 Belvacensem
1103 4917 1326 5004 episcopum²,
1359 4925 1436 4981 tunc
1459 4924 1621 4982 rectorem
1644 4917 1810 4996 Marchic,
1842 4917 2097 5005 dampnabiliter

436 5015 554 5083 iniistis
577 5041 642 5084 nou
665 5021 789 5107 absque
812 5030 925 5087 nostra
955 5023 1074 5086 iniuria
1106 5021 1290 5085 manifesta.
1335 5020 1380 5084 m
1406 5021 1482 5105 quia
1504 5020 1653 5084 Romana
1684 5022 1826 5086 ecclesia
1849 5021 1910 5086 heo
1934 5022 2094 5086 hactenus

435 5144 493 5208 per
516 5124 707 5210 patientiam
738 5126 906 5208 toleravit,
940 5133 976 5189 ut
1004 5146 1062 5189 vos
1094 5125 1134 5189 ad
1161 5125 1376 5211 penitentiam
1407 5131 1590 5204 revocaret,
1625 5131 1758 5211 propter
1787 5124 1874 5210 quod
1906 5127 2095 5211 penitentes

435 5247 632 5291 excessuum
661 5230 910 5302 commissorum
939 5249 958 5291 a
986 5227 1229 5291 committendis
1259 5226 1450 5312 debueratis
1483 5227 1609 5291 cautius
1645 5229 1830 5306 abstinere,
1865 5249 1923 5292 vos
1957 5237 2097 5316 peccata

434 5332 579 5417 peccatis
594 5331 754 5398 addentes
770 5333 992 5419 proterviores
1010 5332 1131 5410 effecti,
1155 5352 1269 5417 nuper,
1294 5331 1378 5395 sicut
1394 5331 1582 5416 accepimus
1605 5339 1639 5395 et
1661 5353 1727 5396 non
1742 5334 1855 5419 utique
1872 5339 2093 5421 acceptamus,
2150 5353 2178 5394 ro

435 5434 533 5498 immo
557 5455 657 5519 grave
684 5438 830 5519 gerimus
858 5441 891 5499 et
919 5435 1110 5515 molestum,
1140 5456 1213 5499 cum
1236 5434 1432 5498 Auximanis
1463 5437 1754 5500 excommunicatis
1784 5437 2028 5502 coniurationes
2052 5436 2093 5502 de

539 5692 565 5760 1)
584 5691 677 5748 Petro.
747 5691 774 5759 2)
794 5691 933 5748 Milonem.
