4494 6426
728 357 928 416 EPISTOLAE
946 355 1136 414 senacula.
1174 359 1248 413 1219.
1782 367 1821 428 73

168 535 223 598 vel
246 534 449 598 fideiussoris
472 534 633 614 cautione,
657 534 819 598 moneatis
842 533 1019 620 prudenter
1042 538 1075 598 et
1098 533 1274 597 efficaciter
1297 533 1468 598 inducatis.
1523 534 1619 608 Quod
1642 536 1670 600 si
1693 537 1824 602 monitis

170 638 301 717 restris,
326 637 412 722 quod
435 637 532 716 absit,
556 637 640 701 infra
662 637 743 701 duos
767 658 897 708 mensos
914 637 1125 722 acquiescere
1149 636 1234 700 forte
1257 637 1430 716 noluerint,
1454 637 1683 704 denuntiamus
1708 662 1765 706 eos
1782 663 1825 705 ex

170 751 248 807 tunc
273 741 618 808 excommunicationis
641 747 674 805 et
697 747 798 804 totam
821 746 941 804 terram
973 762 1086 804 eorum
1120 739 1283 804 interdicti
1321 742 1492 806 sententiis
1522 743 1712 823 subiacere,
1743 765 1823 828 quas

170 867 230 909 ros
266 851 461 911 renovantes
493 845 630 930 singulis
663 844 780 909 diebus
816 844 997 908 Dominicis
1033 852 1065 908 et
1099 843 1237 921 festivis,
1271 845 1399 908 faciatis
1434 845 1567 910 easdem
1602 847 1823 932 appellatione

101 971 113 1006 ὁ
170 955 297 1014 remota
330 956 396 1012 tam
430 948 470 1012 ab
498 947 661 1033 episcopis
692 968 788 1032 quam
819 947 1031 1011 ecelesiarum
1062 948 1197 1033 prelatis
1222 955 1254 1011 ct
1277 947 1350 1012 aliis
1374 947 1523 1012 omnibus
1547 948 1662 1013 vicinis
1686 950 1823 1014 inviola-

170 1053 284 1117 biliter
306 1052 485 1130 observari,
508 1051 613 1117 donee
636 1051 812 1116 redeuntes
836 1051 877 1116 ad
900 1074 956 1116 eor
977 1052 1119 1117 relaxari
1136 1051 1268 1116 easdem
1294 1053 1473 1117 sententias
1495 1060 1692 1118 mercantur.
1731 1052 1825 1126 Quod

170 1157 199 1221 si
223 1177 288 1220 non
311 1177 425 1220 omnes
449 1161 510 1220 ete.

279 1258 355 1324 Dat.
378 1259 494 1340 Reate,
517 1258 586 1324 ΙΠΙ
607 1259 690 1324 Non.
714 1258 799 1345 Aug.
824 1261 1032 1346 pontificatus
1055 1261 1156 1325 nostri
1180 1282 1264 1325 enno
1289 1267 1413 1346 quarto.

956 1921 1039 1993 101.

284 2031 470 2123 Honorias
503 2060 570 2124 111
592 2081 681 2140 sarpa
714 2061 899 2146 [Bortoldo]
932 2061 1117 2138 Labcceusi⁹
1153 2062 1339 2146 [Ravennati]
1371 2062 1558 2126 Sueriacast
1591 2067 1619 2126 et
1653 2062 1827 2147 [Harrieo]

89 2189 112 2223 re
168 2165 417 2246 Rotaeburqcnsi
441 2164 590 2244 episcopis
616 2165 759 2242 euadat,
790 2169 827 2227 al
853 2165 1020 2248 ioqui-raet
1040 2167 1076 2230 ie
1098 2165 1300 2250 [Valerium]
1328 2165 1591 2246 archiepiscopum
1618 2165 1826 2246 Upsalcusem,

167 2271 225 2350 qai
255 2273 325 2349 post
357 2271 483 2331 retortam
515 2267 606 2332 Eriei
638 2270 720 2350 repis
755 2263 885 2334 Saoeioe
919 2270 1052 2334 nobilem
1089 2270 1193 2333 otram
1226 2268 1436 2353 fledenae-m]
1471 2270 1508 2332 ia
1547 2289 1648 2352 repom
1681 2271 1825 2345 onomat,
1946 2356 1948 2360 .

167 2373 337 2452 praeterito
357 2372 425 2453 filio
446 2371 528 2453 repis
549 2369 688 2451 &ferreti
710 2374 738 2435 el
760 2375 867 2452 nepote
894 2371 1089 2439 Waldenari
1110 2372 1192 2455 &9²⁸⁵
1213 2371 1390 2439 Damm·
1488 2460 1573 2524 1219
1605 2459 1636 2522 A
1711 2461 1732 2520 7

1573 2508 1582 2537 ‚
1637 2477 1687 2540 ue·
1733 2508 1741 2524 ·

275 2574 349 2630 Horu.
368 2575 425 2628 111
440 2575 508 2644 Req.
527 2575 590 2629 Lib.
609 2575 662 2640 IV,
682 2581 743 2632 551.
779 2577 900 2633 Edimaa
920 2596 954 2634 ea·
972 2579 1063 2649 Rayn.
1083 2583 1154 2633 Aac.
1173 2579 1234 2634 ecel.
1253 2597 1279 2634 a.
1299 2582 1374 2643 1219,
1393 2581 1409 2644 §
1427 2581 1547 2633 29-30.

89 2677 114 2714 rs
275 2661 410 2726 Pottlrosl,
429 2661 501 2732 ch.
520 2665 594 2718 6114.

325 2905 601 2995 Lubecensi,
629 2898 918 2982 Suarinensi¹
947 2914 990 2983 et
1014 2900 1406 2999 Kaskcburgensi²
1438 2907 1672 3001 episcopis,

279 3051 474 3120 Carissimus
507 3057 541 3120 in
571 3055 701 3120 Christo
735 3055 822 3119 filius
856 3059 968 3118 noster
998 3053 1228 3120 Waldemarus
1266 3054 1436 3120 Danorum
1473 3077 1532 3120 rex
1563 3055 1701 3121 illustris
1734 3055 1828 3120 nobis

172 3157 339 3222 insinuare
376 3160 514 3238 curarit,
550 3158 636 3244 quod
670 3159 757 3224 clare
795 3159 952 3223 memorie
985 3157 1082 3222 Erico
1114 3181 1192 3244 rege
1217 3159 1336 3224 Suecie
1360 3159 1458 3223 rebus
1482 3158 1632 3222 humanis
1661 3165 1827 3246 exempto,

172 3259 293 3324 nobilis
316 3261 365 3324 vir
386 3260 432 3324 Ι,3
454 3282 590 3346 regnum
616 3261 733 3326 Sueeie
759 3261 798 3324 ad
823 3261 969 3326 defuncti
991 3263 1126 3342 filium⁴,
1158 3262 1235 3326 dicti
1266 3263 1354 3348 regis
1377 3261 1546 3325 Danorum
1568 3268 1733 3347 nepotem,
1756 3263 1826 3327 iure

90 3387 117 3420 :a
173 3362 372 3427 hereditario
388 3362 636 3444 devolvendum,
661 3364 862 3449 quorundam
879 3371 1067 3450 magnatum
1085 3364 1232 3429 eiusdem
1253 3366 1346 3449 regni
1361 3365 1473 3429 favore
1490 3363 1651 3445 suffultus,
1668 3365 1828 3429 violenter

171 3468 302 3531 invasit.
347 3467 448 3531 Porro
471 3467 557 3532 idem
579 3491 639 3533 rex
661 3470 845 3548 intellecto,
874 3468 960 3553 quod
988 3468 1194 3534 venerabiles
1218 3469 1335 3534 fratres
1368 3469 1473 3534 nostri
1496 3517 1503 3533 .
1529 3518 1537 3533 .
1560 3469 1827 3554 archiepiscopus

172 3571 368 3658 Upsalensis
402 3576 435 3636 et
478 3557 678 3657 suffraganei
707 3573 778 3636 eius
818 3573 851 3636 in
886 3594 998 3657 regem
1032 3573 1187 3637 volebant
1225 3573 1384 3658 inungere
1419 3571 1641 3658 supradictum
1673 3572 1829 3652 nobilem,

172 3694 214 3738 ne
238 3673 270 3737 id
285 3675 442 3752 facerent,
464 3675 603 3739 inhibuit
625 3675 832 3762 appellando,
855 3676 1017 3762 prefatum
1040 3684 1193 3762 nopotem
1212 3697 1306 3740 suum
1323 3684 1356 3741 et
1377 3677 1487 3740 omnia
1508 3676 1579 3740 iura
1601 3676 1671 3740 eius
1694 3681 1827 3761 aposto-

172 3777 235 3842 liee
257 3779 453 3863 protectioni
477 3800 664 3864 supponens
687 3800 725 3842 ac
748 3779 912 3864 prefigens
935 3780 1127 3860 terminum,
1155 3800 1218 3866 quo
1242 3801 1300 3866 per
1324 3801 1358 3844 se
1382 3781 1435 3844 vel
1458 3800 1518 3866 per
1540 3779 1670 3842 nuntios
1694 3800 1770 3842 suos
1793 3777 1828 3841 in

93 3901 119 3936 2⁵
173 3889 286 3944 uestra
313 3889 539 3967 comparerent
565 3883 748 3968 presentia,
783 3882 823 3945 iis
851 3883 906 3967 qui
939 3883 1089 3947 venirent
1122 3905 1181 3970 pro
1203 3883 1309 3947 tutela
1341 3881 1421 3946 dieti
1454 3883 1585 3969 nepotis
1620 3881 1670 3945 sui
1697 3881 1828 3944 iusticia

173 3985 374 4070 responsuri.
419 3983 485 4049 Sed
508 3986 572 4071 ipsi
594 3986 741 4070 legitima
757 3986 828 4049 eius
844 3987 1066 4072 appellatione
1083 3993 1271 4073 contempta
1286 3987 1319 4050 in
1342 4007 1455 4071 regem
1470 3986 1669 4050 inunxerunt
1683 3982 1828 4048 nobilem

171 4087 383 4168 antedictum,
407 4089 440 4152 in
471 4089 593 4175 prefati
614 4089 743 4174 nepotis
767 4089 817 4152 sui
840 4090 955 4175 pupilli
978 4111 1015 4154 ac
1039 4091 1138 4155 etiam
1152 4096 1227 4177 post
1252 4089 1352 4176 patris
1378 4089 1502 4154 obitum
1516 4088 1585 4153 nati
1599 4087 1828 4171 gravissimum

174 4190 389 4276 preiudieium
413 4196 446 4256 et
469 4197 691 4278 contemptum
714 4198 862 4256 nostrum
890 4213 928 4256 ac
960 4193 1047 4257 sedis
1075 4195 1254 4279 apostolice
1284 4192 1502 4258 manifestum.
1546 4190 1706 4256 Nolentes
1729 4191 1830 4275 igitur

174 4294 362 4359 huiusmodi
394 4295 649 4380 presumptionis
689 4316 862 4360 excessum
903 4297 964 4360 sub
999 4297 1260 4361 dissimulatione
1295 4297 1449 4374 transire,
1483 4316 1556 4359 cunr
1595 4293 1707 4359 debite
1741 4314 1827 4381 pene

95 4417 121 4454 ω
176 4399 326 4462 remissio
348 4397 517 4462 audaciam
539 4396 663 4462 tribuat
685 4397 907 4482 delinquendi,
930 4420 989 4484 per
1004 4401 1185 4485 apostolica
1205 4401 1298 4465 vobis
1316 4399 1436 4483 scripta
1452 4396 1654 4478 mandamus,
1677 4397 1828 4481 quatinus

174 4501 331 4586 inquisita
352 4501 482 4586 plenius
505 4501 658 4580 veritate,
687 4502 715 4565 si
742 4501 835 4565 vobis
864 4503 1048 4567 constiterit
1082 4503 1186 4568 dictos
1215 4502 1497 4588 arehiepiscopum
1527 4507 1561 4565 et
1591 4501 1764 4587 episcopos
1787 4498 1829 4564 ad

175 4605 397 4669 inunctionem
432 4602 618 4668 huiusmodi
653 4611 727 4688 post
750 4604 1006 4689 appellationem
1028 4597 1222 4690 'legitimam
1249 4604 1470 4690 processisse,
1499 4604 1693 4668 auctoritate
1717 4609 1829 4667 nostra

177 4708 314 4772 firmiter
331 4706 509 4790 iniungatis
532 4707 595 4792 ipsi
611 4706 859 4793 archiepiscopo
883 4715 916 4771 et
938 4710 994 4771 uni
1012 4709 1252 4795 episcoporum,
1276 4709 1331 4794 qui
1348 4708 1524 4772 astiterunt
1546 4707 1664 4787 eidem,
1686 4715 1723 4771 ut
1745 4707 1831 4771 infra

175 4817 417 4896 competentem
440 4810 616 4873 terminum
640 4809 703 4873 sibi
725 4809 952 4895 prefigendum
976 4811 1104 4875 avobis
1126 4834 1199 4876 eum
1215 4810 1481 4898 procuratoribus
1497 4811 1634 4875 aliorum
1650 4810 1828 4894 apostolico

97 4935 123 4972 a
177 4914 366 5000 conspectui
383 4913 599 4999 personaliter
623 4934 658 4978 se
674 4920 875 4998 presentent,
898 4913 939 4979 de
959 4915 1146 4980 huiusmodi
1170 4915 1369 4979 satisfacturi
1386 4919 1590 5000 contemptu;
1614 4913 1704 4999 ipsos
1728 4911 1828 4993 adid,

176 5017 204 5080 si
234 5037 372 5081 neeesse
399 5015 506 5093 fuerit,
537 5037 598 5101 per
626 5036 799 5080 censuram
832 5017 1090 5082 ecelesiasticam
1122 5018 1342 5104 appellatione
1370 5017 1553 5103 postposita
1582 5016 1828 5101 compellentes.

176 5118 343 5205 Quidquid
366 5126 475 5183 autem
504 5118 580 5183 inde
609 5119 772 5199 feceritis,
808 5119 903 5184 nobis
938 5142 998 5206 per
1027 5121 1154 5185 litteras
1187 5127 1314 5184 vestras
1337 5121 1497 5184 veraciter
1520 5118 1688 5184 intimetis.
1735 5115 1829 5189 Quod

64 5231 68 5244 '
175 5224 203 5288 si
227 5245 292 5288 non
316 5243 428 5286 ornnes
451 5229 514 5287 etc.

284 5325 360 5391 Dat.
384 5325 500 5400 Reate,
522 5325 591 5390 VII
614 5326 663 5390 Id.
687 5326 774 5412 Aug.
798 5325 1006 5411 pontificatus
1030 5326 1132 5389 nostri
1156 5346 1242 5388 anno
1265 5331 1392 5411 quarto.

585 5485 758 5492 -------—-
768 5485 962 5492 ...Ἠ-.-
976 5484 1299 5491 -.-—---—.-—-...-..-.—.

281 5585 307 5650 1)
327 5585 345 5638 t
368 5601 389 5638 c.
411 5584 580 5638 smmi.
660 5584 689 5650 ⁶2)
707 5585 726 5636 i.
745 5601 766 5637 e.
785 5582 1010 5653 Rotaebureemi.
1094 5585 1122 5651 3)
1141 5585 1291 5652 lebannes,
1309 5583 1384 5649 filias
1402 5581 1548 5652 Suerkers',
1565 5582 1614 5653 qui
1632 5586 1695 5637 aute
1712 5582 1830 5636 Ericusa

174 5685 227 5725 rea
244 5669 350 5736 suarm
419 5670 446 5736 4)
465 5669 582 5724 Ericusa
600 5669 656 5734 XI,
674 5671 723 5740 qut
737 5677 804 5740 post
821 5671 958 5726 Ietoum's
974 5672 1085 5724 mortem
1103 5687 1128 5725 a.
1148 5675 1218 5726 1222
1236 5686 1287 5724 rea
1305 5669 1400 5738 fuctus
1417 5675 1466 5724 est.

281 5775 343 5826 Rro.
361 5776 442 5826 Peru.
460 5777 479 5828 1.
1591 5763 1624 5816 10
