4524 6412
981 358 1028 415 EX
1047 357 1223 416 ennoean
1241 357 1279 416 IX
1298 357 1478 417 REGISTRO

1189 663 1275 738 364.

510 774 701 886 Graecas
722 801 778 868 IX
791 823 884 885 papa
904 802 1108 887 [Gebbarda]
1129 803 1268 884 episcopo
1290 801 1474 868 Pataeienai
1501 807 1529 868 et
1551 803 1765 870 eamindicibns
1792 805 1859 870 eins
1880 804 1946 886 sere
1976 803 2059 868 irione

404 905 512 970 scribit
533 906 635 972 verbis
655 905 794 970 mntatis.
1706 914 1799 990 1227,
1822 911 1897 978 lan.
1920 913 1972 979 19.

509 1025 592 1095 Grcp.
610 1025 659 1080 IX
676 1025 743 1095 Rep.
761 1024 825 1082 Lib.
843 1027 869 1096 1,
888 1032 947 1082 115.

707 1224 929 1318 Episcopo
957 1223 1213 1299 Patavlensi
1244 1230 1286 1298 et
1313 1224 1619 1300 coniudicibus
1645 1227 1750 1300 suis

513 1371 635 1438 Dilecti
657 1373 716 1437 filii
740 1421 773 1440 ..
796 1372 950 1455 decanus,
973 1372 1153 1438 Eweradus
1177 1379 1210 1438 et
1230 1373 1443 1444 Hermannus
1466 1375 1697 1455 archidiaconi,
1721 1376 1996 1444 ..vicedominus
2019 1399 2059 1444 ao
2114 1405 2125 1440 c

406 1477 463 1540 alii
491 1477 639 1542 canonici
660 1476 936 1562 Ratisponenses,
967 1478 1022 1562 qui
1052 1499 1110 1563 pro
1142 1499 1242 1542 causa
1265 1479 1435 1543 electionis
1459 1500 1518 1543 seu
1540 1480 1648 1544 verius
1671 1479 1861 1545 intrusionis
1884 1481 1925 1546 de
1948 1481 2060 1546 Ratis·

406 1580 545 1666 ponensi
579 1580 746 1665 preposito
780 1581 813 1643 in
844 1579 986 1644 ecclesia
1018 1601 1077 1643 sua
1107 1579 1194 1644 facte
1228 1579 1269 1644 ad
1304 1588 1448 1645 nostram
1477 1588 1687 1647 accesserunt
1715 1585 1930 1668 presentiam,
1965 1584 2061 1649 nobis

407 1679 573 1746 humiliter
596 1682 834 1768 supplicarunt,
861 1691 897 1746 ut
926 1703 998 1746 eum
1028 1683 1100 1768 ipse
1129 1683 1315 1768 prepositus
1344 1705 1464 1768 gerens
1494 1706 1530 1750 se
1553 1690 1677 1750 temere
1708 1705 1766 1770 pro
1791 1687 1895 1752 alecto
1919 1688 2061 1772 quedam

409 1785 450 1849 de
473 1785 578 1867 facto,
608 1807 680 1849 oum
708 1784 747 1850 de
772 1786 842 1850 iure
865 1806 931 1849 non
954 1792 1080 1872 posset,
1112 1785 1287 1850 contulerit
1309 1785 1350 1851 de
1373 1786 1542 1852 beneficiis
1572 1786 1767 1870 eorundem,
1796 1796 1829 1853 et
1858 1789 2000 1874 quedam
2027 1792 2061 1854 in

409 1914 488 1957 usus
504 1912 580 1956 suos
597 1892 803 1972 converterit,
820 1891 958 1976 quedam
975 1893 1073 1957 etiam
1089 1892 1175 1957 bona
1191 1913 1251 1956 sua
1266 1893 1397 1957 interim
1413 1893 1534 1959 fuerint
1549 1915 1608 1979 per
1624 1891 1781 1979 quosdam
1797 1892 2058 1981 Ratisponenses
2133 1917 2134 1922 ¹

409 1996 584 2060 canonicos
607 2002 641 2060 et
663 1995 820 2079 quosdam
844 1996 926 2060 alios
950 1996 1087 2060 clericos
1111 2002 1145 2060 et
1167 1996 1269 2060 laicos
1292 1997 1406 2061 illicite
1429 2002 1604 2081 occupata,
1628 1995 1812 2082 superbiis
1837 2003 1975 2082 paterna
1996 1998 2060 2062 hiis

408 2100 580 2187 providere
601 2099 834 2164 sollicitudine
870 2099 1089 2185 dignaremur.
1148 2099 1294 2186 Ideoque
1328 2099 1474 2165 districte
1508 2100 1602 2166 vobis
1635 2121 1694 2187 per
1725 2101 1906 2187 apostolica
1939 2102 2061 2188 scripta

408 2205 616 2287 mandamus,
648 2212 809 2289 quatenus
838 2204 991 2290 quicquid
1028 2204 1220 2270 inveneritis
1249 2205 1283 2268 in
1314 2203 1528 2289 preiudioium
1559 2204 1736 2269 eorundem
1764 2203 1866 2269 luisse
1895 2204 2061 2292 pendente

409 2330 507 2372 causa
535 2307 721 2373 huiusmodi
755 2314 879 2372 temere
911 2313 1157 2392 attemptatum,
1191 2307 1225 2371 in
1256 2313 1378 2372 statum
1407 2307 1554 2372 debitum
1587 2307 1765 2380 revocetis;
1803 2307 2061 2374 contradictores

409 2413 494 2498 siqui
526 2412 647 2477 fuerint
674 2413 727 2477 vel
760 2412 901 2478 rebelles
931 2433 991 2496 per
1020 2431 1192 2475 censuram
1222 2411 1480 2476 ecclesiasticam
1511 2411 1732 2496 appellatione
1762 2411 1943 2497 postposita
1971 2434 2060 2477 oom—
2118 2441 2141 2477 a

408 2515 583 2604 poscendo.
629 2515 723 2589 Quod
747 2516 774 2580 si
797 2536 862 2579 non
885 2535 998 2579 omnes
1022 2521 1096 2596 etc,
1119 2515 1182 2580 duo
1204 2522 1351 2580 vestrum
1374 2520 1434 2580 eto.

517 2636 640 2701 Datum
662 2636 826 2721 Anagnia,
848 2635 934 2699 XIII
956 2635 1031 2701 Kal.
1054 2635 1142 2714 Iulii,
1165 2656 1250 2700 anno
1273 2635 1388 2721 primo.

1029 2879 1440 2887 -.-—.——-.-—-———--—-

1194 3121 1280 3194 365.

519 3234 709 3346 Greporins
735 3261 792 3327 IX
815 3283 903 3344 papa
929 3262 1130 3328 Fridericmn
1159 3263 1374 3327 Romanornm
1399 3260 1615 3342 imperatorem
1645 3266 1757 3339 monet,
1788 3267 1824 3326 at
1852 3263 1897 3328 ad
1923 3265 2065 3330 coelestia

411 3367 553 3433 animam
579 3365 680 3448 errpat
706 3385 804 3447 neqnc
831 3384 864 3430 sc
884 3366 1096 3447 aotnpmtibas
1123 3366 1257 3430 terrenis
1283 3363 1416 3430 detineri
1435 3365 1614 3444 permittat,
1644 3363 1731 3444 cique
1758 3367 1895 3448 qninqne
1922 3368 2065 3451 insrpnia

411 3470 572 3551 imperiali
603 3469 752 3552 dignitati
786 3469 936 3550 deputata
968 3491 1035 3534 cani
1069 3490 1174 3535 coram
1206 3468 1362 3555 mysteriis
1393 3467 1555 3546 describit,
1594 3467 1709 3532 scilicet
1740 3488 1875 3547 cracem,
1911 3471 2062 3550 lanceari,
2117 3497 2144 3538 a

412 3592 565 3651 coronam,
587 3576 741 3654 sceptrum
762 3577 792 3640 et
808 3594 944 3656 pomam.
1721 3574 1814 3652 1227,
1837 3573 1902 3640 Int.
1924 3576 1977 3639 22.

515 3693 598 3766 Grcp.
616 3694 666 3748 IX
683 3694 753 3765 ch.
772 3695 834 3750 Lib.
853 3696 885 3760 1,
909 3699 968 3749 142.
1004 3694 1124 3750 Edimus
1144 3692 1216 3747 banc
1237 3693 1378 3762 epistolam
1401 3708 1435 3746 ea
1458 3690 1550 3762 Rapa.
1573 3693 1646 3746 Ann.
1670 3693 1732 3746 cccl.
1755 3709 1781 3746 a.
1806 3697 1885 3759 1227,
1911 3698 2064 3759 §ar-23,

409 3785 537 3840 comma
554 3797 614 3836 cnm
632 3781 752 3836 editions
769 3800 817 3852 ap.
836 3782 950 3852 Ripalti,
969 3783 1079 3836 Baiter.
1098 3781 1201 3836 Praed.
1220 3786 1238 3833 t.
1257 3780 1282 3845 Ι,
1296 3796 1327 3849 p.
1344 3783 1387 3846 21,
1405 3794 1432 3831 n.
1451 3782 1493 3842 10,
1512 3779 1568 3847 qai,
1586 3784 1617 3832 nt
1634 3780 1742 3842 cesserit
1761 3780 1964 3848 anteprapbmn
1988 3782 2063 3835 Vati·

409 3886 506 3924 cannm
527 3869 563 3922 ab
587 3869 754 3924 amanuensi
776 3869 989 3937 transscriptnm
1006 3866 1168 3937 publicavit.
1204 3867 1338 3922 Fortasse
1359 3865 1406 3919 ille
1427 3881 1495 3919 nans
1518 3871 1558 3918 est
1575 3865 1663 3918 Libro
1683 3865 1831 3929 Oensanrn,
1854 3883 1918 3920 nam
1940 3869 1970 3920 in
1995 3868 2064 3938 Rrp.

412 3956 566 4026 Rapnatda
584 3961 697 4010 anctore
713 3954 753 4008 ad
769 3955 820 4009 bas
838 3954 948 4009 litteras
966 3953 1023 4008 dics
1041 3959 1067 4010 et
1084 3955 1160 4008 loeas
1177 3952 1334 4023 consignati
1350 3966 1407 4005 non
1423 3953 1494 4005 snat.
2116 3979 2142 4018 2,

515 4043 651 4112 Potttast,
670 4041 738 4110 Rep.
757 4043 837 4095 7972.

969 4183 1195 4258 Friderico
1229 4182 1504 4275 imperatori.

283 4360 338 4402 oon
352 4366 395 4412 as.
520 4335 574 4402 Ad
591 4332 827 4400 ostendendam
842 4333 928 4398 viam
945 4334 1026 4419 ligni
1042 4334 1108 4398 vite
1125 4332 1310 4398 errantibus
1327 4332 1360 4396 in
1376 4331 1463 4396 invio
1480 4331 1590 4396 mundi
1607 4333 1703 4398 huius
1720 4336 1831 4420 posuit
1852 4341 1884 4401 te
1900 4335 2063 4402 Dominus

412 4440 506 4527 quasi
535 4438 693 4503 cherubin
724 4443 757 4501 et
786 4435 975 4502 versatilem
1013 4436 1167 4523 gladium.
1227 4434 1310 4500 Cum
1348 4436 1435 4500 enim
1471 4435 1620 4520 diligenti
1654 4438 1868 4504 meditatione
1903 4447 2063 4526 pensatur

411 4545 494 4609 ratio
524 4543 558 4607 in
587 4547 620 4606 te
650 4541 833 4606 illuminata
864 4540 949 4606 dono
979 4540 1198 4625 intelligentie
1221 4540 1379 4603 naturalis
1403 4546 1436 4604 et
1459 4540 1647 4625 imaginatio
1671 4541 1822 4608 defecata
1844 4542 1877 4606 in
1901 4544 1949 4607 rei
1972 4563 2060 4608 corn·
2115 4578 2141 4615 so

411 4647 630 4735 prehensione
661 4643 843 4726 sensibilis,
871 4667 934 4730 que
957 4647 1050 4730 qnasi
1072 4644 1236 4710 versatilis
1269 4665 1335 4707 una
1357 4643 1440 4708 facie
1464 4643 1600 4729 respicit
1622 4646 1797 4727 rationem,
1826 4645 1892 4710 alia
1913 4652 2063 4711 naturam

412 4750 617 4816 sensibilium
642 4749 796 4826 intuetur,
820 4749 852 4812 in
873 4754 906 4812 te
921 4748 1024 4812 virtus
1048 4748 1170 4812 motiva
1190 4746 1363 4812 manifeste
1387 4747 1596 4832 conspicitur,
1619 4769 1682 4832 qua
1705 4749 1811 4834 possis
1829 4749 2062 4814 inconveniens

411 4877 431 4920 a
453 4853 663 4920 convenienti
686 4852 903 4937 distinguere,
933 4859 966 4918 et
988 4851 1275 4938 comprehensiva,
1304 4871 1368 4937 qua
1397 4849 1493 4915 facile
1517 4852 1628 4916 valeas
1659 4852 1858 4918 conveniens
1882 4860 1916 4918 et
1938 4853 2062 4918 licitum

412 4959 571 5025 obtinere.
616 4957 747 5022 Donum
770 4968 870 5022 sanea
894 4956 954 5020 tibi
976 4956 1112 5022 scientie
1133 4955 1276 5042 desuper
1296 4954 1453 5021 attribute
1477 4962 1510 5020 et
1532 4957 1637 5022 virtus
1659 4957 1804 5042 perfecte
1821 4957 2063 5042 imaginationis

411 5065 444 5127 in
468 5083 565 5126 manu
588 5061 714 5147 opificis
738 5060 939 5140 resultantis,
964 5059 1057 5145 quasi
1077 5058 1141 5123 duo
1157 5058 1331 5122 luminaria
1352 5078 1480 5142 magna,
1504 5057 1676 5125 duodone
1699 5061 1845 5140 celestia,
1861 5061 1947 5125 viam
1969 5063 2061 5148 ligni,
2116 5089 2141 5129 a

411 5167 445 5230 in
469 5187 533 5251 qua
555 5165 625 5229 vita
647 5172 760 5230 nostra
780 5164 955 5253 pependit,
979 5169 1012 5227 et
1034 5169 1155 5228 terram
1179 5161 1405 5247 promissionis
1429 5161 1614 5226 ostendunt.
1660 5162 1729 5227 Ista
1751 5163 1814 5229 duo
1837 5165 1975 5246 vexilla,
1999 5186 2062 5250 que

411 5270 572 5335 Dominus
597 5270 704 5335 erexit
726 5269 759 5332 in
782 5269 890 5333 anime
914 5273 970 5332 tue
994 5261 1180 5352 corporeisb
1206 5265 1443 5346 instrumentis,
1466 5271 1536 5330 tota
1558 5266 1705 5352 sequitur
1727 5266 1844 5331 militia
1859 5265 2063 5346 Christiana;

412 5377 489 5461 quin
520 5375 629 5461 potius
659 5373 805 5457 sequitur
834 5377 922 5436 totus
952 5369 1092 5435 mundus
1120 5391 1140 5433 a
1168 5368 1319 5455 paradiso
1347 5389 1428 5455 pure
1452 5370 1651 5434 conscientie
1681 5370 1798 5434 merito
1828 5391 1886 5436 sue
1916 5373 2062 5458 prevari-

520 5552 677 5559 -—-,‚—
686 5545 1959 5556 ....,.,.-....-—-.—..-.-.-——-—-———-—-———-—————-——-—-

519 5672 541 5738 ¹)
560 5671 662 5720 dorium.
682 5671 748 5718 Saue
766 5666 850 5732 Rapa.
934 5665 1189 5733 ¹³)corporis1lapn.
