4448 6420
693 246 892 301 EPISTOLAE
910 245 1098 302 SELECTAE.
1134 247 1210 301 1226.
1717 245 1775 308 221

127 445 338 512 suspensum3
369 420 427 488 sed
457 419 545 507 quod
575 421 609 484 in
641 420 802 486 similibus
834 419 1006 486 inferiores
1034 440 1093 506 pro
1116 425 1149 484 te
1179 419 1370 504 promittere
1393 416 1551 498 debeant,
1580 415 1620 481 de
1646 417 1781 505 specula

125 534 280 616 poterunt
301 525 459 593 eminenti
481 524 629 609 recipere
659 525 828 610 speculum
857 531 891 588 et
918 524 1098 609 exemplar.
1142 522 1182 586 Iu
1206 543 1269 608 quo
1293 528 1449 608 quantum
1477 522 1663 588 auctoritati
1691 520 1780 586 sedis

127 632 308 718 apostolice
332 631 375 694 sit
395 628 592 706 detractum,
622 648 685 712 que
715 629 804 714 ipsos
835 627 877 692 ad
906 648 1041 713 precum
1065 633 1193 691 tuarum
1216 627 1404 692 instantiam
1436 626 1496 691 sub
1520 647 1580 691 sua
1602 625 1780 691 securitate

128 735 268 822 recepit,
291 734 371 798 satis
394 732 597 816 intelligunt,
620 730 766 815 quirem
790 731 907 795 sciunt.
952 730 1004 795 De
1028 731 1146 795 comite
1170 751 1247 795 vero
1270 730 1405 796 Matheo
1415 731 1437 812 ¹,
1461 750 1557 816 quem
1580 728 1666 817 apud
1689 734 1722 792 tc
1746 728 1781 792 in

128 838 349 904 subtractione
372 855 505 900 suorum
520 833 622 898 Terre
641 833 762 898 Sancte
779 834 958 914 servitium,
983 833 1087 898 erucis
1110 840 1144 898 et
1167 833 1314 898 crucifixi
1328 835 1513 899 reverentia
1535 854 1601 898 non
1623 830 1780 912 defendit,

128 944 311 1029 comiteque
334 937 501 1026 Rogeri0²
525 936 689 1024 quondam
712 943 824 1023 capto,
848 945 885 1001 ut
908 937 1012 1014 nosti,
1036 944 1070 1001 et
1091 937 1297 1023 postmodum
1319 938 1477 1015 liberato,
1500 943 1537 1002 ut
1559 937 1696 1018 scimus,
1719 956 1780 1001 nec

127 1067 192 1111 non
226 1053 260 1112 et
288 1042 486 1131 quibusdam
516 1042 607 1118 aliis,
641 1042 698 1126 qui
731 1040 772 1105 ad
802 1040 927 1106 Urbem
961 1047 994 1106 et
1022 1042 1096 1106 loca
1125 1043 1264 1107 confinia
1290 1043 1559 1129 apersequentis
1586 1042 1671 1108 lacie
1700 1062 1778 1106 con-

127 1149 298 1234 fugerunt,
330 1146 543 1232 conquiescat
569 1145 609 1210 dc
641 1152 751 1210 cetero
774 1145 966 1230 conquestio
989 1145 1145 1230 principis
1170 1147 1384 1227 excellentis,
1416 1169 1457 1213 ne
1484 1147 1604 1212 siccam
1628 1146 1781 1232 stipulam

127 1253 291 1339 persequi,
314 1259 349 1317 et
372 1257 487 1316 contra
507 1250 639 1329 lolium,
663 1247 750 1335 quod
771 1270 791 1313 a
813 1256 911 1314 vento
934 1249 1074 1335 rapitur,
1098 1271 1190 1314 suam
1213 1257 1394 1315 monstrare
1417 1251 1597 1337 potentiam
1618 1248 1777 1316 videatur.
1790 1256 1837 1298 10b·
1853 1261 1919 1309 1³1²&

129 1355 202 1420 Hee
225 1355 345 1442 quippe
375 1354 494 1420 aIulii
518 1353 648 1419 Cesaris
679 1353 784 1438 gestis
815 1373 880 1416 non
909 1353 1016 1431 elicis,
1047 1353 1101 1438 qui
1124 1353 1327 1418 Domitium³
1355 1375 1439 1440 pene
1470 1353 1600 1418 avidum
1628 1358 1662 1418 et
1684 1351 1779 1418 venie

108 1529 109 1532 ,
129 1465 388 1546 contemptorem
410 1457 477 1521 vite
501 1457 645 1520 servavit
668 1456 822 1536 invitum,
847 1462 881 1520 et
902 1455 1074 1521 Metellum
1097 1478 1133 1520 se
1158 1455 1275 1541 gladiis
1299 1457 1492 1522 offerentem
1515 1456 1565 1520 ira
1587 1456 1669 1520 tanti
1690 1455 1779 1541 prin-

129 1562 210 1648 cipis
232 1561 397 1648 reputavit
420 1559 599 1646 indignum.
645 1559 743 1625 Certe
765 1560 798 1624 in
814 1559 996 1624 Israelitico
1019 1562 1141 1647 populo
1158 1561 1309 1626 civitates
1326 1567 1419 1626 erant
1432 1547 1588 1646 refugiit,
1611 1568 1645 1626 et
1666 1560 1780 1625 urbem

128 1663 169 1728 ad
199 1665 362 1749 refugium
393 1662 600 1730 Christianus
629 1665 772 1751 populus
801 1684 866 1727 non
893 1663 1049 1728 habebit?
1106 1662 1214 1728 David
1245 1685 1397 1731 recursus
1431 1671 1501 1730 erat
1532 1665 1716 1752 oppressis,
1748 1671 1782 1730 et

129 1787 274 1832 summus
302 1767 467 1854 pontifex,
502 1767 611 1860 David
637 1767 748 1852 magni
775 1766 929 1846 vicarius,
958 1773 1085 1832 avertet
1111 1767 1228 1832 faciem
1258 1767 1299 1831 ab
1327 1768 1476 1832 afflictis?
1506 1773 1540 1833 et
1566 1768 1678 1853 utique
1706 1788 1781 1849 non,

131 1891 203 1935 oum
224 1871 315 1935 nulla
337 1871 491 1936 molestia
514 1869 573 1935 tibi
597 1891 657 1956 per
681 1870 755 1935 illos
773 1870 930 1935 inferatur
953 1875 987 1934 et
1009 1870 1084 1948 tuis,
1108 1871 1172 1935 nisi
1187 1871 1270 1935 velis
1292 1870 1326 1935 id
1340 1870 1511 1936 dumtaxat
1526 1871 1612 1936 ferre
1630 1872 1781 1953 moleste,

129 1973 215 2060 quod
237 1975 361 2039 vivunt.
406 1973 460 2038 Ad
482 1973 543 2038 hec
566 1972 608 2037 de
631 1973 701 2036 viro
719 1974 852 2058 egregio
877 1993 991 2038 socero
1014 1979 1070 2037 tuo
1080 1975 1102 2054 ⁵,
1126 1975 1154 2038 si
1176 1972 1218 2038 ad
1240 1981 1385 2039 nostram
1400 1975 1607 2061 pervenisset
1622 1975 1781 2054 notitiam,

129 2076 216 2162 quod
237 2076 278 2142 de
302 2077 352 2155 iis,
377 2098 440 2163 que
456 2076 516 2141 tibi
540 2077 650 2142 facere
667 2076 791 2154 debuit,
815 2076 989 2152 omisisset,
1013 2083 1125 2142 nostra
1148 2099 1223 2142 eum
1245 2098 1311 2143 non
1326 2078 1501 2164 preteriret
1513 2078 1661 2159 monitio,
1685 2098 1780 2163 quem

129 2179 188 2244 tibi
217 2179 443 2245 desideramus
472 2185 644 2265 acceptum
677 2186 711 2244 et
743 2185 776 2244 te
811 2179 859 2244 illi
889 2180 1060 2265 potissime
1091 2181 1281 2265 gratiosum.
1326 2180 1365 2246 In
1388 2202 1452 2268 quo
1475 2190 1586 2246 movet
1608 2183 1782 2248 multorum

129 2283 227 2348 corda
256 2283 402 2362 miratio,
432 2281 518 2367 quod
548 2303 621 2347 oum
651 2282 881 2347 consueverint
910 2283 966 2347 alii
997 2304 1145 2348 crescere
1176 2306 1218 2349 ex
1246 2284 1404 2349 affinitate
1427 2285 1601 2366 maiorum,
1632 2285 1694 2351 iste
1717 2306 1782 2350 non

132 2387 201 2450 sine
218 2386 395 2450 multorum
412 2384 576 2461 scandalo,
600 2405 666 2449 non
691 2386 761 2450 sine
778 2386 880 2451 Terre
897 2384 1017 2451 Sancte
1040 2385 1224 2472 dispendio,
1248 2408 1314 2452 non
1337 2388 1408 2452 sine
1431 2388 1479 2452 tui
1494 2387 1634 2453 nominis
1656 2389 1781 2454 lesione

129 2488 316 2555 decrevisse
345 2488 483 2554 videtur.
528 2488 573 2554 Et
604 2489 736 2575 quidem
769 2490 821 2555 his
851 2491 971 2555 similia
1000 2490 1246 2576 magnificorum
1275 2492 1457 2578 principum
1487 2499 1583 2577 gesta
1610 2514 1676 2558 non
1704 2513 1782 2557 con-

129 2593 248 2672 tinent,
278 2590 465 2656 sublimium
496 2612 604 2656 mores
631 2592 800 2676 ignorant,
832 2594 1019 2658 liberalium
1047 2594 1182 2679 largitas
1210 2615 1275 2659 non
1306 2601 1467 2680 acceptat.
1511 2594 1586 2660 Non
1617 2596 1664 2660 sic
1694 2595 1782 2660 illius

129 2701 215 2760 terre
248 2700 440 2782 procuratur
469 2695 614 2775 utilitas,
650 2715 715 2759 non
749 2696 796 2760 sic
824 2695 866 2760 ad
894 2697 965 2761 eius
995 2696 1177 2761 subsidium
1203 2696 1382 2762 bellatores
1414 2698 1539 2762 strenui
1573 2697 1782 2763 advocantur.

131 2798 239 2885 Super
266 2821 329 2885 quo
357 2799 418 2864 tibi
445 2820 546 2865 onera
573 2800 687 2885 gravia
717 2807 750 2865 et
780 2801 1004 2888 importabilia
1025 2822 1085 2866 nos
1115 2802 1236 2867 asseris
1259 2801 1412 2886 alligare,
1447 2823 1510 2887 que
1540 2801 1642 2887 digito
1672 2809 1783 2868 nostro

131 2923 263 2969 movere
285 2903 438 2983 nolimus,
460 2924 526 2967 non
549 2903 722 2968 attendens
746 2903 832 2989 quod
855 2904 920 2968 iam
942 2905 1090 2991 pluribus
1113 2905 1206 2969 annis
1224 2904 1346 2990 elapsis
1368 2905 1454 2968 ultro
1477 2911 1510 2969 te
1532 2905 1605 2969 istis
1629 2905 1784 2970 oneribus

133 3006 321 3088 subiecisti,
356 3014 556 3092 spontaneus
591 3007 624 3071 in
653 3006 839 3072 Theutonia
868 3008 998 3093 signum
1033 3008 1138 3073 crucis
1174 3027 1362 3088 assumens,
1395 3029 1460 3072 non
1493 3008 1667 3074 attendens
1699 3006 1785 3095 quod

133 3110 280 3174 crucifixi
295 3108 440 3194 gerendo
455 3110 633 3194 negotium,
659 3130 741 3174 onus
764 3130 829 3175 non
847 3110 921 3175 leve
944 3111 1020 3175 tulit
1036 3111 1177 3176 ecclesia
1197 3111 1230 3175 in
1246 3111 1546 3176 ecelesiasticorum
1566 3111 1784 3176 decimatione

133 3220 360 3299 proventuum,
383 3233 448 3278 non
464 3212 637 3277 attendens
660 3212 745 3299 quod
769 3234 828 3299 per
842 3212 960 3278 fratres
976 3221 1106 3279 nostros
1131 3221 1164 3280 et
1186 3215 1268 3280 alios
1284 3215 1506 3302 predicatores
1523 3215 1618 3279 multi
1632 3221 1785 3302 potentes

133 3325 167 3382 et
188 3317 333 3398 nobiles,
363 3316 475 3402 magni
504 3322 539 3380 et
567 3316 658 3400 parvi
691 3337 727 3380 se
757 3315 863 3380 crucis
888 3316 1045 3401 obsequio
1069 3316 1281 3400 devoverunt.
1327 3319 1392 3383 Pro
1415 3318 1651 3384 mercatoribus
1675 3324 1785 3383 autem

132 3419 290 3485 Romanis
319 3419 517 3486 excellentie
544 3425 599 3483 tue
627 3418 816 3504 frequenter
843 3420 1015 3505 scripsisse
1043 3421 1266 3502 meminimus,
1298 3421 1383 3487 sicut
1411 3422 1507 3498 dicis;
1537 3420 1594 3487 sed
1624 3443 1698 3486 cum
1727 3440 1785 3506 per

132 3523 193 3588 hoc
216 3524 267 3588 ius
291 3545 385 3589 suum
407 3543 474 3587 non
489 3527 716 3607 assequantur,
739 3528 775 3588 ut
796 3530 957 3605 asserunt,
980 3545 1046 3588 non
1062 3523 1163 3590 debet
1185 3525 1250 3590 illis
1274 3525 1307 3589 in
1330 3546 1390 3590 sua
1412 3525 1538 3590 iustitia
1561 3523 1786 3590 ecclesiastica

132 3649 271 3693 censura
293 3627 423 3693 deesse.
468 3626 520 3692 De
544 3626 676 3691 vasallis
700 3647 828 3712 quoque
858 3628 1061 3713 patrimonii,
1088 3627 1129 3693 de
1159 3629 1277 3713 quibus
1305 3634 1403 3716 prout
1430 3629 1553 3715 placuit
1575 3626 1785 3714 rescripsisti,

133 3730 229 3816 quida
252 3731 332 3796 iuris
355 3730 537 3817 imperialib
562 3729 758 3794 excellentie
783 3738 959 3816 competat,
991 3737 1120 3796 tuorum
1144 3739 1177 3796 et
1200 3731 1445 3818 predecessoris
1468 3731 1516 3795 tui
1538 3730 1785 3817 privilegiorum

133 3833 294 3920 inspectio
316 3840 526 3920 protestatur.
572 3832 667 3908 Quod
690 3834 718 3897 si
741 3841 850 3920 preter
873 3832 1020 3900 debitum
1043 3857 1063 3900 a
1087 3835 1182 3900 nobis
1205 3837 1239 3900 in
1261 3835 1327 3900 illis
1350 3833 1440 3899 aliud
1462 3856 1521 3923 pro
1543 3834 1646 3899 Terre
1666 3832 1785 3898 Sancte

134 3937 280 4003 subsidio
303 3939 473 4024 petiisses,
502 3937 588 4002 sicut
609 3935 782 4019 decuerat,
812 3938 949 4003 formata
979 3940 1095 4026 petitio
1124 3939 1165 4004 ad
1198 3939 1417 4006 exauditionis
1440 3938 1581 4024 gratiam
1604 3937 1785 4002 introisset.

133 4041 313 4107 Providens
336 4049 461 4122 tamen,
492 4047 528 4106 ut
550 4041 721 4107 advocatie
744 4042 957 4124 vocabulum,
986 4043 1176 4129 frequenter
1203 4044 1268 4108 tuis
1292 4044 1410 4110 litteris
1434 4044 1627 4130 repetitum,
1657 4048 1728 4120 tua,
1758 4039 1787 4104 si

134 4146 258 4230 placet,
287 4164 352 4210 non
374 4144 543 4231 protrahat
565 4145 792 4231 interpretatio
820 4146 853 4209 in
882 4145 1033 4227 abusum,
1066 4146 1219 4230 quoniam
1241 4168 1315 4211 cum
1336 4145 1513 4212 advocatus
1537 4145 1677 4211 ecclesie
1699 4142 1787 4209 idern

134 4248 275 4333 intelligi
295 4247 417 4313 debeat
439 4248 526 4334 quod
542 4248 706 4330 defensor,
730 4250 758 4314 si
782 4248 964 4315 defensoris
988 4251 1111 4315 omittis
1136 4250 1309 4332 officiuma,
1333 4271 1452 4315 nomen
1467 4250 1643 4337 improprie
1666 4248 1788 4314 retines

135 4352 293 4420 advocati.
337 4352 430 4431 Quod
454 4355 534 4419 satis
556 4354 590 4418 in
613 4353 760 4418 Arenata
781 4360 815 4418 et
838 4355 953 4420 castris
976 4355 1050 4419 aliis
1074 4353 1277 4440 quorundam
1298 4361 1484 4419 nostrorum
1506 4353 1653 4418 fidelium
1676 4358 1787 4417 osten-

137 4455 224 4523 disse
239 4456 372 4538 videris,
396 4479 459 4543 que
482 4457 611 4522 detines
635 4464 749 4522 contra
771 4458 930 4546 iustitiam
946 4465 1119 4544 occupata;
1142 4465 1216 4544 post
1240 4459 1365 4523 illatam
1379 4457 1579 4539 violentiam,
1602 4463 1679 4543 post
1701 4477 1787 4520 com-

136 4558 264 4624 modum
295 4561 515 4646 possessionis
550 4561 725 4648 adeptum,
760 4561 865 4626 lactus
896 4560 937 4627 de
979 4563 1118 4649 petitore
1149 4582 1340 4649 possessor,
1380 4562 1479 4627 offers
1513 4559 1787 4646 conquerentibus

136 4669 167 4728 te
189 4665 240 4729 ius
263 4664 298 4728 in
320 4671 378 4728 tua
399 4665 490 4730 curia
512 4665 723 4730 redditurum.
770 4663 877 4752 Super
900 4686 973 4751 quo,
997 4666 1025 4730 si
1047 4688 1111 4751 qua
1133 4687 1217 4730 nova
1232 4666 1303 4731 iura
1326 4664 1392 4730 sint
1407 4663 1547 4746 condita,
1571 4665 1605 4729 in
1620 4663 1787 4750 publicum

138 4766 304 4851 prodeant,
327 4789 401 4834 cum
423 4768 457 4833 id
479 4791 544 4834 non
560 4769 726 4856 patiantur
747 4769 890 4856 antiqua.
936 4768 1021 4843 Quia
1037 4790 1115 4835 vero
1138 4790 1202 4833 non
1226 4776 1277 4833 est
1299 4768 1490 4834 abbreviata
1512 4788 1627 4832 manus
1644 4765 1787 4848 Domini,
1801 4787 1838 4829 ss.
1854 4792 1907 4838 scr.

139 4879 259 4937 utnon
281 4873 387 4959 possit
403 4873 638 4939 sublimitatem
662 4873 833 4938 incurvare
849 4872 1017 4938 hominum
1040 4880 1074 4938 et
1095 4871 1302 4938 altitudinem
1321 4872 1493 4937 humiliare
1516 4871 1669 4950 virorum,
1691 4889 1787 4950 nunc,
1802 4889 1838 4932 us.
1853 4893 1908 4942 sm.

141 4995 210 5040 oum
239 4975 384 5041 felicium
417 4977 482 5042 tuis
517 4977 601 5042 votis
635 4997 846 5041 successuum
880 4975 1036 5062 splendor
1067 4975 1227 5057 illuxerit,
1261 4976 1294 5040 in
1328 4996 1446 5042 sereno
1475 4972 1693 5038 humilitatem
1723 4992 1788 5036 non

240 5235 263 5302 ⁸)
282 5236 351 5304 quod
367 5255 390 5286 r.
471 5233 496 5302 1’)
514 5237 652 5305 imperialia
668 5255 691 5287 r.
773 5235 795 5304 ²)
814 5239 933 5290 effectum
950 5256 972 5289 r.

239 5373 266 5442 1)
285 5371 369 5427 Hunc
387 5387 446 5427 csse
462 5371 637 5442 suspicamur
654 5371 776 5426 comitem
794 5371 876 5426 Mace
894 5371 923 5425 d'
940 5371 1040 5426 Alesac
1064 5370 1108 5438 (dc
1126 5370 1271 5438 Alesinot)
1290 5369 1356 5424 ΗΒ.
1459 5370 1487 5439 2)
1506 5368 1540 5424 dc
1559 5366 1675 5437 Aquslo,
1696 5367 1791 5420 cmotte

143 5455 284 5522 dbaduno,
302 5459 341 5526 cs.
353 5457 440 5529 Rycc.
459 5457 493 5512 de
503 5457 532 5512 S.
547 5457 636 5512 Gerus.
651 5457 751 5512 utros.
769 5474 796 5511 α.
816 5460 1015 5520 1223et122t
1035 5461 1060 5511 ct
1074 5456 1111 5510 H.
1127 5457 1162 5511 Β.
1180 5462 1198 5511 t.
1217 5457 1261 5522 II,
1276 5473 1307 5526 p.
1325 5460 1388 5510 427.
1433 5456 1462 5525 3)
1481 5455 1588 5510 Bellum
1606 5453 1684 5508 cs'os'le
1701 5453 1726 5516 I,
1744 5456 1790 5506 23.

142 5542 166 5608 l)
185 5544 265 5598 Nam.
286 5548 330 5608 35,
351 5547 375 5596 6.
445 5544 473 5612 5)
492 5545 616 5598 losanae
633 5559 697 5614 repe
716 5542 984 5613 Hierosolymilono;
1010 5542 1206 5608 ll'intelmomr,
1221 5559 1252 5612 p.
1271 5545 1420 5597 193-194.
