4590 6366
447 375 509 442 534
1027 368 1075 428 EX
1093 369 1268 429 euueoau
1286 367 1325 429 IX
1342 369 1523 430 acclamo

447 552 531 616 ferat
560 551 683 614 fructus
718 548 839 628 bonos,
875 558 971 626 ecoen
1001 548 1225 627 venerabilem
1255 548 1388 612 fratrem
1421 555 1569 612 nostrum
1597 547 1813 636 patriarcham
1846 545 2115 626 Antiochenam,

447 658 552 720 virum
574 655 686 739 utique
709 653 881 740 providum
907 659 941 717 et
963 652 1152 732 discretum,
1176 674 1272 737 quem
1297 653 1338 716 ob
1362 674 1420 716 sue
1444 653 1627 716 devotionis
1650 654 1812 718 fervorem
1837 659 1871 718 et
1895 655 2113 740 propriorum

446 760 636 824 meritorum
660 758 862 841 exigentiam
893 778 953 820 nos
983 763 1016 820 et
1041 756 1159 819 fratres
1188 756 1292 818 nostri
1321 777 1430 819 earum
1460 756 1619 820 habemus
1644 757 1824 830 ,admodum
1855 767 1889 822 et
1918 764 2113 844 acceptum,

447 883 604 926 concesso
635 862 698 926 sibi
726 862 822 946 plene
853 861 1028 944 legationis
1059 860 1166 922 officio
1193 859 1235 922 ad
1263 867 1374 945 partes
1406 861 1493 945 ipsas
1518 860 1557 924 de
1582 861 1717 925 fratrum
1746 867 1937 926 nostrorum
1968 863 2112 925 consilio

282 965 647 1051 ramm.1,10.proridimus
671 964 916 1042 destinandum,
939 969 976 1026 ut
1000 964 1119 1027 evellat
1144 970 1176 1026 et
1199 962 1356 1033 destruat,
1381 963 1512 1027 edificet
1536 971 1569 1028 et
1590 965 1732 1053 plantet,
1756 986 1819 1049 que
1844 965 2057 1029 destruenda
2080 973 2113 1029 et
2162 998 2173 1032 r
2236 1015 2241 1025 .

446 1069 634 1145 evellenda,
665 1068 847 1132 edificanda
880 1069 1008 1131 noverit
1035 1074 1068 1130 et
1095 1067 1279 1152 plantanda.
1332 1067 1502 1132 Mouemus
1537 1069 1646 1152 itaque
1678 1069 1931 1132 universitatem
1961 1076 2113 1132 vestram

445 1174 602 1237 attentius
627 1177 660 1235 et
683 1171 849 1234 hortamur
864 1170 1074 1256 precipiendo
1099 1170 1302 1248 mandantes,
1327 1177 1487 1255 quatenus
1513 1171 1674 1256 prefatum
1692 1172 1922 1256 patriarcham,
1949 1178 2113 1257 tanquam

424 1265 589 1361 'legatum
612 1275 792 1361 apostolice
818 1274 905 1338 sedis
938 1281 971 1337 et
1002 1296 1156 1359 magnum
1180 1276 1212 1337 in
1237 1274 1379 1338 ecclesia
1402 1274 1466 1337 Dei
1496 1276 1604 1338 locum
1633 1275 1826 1356 habentem,
1860 1276 1964 1339 immo
1988 1298 2055 1340 nos
2080 1277 2113 1339 in

443 1381 516 1466 ipso
539 1381 648 1465 potius
671 1380 868 1464 recipientes
893 1377 1040 1441 hilariter
1063 1385 1096 1442 et
1118 1378 1256 1441 honeste
1273 1383 1462 1455 tractantes,
1487 1378 1557 1441 eius
1583 1377 1767 1441 salubribus
1782 1379 1927 1442 monitis
1953 1385 1989 1442 et
2015 1401 2112 1442 man-

445 1484 529 1547 datis
553 1483 730 1548 intendatis
755 1489 787 1546 et
812 1481 973 1547 obediatis
997 1481 1166 1544 humiliter
1189 1503 1227 1544 ac
1250 1481 1387 1558 devote,
1417 1487 1556 1558 statuta,
1581 1502 1643 1565 que
1667 1503 1725 1566 pro
1749 1481 1987 1545 reformatione
2014 1484 2110 1567 pacis
2173 1525 2178 1548 r

444 1609 482 1650 ac
511 1588 643 1671 negotio
676 1586 768 1664 fidei,
798 1585 1046 1649 conservatione
1078 1584 1303 1647 ecclesiastice
1334 1582 1516 1663 libertatis,
1548 1585 1752 1648 correctione
1778 1605 1906 1647 morum
1933 1578 1980 1648 et'
1998 1587 2111 1650 salute

444 1691 623 1754 animarum
647 1690 779 1754 duxerit
810 1688 975 1768 facienda,
1005 1687 1241 1750 iuviolabiliter
1270 1687 1440 1750 servaturi.
1486 1686 1642 1771 Alioquin
1670 1688 1881 1766 sententiam,
1914 1709 2021 1771 quam
2045 1690 2110 1752 rite

442 1793 554 1855 tulerit
576 1794 608 1855 in
633 1792 785 1870 rebelles,
808 1799 911 1856 ratam
935 1790 1128 1855 habebimus
1153 1796 1185 1855 et
1207 1790 1366 1854 faciemus
1390 1796 1522 1854 auctore
1546 1791 1687 1856 Domino
1712 1792 1848 1856 firmiter
1872 1791 2064 1856 observari.

551 1911 627 1976 Dat.
650 1912 790 1985 Perusii,
813 1911 881 1975 XII
904 1911 979 1974 Kal.
1003 1909 1099 1991 Iunii,
1123 1933 1207 1975 anno
1232 1931 1329 1975 nono.

548 2032 586 2095 In
610 2032 750 2096 eundem
775 2032 906 2095 modum
929 2032 1093 2095 nobilibus
1117 2032 1194 2094 viris
1218 2030 1470 2110 marchionibus,
1495 2032 1680 2110 comitibus,
1703 2032 1893 2110 baronibus,
1918 2035 2108 2117 potestati·
2164 2079 2185 2116 a

443 2137 514 2217 bus,
539 2137 824 2200 communitatibus
848 2137 1016 2200 civitatum
1041 2143 1074 2199 et
1097 2135 1258 2199 universis
1281 2155 1340 2219 per
1362 2133 1604 2216 Lombardiam,
1629 2136 1806 2200 marchiam
1829 2135 2048 2201 Terrisinam
2075 2149 2110 2204 et

441 2240 670 2304 Romaniolam
692 2239 888 2303 constitutis.

548 2343 588 2406 In
611 2343 752 2406 eundem
775 2341 908 2406 modum
931 2390 964 2406 ..
989 2341 1063 2405 duci
1085 2339 1323 2404 Venetorum¹.

547 2445 586 2510 In
611 2446 752 2510 eundem
774 2445 905 2509 modum
930 2495 963 2510 ..
988 2443 1171 2530 patriarche
1197 2441 1380 2506 Gradensi²
1404 2449 1437 2508 ct
1461 2445 1677 2530 suffraganeis
1702 2449 1779 2511 suis.

1236 2917 1322 2989 aaa.

546 3028 737 3140 Gregorius
752 3057 806 3122 IX
814 3080 903 3138 papa
918 3059 1049 3142 [Iacobo
1064 3058 1101 3120 <lc
1115 3056 1255 3139 Malao]
1274 3057 1427 3135 potestati,
1451 3056 1578 3119 corzslh'o
1601 3062 1629 3120 ct
1645 3059 1764 3138 populo
1779 3058 1965 3121 Maritimae
1989 3065 2105 3123 notum
2158 3099 2183 3135 :a

437 3162 525 3242 facit,
548 3183 579 3227 sc
601 3163 636 3225 a'a
659 3182 716 3238 ecs,
739 3162 795 3242 qui
810 3161 1033 3245 [Gomorram]
1055 3162 1229 3240 episcopum
1245 3158 1463 3221 lllantuuaam
1485 3159 1572 3238 apocal
1586 3163 1807 3224 rnonostcrianr
1826 3163 1930 3224 suncti
1945 3163 2106 3227 Andreae

437 3263 665 3349 inthiaccrint,
695 3284 857 3345 eorumque
885 3265 1043 3343 cornph'ccs
1072 3264 1398 3325 eacorrnnunlcatr'oats
1427 3267 1456 3326 et
1483 3263 1643 3326 lrrtcrdicti
1671 3265 1839 3328 sententias
1856 3266 2106 3345 prornralpassc;

437 3367 569 3430 rrmadat
590 3369 639 3445 us,
663 3371 699 3430 at
720 3366 841 3430 easdem.
860 3370 1008 3446 perpetuo
1031 3366 1190 3428 observari
1207 3365 1344 3449 faciant.
1755 3369 1848 3444 1235,
1872 3369 1949 3432 Iun.
1976 3372 2008 3432 5.

542 3487 623 3555 (ἶνες.
644 3488 694 3540 ΙΧ
711 3489 778 3555 ch.
803 3488 858 3540 Vol.
883 3487 912 3554 V,
934 3489 1059 3551 33—34;
1078 3485 1139 3538 Lib.
1158 3486 1214 3549 IX,
1235 3489 1279 3539 97.

540 3575 676 3638 Potlhaat,
695 3575 764 3644 ch.
784 3577 864 3628 9931.
948 3569 950 3575 ’

691 3809 697 3820 ·
728 3826 736 3842 .
766 3826 774 3842 .
803 3769 1034 3861 potestati,
1062 3770 1251 3842 consilio
1280 3775 1319 3843 et
1346 3770 1512 3861 populo
1541 3771 1793 3882 Mantuano

544 3919 628 3983 Rem
651 3919 714 3982 hiis
738 3918 855 3982 diebus
876 3918 1059 3983 audivimus
1083 3921 1190 3984 anime
1215 3927 1325 3982 nostre
1343 3921 1589 4000 amarissimam,
1614 3921 1745 4004 plenam
1769 3919 1947 3982 acerbitate
1972 3920 2096 4002 flagitii

437 4027 469 4085 et
497 4023 708 4085 immanitatis
739 4022 888 4102 horrore,
918 4044 1016 4106 super
1048 4044 1112 4107 qua
1143 4023 1387 4106 inexplicabilis
1418 4024 1559 4106 gemitus
1589 4031 1622 4087 et
1652 4024 1798 4108 ploratus
1829 4020 2023 4086 indeficiens
2051 4023 2094 4086 ad

293 4143 417 4194 cosmo.
436 4127 650 4210 apostolicam
675 4125 786 4189 sedem
810 4125 972 4202 ascendit,
1001 4125 1070 4188 diro
1102 4126 1223 4189 doloris
1253 4125 1361 4210 gladio
1391 4147 1450 4189 nos
1480 4129 1678 4211 transigens,
1711 4127 1871 4189 clamante
1895 4131 1984 4188 terra
2007 4147 2093 4189 voce

436 4230 604 4312 sanguinis
629 4229 812 4292 innocentis
835 4229 947 4304 effusi,
971 4229 1126 4293 videlicet
1149 4230 1233 4292 bone
1258 4231 1413 4293 memorie
1440 4279 1471 4294 ..
1497 4231 1642 4314 episcopi
1666 4230 1851 4308 Mantuani,
1881 4230 1975 4292 cuius
1999 4229 2091 4292 inte·
2149 4290 2155 4302 ,

436 4332 533 4394 ritum
566 4333 773 4397 commissum
807 4353 826 4394 a
860 4331 1030 4416 parricidis
1064 4333 1096 4395 in
1130 4339 1274 4418 patrem,
1309 4340 1429 4417 quanto
1465 4341 1515 4397 est
1547 4335 1700 4418 exemplo
1729 4333 1958 4419 perniciosior,
1996 4339 2092 4397 tauto

435 4437 577 4514 amarius
612 4435 837 4518 compellimur
872 4434 1054 4519 deplorare.
1102 4436 1188 4500 Sane
1218 4437 1304 4500 idem
1340 4437 1514 4522 episcopus
1545 4445 1619 4521 post
1655 4444 1842 4522 susceptum
1875 4435 2091 4521 pontificatus

307 4553 415 4606 carra.
435 4538 593 4613 officium,
629 4538 736 4601 sciens
764 4537 797 4599 in
825 4538 921 4600 vinca
949 4537 1082 4602 Domini
1115 4541 1257 4623 positum
1293 4562 1328 4603 se
1359 4539 1528 4604 custodem
1562 4547 1595 4604 et
1629 4541 1662 4604 in
1694 4542 1795 4604 caulis
1826 4541 1934 4604 ovium
1964 4539 2092 4603 Christi

434 4647 609 4726 pastorem,
634 4641 773 4704 sollicite
798 4641 921 4705 studuit
944 4643 1101 4708 resecatis
1125 4644 1234 4706 noxiis
1260 4649 1293 4707 et
1316 4645 1506 4729 propagatis
1531 4643 1719 4707 salubribus
1743 4666 1841 4729 super
1862 4665 1997 4728 gregem
2022 4645 2090 4708 sibi

434 4743 593 4807 creditum
617 4745 722 4808 noctis
742 4745 871 4828 vigilias
889 4747 1035 4830 vigilare,
1059 4767 1250 4832 murumque
1267 4747 1467 4811 defensionis
1491 4769 1549 4834 pro
1574 4747 1669 4811 domo
1686 4747 1819 4811 Domini
1842 4768 1876 4812 se
1901 4768 2086 4832 opponens,
2143 4791 2170 4830 35

433 4847 612 4911 atuitione
635 4847 796 4911 catholice
819 4848 895 4912 fidei
919 4857 951 4912 et
976 4849 1201 4913 ecclesiastice
1231 4850 1393 4914 libertatis
1423 4851 1514 4914 nulla
1537 4850 1736 4915 adversitate
1767 4852 1869 4914 averti
1900 4852 2008 4936 potuit
2031 4854 2089 4916 vel

431 4950 562 5029 timore,
594 4958 705 5036 preter
727 4951 760 5014 id
790 4951 876 5037 quod
907 4953 1141 5017 exaltationem
1166 4955 1304 5018 ecclesie
1328 4954 1505 5018 Mantuane
1535 4954 1684 5038 diligenti
1714 4977 1791 5018 cura
1823 4957 1972 5040 impensa
1996 4957 2088 5022 circa

431 5055 712 5120 conservationem
737 5077 870 5120 suornm
893 5057 1012 5120 iurium
1037 5063 1070 5120 et
1093 5066 1303 5141 augmentum
1327 5059 1430 5144 ipsius
1463 5059 1676 5144 spiritualiter
1699 5065 1732 5123 et
1759 5060 1982 5144 temporaliter
2006 5083 2086 5146 pro-

431 5158 565 5221 curavit.
611 5159 706 5222 Unde
738 5161 930 5240 multorum,
962 5161 1080 5244 quihus
1106 5183 1178 5224 cum
1202 5163 1266 5225 sint
1289 5162 1407 5246 iniqui,
1439 5183 1522 5246 equa
1545 5164 1676 5248 placere
1701 5184 1765 5226 uon
1788 5169 1940 5248 possunt,
1971 5163 2087 5230 odium

430 5269 463 5325 et
485 5261 742 5347 indignationem
767 5265 920 5344 incurrit,
945 5286 1080 5349 quorum
1105 5265 1235 5350 quidam
1258 5268 1318 5331 viri
1341 5266 1610 5352 nephandissimi,
1635 5269 1689 5352 qui
1712 5265 1894 5330 Advocati³
1917 5266 2084 5350 dicuntur,
2141 5309 2168 5345 40

532 5521 554 5588 n)
573 5527 810 5576 cccc—servaturi
828 5542 858 5576 ea
876 5526 960 5593 Rapa.

532 5659 559 5727 1)
578 5658 681 5712 Iacobo
702 5659 829 5728 Teupozo.
901 5661 928 5728 2)
948 5659 1061 5728 Angelo.
1130 5662 1158 5728 3)
1178 5661 1252 5716 Gens
1270 5665 1311 5717 vel
1324 5681 1399 5734 pars
1419 5665 1563 5720 Mantuae.
