4576 6390
435 403 498 465 490
1014 396 1063 450 EX
1081 394 1257 451 cardoun
1274 395 1313 450 IX
1331 392 1513 450 anemurio

436 572 564 638 victrici
586 569 775 636 fortitudine
799 577 910 634 contra
924 570 1137 655 depressores
1160 569 1322 634 libertatis
1343 569 1567 634 ecclesiastice
1592 567 1775 644 roboretur,
1799 571 1833 630 et
1855 564 1943 650 quod
1966 565 2099 651 prefata

437 683 526 740 terra
548 681 639 739 tanto
662 676 737 761 plus
761 680 857 759 egeat
879 673 1076 738 Lombardie
1102 673 1205 738 iuvari
1229 672 1392 752 subsidio,
1424 678 1543 758 quanto
1567 672 1640 758 ipsa
1663 670 1760 734 rebus
1785 666 1926 734 fecunda
1949 668 2098 734 cernitur

437 785 471 862 et
493 779 702 844 robustorum
724 778 866 864 plurium
889 777 1014 841 munita
1030 776 1238 841 multitudine
1256 775 1494 861 comprobatur,
1518 774 1559 839 ad
1581 796 1724 839 amorem
1748 776 1837 860 pacis
1861 780 1894 838 ct
1917 771 2096 838 concordie

438 882 537 948 corda
559 881 820 948 Lombardorum
843 882 1012 946 societatis
1035 881 1183 967 predicte
1206 881 1403 967 propensius
1426 879 1605 959 inducatis,
1628 901 1688 966 pro
1710 879 1803 942 firmo
1827 884 1981 942 tenentes
2006 873 2096 961 quod

438 1008 512 1051 curn
535 984 669 1051 eosdem
691 982 895 1050 Lombardos
918 986 964 1049 ita
985 985 1070 1050 filios
1093 992 1283 1071 reputemus
1307 986 1447 1051 ecclesie
1472 985 1649 1072 speciales,
1682 984 1767 1069 quod
1790 985 1859 1072 pati
1881 983 2095 1068 aliquomodo

437 1111 502 1155 nou
525 1089 664 1153 velimus
687 1095 724 1152 ut
746 1110 765 1152 a
788 1110 952 1174 quoquam
984 1088 1066 1174 ipsis
1089 1088 1197 1172 aliqua
1220 1088 1378 1153 inferatur
1400 1089 1520 1153 iniuria
1541 1088 1593 1153 vel
1618 1089 1760 1168 iactura,
1791 1087 1997 1171 diligentiam
2022 1086 2095 1151 affi-

438 1214 550 1258 cacem
572 1191 784 1271 habebimus,
816 1189 902 1277 quod
923 1192 971 1255 eis
994 1191 1080 1278 apud
1105 1190 1308 1277 sepedictum
1331 1193 1562 1277 imperatorem
1587 1198 1621 1256 et
1643 1189 1800 1256 dilectum
1822 1192 1924 1255 filium
1947 1190 2097 1254 nobilem

437 1299 544 1363 virum
567 1296 748 1361 chricum
779 1303 891 1360 natum
919 1296 990 1360 eius
1020 1301 1053 1359 ct
1082 1295 1248 1382 principes
1273 1295 1458 1360 Thcutonie
1483 1297 1669 1360 securitatis
1699 1294 1937 1381 plenitudinem
1960 1300 2097 1358 auctore

437 1401 578 1467 Domino
609 1420 831 1486 procuremus.
876 1399 941 1464 Pro
970 1398 1034 1462 hiis
1061 1405 1171 1462 autam
1195 1397 1386 1481 diligentius
1419 1405 1453 1462 et
1483 1399 1671 1485 expeditius
1702 1397 1906 1483 exequendis
1937 1397 2097 1462 dilectum

437 1505 540 1568 tilium
567 1503 592 1566 I.
625 1504 832 1589 capellanum
862 1508 1025 1582 nostrum,
1057 1501 1152 1565 nobis
1181 1509 1215 1566 et
1242 1501 1397 1566 fratribus
1432 1503 1552 1566 nostris
1584 1509 1755 1588 acceptum
1785 1501 1946 1567 avidentia
1975 1504 2095 1568 merito

438 1603 621 1696 probitatis,
645 1604 686 1670 ad
709 1627 767 1671 vos
791 1606 943 1669 duximus
967 1605 1207 1686 destinandum,
1230 1625 1338 1689 quem,
1361 1606 1496 1670 vel'nos
1520 1606 1553 1668 iu
1576 1606 1647 1692 ipso
1671 1606 1791 1691 potius,
1814 1604 1993 1670 honorifice
2015 1628 2094 1692 per·

438 1717 628 1788 tractantes,
653 1710 716 1775 sibi
738 1709 914 1794 diligenter
935 1707 1108 1773 intendere
1132 1730 1170 1772 ac
1195 1729 1294 1794 super
1316 1708 1390 1790 hiis,
1414 1730 1478 1794 qus
1501 1709 1594 1773 vobis
1618 1730 1661 1773 ex
1683 1715 1776 1795 parte
1798 1715 1911 1772 nostra
1932 1710 2096 1791 retulerit,

439 1814 537 1879 tidem
561 1814 683 1878 curetis
706 1814 890 1899 plenariam
913 1812 1081 1890 adhibere,
1105 1833 1216 1875 curam
1239 1811 1356 1876 dantes
1381 1819 1414 1876 et
1438 1833 1570 1898 operam
1593 1819 1638 1893 ut,
1663 1812 1690 1876 si
1714 1811 1834 1899 prefati
1855 1811 2036 1876 Lombardi
2060 1835 2097 1878 se

440 1939 540 2004 super
562 1917 731 2003 premissis
755 1916 907 1981 omnibus
930 1916 963 1978 in
986 1915 1137 1980 manibus
1161 1917 1302 1980 ecclesie
1325 1937 1447 2001 ponere
1470 1916 1599 2002 precise
1622 1915 1796 1996 voluerint,
1820 1917 1905 1980 sicut
1928 1937 1963 1980 se
1987 1915 2097 1981 dictus

442 2021 554 2107 posuit
575 2021 768 2106 imperator,
802 2041 902 2105 super
925 2019 986 2084 hoc
1010 2020 1105 2084 nobis
1128 2041 1187 2105 per
1209 2026 1360 2108 patentes
1384 2019 1510 2083 litteras
1534 2026 1717 2083 vestrorum
1741 2026 1774 2083 et
1797 2020 1965 2083 civitatum
1989 2021 2097 2085 socie·

440 2126 518 2189 tatis
541 2123 689 2189 eiusdem
713 2124 895 2209 sigillorum
918 2124 1119 2209 appensione
1143 2123 1305 2200 munitas,
1335 2143 1470 2206 quarum
1502 2129 1596 2185 tenor
1624 2123 1667 2185 sit
1696 2123 1892 2208 transcripto
1915 2130 2098 2188 memorato

440 2228 632 2307 consimilis,
655 2228 750 2292 uobis
773 2228 860 2291 infra
882 2228 979 2291 unius
1002 2227 1126 2290 mensis
1150 2227 1293 2312 spatium
1316 2232 1391 2312 post
1415 2227 1659 2313 susceptionem
1683 2227 1887 2312 presentium
1909 2226 2098 2307 declaretis,

441 2332 536 2397 uobis
558 2353 618 2418 per
640 2333 845 2418 capellanum
869 2331 1009 2396 eundem
1032 2329 1204 2395 iamdictas
1227 2327 1487 2392 Lombardorum
1509 2329 1637 2393 litteras
1661 2331 1895 2395 transmissuri.

550 2451 626 2516 Dat.
649 2452 790 2534 Perusii,
812 2452 862 2517 VI
885 2451 960 2516 Kal.
983 2451 1143 2516 Novemb.
1167 2451 1376 2538 pontificatus
1400 2451 1504 2514 nostri
1526 2471 1610 2513 anno
1635 2457 1760 2515 octavo.

1243 2674 1289 2738 II.

1025 2802 1218 2875 Littera
1250 2802 1515 2876 societatis

714 2921 995 3011 Lombardie,
1022 2923 1219 3014 qualiter
1247 2926 1418 3013 ponunt
1445 2943 1492 2995 se
1518 2921 1562 2994 in
1592 2922 1826 2996 voluntate

1102 3041 1267 3114 domini
1293 3041 1435 3133 pape¹.

558 3189 681 3254 Notum
704 3189 747 3253 sit
770 3190 920 3254 omnibus
943 3197 1116 3277 presentes
1140 3190 1265 3254 litteras
1289 3191 1501 3277 inspecturis,
1526 3190 1612 3276 quod
1635 3211 1709 3271 nos,
1733 3197 1893 3271 rectores,
1916 3200 2101 3278 potestates

446 3301 480 3359 ct
503 3295 641 3359 consilia
663 3295 829 3359 civitatum
853 3296 1021 3359 societatis
1045 3293 1258 3370 Lombardie,
1289 3317 1331 3358 ex
1354 3293 1483 3376 debito,
1511 3316 1575 3380 quc
1599 3302 1749 3358 tenemur
1771 3300 1935 3379 tamquam
1957 3295 2016 3359 lilii
2040 3295 2100 3359 de-

446 3399 587 3463 votionis
612 3398 755 3480 efficere,
778 3420 840 3483 que
864 3397 905 3461 ad
928 3397 1087 3461 honorem
1112 3411 1223 3462 sancte
1239 3396 1386 3463 Romane
1404 3399 1542 3463 ecclesio
1567 3398 1681 3462 matris
1705 3404 1815 3461 nostre
1831 3383 1958 3484 possint
1980 3399 2099 3462 merito
2155 3438 2167 3476 ρ

445 3501 644 3582 redundare,
674 3501 767 3565 iuxta
789 3501 962 3565 consilium
986 3510 1019 3565 et
1052 3501 1326 3565 submonitionem
1358 3501 1461 3587 ipsius
1494 3523 1607 3565 omnes
1631 3501 1800 3585 querelas,
1832 3522 1912 3586 quas
1940 3501 2101 3566 babemus

446 3602 603 3669 adversus
627 3605 872 3668 serenissimum
894 3604 1075 3689 principem
1092 3602 1259 3667 dominum
1274 3603 1496 3681 Fredericum,
1523 3606 1752 3691 imperatorem
1770 3625 1900 3691 semper
1914 3611 2102 3689 augustum,

444 3707 627 3772 ierusalem
659 3713 692 3771 et
714 3707 827 3771 Sicilie
854 3727 964 3790 regem
995 3706 1173 3786 illustrem,
1205 3707 1357 3786 consilio,
1388 3707 1580 3791 provisioni,
1613 3706 1842 3791 compositioni
1867 3713 1899 3771 et
1922 3707 2104 3772 laudationi

446 3810 567 3874 domini
584 3809 735 3895 Gregorii
750 3809 814 3874 Dei
837 3811 943 3894 gratia
967 3812 1085 3875 summi
1100 3811 1264 3896 pontificis
1289 3818 1322 3874 et
1346 3809 1492 3874 ciusdem
1510 3811 1649 3874 ecclesie
1674 3830 1732 3894 pro
1756 3811 1986 3875 reformatione
2009 3812 2102 3896 pacis

446 3921 480 3978 et
513 3921 600 3978 statu
623 3913 820 3978 Lombardie
848 3915 1089 3979 committimus.
1134 3913 1169 3977 Si
1198 3913 1274 3998 quid
1305 3914 1404 3977 etiam
1432 3934 1492 3998 per
1519 3933 1579 3976 nos
1614 3914 1647 3976 in
1678 3914 1835 3977 lesionem
1866 3914 1919 3977 vel
1948 3913 2101 4004 iniuriam
2156 3961 2184 4001 ,θ

446 4018 653 4103 imperatoris
679 4015 826 4080 eiusdem
853 4016 974 4080 factum
1002 4025 1068 4097 cst,
1100 4025 1205 4080 totum
1234 4016 1413 4102 provisioni
1437 4022 1470 4079 et
1498 4015 1633 4080 arbitrio
1661 4015 1807 4102 predicte
1832 4017 1971 4081 ecclesie
1994 4016 2100 4082 libere
2218 4015 2220 4018 ’

446 4119 599 4184 duximus
622 4118 906 4194 committendum
938 4120 1169 4184 nichilominus
1199 4120 1400 4205 generaliter
1431 4119 1554 4199 omnia,
1588 4119 1770 4203 exquibus
1794 4120 1847 4183 vel
1874 4127 2008 4206 propter
2036 4141 2100 4204 que

447 4225 534 4287 inter
562 4243 622 4285 nos
651 4230 684 4286 et
716 4222 949 4308 imperatorem
981 4221 1121 4287 eundem
1145 4224 1253 4308 aliqua
1276 4221 1439 4286 discordia
1461 4222 1620 4285 hacteuus
1644 4228 1695 4285 est
1718 4229 1847 4302 exorta,
1877 4223 1909 4285 iu
1932 4224 2102 4287 voluntate

448 4333 481 4390 ct
504 4324 709 4390 ordinatione
743 4327 925 4411 apostolica
956 4327 1092 4391 firmiter
1125 4333 1346 4412 exponentes,
1378 4325 1642 4411 quodquidquid
1673 4347 1715 4389 ex
1738 4327 1799 4390 boc
1824 4327 2025 4392 consuluerit
2048 4330 2102 4393 rel

447 4429 644 4508 laudaverit,
677 4435 783 4492 ratum
806 4436 840 4493 et
868 4430 996 4493 firmum
1026 4437 1140 4495 tenere
1164 4431 1313 4494 volumus
1337 4436 1370 4494 et
1399 4431 1531 4495 habere.
1575 4429 1709 4494 Modum
1733 4430 1831 4494 etiam
1854 4433 2042 4494 cautionum
2065 4437 2101 4496 ct
2155 4478 2182 4517 ,5

447 4534 602 4613 formam,
636 4533 664 4594 si
687 4553 749 4616 que
780 4535 967 4598 necessarie
991 4535 1189 4600 videbuntur
1215 4534 1391 4620 prestanda
1420 4534 1516 4599 nobis
1546 4533 1587 4597 ab
1616 4554 1655 4597 eo
1687 4534 1739 4598 vel
1773 4534 1836 4619 ipsi
1865 4556 1925 4621 per
1953 4555 2014 4598 uos
2040 4557 2101 4620 pro

449 4657 561 4702 eorum
585 4634 825 4716 observatione,
849 4657 912 4721 que
936 4637 1104 4702 internos
1129 4643 1162 4700 et
1184 4637 1346 4724 prelatum
1370 4639 1600 4724 imperatorem
1617 4637 1758 4700 ecclesia
1774 4636 1904 4701 duxerit
1927 4637 2102 4702 statuenda

449 4740 489 4804 de
513 4738 662 4805 omnibus
686 4740 898 4825 supradictis,
931 4742 1083 4806 similiter
1112 4743 1145 4804 in
1174 4748 1277 4804 totum
1306 4743 1538 4805 committimus
1561 4741 1740 4827 provisioni
1764 4747 1797 4804 at
1825 4740 1958 4804 arbitrio
1982 4741 2102 4828 prefati

449 4843 567 4908 summi
596 4842 760 4928 pontificis
790 4844 891 4928 patris
920 4844 1041 4923 nostri,
1075 4843 1180 4907 itaut
1208 4865 1268 4907 uos
1292 4844 1515 4924 cautionibus,
1546 4864 1627 4928 quas
1655 4842 1791 4928 proinde
1818 4843 1997 4929 providerit
2025 4866 2101 4909 esse

448 4942 656 5033 prestandas,
687 4945 865 5010 debeamus
895 4968 953 5032 pro
982 4951 1074 5031 parte
1106 4953 1218 5010 nostra
1250 4968 1325 5011 csse
1356 4947 1516 5025 contenti,
1547 4952 1584 5009 ut
1610 4952 1720 5009 tamen
1750 4953 1783 5010 et
1814 4947 1885 5032 ipse
1914 4946 2009 5011 uobis
2040 4968 2100 5034 pro

552 5237 579 5304 l)
597 5236 690 5303 Recte,
706 5239 738 5290 at
754 5237 897 5305 credimus,
915 5237 1213 5304 namara-arsacias,
1231 5238 1248 5291 l.
1267 5253 1289 5290 c.
1309 5241 1327 5291 t.
1343 5241 1362 5291 l
1366 5241 1394 5304 V,
1407 5255 1438 5308 p.
1452 5242 1517 5304 493,
1534 5244 1631 5304 monet,
1648 5239 1700 5292 loca
1718 5236 1824 5292 litteras
1841 5253 1897 5291 non
1915 5255 1974 5293 asse
1990 5256 2009 5292 o
2020 5238 2103 5292 Lom-
2154 5175 2183 5214 ω

448 5322 546 5377 bordis
565 5321 603 5376 ad
615 5338 721 5392 popum
738 5321 869 5392 directae,
894 5323 943 5377 aad
963 5325 1096 5392 smmum,
1119 5341 1203 5394 quarn
1222 5340 1303 5393 papa
1324 5323 1421 5378 iisdem
1445 5323 1638 5378 transmiserit.
1674 5324 1750 5376 Nam
1767 5331 1832 5378 aare
1851 5326 1908 5378 Oct.
1926 5329 1964 5378 27
1980 5325 2103 5393 comptae

449 5425 508 5464 ease
529 5424 585 5462 aon
603 5411 735 5477 possunt,
763 5423 823 5464 cum
843 5427 924 5481 popa
946 5409 997 5464 lroc
1020 5410 1065 5465 die
1091 5413 1162 5465 sicat
1188 5413 1245 5464 tom
1267 5411 1322 5464 Iul.
1346 5413 1364 5464 3
1389 5411 1430 5479 [a.
1455 5411 1525 5479 587]
1549 5409 1877 5479 nomenculatore,
1899 5414 1930 5464 at
1951 5415 1977 5464 ct
1999 5411 2058 5481 ipsi
2073 5427 2128 5466 aa·

448 5497 478 5550 in
495 5494 623 5550 maridas
641 5497 771 5551 ccclesiae
784 5500 906 5567 ponant;
925 5515 974 5552 aas
992 5505 1083 5552 autem
1101 5498 1173 5552 Noa.
1196 5498 1237 5551 ccl
1255 5499 1322 5554 Dec.
1341 5499 1436 5552 cunae
1461 5499 1558 5553 missas
1576 5515 1633 5552 acac
1647 5504 1764 5567 propter
1782 5497 1905 5551 ordinem
1923 5497 2104 5566 Reyestoram

448 5584 541 5637 minua
559 5581 706 5636 verisimile
724 5585 771 5636 eat.
807 5583 853 5636 Aa
869 5585 937 5638 boec
953 5586 1009 5640 iam
1027 5585 1094 5638 Dec.
1108 5589 1142 5638 17
1160 5585 1262 5653 scedas
1279 5585 1351 5639 inter
1362 5584 1534 5639 Lombardca
1552 5587 1577 5638 ct
1595 5583 1747 5644 Hosticum
1764 5599 1854 5660 repam
1871 5585 1968 5638 contra
1984 5584 2102 5661 tmpera-
2155 5605 2182 5646 aa

449 5673 532 5724 torem
548 5668 654 5742 sactum
671 5671 719 5724 cat.
761 5667 804 5742 Os.
828 5668 1026 5741 Wiakelmana‚
1043 5669 1155 5727 Friedr.
1175 5674 1217 5741 II,
1234 5674 1254 5725 t.
1273 5674 1315 5740 II,
1328 5689 1358 5742 p.
1377 5675 1402 5739 4,
1419 5673 1474 5727 not.
1494 5673 1518 5732 6,
