4604 6420
415 385 478 446 362
998 380 1045 433 EX
1064 378 1239 434 GREGORII
1258 378 1296 432 IX
1314 376 1495 432 REGISTRO

415 554 519 638 gradu
548 555 581 615 in
613 554 749 638 gradum
766 555 836 617 fiat
865 553 982 616 solutio
1011 552 1233 617 collectarum.
1278 550 1418 636 Insuper
1440 550 1589 614 volumus
1620 555 1653 612 ct
1680 548 1828 612 districte
1858 549 2068 635 precipimus,

414 665 450 722 ut
477 656 590 722 debita
618 679 678 742 pro
712 677 916 742 quacumque
948 678 1047 721 causa
1080 662 1246 719 contracta
1273 676 1293 719 a
1321 655 1478 718 militibus
1511 661 1545 718 et
1572 652 1786 738 popularibus
1819 653 1903 716 iufra
1930 659 2069 737 quatuor

414 781 545 824 menses
569 761 785 824 communiter
813 760 1056 844 persolvantur,
1084 759 1130 822 ita
1157 757 1244 842 quod
1273 763 1399 822 tanturn
1427 778 1513 821 unus
1540 757 1647 820 bonus
1676 755 1771 818 miles
1800 761 1957 840 quantum
1985 777 2069 821 uuus

413 864 519 928 bonus
535 863 714 927 massarius
732 863 879 928 conferat
900 863 933 927 in
956 863 1118 926 solutione
1135 861 1320 926 huiusmodi
1337 861 1534 938 debitorum,
1558 866 1592 924 et
1615 860 1662 924 sic
1686 858 1726 924 de
1751 861 1854 943 gradu
1877 862 1910 926 in
1933 861 2069 945 gradum

415 966 533 1031 solutio
556 967 621 1030 ista
642 967 708 1031 fiat.
753 966 838 1031 Item
862 965 1070 1044 mandamus,
1094 965 1180 1050 quod
1203 965 1369 1045 massarii,
1394 965 1449 1048 qui
1473 986 1493 1028 a
1515 963 1663 1029 collectis
1687 949 1797 1049 aliquo
1820 970 1969 1050 tempore
1993 971 2068 1028 0001
2136 1001 2140 1012 ·

415 1069 575 1154 exempti,
608 1069 818 1154 exemptione
842 1068 1030 1132 huiusmodi
1053 1089 1118 1132 non
1141 1069 1310 1146 obstante,
1343 1073 1399 1130 aut
1422 1067 1455 1130 in
1478 1067 1626 1131 collectis
1650 1067 1779 1130 solvant
1802 1067 1887 1130 01001
1909 1069 2068 1146 massarii,

414 1178 470 1236 aut
493 1173 577 1235 sicut
598 1171 719 1236 milites
743 1171 888 1236 serviant
912 1171 1048 1234 civitati.
1094 1171 1167 1235 Hec
1191 1171 1318 1250 onmia,
1342 1191 1405 1255 que
1429 1170 1579 1256 superius
1603 1174 1678 1233 sunt
1701 1191 1875 1256 expressa,
1900 1171 1959 1234 snb
1982 1192 2070 1257 pena

415 1275 766 1340 excommunicacionis
795 1281 829 1339 01
858 1274 918 1338 sub
948 1274 1059 1338 debito
1092 1275 1289 1339 sacramenti
1315 1274 1445 1338 noviter
1466 1273 1597 1360 prestiti
1620 1279 1653 1336 et
1685 1273 1745 1336 snb
1773 1294 1879 1358 pena.
1895 1322 1902 1336 .
1916 1323 1924 1338 .
1938 1285 1961 1338 ,⁸
1982 1294 2069 1339 mar·

415 1399 527 1443 aarum
549 1377 672 1441 domini
694 1397 779 1464 pape
803 1398 932 1442 camere
955 1378 1150 1464 applicanda
1173 1378 1320 1442 districte
1343 1378 1541 1463 precipimus
1565 1377 1743 1441 observari.

521 1481 691 1545 Prolatum
717 1481 779 1546 fuit
807 1481 994 1545 mandatum
1025 1482 1089 1546 hoc
1118 1483 1152 1545 in
1175 1481 1316 1547 ecclesia
1338 1481 1530 1566 Anagniae,
1558 1487 1592 1545 et
1615 1487 1681 1544 tarn
1705 1502 1724 1545 a
1747 1481 1906 1545 militibus
1929 1502 2025 1565 qnam
2049 1505 2068 1546 a
2135 1500 2140 1528 ⁸

416 1585 538 1670 populo
563 1585 714 1670 pulsante
732 1604 889 1670 campana
903 1584 1025 1649 ibidem
1041 1585 1180 1649 collecto
1197 1590 1313 1670 sponte
1330 1591 1508 1669 receptum,
1531 1605 1616 1648 anno
1632 1583 1766 1647 Domini
1781 1582 2068 1661 M⁰ca⁰xxx⁰1⁰‚

414 1690 624 1775 pontificatus
654 1689 776 1753 domini
799 1686 952 1772 Gregorii
974 1688 1024 1752 IX
1047 1710 1131 1774 pape
1161 1708 1246 1752 anno
1278 1688 1409 1772 quinto,
1438 1687 1615 1751 indictione
1639 1686 1733 1766 Ille,
1757 1707 1870 1751 mense
1893 1687 1986 1768 Iulii,
2015 1687 2068 1750 die

415 1793 531 1868 XXII;
559 1793 592 1856 in
620 1791 788 1878 presentia
814 1789 937 1855 domini
959 1790 1090 1856 Alberti
1112 1790 1279 1876 Anagnini
1311 1791 1474 1878 episcopi,
1502 1790 1624 1854 domini
1648 1789 1800 1875 Gregorii
1828 1791 1869 1854 de
1898 1790 2069 1870 Romania,

416 1897 539 1961 domiui
562 1915 646 1982 pape
671 1893 863 1959 subdiaconi
886 1900 920 1958 et
943 1894 1122 1979 capellani,
1154 1894 1333 1980 Campania
1356 1893 1587 1978 Maritimeque
1610 1894 1762 1974 rectoris,
1790 1893 1913 1958 domini
1934 1894 2067 1958 Andrec

416 1999 456 2063 de
480 1999 619 2062 Francia
640 1997 835 2082 presbyteri,
858 1997 1032 2078 Iohannis,
1063 1999 1212 2083 magistri
1234 1999 1381 2077 Nicolai,
1412 1996 1676 2083 capellanorumb
1698 1997 1822 2063 domini
1848 1999 2011 2065 Ostiensis
2034 2005 2068 2064 et
2136 2021 2147 2054 a

416 2101 635 2166 velletrensis
659 2100 767 2179 electi,
791 2106 824 2164 et
847 2101 1022 2165 multorum
1045 2101 1184 2164 aliorum
1207 2100 1330 2165 ibidem
1352 2102 1539 2168 astantium.
1644 2151 1648 2156 .

523 2203 595 2289 Ego
619 2202 784 2268 Iohannes
808 2203 876 2268 Mel
899 2204 1088 2268 scriniarius
1112 2205 1254 2269 civitatis
1271 2204 1422 2289 Anagnia
1446 2205 1620 2290 prolationi
1642 2204 1741 2268 huius
1765 2204 1909 2269 mandati
1930 2227 2069 2290 presens

415 2308 564 2388 interfui,
606 2315 640 2372 01
672 2309 778 2393 ipsum
814 2307 855 2373 de
890 2307 1045 2372 mandato
1080 2308 1340 2393 supradictorum
1373 2308 1577 2373 dominomm
1611 2308 1732 2393 Regini
1764 2309 2003 2393 archiepiscopi
2037 2315 2070 2372 et

415 2410 579 2476 Ostiensis
603 2419 637 2476 at
659 2411 880 2476 Velletrcusis
904 2413 1002 2476 electi
1025 2412 1058 2475 in
1082 2412 1246 2497 publicam
1271 2411 1410 2476 formam
1434 2412 1548 2496 redegi
1571 2418 1605 2476 et
1628 2412 1723 2475 solito
1748 2413 1843 2496 signo
1867 2412 2004 2496 signavi.

522 2514 615 2578 Nulli
638 2535 717 2599 ergo
740 2521 804 2580 etc.
827 2521 939 2579 nostre
963 2515 1218 2580 confirmationis
1239 2516 1417 2600 infringere
1442 2522 1503 2580 010.
1549 2515 1584 2578 Si
1607 2517 1681 2599 quis
1703 2521 1814 2580 autem
1837 2522 1901 2580 etc.

523 2642 611 2707 Data
633 2642 750 2724 Reate,
773 2642 826 2706 ΙΙΙ
848 2642 927 2708 1100
950 2643 1104 2729 Augusti,
1127 2645 1335 2732 pontificatus
1359 2645 1463 2710 nostri
1486 2665 1570 2709 anno
1595 2645 1718 2730 quinto.

1037 2957 1448 2965 —.—-—-.—---——.--

1200 3267 1287 3340 449.

523 3394 713 3502 Gregorius
741 3423 796 3486 IX
820 3444 911 3505 papa
939 3424 1158 3509 [El-Kamil]
1188 3425 1354 3489 soldanum
1375 3425 1575 3506 Babyloniae
1601 3429 1705 3509 rapat,
1735 3429 1771 3488 at
1797 3429 1979 3490 narratores
2000 3426 2070 3489 Aa·

416 3525 585 3604 conitanoa,
607 3545 684 3607 qaas
704 3525 791 3606 epea
811 3527 1045 3594 Alexandriam
1066 3528 1141 3608 capi
1158 3527 1289 3612 fecerat,
1311 3548 1380 3592 cam
1402 3529 1546 3593 0001100
1567 3530 1657 3595 bonis
1679 3530 1818 3594 libertati
1837 3531 1991 3595 restituat.

1707 3653 1803 3735 1231,
1825 3653 1907 3734 Aug.
1930 3656 1982 3716 11.

518 3763 599 3834 Grep.
619 3766 668 3818 IX
685 3765 753 3834 Rea.
770 3765 833 3821 Lib.
857 3767 887 3832 V,
905 3771 964 3821 113.
1000 3767 1119 3822 Edimaa
1137 3784 1171 3822 ec
1189 3768 1280 3840 Roga.
1298 3768 1372 3822 Aea.
1388 3769 1450 3823 eccl.
1469 3787 1495 3825 a.
1515 3773 1592 3835 1231,
1610 3774 1626 3836 §
1645 3774 1690 3826 56.

517 3852 654 3918 Pottltast
673 3852 742 3922 Rea.
762 3857 845 3908 8784.

999 4052 1195 4126 Saldano
1227 4054 1484 4148 Babylonia.

520 4195 605 4261 Rem
626 4217 744 4262 novam
768 4204 801 4262 et
823 4198 1005 4274 insolitam,
1029 4221 1098 4264 rom
1122 4199 1353 4267 detestabilem
1376 4210 1410 4268 et
1433 4204 1628 4270 horrendam
1652 4225 1781 4270 mmore
1803 4200 1987 4267 audivimus
2010 4200 2068 4264 ob-

414 4298 592 4384 stupendo,
622 4299 708 4383 quod
730 4300 886 4366 videlicet
912 4310 1113 4368 mercatores
1136 4303 1376 4387 Anconitanos,
1405 4307 1519 4372 fideles
1549 4314 1696 4389 nostros,
1725 4306 1812 4394 apud
1833 4304 2068 4370 Alexandriam

414 4402 474 4466 sub
496 4407 552 4466 tue
576 4404 762 4468 securitatis
786 4406 883 4470 solita
904 4406 1023 4472 fiducia
1046 4415 1303 4490 commorantes,
1337 4412 1410 4496 capi
1433 4412 1541 4476 1001011
1564 4411 1759 4496 detinesque
1782 4410 1944 4496 captivos,
1973 4409 2070 4473 bonis

414 4505 565 4568 omnibus
599 4507 773 4592 spoliatos,
811 4510 897 4594 quod
931 4518 982 4576 cst
1014 4513 1127 4597 utique
1161 4519 1275 4577 contra
1307 4512 1406 4578 fidem
1442 4521 1476 4579 et
1508 4536 1643 4601 pacem,
1678 4534 1815 4600 quarum
1849 4513 2070 4599 predicabaris

413 4607 572 4671 hacteuus
595 4608 794 4674 inviolabilis
819 4613 1019 4690 custoditam
1043 4617 1215 4680 catellam
1239 4626 1352 4682 contra
1374 4619 1533 4683 bonorem
1556 4626 1590 4683 et
1612 4618 1795 4704 profectum
1818 4625 1927 4697 tuum,
1950 4617 2069 4701 quibus

414 4731 457 4773 ex
479 4709 541 4774 hoe
564 4711 739 4796 plurimum
762 4713 943 4800 derogasti,
979 4717 1055 4802 quia
1083 4740 1126 4782 ex
1155 4726 1248 4804 parte
1279 4727 1335 4785 tua
1364 4721 1428 4785 fide
1452 4723 1562 4786 taliter
1585 4723 1722 4802 violata,
1752 4721 1829 4785 hine
1857 4721 1898 4786 10
1927 4727 1960 4784 10
1990 4741 2068 4784 000-

413 4811 514 4876 fidere
548 4813 620 4897 quis
658 4814 814 4880 audebit?
874 4818 959 4892 Quia
990 4840 1068 4883 vero
1103 4823 1317 4888 remediabile
1352 4825 1473 4889 bonum
1508 4832 1559 4890 est
1590 4827 1624 4889 in
1658 4825 1852 4890 excessibus
1886 4825 2070 4888 accelerata

413 4916 591 4994 correctio,
623 4918 898 5003 magnificentiam
930 4927 1018 4985 tuam
1057 4923 1237 4990 affectuose
1274 4947 1426 5011 rogamus
1456 4934 1491 4992 et
1526 4949 1696 4992 monemus
1732 4934 1873 5008 attente,
1907 4933 2068 5012 quatenus
2122 4953 2148 4992 aa

413 5019 615 5083 conscientie
646 5042 684 5085 ac
720 5022 806 5088 fame
839 5031 894 5102 tue
925 5025 1101 5091 salubriter
1128 5030 1320 5110 consulens,
1355 5030 1520 5115 predictos
1550 5038 1749 5097 mercatores
1780 5031 1821 5096 ob
1848 5031 2068 5096 reverentiam

412 5121 559 5186 divinam
589 5129 624 5187 et
652 5132 797 5190 nostram
829 5147 902 5191 cum
930 5130 1081 5194 omnibus
1104 5131 1205 5196 bonis
1234 5134 1302 5197 suis
1331 5133 1512 5199 liberaliter
1540 5135 1695 5199 restituas
1717 5134 1879 5214 libertati,
1907 5135 1953 5197 ita
1982 5131 2070 5218 quod

412 5225 532 5291 exinde
554 5226 619 5290 Dei
642 5235 676 5293 ct
709 5230 876 5295 hominum
900 5232 1004 5296 evites
1028 5234 1203 5315 offensam,
1230 5243 1263 5299 et
1293 5257 1354 5300 nos
1382 5242 1416 5300 te
1438 5235 1618 5302 debeamus
1641 5238 1674 5300 in
1698 5237 1876 5302 maioribus
1900 5234 2068 5302 exaudire.

434 5355 436 5361 “
519 5353 596 5419 Dat.
619 5354 735 5440 Reate,
758 5357 811 5423 III
832 5358 882 5424 Id.
905 5359 991 5462 Aug.
1013 5363 1223 5448 pontificatus
1247 5365 1351 5429 nostri
1373 5386 1458 5430 anno
1481 5365 1523 5430 V.

1374 5541 1409 5548 .-

517 5647 540 5712 ·)
560 5650 627 5700 daea
645 5667 773 5703 canarno.
856 5651 878 5717 ¹²)
896 5653 1021 5720 capellani
1039 5675 1081 5722 ap.
1105 5656 1225 5722 Tfieiaer,
1244 5658 1304 5710 Cod.
1325 5659 1388 5724 dipl.
1408 5667 1423 5710 t
1443 5659 1509 5728 1,p.
1530 5665 1573 5724 95,
1590 5678 1616 5711 0.
1636 5664 1689 5712 111.
