4524 6412
728 385 938 441 ‘arls'rounu
956 346 1146 444 SELECTAfi
1184 391 1259 443 rme.
1762 395 1825 454 289

170 567 356 640 vertentes,
385 562 418 624 in
446 562 595 648 proximo
628 561 785 646 preterito
816 562 901 626 festo
930 583 1010 626 cene
1041 561 1214 626 Dominice
1246 563 1280 624 in
1306 561 1488 646 predictum
1512 561 1744 647 imperatorem
1767 584 1826 626 ex-

171 663 474 729 communicationis
499 665 695 730 sententiam
718 665 908 729 solemniter
930 665 1083 729 duximus
1106 665 1395 751 promulgandam,
1418 672 1489 728 tum
1512 686 1570 751 pro
1596 685 1635 729 eo
1660 665 1762 749 quod,
1791 672 1827 728 ut

171 768 368 854 premissum
392 775 453 848 est,
477 789 541 832 non
564 768 787 832 transfretavit
809 768 843 831 in
866 766 1045 832 subsidium
1070 769 1172 834 Terre
1196 768 1327 848 Sancte,
1350 789 1411 832 nec
1434 769 1632 853 promissum
1656 789 1826 832 numerum

172 872 311 936 militurn
335 872 368 934 in
385 872 541 957 expensis
558 872 625 936 suis
642 872 747 936 tenuit
762 872 815 936 vel
832 873 1021 950 transmisit,
1045 893 1105 936 nec
1124 873 1296 958 pecuniam
1315 892 1411 957 quarn
1428 870 1624 957 promiserat
1640 869 1825 950 destinavit,

108 993 119 1030 ³
172 981 242 1039 tum
265 975 341 1060 quia
355 975 577 1040 venerabilem
594 975 727 1039 fratrem
743 981 889 1038 nostrum
905 975 1118 1039 Tarentinum
1133 975 1437 1061 archiepiscopum¹
1460 973 1502 1038 ad
1525 972 1637 1038 sedem
1660 973 1826 1059 propriam

170 1076 328 1142 accedere
358 1099 424 1142 non
455 1078 662 1164 permittens,
694 1097 769 1141 eum
791 1076 947 1162 populum
971 1059 1066 1141 surim
1098 1099 1162 1142 non
1194 1079 1316 1164 patitur
1345 1077 1495 1156 visitare,
1525 1083 1593 1140 tum
1622 1067 1827 1161 etiam'qnia

170 1179 392 1267 Templarios,
428 1182 672 1268 Hospitalarios
701 1182 796 1246 bonis
825 1182 1001 1247 mobilibus
1030 1189 1064 1247 et
1091 1182 1331 1260 immobilibus,
1366 1203 1429 1268 que
1459 1181 1625 1246 habebant
1653 1182 1686 1246 in
1712 1203 1826 1267 regno,

171 1293 296 1350 temere
328 1285 497 1372 spoliavit,
526 1291 560 1350 et
587 1285 663 1371 quia
691 1285 962 1371 compositionem
985 1286 1106 1350 iactam
1136 1287 1352 1372 interipsum
1376 1293 1410 1350 et
1433 1285 1585 1350 comitem
1608 1284 1827 1350 Oelanensem

173 1397 207 1454 et
227 1389 432 1476 Rnynaldum
461 1389 501 1454 de
530 1390 675 1468 Aversa,
708 1411 766 1476 pro
794 1390 886 1454 cuius
916 1389 1147 1455 observatione
1176 1390 1323 1454 Romana
1352 1389 1494 1454 ecclesia
1521 1387 1563 1453 ad
1592 1409 1727 1475 precum
1755 1388 1826 1452 eius

172 1494 361 1558 instantiam
384 1494 556 1573 fideiussit,
580 1515 711 1558 servare
735 1493 924 1572 contemnit,
949 1500 982 1557 et
1004 1495 1081 1578 quia
1104 1494 1258 1558 comitem
1275 1492 1456 1578 Rogerium
1480 1492 1741 1575 crucesignatum
1765 1491 1825 1555 sub

172 1598 354 1683 apostolice
379 1597 466 1662 sedis
489 1599 694 1683 protectione
717 1603 905 1682 receptum,
935 1598 1093 1661 comitatu
1122 1605 1155 1661 et
1186 1598 1260 1662 aliis
1290 1597 1387 1661 terris
1418 1595 1563 1659 indebite
1593 1593 1763 1679 spoliavit,
1794 1599 1827 1657 et

173 1701 275 1764 filium
299 1701 370 1765 eius
394 1701 428 1764 in
451 1701 642 1787 captivitate
665 1699 835 1765 detentum
858 1698 900 1763 ad
923 1700 1110 1764 mandatum
1135 1701 1352 1786 apostolicum
1376 1699 1487 1784 sepius
1511 1697 1665 1760 iteratum
1689 1694 1826 1760 reddere

173 1803 359 1888 denegavit.
405 1803 597 1870 Adiecimus
620 1825 761 1890 quoquc,
785 1810 821 1867 ut
843 1804 916 1867 loca
937 1803 1100 1887 quelibet,
1125 1802 1168 1867 ad
1192 1825 1255 1888 que
1279 1803 1359 1888 ipse·
1374 1800 1577 1887 pervenerit,
1602 1798 1827 1864 ecclesiastico

174 1905 367 1970 subiaceant
381 1906 567 1987 interdicto,
590 1913 627 1971 ut
642 1905 797 1991 quamdiu
812 1927 950 1993 presens
967 1906 1074 1986 fuerit,
1100 1905 1221 1970 ibidem
1245 1906 1334 1969 nulla
1356 1904 1466 1968 divina
1480 1902 1589 1967 officia
1604 1901 1827 1976 celebrentur;

110 2053 114 2064 -
177 2007 283 2073 officio
299 2010 526 2096 beneficioque
543 2011 710 2097 privantes
734 2031 848 2074 omnes
866 1993 1026 2095 cuiusque¹
1040 2009 1256 2094 professionis
1279 2008 1331 2072 vel
1354 2006 1487 2086 ordinis,
1511 2007 1565 2092 qui
1589 2006 1630 2086 ei,
1654 2011 1827 2091 postquam

174 2112 384 2178 denuntiatus
413 2114 475 2179 init
498 2114 798 2180 excommunicatus
826 2114 983 2192 anobis,
1015 2112 1127 2178 divina
1150 2113 1213 2178 sibi
1236 2133 1319 2177 ausu
1342 2109 1517 2176 temerario
1540 2108 1765 2186 celebrarunt,
1794 2115 1827 2172 et

173 2222 347 2301 antequam
380 2217 423 2281 ad
457 2217 645 2283 mandatum
676 2219 817 2284 ecclesie
851 2216 984 2298 redeat,
1018 2217 1060 2283 de
1095 2225 1205 2282 cetero
1242 2213 1464 2282 celebrabunt.
1508 2211 1596 2276 Illud
1630 2213 1728 2276 ctiam
1761 2233 1826 2275 non

173 2319 326 2384 duximus
358 2319 592 2401 omittendum,
627 2321 713 2406 quod
745 2322 772 2386 si
806 2321 847 2386 de
879 2327 988 2386 cetero
1026 2343 1061 2386 se
1093 2321 1210 2384 officiis
1239 2318 1357 2382 divinis
1386 2316 1577 2402 ingesserit,
1612 2321 1725 2379 contra
1752 2335 1826 2379 emn

168 2430 327 2509 tanquam
354 2430 468 2488 contra
501 2425 684 2490 hereticum
712 2432 746 2488 et
775 2424 915 2488 clavium
943 2424 1084 2489 ecclesie
1116 2429 1374 2508 contemptorem
1405 2419 1582 2485 severitate
1609 2417 1722 2483 debita
1751 2438 1825 2504 pro-

97 2579 107 2591 .
176 2527 340 2592 cedemus.
385 2527 429 2592 Et
458 2529 486 2592 si
514 2527 555 2593 ab
587 2529 801 2594 ecclesiarum
832 2533 866 2592 et
894 2527 1194 2591 ecclesiasticarum
1223 2544 1436 2611 personamm
1464 2520 1733 2609 oppressionibus
1762 2541 1826 2585 non

173 2630 362 2712 destiterit,
383 2638 439 2696 aut
461 2652 526 2695 non
550 2631 730 2696 cessaverit
752 2654 771 2695 a
794 2630 1041 2695 conculcatione
1065 2628 1290 2693 ecclesiastice
1314 2626 1493 2704 libertatis,
1525 2624 1578 2688 vel
1602 2623 1826 2688 excommuni-

173 2735 300 2800 catione
331 2741 519 2821 centempta
550 2734 656 2800 redire
686 2756 751 2799 non
784 2735 947 2799 curaverit
969 2734 1011 2798 ad
1040 2732 1230 2798 mandatum
1260 2731 1416 2810 ecclesie,
1447 2749 1575 2808 omnm,
1607 2728 1662 2813 qni
1691 2717 1768 2791 snut
1795 2726 1827 2790 ei

172 2838 339 2904 fidelitatis
373 2840 555 2904 iuramento
591 2839 731 2919 astricti,
767 2847 800 2904 ct
832 2838 1022 2924 specialiter
1052 2837 1202 2901 homines
1236 2835 1344 2920 regni,
1380 2856 1401 2898 a
1431 2833 1630 2912 iuramento,
1664 2850 1728 2914 quo
1764 2829 1827 2893 sibi

172 2949 340 3022 tenentur,
369 2942 577 3007 absolvemus
601 2948 635 3006 et
658 2940 922 3007 denuntiabimus
946 2932 1150 3020 absolutos,¹
1168 2940 1246 3025 quia
1271 2939 1365 3002 iuxta
1391 2936 1559 3001 decretum
1582 2933 1688 2998 felicis
1718 2953 1827 2997 recor-

96 3069 122 3106 εδ
175 3045 316 3110 dationis
353 3045 480 3110 Urbani
518 3067 602 3132 pape
640 3039 793 3125 secundi,
838 3043 1082 3131 predecessoris
1120 3042 1242 3120 nostri,
1287 3040 1498 3119 fidelitatem,
1544 3058 1642 3124 quam
1678 3037 1828 3101 homines

175 3149 360 3214 Christiano
394 3148 533 3234 principi
569 3149 764 3228 iuraverint,
799 3147 872 3212 Deo
907 3148 1043 3232 eiusque
1080 3146 1202 3210 sanctis
1236 3144 1424 3210 adversanti
1457 3150 1491 3207 et
1527 3163 1639 3207 eorum
1673 3145 1829 3227 precepta

175 3253 324 3330 calcanti,
348 3254 438 3317 nulla
460 3253 653 3317 auctoritate
676 3253 864 3339 persolvere
889 3251 1093 3316 cohibentur.
1138 3247 1182 3312 Et
1205 3248 1233 3311 si
1256 3269 1322 3312 non
1345 3246 1526 3312 cessaverit
1548 3245 1590 3309 ab
1614 3242 1828 3331 oppressione

175 3358 383 3444 pupillorum,
407 3356 625 3442 orphanorum
651 3363 684 3420 et
705 3355 877 3420 viduarum
900 3376 959 3419 seu
982 3354 1140 3418 nobilium
1165 3359 1198 3418 et
1221 3351 1359 3415 aliorum
1375 3351 1542 3415 hominum
1566 3348 1658 3433 regni
1681 3347 1734 3411 vel
1757 3347 1828 3410 eius

176 3461 415 3540 destructione,
448 3457 535 3545 quod
563 3457 604 3522 ad
631 3458 815 3522 Romanam
848 3459 1021 3522 eeclesiam
1056 3456 1242 3543 specialiter
1271 3455 1417 3518 noscitur
1450 3454 1634 3539 pertinere,
1673 3470 1730 3537 pro
1765 3469 1828 3533 quo

178 3565 277 3630 ctiam
306 3562 595 3649 predecessoribus
625 3562 747 3627 nostris
777 3568 811 3625 et
841 3561 981 3626 ecclesie
1009 3560 1157 3625 Romane
1186 3559 1403 3622 iuramentum
1433 3555 1600 3621 fidelitatis
1623 3552 1774 3617 exhibuit
1797 3559 1830 3614 et

177 3668 364 3752 homagium
401 3667 561 3753 prestitit,
603 3666 719 3730 merito
754 3665 874 3751 poterit
912 3663 1087 3730 formidare
1126 3685 1161 3727 se
1192 3662 1264 3726 iurc
1300 3658 1390 3724 leudi
1424 3658 1625 3745 privandum.
1683 3654 1829 3739 Ideoque

177 3771 424 3836 universitatem
455 3775 597 3833 vestram
626 3791 795 3834 monemus
823 3776 966 3846 attente,
1000 3790 1060 3855 per
1088 3765 1271 3853 apostolica
1298 3763 1393 3827 vobis
1426 3763 1547 3847 scripta
1574 3759 1721 3824 districte
1753 3777 1828 3842 pre-

177 3873 328 3960 cipiendo
362 3872 573 3952 mandantes,
607 3879 768 3956 quatenus
803 3874 924 3958 singuli
951 3871 1131 3958 predictam
1165 3868 1361 3934 sententiam
1390 3864 1583 3930 solemniter
1611 3860 1828 3947 publicantes,

177 3977 377 4042 denuntietis
402 3998 475 4041 eam
498 3976 636 4062 singulis
659 3975 775 4040 diebus
799 3976 970 4041 dominicis
994 3983 1027 4041 et
1049 3972 1206 4039 festivis.²

800 4243 1210 4252 .-—.....-——-.-—-——

961 4493 1047 4566 372.

288 4603 489 4724 Grcporius=
512 4632 568 4697 IX
597 4654 684 4713 popu
716 4632 917 4697 Fridcricmu·
951 4632 1166 4697 Rornanormu
1199 4632 1414 4710 imperatorem
1449 4631 1564 4691 rrttcrrtc
1598 4631 1707 4704 erronei,
1745 4631 1780 4690 at
1810 4649 1832 4689 u

179 4744 388 4808 irrolcstutionc
419 4738 618 4804 ecclesiarum
650 4737 739 4820 rcpmi
768 4736 899 4801 Siciliae
932 4741 961 4800 ct
989 4736 1128 4817 Apuliae
1158 4734 1352 4815 cucurrissent
1382 4733 1411 4794 ct
1439 4732 1586 4810 personis
1617 4729 1832 4794 ecclesiasticis

178 4847 286 4912 ablata
307 4844 467 4922 restituut;
488 4842 584 4904 mittit
605 4839 649 4903 ad
669 4859 739 4903 eam
760 4839 797 4904 de
817 4839 876 4904 bae
898 4861 931 4904 rc
953 4839 996 4905 B.
1019 4841 1048 4910 ct
1069 4836 1110 4901 R.
1129 4837 1251 4921 fratres
1272 4834 1425 4899 Minores.

1494 4937 1587 5014 1228,
1609 4934 1692 4999 Mai.
1717 4939 1745 4997 7.

284 5035 366 5102 Grey.
384 5031 432 5084 ΙΧ
446 5029 513 5098 Rep.
538 5028 594 5082 Vol.
612 5029 639 5092 Ι,
659 5030 710 5094 68,-
728 5027 791 5081 lito.
809 5028 853 5092 ΙΙ,
872 5033 916 5082 10.

284 5116 507 5186 Potitiorum.
527 5116 609 5169 8189.

284 5399 310 5463 l)
331 5395 484 5448 Nicolaum.
536 5393 563 5460 2)
581 5391 618 5445 In
636 5388 869 5444 Betilienum.
893 5388 976 5442 Tam.
994 5391 1013 5442 t.
1031 5385 1094 5450 ΙΙΙ,
1113 5401 1143 5454 p.
1164 5387 1227 5442 428.
1245 5399 1271 5436 a.
1292 5387 1324 5435 8:
1343 5381 1445 5434 Datum
1465 5377 1603 5442 Laterani,
1623 5377 1675 5431 XII
1693 5376 1833 5431 Kalendas

181 5481 302 5552 Aprilis,
330 5479 509 5550 pontificatus
531 5475 619 5531 nostri
643 5491 717 5528 anno
744 5473 847 5543 primm
877 5475 958 5542 nack,
989 5488 1050 5527 cum
1077 5470 1195 5540 epistola
1216 5473 1281 5537 post
1299 5467 1384 5521 Mart.
1402 5467 1441 5518 23
1466 5463 1573 5533 scripta
1599 5463 1644 5518 ait.
1663 5493 1695 5504 -
1727 5463 1761 5518 m
1787 5479 1833 5533 up.

183 5566 471 5622 Haillard-Bre‘bolles
489 5565 505 5618 l.
524 5578 547 5618 c.
566 5569 583 5616 t.
607 5561 669 5624 III,
683 5578 714 5630 p.
734 5565 779 5628 55,
803 5565 858 5614 not.
877 5565 892 5614 1
910 5560 1033 5628 meimet,
1059 5555 1138 5612 adeat
1155 5556 1187 5608 io
1208 5554 1280 5622 Rep.
1298 5569 1362 5606 nna.
1381 5551 1425 5616 11,
1443 5566 1469 5604 n.
1490 5553 1508 5602 6
1524 5549 1591 5602 baec
1609 5549 1702 5602 cadem
1719 5547 1835 5618 epistota

182 5654 243 5725 rapi
260 5651 380 5725 Aayliae
397 5650 501 5706 directa
518 5665 578 5704 cam
596 5645 773 5702 comeatibus
789 5645 818 5699 ia
830 5647 897 5714 fiae,
916 5645 968 5700 aab
987 5644 1066 5698 dato:
1083 5642 1170 5696 Rome
1188 5639 1263 5710 apud
1282 5639 1415 5694 Sanctum
1433 5635 1555 5698 Petrum,
1574 5634 1626 5688 Vll
1645 5634 1709 5688 Idus
1723 5633 1834 5704 Aprilis.

285 5767 345 5816 Rae.
365 5767 442 5815 Pom.
462 5767 481 5814 1.
1593 5745 1627 5798 37
