4524 6412
996 409 1043 464 EX
1062 409 1237 464 GREGORII
1258 408 1296 462 lll
1316 408 1496 464 REGISTRO

806 693 988 767 Civibus
1016 690 1248 766 Gaietanis
1276 691 1488 765 fidelibus
1514 691 1686 764 nostris.

529 845 633 910 Sedes
656 844 836 931 apostolica
858 843 960 907 veluti
983 843 1037 928 pia
1065 847 1187 922 mater,
1220 862 1282 926 que
1313 841 1454 905 filiorum
1481 840 1567 906 uteri
1599 842 1649 905 sui
1682 841 1832 906 oblivisci
1861 864 1925 906 non
1955 848 2077 926 potest,

422 953 564 1015 intrante
588 971 668 1036 sepe
691 949 724 1013 in
748 953 927 1033 conspectu
949 968 1008 1010 suo
1031 945 1156 1030 gemitu
1172 944 1421 1009 tribulationum
1443 945 1628 1024 multarum,
1652 965 1789 1029 quarum
1812 951 1993 1030 tempestas
2018 968 2077 1009 vos

423 1061 457 1118 et
480 1054 561 1117 alios
577 1053 726 1117 homines
750 1053 843 1136 regni
859 1050 1002 1135 graviter
1017 1049 1185 1134 hucusque
1203 1047 1412 1135 depresserat
1436 1055 1469 1112 et
1491 1069 1576 1134 pene
1593 1047 1796 1113 demerserat
1818 1049 1852 1113 in
1867 1048 2076 1134 profundum,

263 1164 571 1228 ruerus,1o.materno
598 1157 718 1221 affectu
746 1155 947 1240 compatiens
978 1153 1210 1217 afflictionibus
1234 1152 1390 1230 filiorum,
1423 1152 1478 1235 qui
1508 1152 1601 1236 qnasi
1630 1152 1663 1215 in
1694 1152 1763 1216 luto
1787 1158 1820 1216 et
1843 1153 1946 1217 latere
1970 1154 2077 1217 coacti

423 1261 553 1325 fuerant
574 1258 760 1338 deservire,
785 1257 949 1323 desiderio
971 1256 1184 1337 desideravit,
1216 1263 1252 1320 ut
1274 1257 1351 1340 iugo
1373 1256 1415 1320 ab
1439 1276 1551 1320 eorum
1575 1255 1757 1320 cervicibus
1780 1263 1847 1320 tam
1868 1255 1948 1321 dure
1972 1258 2077 1321 servi·

424 1364 501 1429 tutis
532 1384 690 1440 excusso,
722 1361 820 1426 finem
851 1360 915 1425 hiis
945 1359 1023 1425 dare
1046 1360 1207 1424 Dominus
1239 1360 1439 1444 dignaretur.
1483 1358 1521 1422 In
1551 1359 1705 1424 effectum
1735 1380 1863 1445 quoque
1891 1360 2078 1446 producens

425 1465 511 1552 quod
534 1466 567 1528 in
592 1465 713 1529 affectu
735 1465 886 1548 gerebat,
917 1465 951 1528 in
976 1487 1010 1528 se
1036 1463 1181 1550 suscepit
1203 1464 1372 1549 negotium
1397 1471 1431 1528 et
1454 1464 1606 1528 submisit
1628 1464 1782 1528 humeros
1803 1462 1845 1527 ad
1867 1462 2076 1548 portandum,

424 1591 483 1656 pro
506 1589 569 1653 quo
594 1567 725 1652 quidem
741 1568 893 1654 exposuit
917 1589 953 1632 se
977 1567 1142 1631 laboribus
1167 1575 1200 1631 et
1223 1567 1379 1653 expensis
1396 1567 1575 1631 innumeris
1599 1574 1633 1631 ot
1655 1567 1804 1652 personis
1821 1566 1918 1631 etiam
1943 1588 2077 1631 suorum

424 1672 570 1736 fidelium
600 1693 665 1735 non
695 1671 860 1757 pepercit,
889 1671 1065 1755 languores
1093 1671 1202 1734 ferens
1233 1691 1291 1755 per
1324 1670 1385 1735 hoc
1416 1678 1449 1734 et
1479 1677 1612 1757 portans
1643 1669 1772 1734 dolores
1801 1670 1968 1734 hominum
2001 1692 2077 1757 pre-

426 1774 595 1839 dictorum.
642 1773 724 1837 Cum
752 1773 852 1857 igitur
879 1772 1005 1838 reducti
1029 1775 1101 1838 sitis
1132 1773 1173 1838 ad
1195 1774 1389 1838 fidelitatem
1422 1780 1456 1838 et
1478 1773 1656 1838 dominium
1679 1772 1826 1838 Romane
1850 1774 2006 1852 ecclesie,
2037 1773 2079 1838 ad

237 1955 242 1964 ,
427 1898 524 1964 quarn
553 1897 619 1941 non
649 1883 719 1942 erat
747 1876 881 1941 dubium
903 1899 961 1942 vos
992 1885 1162 1964 spectare,
1197 1876 1395 1942 adherentes
1426 1879 1511 1942 sicut
1540 1877 1681 1943 subiecti
1711 1883 1745 1941 et
1773 1875 1888 1942 fideles
1919 1876 2079 1958 eiusdem,

255 1994 408 2044 batth-neo-
428 1981 519 2046 cuius
548 2001 647 2045 suave
674 1980 786 2064 iugum
814 1987 848 2046 et
874 2003 956 2046 onus
986 1984 1057 2046 eius
1086 1989 1137 2047 est
1159 1982 1249 2061 leve,
1277 2003 1315 2046 ac
1338 2005 1398 2068 per
1419 1981 1481 2048 hoc
1504 2004 1570 2046 non
1592 1982 1697 2063 illius,
1731 2002 1793 2065 que
1821 1982 1855 2045 in
1886 1981 2081 2047 servitutem

290 2104 408 2156 aanor.
428 2089 582 2168 generat,
615 2089 666 2148 set
697 2083 802 2148 libere
837 2083 897 2148 filii
932 2085 1099 2160 existatis,
1134 2084 1268 2170 dignum
1300 2092 1371 2166 est,
1401 2090 1437 2149 ut
1466 2085 1506 2149 ab
1537 2085 1695 2150 uberibus
1729 2085 1961 2150 consolationis
1990 2083 2081 2148 sedis

427 2186 607 2273 apostolice
636 2186 749 2251 matris
779 2193 813 2251 et
839 2184 969 2251 domine
998 2194 1108 2252 vestre
1138 2187 1255 2270 amodo
1283 2188 1492 2267 recreamini,
1523 2188 1707 2272 gaudentes
1738 2207 1810 2251 oum
1837 2187 1944 2252 letitia
1967 2187 2023 2272 qui
2045 2188 2080 2250 in

428 2289 742 2354 tristitiaextitistis.
788 2288 983 2375 Eapropter,
1007 2290 1117 2354 dilecti
1134 2291 1170 2354 in
1187 2290 1328 2355 Domino
1344 2292 1414 2372 filii,
1436 2292 1555 2356 vestris
1571 2289 1715 2356 comodis
1731 2289 1903 2377 providere
1920 2291 2081 2371 volentes,

429 2415 501 2459 cum
517 2392 666 2456 Romana
688 2393 829 2457 ecclesia
850 2393 1030 2458 clementer
1052 2394 1239 2478 prospicere
1263 2395 1471 2458 consueverit
1493 2394 1687 2458 utilitatibus
1709 2392 1940 2474 subiectorum,
1962 2393 2081 2458 vestris

429 2495 723 2582 supplicationibus
747 2496 894 2559 inclinati
917 2495 957 2560 de
981 2496 1111 2560 comuni
1128 2497 1264 2560 fratrum
1287 2505 1472 2561 nostrorum
1496 2498 1633 2561 consilio
1657 2503 1691 2562 et
1713 2518 1852 2561 assensu
1871 2495 2082 2560 concedimus

428 2602 462 2666 in
483 2598 682 2688 preficiendo
706 2604 904 2684 potestates,
937 2599 1089 2663 consules
1118 2605 1151 2664 et
1182 2607 1326 2663 rectores
1357 2607 1391 2665 et
1420 2600 1454 2663 in
1477 2600 1627 2664 omnibns
1651 2599 1724 2663 aliis
1752 2600 1956 2680 libertatem,
1985 2619 2083 2684 quam

428 2705 529 2771 habet
552 2724 572 2768 a
594 2702 673 2767 sede
696 2701 877 2787 apostoliea
907 2702 1021 2765 civitas
1044 2702 1228 2786 Anagnino.
1273 2703 1517 2768 Immunitatem
1541 2722 1669 2787 quoque
1692 2723 1751 2788 per
1774 2709 1878 2766 toturn
1902 2723 2039 2786 regnum
2061 2724 2082 2766 a
2131 2733 2143 2771 a

427 2805 631 2897 'prestatione
654 2805 807 2892 passagii,
830 2804 973 2891 pedagii,
997 2804 1186 2890 falangatici
1209 2828 1248 2871 ac
1271 2806 1423 2888 dationis,
1447 2829 1509 2892 que
1526 2806 1671 2870 directus
1687 2806 1866 2890 vulgariter
1888 2803 2016 2885 dieitur,
2040 2805 2082 2868 ad

431 2913 554 2977 curiam
577 2907 819 2996 pertinentium,
843 2913 877 2972 et
900 2906 1110 2973 medietatem
1134 2929 1255 2988 eorum,
1276 2931 1339 2994 que
1362 2930 1421 2995 pro
1444 2910 1577 2974 offensis
1597 2909 1768 2989 debentur,
1793 2930 1865 2974 cum
1888 2909 2083 2993 magistratu

431 3014 669 3101 protentiatus³
691 3011 858 3095 galearum
881 3010 1097 3075 aPolicastro
1119 3031 1223 3094 usque
1241 3011 1392 3075 Galatam
1409 3011 1450 3076 de
1472 3013 1578 3096 gratia
1594 3012 1686 3076 vobis
1709 3012 1919 3077 concedimus
1942 3012 2083 3078 liberali.

432 3116 582 3184 (ludendi
605 3115 704 3181 etiam
727 3120 892 3178 monetam
915 3121 1120 3198 argenteam,
1151 3113 1208 3177 ubi
1231 3135 1274 3178 err
1296 3135 1362 3178 una
1383 3122 1476 3200 parte
1499 3137 1619 3200 ymago
1643 3117 1759 3202 capitis
1783 3117 1873 3180 beati
1894 3115 1986 3181 Petri
2009 3136 2084 3178 oum

432 3219 710 3307 superscriptione
734 3217 874 3281 civitatis
897 3224 1016 3292 vestre,
1041 3238 1084 3282 ex
1106 3216 1171 3280 alia
1194 3237 1271 3280 vero
1295 3218 1328 3280 in
1352 3217 1459 3282 medio
1482 3240 1566 3304 pape
1591 3227 1624 3284 et
1647 3220 1679 3284 in
1702 3220 1823 3284 circulo
1848 3218 2083 3305 superscriptio
2134 3248 2145 3286 r

432 3325 535 3389 nostri
570 3321 710 3387 nominis
744 3320 942 3402 habeantur,
979 3327 1012 3385 et
1046 3319 1223 3405 ampliandi
1255 3320 1421 3386 civitatem
1450 3329 1591 3387 vestram
1624 3324 1675 3386 vel
1706 3322 1878 3387 edificandi
1905 3343 2023 3386 novam
2052 3321 2086 3385 in

432 3434 543 3492 monte
572 3425 676 3490 sancti
698 3423 831 3488 Martini
853 3444 954 3509 prope
982 3423 1089 3509 posito
1120 3423 1257 3487 liberam
1281 3424 1374 3488 vobis
1406 3425 1578 3488 tribuimus
1602 3425 1806 3500 facultatem,
1836 3425 1882 3488 ita
1911 3422 1999 3510 quod
2026 3445 2086 3510 pro

432 3536 564 3595 moneta
587 3527 733 3613 quolibet
755 3547 859 3606 anno,
889 3547 962 3589 cnm
991 3546 1063 3590 eam
1093 3525 1166 3589 cudi
1199 3527 1390 3611 contigerit,
1422 3528 1657 3613 quinquaginta
1684 3534 1816 3593 tarenos
1839 3528 1910 3592 auri
1932 3526 2029 3590 nobis
2053 3532 2087 3590 et

422 3633 552 3697 *nostris
587 3630 834 3696 successoribus
868 3629 1077 3713 persolvetis.
1142 3628 1283 3716 Insuper
1320 3651 1433 3695 omnes
1473 3630 1645 3694 libertates
1687 3651 1865 3715 omnesque
1903 3628 2086 3696 laudabiles

433 3735 701 3813 eonsuetudines,
730 3756 810 3819 quas
833 3733 995 3797 habuistis
1018 3738 1164 3818 tempore
1189 3735 1275 3799 clare
1299 3735 1454 3800 memorie
1478 3736 1565 3820 regis
1589 3734 1756 3799 Guilielmi
1778 3734 1812 3796 in
1835 3731 1984 3796 creandis
2007 3753 2085 3796 con·

433 3839 570 3920 sulibus,
593 3837 755 3903 iudicibus
779 3843 812 3903 et
835 3836 908 3900 aliis
932 3835 1128 3899 officialibus
1153 3837 1269 3901 annuis
1292 3859 1331 3902 ac
1354 3838 1500 3918 notariis,
1530 3838 1563 3901 in
1586 3837 1772 3922 cognitione
1796 3858 1833 3901 ac
1856 3837 2086 3902 terminatione

434 3964 622 4020 causarum,
645 3962 706 4006 nec
729 3961 794 4005 non
818 3946 851 4004 et
874 3940 907 4002 in
931 3938 1039 4004 duona
1062 3940 1158 4020 salis,
1183 3941 1216 4004 in
1238 3941 1397 4028 portubus
1421 3963 1568 4026 quoque,
1592 3941 1717 4005 scilicet
1740 3942 1773 4004 in
1795 3940 1906 4006 Patria
1927 3949 1960 4006 et
1982 3943 2024 4007 ab
2048 3963 2088 4006 aa

433 4069 536 4132 usque
566 4044 767 4123 Cannetum,
801 4043 833 4107 in
862 4042 1034 4107 vendendo
1063 4043 1191 4108 scilicet
1218 4044 1250 4107 in
1276 4044 1339 4108 hiis
1372 4045 1475 4109 salem
1505 4051 1538 4108 et
1568 4042 1706 4108 emendo
1737 4050 1770 4108 et
1800 4043 1980 4110 extraendo
2009 4043 2087 4110 indo

434 4149 588 4214 victualia
611 4154 644 4212 et
674 4147 707 4210 in
729 4145 907 4210 deferendo
930 4146 1035 4211 libere
1059 4146 1227 4227 Gaietam,
1258 4148 1389 4212 labores
1423 4147 1659 4225 hereditatum,
1689 4168 1769 4231 quas
1797 4169 1855 4212 vos
1884 4154 1918 4212 et
1945 4149 2087 4213 ecclesie

434 4253 576 4318 civitatis
600 4257 709 4315 vestre
733 4249 862 4314 habetis
886 4250 919 4313 in
942 4251 1098 4314 comitatu
1121 4251 1290 4327 Fundano,
1314 4273 1351 4316 ae
1374 4252 1407 4315 in
1430 4250 1635 4316 defendendo
1659 4273 1717 4315 vos
1739 4251 1781 4314 ab
1804 4251 1944 4316 inimicis
1967 4251 2085 4315 vestris

435 4363 530 4422 extra
553 4375 690 4439 regnum
719 4359 752 4416 et
781 4374 895 4438 paoem
926 4352 1075 4418 faciendo
1106 4376 1179 4418 cum
1206 4356 1304 4440 ipsis,
1338 4354 1532 4419 Pontianam
1563 4356 1661 4419 etiam
1691 4354 1846 4434 insulam,
1879 4352 2087 4432 Palmariam,

436 4459 638 4536 Sermonem,
669 4455 880 4520 Pantateram
905 4461 939 4522 et
962 4455 1119 4521 Sanctum
1141 4458 1317 4522 Martinam
1342 4479 1415 4522 enm
1445 4458 1594 4543 piscariis
1618 4464 1651 4522 et
1673 4457 1862 4522 tenimentis
1888 4457 1973 4532 suis,
2004 4456 2089 4520 sicut

436 4569 583 4646 tempore
607 4559 778 4623 memorati
809 4559 896 4643 regis
928 4559 1087 4624 habuistis
1111 4561 1261 4640 easdem,
1294 4568 1328 4626 et
1351 4561 1549 4645 generaliter
1572 4581 1684 4625 onmes
1707 4560 1809 4624 bonas
1834 4558 2089 4625 consuetudines

436 4670 575 4741 vestras,
600 4662 698 4726 salvis
723 4661 873 4725 omnibus
897 4662 1031 4727 iustitiis
1055 4670 1088 4728 et
1110 4663 1293 4728 redditibus
1317 4663 1406 4729 curie
1430 4663 1560 4743 debitis,
1583 4684 1642 4748 pro
1665 4664 1782 4749 quibus
1804 4663 2004 4750 recipiendis
2027 4663 2087 4727 ali·

437 4768 509 4853 quis
532 4765 573 4831 de
596 4773 684 4830 terra
706 4770 818 4829 nostra
841 4773 982 4850 ponetur
1004 4787 1064 4852 per
1090 4765 1203 4831 sedem
1225 4767 1456 4852 apostolicam,
1488 4765 1576 4830 idem
1599 4766 1651 4831 vel
1674 4768 1756 4830 alius
1779 4767 1962 4845 annuatim,
1992 4767 2087 4831 vobis

436 4869 631 4935 auctoritate
647 4868 828 4954 apostolica
845 4869 1071 4933 confirmamus
1095 4875 1129 4932 et
1151 4869 1314 4955 presentis
1338 4869 1450 4954 scripti
1468 4869 1649 4954 patrocinio
1666 4871 1912 4934 communimus.
1957 4868 2089 4955 Ubique

436 4994 514 5038 vero
546 4993 604 5057 per
637 4991 775 5056 regnum
805 4971 886 5035 salvi
918 4971 983 5035 sint
1013 4972 1103 5036 cives
1132 4974 1250 5053 vestri,
1286 4994 1367 5057 quos
1397 4973 1602 5057 naufragium
1630 4973 1698 5058 pati
1727 4973 1950 5057 contingeret,
1985 4978 2019 5037 et
2046 4993 2089 5036 ne

437 5075 644 5142 offendantur
667 5075 700 5138 in
723 5074 873 5160 personis
896 5074 948 5137 vel
971 5075 1087 5154 rebus,
1118 5076 1297 5141 districtius
1327 5076 1551 5162 prohibemus,
1596 5075 1827 5141 Interdicimus
1850 5078 1964 5155 etiam,
1990 5097 2033 5142 ne
2056 5076 2090 5140 in

438 5179 568 5243 civitate
591 5184 703 5243 vestra
724 5179 778 5242 vel
806 5183 901 5240 extra
929 5176 963 5240 in
992 5179 1181 5244 tenimentis
1206 5180 1309 5265 ipsius
1332 5186 1475 5244 castrum
1499 5200 1558 5243 seu
1581 5179 1717 5242 munitio
1740 5178 1850 5264 aliqua
1872 5185 2090 5244 construatur.

438 5281 719 5365 Quandocumque
755 5285 863 5343 autem
894 5278 1044 5344 Romana
1069 5283 1224 5348 ecclesia
1260 5282 1392 5347 stolium
1423 5282 1532 5347 facere
1566 5281 1725 5361 voluerit,
1766 5282 1881 5346 civitas
1915 5288 2025 5346 vestra
2057 5283 2089 5347 ei
2139 5315 2164 5353 a

436 5385 604 5451 tenebitur
625 5405 684 5472 pro
707 5403 773 5446 nna
794 5383 890 5467 galea
905 5383 1123 5449 sufficientem
1140 5384 1218 5450 dere
1235 5406 1406 5451 numemm
1423 5390 1629 5467 armatorum,
1653 5406 1771 5470 corpus
1794 5406 1872 5450 vcro
1895 5387 1989 5471 galee
2012 5407 2088 5451 oum

544 5681 566 5747 ⁸)
584 5681 620 5732 ita
636 5680 677 5744 R,
695 5680 851 5748 potentiatus
868 5678 1034 5730 nectarea.
