4448 6420
708 328 908 382 EPISTOLAE
927 329 1116 385 SELECTAE.
1154 333 1228 385 1225.
1729 337 1791 398 203

144 526 237 590 quam
260 503 380 567 nobilis
405 503 453 566 vir
475 501 514 566 G.
538 523 648 566 comes
672 501 842 582 Forensis,
872 523 975 587 nepos
1005 510 1095 576 tuus,
1124 505 1310 568 hominibus
1333 504 1431 569 villea
1461 506 1566 570 sancti
1589 506 1793 592 Ragneberti

143 617 174 674 ct
195 607 438 696 parrochiarum
463 627 609 686 suarum,
635 606 761 669 scilicet
782 605 978 686 Boncaonis,
1002 605 1171 688 Chamble,
1196 607 1306 672 Sancti
1331 605 1492 693 inrisni,
1516 617 1548 674 et
1573 608 1684 674 Sancti
1707 610 1793 674 Iusti

144 712 183 777 ad
199 710 431 776 monasterium
454 709 494 773 de
517 717 630 772 sancto
646 707 854 792 Ragneberto
879 711 1106 795 spectantium,
1129 712 1249 775 intuitu
1270 712 1404 796 pietatis
1428 713 1569 796 gratuita
1592 715 1790 778 liberalitate

144 816 259 880 dicitur
280 812 474 893 indulsisse,
497 809 537 875 de
560 810 759 875 liberalitate
782 811 970 875 dubitantes
995 812 1119 893 eadem,
1142 835 1162 877 a
1183 814 1341 900 principio
1366 814 1517 880 difficiles
1540 816 1726 895 fuissemus,
1751 818 1793 881 de

93 951 102 986 r
144 921 214 1005 ipsa
244 927 355 982 tamen
381 937 440 1001 per
470 923 543 978 tuas
574 922 608 979 et
636 914 784 979 eiusdem
815 916 942 979 comitis
972 916 1100 980 litteras
1132 917 1287 981 certiores
1317 918 1443 999 effecti,
1480 918 1636 1004 predictis
1669 920 1792 1006 suppli-

144 1022 324 1086 cationibus
344 1018 517 1083 devotione
535 1018 638 1104 ipsius
655 1019 783 1082 comitis
800 1018 979 1104 approbata
994 1018 1147 1083 duximus
1170 1021 1342 1105 benignius
1366 1022 1585 1087 annuendum.
1630 1022 1793 1108 Denique,

144 1127 226 1189 sicut
249 1146 309 1209 per
330 1122 457 1186 litteras
482 1121 614 1186 easdem
637 1120 827 1200 didicimus,
858 1143 929 1185 cum
954 1121 1127 1185 comitibus
1150 1122 1369 1205 Forensibus,
1392 1126 1459 1190 tuis
1483 1133 1517 1189 et
1538 1125 1642 1212 ipsius
1667 1127 1795 1190 comitis

144 1226 418 1315 progenitoribus,
442 1226 475 1288 in
494 1225 681 1288 hominibus
699 1227 775 1290 ville
798 1224 945 1311 predicte
970 1227 1074 1288 sancti
1091 1224 1294 1310 Ragneberti
1320 1234 1353 1291 et
1375 1227 1471 1292 dictis
1493 1228 1674 1315 parrochiis
1694 1229 1796 1293 nichil

145 1332 223 1394 iuris
240 1336 452 1415 competeret,
468 1329 696 1392 nichilominus
713 1329 885 1393 occasione
902 1327 1048 1392 custodie
1065 1328 1209 1392 locorum
1226 1330 1381 1415 ipsorum,
1398 1352 1494 1415 quam
1509 1331 1597 1396 idem
1614 1331 1797 1397 habuerant

87 1464 104 1500 a
146 1434 354 1517 abantiquo,
378 1453 457 1519 sepe
481 1452 597 1516 graves
621 1433 729 1496 tallias
753 1431 915 1496 dictorum
937 1432 1084 1496 locorum
1107 1432 1292 1497 hominibus
1317 1441 1428 1498 eontra
1451 1433 1560 1498 Deum
1584 1439 1618 1498 et
1639 1436 1797 1499 iustitiam

145 1536 355 1622 imponebant
386 1544 419 1599 et
455 1536 520 1598 alia
551 1536 599 1599 eis
627 1535 773 1600 indebita
805 1535 995 1620 gravamina
1025 1536 1222 1620 irrogabant.
1276 1536 1400 1600 Verum
1428 1537 1574 1622 prefatus
1604 1559 1713 1603 comcs
1743 1539 1797 1623 pio

145 1641 320 1725 inspiratus
344 1638 474 1718 allecta,
498 1637 538 1701 de
562 1638 729 1724 preteritis
749 1638 863 1703 dolens
888 1646 921 1702 et
944 1660 1042 1724 super
1062 1639 1178 1702 futuris
1196 1640 1330 1725 cupiens
1347 1641 1591 1724 gravaminibus
1607 1661 1799 1726 precavere,

146 1766 183 1808 ne
207 1745 241 1806 in
263 1763 360 1805 usum
383 1746 416 1805 et
439 1741 707 1804 consuetudinem
731 1742 853 1806 abusus
875 1741 1061 1806 huiusmodi
1085 1742 1263 1822 deveniret,
1288 1742 1328 1807 de
1352 1752 1407 1807 tuo
1432 1744 1568 1808 consilio
1593 1752 1628 1808 et
1650 1764 1798 1823 assensu,

147 1869 216 1912 oum
240 1848 312 1912 eius
329 1845 523 1909 diocesanos
548 1845 683 1924 existas,
707 1865 765 1930 pro
789 1867 824 1908 se
848 1866 885 1908 ac
908 1846 1154 1910 successoribus
1180 1846 1247 1909 suis
1270 1846 1365 1910 talias
1389 1853 1422 1910 et
1438 1847 1630 1932 gravamina
1653 1845 1801 1932 predicta

88 1983 106 2019 a
147 1952 284 2030 remisit,
318 1950 448 2035 plenam
481 1948 669 2012 libertatem
705 1948 830 2012 eisdem
865 1949 946 2013 locis
982 1958 1016 2013 et
1046 1949 1233 2014 hominibus
1268 1949 1494 2029 concedendo,
1531 1957 1564 2014 et
1598 1949 1684 2034 quod
1711 1948 1799 2012 nullo

147 2063 293 2141 tempore
317 2061 431 2117 contra
453 2052 590 2130 veniret,
615 2072 650 2115 se
674 2052 847 2115 astrincxit
863 2053 993 2115 vinculo
1017 2052 1207 2128 iuramenti3
1232 2060 1380 2116 statuens
1404 2053 1491 2136 quod
1515 2053 1565 2117 sui
1590 2071 1800 2116 successores

148 2168 178 2224 et
199 2157 326 2244 posteri
340 2163 487 2242 prestare
504 2155 647 2220 debeant
668 2155 774 2219 simile
795 2155 1030 2220 iusiurandum.
1076 2155 1119 2218 Et
1143 2157 1219 2239 quia
1234 2157 1328 2241 proni
1352 2164 1428 2220 sunt
1450 2156 1492 2220 ad
1513 2157 1634 2220 malum
1652 2153 1801 2218 homines

147 2264 253 2348 potius
281 2283 378 2348 quam
408 2259 449 2322 ad
480 2260 619 2338 bonum,
652 2267 684 2323 et
711 2261 822 2344 plures
852 2267 927 2322 sunt
957 2260 1012 2344 qui
1042 2260 1314 2344 predecessorum
1346 2282 1478 2325 suorum
1501 2282 1566 2324 non
1588 2259 1726 2323 virtutes
1750 2264 1801 2322 set

148 2369 225 2431 vitia
240 2367 419 2445 imitantur,
443 2385 515 2428 eum
540 2363 580 2428 de
604 2362 656 2428 die
681 2364 713 2426 in
737 2363 823 2427 diem
848 2364 967 2427 caritas
984 2363 1178 2447 refrigescat
1202 2373 1236 2428 ct
1258 2365 1415 2450 iniquitas
1431 2363 1600 2429 habundet
1616 2363 1801 2438 multorum,

79 2499 102 2535 a
150 2471 342 2535 auctoritate
365 2468 546 2556 apostolica
574 2465 706 2530 defendi
728 2466 831 2529 voluit
863 2465 949 2551 quod
978 2467 1031 2552 pic
1064 2489 1162 2553 super
1189 2467 1250 2532 hoc
1283 2467 1422 2532 duxerat
1451 2466 1646 2532 faciendum.
1692 2464 1801 2538 Quare

149 2571 282 2636 concedi
306 2594 325 2635 a
347 2573 441 2636 nobis
470 2592 529 2657 per
553 2569 680 2632 litteras
705 2590 781 2632 suas
805 2569 973 2634 humiliter
996 2571 1201 2656 supplicavit,
1226 2579 1279 2651 ut,
1309 2572 1336 2634 si
1364 2571 1492 2656 quando
1515 2572 1585 2657 ipse
1609 2590 1647 2633 ac
1671 2588 1802 2632 succes-

149 2698 237 2740 sores
260 2674 312 2738 sui
333 2673 520 2738 libertatem
542 2672 727 2736 huiusmodi
750 2674 872 2737 violare
896 2675 1165 2760 presumpserint,
1189 2674 1455 2760 archiepiscopus
1478 2669 1719 2758 Lugdunensis,
1745 2668 1800 2754 qui

149 2800 204 2864 pro
227 2784 376 2862 tempore
392 2776 501 2856 fuerit,
525 2777 588 2840 nisi
612 2783 687 2861 post
703 2777 969 2840 ammonitionem
993 2779 1096 2862 ipsius
1114 2778 1252 2842 emenda
1268 2778 1468 2842 exhibeatur
1489 2799 1509 2841 a
1530 2777 1689 2840 violatore
1714 2793 1802 2837 corn·

150 2889 262 2967 petens
296 2879 380 2943 infra
414 2900 575 2956 mensem,
609 2881 717 2964 ipsum
753 2881 1083 2944 excommunicationi
1117 2889 1150 2944 et
1184 2882 1374 2945 comitatum
1411 2881 1591 2944 Forensem
1623 2898 1727 2963 usque
1761 2875 1803 2941 ad

64 3009 96 3044 ss
153 2985 280 3069 dignam
304 2984 562 3048 satisfactionem
578 2982 718 3046 subiciat
735 2981 919 3048 interdicto.
962 2983 1012 3047 Tu
1036 2985 1134 3048 etiam
1152 2985 1347 3069 significasti
1370 2985 1463 3048 nobis
1487 3004 1546 3070 per
1568 2983 1695 3046 litteras
1718 2987 1802 3060 tuas,

151 3089 233 3173 quod
255 3089 402 3174 prefatus
426 3109 535 3151 comes
558 3085 708 3170 diligenti
731 3095 840 3150 tecum
863 3093 1005 3151 tractatu
1026 3087 1140 3152 habito
1164 3087 1204 3152 de
1229 3087 1453 3153 conservanda
1475 3088 1629 3152 libertate
1653 3083 1803 3170 predicta

153 3193 195 3256 sic
217 3191 350 3256 defendi
373 3181 445 3256 cani
468 3189 586 3268 voluit,
616 3189 663 3252 sic
692 3191 826 3252 servari.
871 3189 1029 3255 Preterea
1060 3190 1172 3254 dicens
1201 3212 1298 3255 nosse
1326 3197 1359 3256 te
1391 3191 1520 3277 plenius
1543 3190 1665 3253 factum
1687 3187 1801 3251 huius-

153 3295 235 3360 modi
257 3317 295 3360 ae
320 3296 407 3359 illius
431 3303 517 3358 terre
541 3301 677 3373 statum,
707 3299 740 3357 et
768 3294 800 3356 in
825 3294 886 3358 hoc
909 3295 1033 3357 versari
1057 3295 1316 3359 ecclesiasticam
1346 3295 1520 3358 utililatem
1543 3313 1608 3357 non
1631 3290 1804 3370 modicam,

155 3409 184 3464 et
210 3421 364 3485 magnum
395 3419 476 3484 opus
513 3396 735 3462 misericordie
767 3397 943 3474 contineri,
978 3398 1126 3482 petivisti
1162 3398 1486 3484 suppliciteripsius
1518 3396 1647 3460 comitis
1680 3394 1804 3480 suppli-

47 3526 86 3563 ω
157 3504 296 3567 cationes
320 3502 456 3566 admitti.
503 3499 664 3573 Quocirca
688 3501 883 3564 fraternitati
906 3507 962 3564 tue
985 3522 1045 3585 por
1068 3503 1249 3587 apostolica
1272 3503 1394 3587 scripta
1415 3499 1623 3575 mandamus,
1653 3498 1805 3581 quatinus

157 3608 336 3672 libertatem
368 3605 472 3691 ipsam
507 3610 539 3668 et
573 3603 811 3667 immunitatem
849 3625 909 3688 per
943 3605 1314 3668 excommunicationem
1348 3605 1380 3666 in
1416 3623 1574 3688 personas
1610 3598 1805 3664 Forensium

158 3713 304 3775 comitum
333 3717 366 3773 et
394 3708 600 3772 interdictum
632 3707 665 3770 in
698 3706 860 3791 prefatum
889 3707 1078 3771 comitatum
1110 3709 1304 3772 auctoritate
1332 3706 1513 3792 apostolica
1539 3703 1677 3780 tuearis,
1709 3721 1806 3786 quam

158 3816 378 3880 auctoritatem
401 3811 441 3876 ad
465 3821 538 3876 tuos
562 3811 660 3875 etiam
684 3809 819 3874 extendi
843 3811 992 3875 volumus
1016 3832 1235 3876 successores.

258 3936 333 4000 Dat.
357 3933 473 4012 Reate,
497 3933 594 3998 tertio
616 3930 693 3997 Kal.
717 3930 886 4016 Septemb.
911 3954 996 3996 anno
1021 3932 1158 3997 decimo.

778 4174 1188 4183 ω

944 4404 1029 4476 282.

38 4557 83 4598 ³⁵
266 4521 331 4613 Η
326 4549 454 4613 onorias
469 4546 536 4611 ΙΙΙ
547 4567 637 4627 papa
654 4551 882 4612 conventionem
897 4549 981 4612 *iuter
995 4545 1215 4612 Innocentiam
1234 4563 1352 4623 papam
1375 4544 1403 4604 ct
1424 4539 1563 4604 homiues
1584 4537 1620 4602 de
1636 4537 1806 4603 Stroacorrc

166 4650 268 4716 initam
290 4653 462 4733 confirmat,
484 4671 611 4730 eumue
634 4651 750 4715 litteris
771 4653 839 4715 sais
862 4653 982 4717 inserit.
1463 4644 1558 4720 1225,
1581 4643 1665 4722 Sel’l·
1689 4641 1721 4703 5·

262 4773 332 4826 Hoc.
352 4771 407 4824 ΙΙΙ
426 4771 491 4840 Ray.
516 4769 572 4823 Vol.
596 4770 626 4834 V,
645 4775 772 4837 82-83,·
792 4770 854 4824 Lib.
873 4771 910 4833 X,
929 4775 973 4823 42.

419 4985 652 5058 Fidelibus
679 4985 850 5057 nostris
877 4981 1134 5056 hominibus
1161 4980 1215 5051 de
1243 4967 1546 5050 Stronconev.

267 5137 427 5211 Quoniam
450 5134 558 5199 labilis
581 5141 632 5198 est
652 5134 794 5198 humana
816 5133 983 5210 memoria,
1004 5130 1123 5194 idcirco
1149 5149 1198 5198 eo,
1219 5148 1282 5211 que
1303 5125 1449 5210 legitime
1466 5120 1667 5198 ordinantur,
1691 5116 1812 5201 scripto

53 5231 95 5270 ⁴¹³
169 5238 304 5305 decrevit
319 5240 496 5324 antiquitas
512 5236 744 5301 commendari.
788 5235 875 5298 Hinc
893 5241 953 5313 est,
977 5231 1063 5317 quod
1080 5231 1331 5296 conventionem
1350 5229 1436 5291 inter
1451 5224 1558 5290 felicis
1575 5219 1810 5286 recordationis

1602 5373 1706 5388 ..ρ-δ

366 5403 373 5406 .
379 5399 452 5406 -..-..-
458 5399 496 5404 αι.--
502 5399 516 5404 -.
527 5399 596 5404 .-.--,-
603 5398 640 5404 ...-
648 5399 657 5403 -
663 5399 670 5402 ψ
680 5396 780 5402 -.-..---.
787 5393 1030 5401 --—-··-·--—-—-=-—-
1037 5392 1077 5397 -.
1091 5391 1142 5396 ‘—
1151 5390 1170 5394 .-
1176 5389 1239 5394 ..-—.

262 5503 285 5566 ⁸)
305 5503 371 5552 vello
391 5501 422 5550 R.
504 5499 527 5564 ⁸²)
547 5501 671 5549 Stroncor'r
687 5497 719 5547 lt.

262 5623 287 5688 l)
306 5636 340 5674 ea
358 5621 463 5673 micale
479 5617 600 5673 moilatio
619 5615 793 5670 Narnienses.
