4538 6426
402 419 442 478 50
989 412 1036 466 EX
1055 411 1211 466 HONORII
1229 411 1269 465 ΙΙΙ
1287 410 1467 465 REGISTRO

401 596 476 673 post
498 587 561 651 iter
579 586 852 672 peregrinationis
875 592 1040 671 arreptum
1057 585 1403 649 excommunicationis
1427 590 1478 649 est
1501 585 1664 650 sententia
1678 585 1894 671 promulgata,
1917 604 1989 649 eam
2012 581 2053 647 de

402 689 576 776 potestatis
598 689 800 775 plenitudino
824 710 1024 754 revocamus,

510 793 585 859 Dat.
609 791 713 858 Rome
737 792 823 884 apud
848 791 1002 856 Sanctum
1024 792 1169 873 Petrum,
1193 793 1226 857 X
1248 790 1322 856 Kal.
1346 790 1442 873 Iunii,
1465 813 1549 858 anuo
1574 789 1729 858 secundo.

1023 1018 1433 1028 ..-.-..—..„..-—.-..—..-.-.-—,

1195 1299 1254 1371 70.

514 1410 702 1504 Honoras
725 1439 791 1504 ΠΙ
809 1461 900 1520 papa
929 1439 1035 1503 <attan
1057 1440 1169 1504 Sancti
1194 1437 1332 1504 Habe-rii
1353 1439 1534 1504 Laodicnsis
1560 1441 1690 1504 diocesis
1715 1445 1744 1505 at
1766 1441 1878 1506 Sancti
1899 1436 2056 1504 Iohannis

402 1553 430 1611 et
458 1547 570 1613 Sancti
597 1544 739 1607 Martini
769 1541 896 1607 &carris
924 1541 1146 1607 Laodicnsibns
1174 1543 1318 1623 nrarrdcrt,
1350 1548 1385 1606 nt
1413 1564 1539 1620 consae,
1568 1567 1648 1626 quac
1674 1546 1757 1610 intcr
1785 1545 1990 1612 Willietnrnm
2017 1541 2055 1605 de

402 1649 579 1714 Hollandia
612 1653 641 1712 ct
673 1646 909 1731 ananam]
948 1646 985 1709 a
1017 1645 1079 1710 Los
1121 1647 1243 1710 comites
1281 1647 1511 1728 crincsipmatos
1547 1667 1642 1728 snper
1673 1649 1812 1730 quadarn
1843 1646 2058 1728 antipositione

402 1752 567 1828 enarscrit,
589 1749 810 1830 supersedeant
831 1768 928 1828 nsque
950 1748 994 1812 act
1014 1749 1148 1813 reditura
1170 1749 1341 1830 atrinsqnc.
1389 1819 1393 1830 ⁸
1696 1753 1790 1828 1218,
1812 1749 1896 1814 Mai.
1917 1751 1970 1814 23.

507 1868 977 1938 mmmmmm

404 2098 615 2177 ..abbati
636 2097 790 2170 Sancti
811 2096 1002 2169 Huberti
1024 2098 1289 2172 Leodiensis
1315 2100 1515 2175 diocesis
1543 2107 1587 2176 et
1610 2159 1644 2176 ..
1670 2103 1823 2175 Sancti
1844 2101 2057 2175 Iohannis

687 2224 729 2292 et
758 2275 766 2291 .
795 2273 803 2290 .
832 2217 982 2290 Sancti
1008 2217 1189 2290 Martini
1216 2220 1399 2294 decanis
1426 2222 1767 2296 Leodiensibus

239 2406 259 2442 «ι.
274 2397 330 2440 rim.
345 2399 386 2444 at.
512 2369 715 2443 Quianemo
738 2367 882 2431 militans
905 2366 977 2430 Deo
1002 2366 1102 2432 debet
1125 2390 1160 2432 se
1185 2369 1326 2452 negotiis
1351 2370 1552 2435 secularibus
1576 2371 1761 2457 implicare,
1790 2394 1864 2437 cum
1893 2379 1927 2436 et
1953 2371 2058 2436 omnis

241 2474 459 2559 1.cor.o,sa.qui
489 2474 523 2536 in
558 2493 663 2556 agone
694 2467 888 2549 contendit³,
924 2471 964 2535 ab
996 2471 1146 2534 omnibus
1181 2493 1216 2536 se
1247 2471 1427 2551 abstineat,
1459 2495 1519 2538 nos
1547 2475 1728 2555 nolentesb,
1760 2482 1798 2540 ut
1836 2475 1964 2539 nobiles
1996 2473 2060 2536 uiri

405 2577 605 2641 Willielmus
628 2574 668 2639 de
684 2572 863 2637 Hollandia
885 2579 919 2637 et
940 2573 978 2639 L.
995 2572 1035 2637 de
1051 2572 1117 2637 Los
1141 2575 1277 2640 comites
1301 2577 1518 2661 crucesignati
1542 2579 1715 2643 occasione
1741 2598 1850 2659 cause,
1874 2599 1937 2663 que
1961 2597 2061 2661 super

406 2679 545 2766 quadam
560 2677 796 2763 compositione
819 2677 953 2740 emersit
976 2677 1062 2741 inter
1084 2698 1152 2757 eos,
1175 2677 1216 2742 ab
1234 2679 1431 2744 executione
1456 2681 1505 2744 sui
1528 2681 1596 2744 voti
1619 2682 1826 2764 aliquatenus
1843 2679 2059 2758 retardentur,

405 2783 458 2847 vel
492 2803 511 2846 a
543 2780 726 2846 deuotionis
761 2800 818 2843 sue
853 2779 980 2842 fervore
1008 2787 1194 2865 tepescant,
1230 2782 1336 2867 ipsum
1366 2784 1534 2867 negotium
1564 2785 1811 2848 essevolumus
1839 2784 1872 2848 in
1897 2802 2057 2868 suspenso
2125 2813 2136 2847 s

406 2906 510 2970 usque
533 2883 573 2948 ad
596 2883 758 2948 redditum
773 2883 952 2968 utriusque.
995 2883 1139 2968 Ideoque
1157 2884 1249 2948 vobis
1272 2907 1332 2970 per
1348 2887 1528 2971 apostolica
1544 2888 1666 2974 scripta
1682 2885 1884 2967 mandamus,
1908 2886 2060 2970 quatinus

406 3009 503 3053 cause
527 2986 770 3074 supersedeatis
794 2986 916 3066 eidem,
946 2989 1044 3051 nullis
1068 2989 1187 3052 litteris
1211 2989 1418 3054 obstantibus
1443 3013 1542 3076 super
1565 2991 1957 3056 excommunicationibus
1980 2990 2061 3054 utri-

406 3112 469 3175 que
494 3091 631 3154 obiectis
655 3112 674 3154 a
697 3089 775 3154 sede
799 3091 979 3175 apostolica
1007 3091 1202 3176 impetratis.
1251 3093 1407 3178 Alioquin
1436 3093 1564 3158 dilectis
1587 3095 1663 3159 filiis
1688 3143 1695 3158 .
1720 3143 1728 3158 .
1753 3094 1866 3159 abbati
1888 3093 1929 3160 de
1952 3094 2063 3158 Insula

406 3193 628 3258 Traiectensis
643 3192 785 3257 diocesis
809 3201 843 3257 et
866 3243 897 3258 ..
916 3192 1028 3258 Sancti
1046 3193 1225 3258 Salvatoris
1243 3202 1275 3259 et
1293 3244 1300 3258 .
1318 3243 1325 3257 .
1344 3195 1456 3260 Sancti
1471 3196 1627 3260 Iohannis
1646 3195 1779 3261 decanis
1795 3197 2061 3262 Traiectensibus

407 3297 527 3361 nostris
549 3295 664 3360 damus
692 3297 811 3360 litteris
842 3297 874 3360 in
905 3295 1080 3372 mandatis,
1114 3307 1149 3361 ut
1181 3299 1209 3362 si
1242 3298 1319 3383 quid
1352 3307 1465 3364 contra
1499 3301 1691 3363 alterutrum
1722 3299 1867 3385 ipsorum
1893 3305 1970 3385 post
1998 3299 2061 3363 iter
2113 3327 2125 3361 a

407 3405 572 3487 arreptum
594 3400 778 3464 invenerint
805 3406 930 3464 temere
954 3407 1198 3485 attemptatum,
1232 3402 1264 3465 in
1299 3409 1417 3466 statum
1441 3402 1613 3488 pristinum
1635 3403 1857 3488 appellatione
1880 3403 2063 3488 postposita

408 3504 561 3568 studeant
582 3523 747 3567 revocare.
792 3502 887 3575 Quod
911 3503 937 3565 si
961 3523 1024 3566 uon
1049 3523 1162 3567 omnes
1187 3540 1237 3581 -‚
1261 3503 1325 3568 duo
1349 3511 1493 3568 vestrum
1517 3511 1579 3569 etc.

517 3607 592 3670 Dat.
617 3606 721 3670 Rome
748 3605 832 3692 apud
859 3606 1014 3670 Sanctum
1037 3606 1182 3687 Petrum,
1205 3607 1238 3670 X
1259 3606 1335 3671 Kal.
1359 3607 1456 3687 lunii,
1479 3629 1563 3672 anno
1587 3608 1741 3673 secundo.

512 3762 551 3824 In
568 3760 708 3827 eundem
730 3759 859 3824 modum
877 3760 1032 3846 seriptum
1056 3761 1127 3825 estl
1151 3761 1261 3826 abbati
1277 3761 1388 3827 Sancti
1404 3762 1574 3828 Laurentii
1590 3764 1624 3827 in
1639 3761 1853 3827 Hostebruke
1871 3761 2063 3826 'traiecten-

408 3867 452 3931 sis
476 3865 617 3930 diocesis
641 3871 675 3930 et
698 3914 730 3931 ..
754 3866 921 3951 preposito
942 3864 1053 3930 Sancti
1074 3864 1253 3930 Salvatoris
1276 3887 1315 3931 ac
1338 3917 1345 3932 .
1368 3913 1375 3929 .
1399 3866 1522 3932 decano
1542 3865 1653 3930 Sancti
1670 3865 1760 3931 Petri
1779 3865 2010 3930 Traiectcnsis.
2115 3891 2133 3927 2.

514 4003 554 4067 In
578 4000 719 4066 eundem
737 4000 869 4065 modum
893 4001 1048 4086 scriptum
1072 4009 1123 4065 est
1145 4000 1268 4065 eisdem
1292 4001 1403 4066 abbati
1426 4011 1460 4068 et
1473 4003 1617 4085 decanis,
1639 4010 1676 4067 ut
1697 4003 1731 4066 in
1753 4007 1873 4066 statum
1890 4002 2063 4088 pristinum

407 4107 628 4192 appellatione
651 4104 835 4190 postposita
858 4102 1011 4167 studeant
1033 4125 1198 4180 revocare,
1223 4105 1307 4168 siout
1330 4107 1478 4190 superius
1502 4113 1554 4170 est
1577 4127 1779 4192 expressum.

1028 4333 1438 4340 —-.-—--—----———-..-—

1206 4594 1265 4668 71.

520 4685 707 4780 Honorias
736 4717 803 4781 ΙΙΙ
823 4737 914 4796 popa
948 4716 1106 4779 nniversia
1139 4715 1290 4795 episcopis
1316 4715 1525 4780 bombardiue
1557 4715 1716 4796 siginificat
1748 4733 1780 4778 sc
1811 4713 2065 4780 Mediolanenses

406 4818 685 4895 excommunicare,
718 4821 773 4900 qni
806 4819 875 4883 ticet
901 4819 938 4882 in
962 4817 1104 4898 pancrati
1129 4816 1257 4881 concilio
1282 4839 1343 4897 pro
1370 4819 1545 4900 exequendo
1572 4817 1757 4882 commodine
1789 4815 1905 4882 Terrae
1928 4817 2064 4882 Sanctae

407 4938 556 4983 saccaron
572 4918 670 4999 faerit
690 4924 850 4998 statutam,
872 4925 908 4983 nt
916 4921 1079 5001 principes
1101 4924 1130 4984 et
1149 4920 1258 5000 populi
1275 4920 1455 4986 Christiani
1476 4921 1663 4984 adinvicem
1680 4921 1811 5000 plenam
1830 4941 1938 5001 pacem
1956 4920 2064 4984 sattim
2116 4941 2142 4978 ao

401 5043 463 5104 per
494 5022 738 5104 quadriennium
773 5023 949 5103 obstruent,
990 5027 1099 5087 contra
1136 5023 1356 5088 Orentoncnscs
1390 5028 1419 5088 et
1453 5023 1641 5088 Parmenses
1673 5023 1841 5088 exercitam
1866 5044 2067 5105 praeparare

408 5125 572 5203 nitantnr;
594 5125 724 5189 mandat
749 5125 800 5204 iis,
823 5130 859 5188 nt
875 5127 1054 5208 praemissa
1074 5126 1209 5207 firmiter
1230 5127 1398 5192 observent.
1719 5129 1814 5207 1218,
1838 5126 1903 5191 Int.
1927 5128 1978 5190 12.

511 5244 584 5297 Han.
603 5244 658 5297 111
675 5245 741 5313 Ray.
766 5244 821 5298 Vol.
840 5245 865 5309 I,
883 5248 956 5312 281,·
976 5245 1038 5298 Lib.
1057 5245 1101 5310 ΙΙ,
1120 5248 1202 5300 1263.

509 5329 644 5392 Potttoat
664 5331 733 5399 Req.
753 5335 837 5384 5875.

511 5573 533 5638 ¹)
552 5575 710 5640 contempnit
726 5573 758 5624 a.
860 5573 884 5641 b)
908 5576 1023 5627 volentos
1040 5571 1076 5626 R.

511 5709 538 5776 1)
557 5707 603 5776 (N.
622 5707 700 5778 1110)
719 5708 843 5764 additam
861 5714 902 5764 eat
918 5709 949 5764 in
970 5709 1141 5779 apoprapto.
