4448 6420
662 301 862 362 amsuchan
880 300 1069 362 saeuorum.
1106 308 1182 365 1224.
1313 326 1314 330 ’
1696 313 1756 379 173

105 479 241 568 quilibet
263 480 297 545 in
320 478 423 567 ipsius
447 485 533 544 terre
557 478 703 544 subsidio
721 486 948 560 commoretur,
971 502 1031 568 per
1053 488 1131 566 quot
1156 505 1231 550 suos
1254 484 1400 550 redditus
1424 485 1587 571 obligarit.
1633 485 1757 560 Quodsi

103 589 212 652 forsan
236 593 311 652 ante
328 585 471 666 redierit,
495 586 616 649 serviet
634 584 809 670 diligenter
825 585 976 666 ecclesie,
1000 587 1094 650 cuius
1111 589 1257 655 redditus
1274 591 1408 676 obligati
1423 590 1544 654 fuerint
1566 589 1607 654 ab
1631 588 1757 666 eodem,

104 698 139 755 ut
160 691 209 755 sic
231 688 435 775 quorundam
457 689 579 753 malitie
605 688 770 766 obvietur,
801 688 856 774 qui
877 689 1113 754 beneficiorum
1138 714 1268 758 suorum
1292 694 1450 759 fructibus
1473 694 1627 779 obligatis
1652 694 1759 758 solent

105 794 247 858 salutare
270 793 383 856 limina
405 791 506 857 Terre
525 791 655 872 Sancte,
679 813 717 855 ac
741 791 895 856 continno
919 792 1096 858 redeuntes
1119 800 1187 859 tam
1210 796 1315 882 ipsam
1331 795 1467 862 Terram
1485 795 1638 861 Sanctam
1662 817 1758 881 quam

105 899 263 963 ecclesias
279 919 355 961 suas
379 918 437 961 suo
454 897 586 960 servitio
603 895 806 960 defraudare.
854 894 939 969 Quia
955 918 1033 970 vero
1049 899 1195 962 nonnulli
1212 921 1341 964 crucem
1358 906 1558 986 assumptam
1573 900 1758 964 temeritate

103 1001 235 1087 propria
258 1000 451 1087 deposuisse
467 999 629 1080 dicuntur,
653 999 707 1063 vel
729 1000 861 1086 incepte
878 1001 1152 1087 peregrinationis
1176 1002 1294 1068 itinere
1317 1025 1382 1068 non
1399 1004 1531 1090 expleto
1556 1023 1575 1066 a
1597 1003 1757 1089 portubus

104 1125 288 1186 remeasse,
316 1105 465 1168 volumus
497 1109 530 1168 et
558 1101 765 1182 mandamus,
794 1109 830 1166 ut
861 1123 918 1166 eos
947 1103 989 1166 ad
1019 1104 1246 1194 resumendam
1276 1127 1405 1171 crucem
1429 1111 1463 1170 et
1491 1104 1533 1169 ad
1556 1105 1759 1170 reddendum

103 1215 214 1274 votum
238 1207 392 1288 Domino,
415 1205 501 1292 quod
523 1213 692 1286 voverunt,
717 1207 873 1270 canonica
896 1204 1098 1272 districtione
1122 1209 1336 1293 compellatis.
1381 1208 1434 1273 Ad
1457 1208 1529 1290 hoc,
1552 1214 1589 1272 ut
1612 1207 1757 1272 fidelium

103 1311 234 1377 devotio
257 1310 299 1374 ad
321 1311 425 1396 ipsius
442 1309 542 1374 Terre
560 1309 678 1374 Sancte
702 1308 884 1374 subsidium
907 1311 1024 1374 melius
1048 1317 1255 1396 provocetur,
1277 1311 1433 1377 ordinetis
1458 1312 1656 1398 sollempnes
1681 1332 1756 1397 pro-

106 1415 274 1481 cessiones
296 1414 367 1479 fieri
384 1415 500 1478 saltem
525 1414 661 1499 singulis
677 1414 846 1478 mensibus
871 1413 904 1476 in
921 1412 1069 1477 omnibus
1093 1415 1184 1496 locis,
1208 1415 1263 1500 qni
1286 1415 1326 1479 ad
1349 1415 1411 1479 boe
1427 1414 1537 1479 idonei
1551 1414 1757 1495 videbuntur,

104 1527 137 1584 et
160 1519 323 1605 psalmum
345 1518 455 1582 illum:
487 1515 601 1594 ‘Dea-5,
631 1521 783 1580 venerunt
801 1516 920 1598 peutcs'
951 1537 1010 1601 per
1034 1518 1192 1582 ecclesias
1221 1539 1335 1582 omnes
1367 1517 1484 1583 diebus
1508 1517 1645 1603 singulis
1667 1499 1900 1604 morepwg,

106 1623 202 1687 solito
219 1620 398 1702 decantari,
421 1621 552 1708 proviso
576 1619 662 1706 quod
686 1620 714 1684 si
736 1619 819 1683 forte
843 1618 918 1698 hiis,
942 1619 996 1703 qui
1019 1619 1060 1684 ad
1079 1619 1265 1686 huiusmodi
1280 1621 1510 1708 processiones
1534 1643 1592 1685 seu
1614 1620 1656 1687 ad
1678 1620 1759 1685 alias

105 1726 356 1790 convocationes
372 1725 594 1802 convenerint,
617 1724 759 1809 aliquam
775 1729 986 1808 peccatorum
1003 1724 1229 1790 remissionem
1253 1724 1412 1789 duxeritis
1429 1723 1622 1804 faciendam,
1644 1724 1759 1789 decem

104 1829 232 1895 dierum
254 1849 425 1894 numerum
448 1827 574 1892 indulta
595 1828 743 1892 remissio
766 1848 831 1891 non
854 1826 1009 1907 excedat,
1034 1833 1067 1892 et
1091 1828 1119 1891 si
1142 1827 1183 1892 ab
1208 1829 1256 1892 eis
1280 1829 1332 1892 vel
1356 1827 1559 1914 quibuslibet
1581 1828 1673 1908 aliis,
1705 1828 1760 1913 qui

105 1933 144 1997 ad
166 1932 355 1997 huiusmodi
377 1932 629 1996 convocationes
653 1930 881 2008 convenerint,
913 1929 1022 2014 aliqua
1045 1929 1155 1993 oblata
1178 1929 1299 1994 fuerint
1321 1931 1373 1994 vel
1396 1931 1477 1995 aliae
1500 1929 1577 1994 data
1599 1951 1657 2015 pro
1682 1929 1760 1994 sub—

105 2036 186 2101 sidio
215 2036 317 2101 Terre
349 2036 483 2115 Sancte,
519 2035 574 2099 illa
604 2035 732 2098 faciatis
766 2033 908 2098 fideliter
939 2033 1142 2112 conservari,
1178 2041 1214 2097 ιιι
1249 2040 1397 2120 tempore
1426 2033 1571 2119 passagii
1602 2032 1759 2097 faciamus

106 2138 233 2225 disponi
256 2138 296 2203 de
320 2138 396 2218 illis,
420 2144 518 2224 prout
541 2134 607 2222 [adl
633 2137 736 2223 ipsius
760 2136 862 2200 Terre
887 2135 1007 2200 Sancte
1031 2135 1213 2201 subsidium
1236 2136 1402 2202 videbitur
1425 2135 1593 2223 expedire.

211 2259 288 2324 Dat.
311 2257 464 2322 Lateran.
486 2256 590 2320 Nonis
614 2255 735 2338 Martii,
758 2257 967 2342 pontificatus
990 2255 1093 2320 nostri
1117 2277 1200 2321 anno
1224 2263 1350 2321 octavo.

212 2378 253 2442 In
276 2377 416 2442 eundem
437 2377 568 2441 modum
586 2426 594 2439 .
611 2426 617 2440 .
636 2376 748 2441 abbati
771 2376 811 2441 de
827 2376 993 2441 Lucelan¹
1009 2376 1237 2442 Cisterciensis
1254 2378 1376 2442 ordinis
1393 2385 1427 2443 et
1442 2379 1598 2464 magistro
1614 2377 1760 2442 Henrioo

111 2481 281 2546 scolastico
305 2481 482 2546 Basiliensi
503 2501 564 2566 per
586 2480 786 2566 provinciam
809 2479 1026 2546 Bisuntinam.

212 2601 251 2666 In
275 2601 416 2666 eundem
438 2600 571 2666 modum
595 2649 629 2666 ..
653 2599 816 2686 quondam
836 2600 1111 2665 Helberstadensi
1135 2601 1313 2687 episcopo²
1337 2608 1371 2666 et
1394 2650 1426 2665 ..
1449 2602 1615 2688 preposito
1640 2599 1759 2664 Sancte

110 2703 210 2770 llario
232 2703 530 2791 Magdeburgensis
553 2725 613 2789 pro
637 2702 752 2768 eadem
775 2704 953 2789 provincia.

212 2825 253 2889 In
285 2825 425 2891 eundem
456 2824 588 2889 modum
612 2873 651 2888 ..
682 2825 836 2911 episcopo
870 2824 1110 2890 Ildescmensi³
1145 2829 1178 2888 et
1212 2824 1368 2909 magistro
1404 2824 1569 2889 Salomoni
1605 2823 1760 2888 canonico

111 2927 341 3016 Herbipolensi
363 2949 423 3014 per
445 2929 645 3013 provinciam
669 2929 905 3014 Maguntinam.

728 3257 1139 3266 Q

888 3591 974 3669 245.

217 3707 405 3802 Henetus
428 3733 491 3799 111
505 3755 597 3815 papo
618 3731 846 3818 [Liupoldum]
873 3734 980 3800 ducem
1002 3734 1154 3799 Austrioc
1180 3731 1339 3810 bortatur,
1365 3734 1402 3794 ut
1422 3728 1572 3816 B[elam]
1598 3726 1764 3812 regemari

112 3847 209 3926 patris
230 3844 283 3910 sui
305 3837 489 3923 A[ndrcoe]
510 3836 593 3919 repis
620 3834 780 3917 Unparioc
801 3835 989 3902 devotionem
1011 3840 1142 3902 moueat.
1191 3835 1240 3917 Of.
1262 3854 1295 3902 u.
1318 3836 1394 3897 240.

1382 3954 1476 4031 1224,
1498 3952 1600 4016 Mart.
1624 3953 1675 4017 13.
1769 4011 1772 4016 .

209 4049 283 4104 Ηοιι.
302 4045 360 4100 ΙΙΙ
374 4044 440 4113 Rep.
464 4041 521 4096 Vol.
541 4041 595 4107 IV,
615 4041 762 4109 17231Ao.
786 4041 872 4110 VIII,
892 4045 953 4095 347.

209 4135 346 4196 Pontos,
365 4131 435 4200 Beg.
455 4132 534 4183 7193.

739 4363 747 4379 .
776 4363 785 4380 .
813 4308 910 4381 duci
939 4307 1128 4382 Austris.

215 4459 271 4525 Sic
294 4457 415 4522 habere
439 4462 471 4521 te
495 4456 658 4521 credimus
682 4457 833 4522 timorem
856 4457 959 4522 divini
981 4459 1121 4523 nominis
1146 4464 1179 4522 et
1201 4475 1356 4534 amorem,
1379 4458 1416 4517 ut
1439 4473 1502 4537 que
1524 4451 1664 4516 honesta
1687 4456 1764 4516 sunt

113 4563 244 4650 diligas,
278 4569 312 4627 et
340 4561 514 4624 inhonesta
545 4559 618 4624 odio
646 4558 770 4624 habeas
803 4567 836 4624 et
867 4559 1004 4627 devites.
1057 4559 1270 4624 Fiducialiter
1299 4559 1409 4642 itaque
1439 4554 1645 4620 nobilitatem
1675 4559 1763 4617 tuam

113 4688 261 4752 rogamus
285 4672 319 4730 et
339 4664 508 4728 hortamur
530 4669 665 4738 attente,
688 4663 840 4748 quatinus
856 4663 1068 4727 karissimum
1090 4664 1123 4727 in
1141 4662 1269 4727 Christo
1293 4661 1565 4725 filium'nostrnm
1581 4656 1619 4722 B.
1641 4677 1763 4741 regem,

115 4777 222 4836 natum
246 4768 410 4833 karissimi
433 4767 466 4830 in
490 4764 620 4847 Christo
643 4765 703 4830 filii
725 4767 829 4831 nostri
851 4767 892 4831 A.
916 4767 1053 4831 illustris
1077 4766 1164 4851 regis
1187 4764 1349 4848 Ungarie‚
1373 4761 1416 4826 ad
1437 4761 1539 4848 patris
1563 4760 1614 4824 sui
1637 4758 1763 4823 devoti-

115 4893 205 4939 onem
230 4880 266 4937 ct
285 4870 660 4936 reverentiammoneas
683 4870 878 4955 propensius
902 4875 935 4935 et
959 4869 1109 4949 inducas,
1134 4891 1230 4955 quem
1254 4868 1353 4933 etiam
1376 4864 1546 4930 sollicitius
1570 4863 1764 4941 exhorteris,

114 4984 145 5041 ut
167 4975 424 5042 familiaritatem
447 4971 572 5038 devitet
595 4993 717 5052 eorum,
741 4973 797 5057 qui
819 4973 906 5038 inter
929 4974 1034 5060 ipsum
1059 4979 1093 5038 et
1115 4980 1241 5060 patrem
1265 4992 1358 5036 suum
1382 4969 1544 5033 seminare
1567 4964 1764 5030 discordiam

115 5080 207 5145 etad
230 5080 318 5144 bona
339 5077 463 5142 vellent
485 5076 593 5140 aliena
616 5075 796 5141 extendere
819 5098 935 5141 manus
960 5098 1046 5154 suas,
1070 5077 1115 5140 ite
1137 5075 1224 5161 quod
1247 5095 1307 5138 nos
1330 5071 1371 5137 de
1393 5069 1540 5135 bonitate
1564 5067 1681 5132 indolis
1706 5087 1763 5132 sue

114 5184 201 5264 certi,
224 5181 266 5246 ad
288 5180 422 5245 honoris
448 5186 482 5243 et
504 5179 714 5244 exaltationis
738 5179 808 5243 eius
832 5185 1042 5265 augmentum
1067 5200 1198 5265 semper
1220 5174 1391 5241 intendere
1415 5175 1593 5238 valeamus.

216 5303 293 5368 Dat
314 5302 465 5366 Lateran.
489 5299 542 5364 ΙΠ
565 5299 645 5364 Idus
667 5298 788 5380 Martii,
812 5319 897 5363 anno
920 5305 1046 5364 octavo.

666 5473 831 5480 ..--1.--—..
1150 5471 1281 5478 —a—-n-—n-
1288 5467 1661 5478 —--—-—--..—--—-——

30 5586 44 5626 ⁰
215 5595 241 5666 1)
259 5591 356 5648 tacet
372 5592 402 5646 in
419 5591 534 5648 Aleofio
551 5591 699 5661 superiore.
771 5591 798 5656 2)
820 5590 954 5646 Conrado.
1023 5589 1051 5659 3)
1072 5589 1200 5644 Conrado
1218 5588 1261 5644 ΙΙ.
