4494 6426
449 404 510 471 142
1041 395 1089 452 EX
1107 393 1263 452 Houoan
1282 397 1323 451 ΠΙ
1341 395 1521 453 REGISTRO

447 576 629 658 satisfacere
645 576 759 658 parati
780 576 853 654 siut,
876 575 1089 639 intrumentum
1109 571 1265 652 recipiant
1286 571 1324 636 de
1345 572 1457 637 sanda
1479 573 1640 638 mandatis
1662 574 1821 654 ecclesiam
1845 573 1897 638 bis
1915 576 2051 655 peractis
2071 575 2106 640 de

449 682 583 760 damus,
606 701 686 761 quae
707 679 803 744 iidem
824 679 903 743 circs
925 677 1068 742 ccclesiae
1089 674 1419 755 Farosirupbrcuieusi
1440 669 1659 758 irropaacriut,
1681 679 1858 760 inquirant.

1745 819 1837 896 1222,
1860 817 1944 900 Aac.
1969 821 2022 882 17.

551 922 625 976 aa.
644 919 702 974 ΠΙ
715 918 781 988 aeq.
806 919 863 974 vu.
881 918 934 983 rr,
954 924 984 980 1,·
1003 917 1065 972 aa.
1089 917 1155 980 ru,
1177 921 1201 970 a.

615 1261 623 1279 .
653 1260 661 1276 .
690 1199 974 1288 Ariminensi,
1005 1255 1012 1270 .
1043 1253 1050 1268 .
1080 1197 1303 1286 Firman0,
1332 1203 1374 1271 et
1402 1251 1409 1266 .
1440 1255 1448 1271 .
1477 1197 1676 1277 Urbinati
1703 1200 1943 1294 episcopis.

559 1353 624 1416 Pro
648 1352 870 1417 destructione
893 1350 1033 1414 civitatis
1057 1357 1090 1413 et
1114 1349 1254 1413 ecclesie
1270 1347 1649 1435 Forosimphroniensis²
1672 1354 1705 1412 et
1725 1348 1924 1415 Fanensium
1948 1354 2108 1419 electione

450 1456 591 1520 militum
614 1478 651 1521 ae
669 1477 802 1521 suorum
824 1455 1019 1540 spoliatione
1043 1454 1203 1518 bonorum
1225 1454 1258 1516 in
1274 1451 1443 1516 Faneuacs
1467 1451 1555 1516 cives
1579 1452 1683 1518 semel
1705 1453 1876 1517 etiterum
1900 1454 1940 1519 de
1957 1457 2108 1522 mandato

450 1567 562 1624 nostro
587 1559 934 1625 excommunicationis
962 1559 1126 1622 sententia
1149 1557 1216 1620 lata
1237 1556 1309 1636 fuit,
1333 1561 1366 1619 et
1389 1576 1461 1620 cum
1485 1555 1517 1618 in
1542 1575 1582 1619 ea
1604 1555 1667 1641 ipsi
1689 1577 1748 1641 per
1771 1577 1889 1621 annum
1913 1564 1947 1623 et
1970 1561 2109 1646 amplius

452 1664 688 1728 contumaciter
702 1664 937 1750 perstitissent,
960 1683 1031 1743 nos,
1056 1662 1131 1747 quia
1155 1666 1324 1726 crescente
1341 1660 1540 1724 contumatia
1564 1682 1710 1725 crescere
1734 1682 1820 1747 pena
1841 1662 1950 1738 debet,
1976 1667 2109 1729 commi-

451 1766 559 1830 nando
584 1767 642 1846 eis,
667 1766 754 1851 quod
770 1766 948 1831 secuudum
968 1767 1133 1852 generalis
1156 1771 1278 1830 statuta
1300 1763 1429 1829 concilii
1446 1769 1610 1846 tamquam
1633 1764 1770 1828 heretici
1793 1767 1934 1830 nuntiari
1958 1775 2110 1854 poterant

453 1877 485 1933 et
509 1869 688 1934 cathedrali
717 1870 875 1955 dignitate
899 1870 1036 1956 privari,
1065 1889 1129 1953 qua
1159 1869 1224 1932 iam
1254 1866 1463 1933 reddiderant
1495 1887 1530 1930 se
1555 1865 1721 1950 indignos,
1751 1869 1888 1933 eandem
1912 1873 2110 1937 sententiam

452 1972 678 2038 mandavimus
701 1996 760 2060 per
775 1975 997 2039 venerabilem
1020 1974 1154 2037 fratrem
1176 1977 1369 2035 nostrum..
1386 1970 1626 2033 Anconitanum
1643 1972 1853 2057 episcopum²
1877 1980 1910 2038 et
1933 1996 2011 2040 suos
2036 1999 2111 2041 con-

453 2075 579 2140 iudices
609 2078 747 2162 singulis
782 2078 898 2144 diebus
929 2077 1101 2142 dominicis
1134 2084 1167 2141 et
1199 2075 1326 2139 festivis
1358 2075 1496 2159 pulsatis
1525 2075 1691 2160 campanis
1725 2081 1758 2139 et
1787 2075 1931 2141 candelis
1964 2081 2113 2144 accensis

452 2178 584 2264 publice
608 2201 712 2266 usque
742 2181 784 2245 ad
813 2182 1071 2246 satisfactionem
1095 2200 1272 2265 congruam
1295 2177 1453 2242 innovari.
1499 2176 1622 2240 Verum
1647 2178 1843 2243 venerabilis
1872 2180 1976 2247 frater
2002 2192 2114 2250 noster

454 2331 461 2346 .
487 2330 494 2345 .
518 2282 677 2348 Fanensis
702 2285 901 2371 episeopus³
922 2285 963 2349 de
988 2284 1153 2349 commissi
1176 2283 1239 2347 sibi
1262 2281 1372 2367 gregis
1397 2281 1502 2345 salute
1526 2281 1695 2362 sollicitus,
1719 2303 1759 2346 ne
1782 2283 2017 2352 dissimulando
2042 2289 2111 2352 cius

454 2387 623 2451 interitum
650 2408 716 2478 non
750 2395 863 2475 pastor
893 2395 944 2453 set
972 2387 1216 2452 mercennarius
1247 2385 1441 2465 haberetur,
1472 2382 1514 2447 ad
1543 2386 1744 2470 presentiam
1775 2392 1920 2451 nostram
1950 2391 2112 2456 accedens

442 2488 509 2554 'diu
531 2489 572 2553 ad
587 2490 810 2557 misericordie
826 2498 937 2557 nostre
953 2491 1107 2572 hostium,
1130 2510 1194 2553 non
1210 2487 1338 2552 modica
1360 2487 1447 2572 apud
1464 2486 1577 2552 sedem
1593 2490 1807 2574 apostolicam
1829 2511 1921 2554 mora
1936 2500 2112 2578 protracta,

453 2593 613 2678 pulsavit,
646 2601 680 2658 et
706 2596 890 2680 supplicare
921 2594 1175 2672 instantissime,
1210 2592 1289 2655 licet
1319 2611 1398 2676 sepe
1429 2612 1449 2654 a
1477 2590 1572 2654 uobis
1600 2593 1767 2677 repulsam
1803 2595 2015 2678 sustinuerit,
2049 2620 2114 2662 non

454 2694 630 2779 desistens,
653 2718 714 2761 noa
737 2697 879 2778 tandem,
904 2698 1045 2782 quinon
1069 2695 1226 2761 debemus
1251 2694 1380 2758 veniam
1404 2694 1593 2779 petentibus
1607 2694 1781 2779 denegare,
1805 2703 1966 2783 oportuna
1989 2702 2113 2787 suppli-

458 2801 622 2864 cationum
654 2822 785 2866 suarum
813 2801 1059 2887 importunitate
1082 2799 1202 2866 devicit
1231 2805 1264 2863 ct
1294 2798 1336 2862 ad
1359 2797 1581 2863 miserendum
1604 2798 1760 2884 predictis
1784 2800 1910 2865 civibus
1934 2803 2112 2869 inclinavit.
2163 2837 2178 2873 a

457 2901 540 2967 Cum
570 2909 680 2968 autem
712 2903 852 2990 predicti
878 2905 984 2986 cives,
1015 2911 1052 2968 ut
1084 2903 1171 2968 idern
1202 2903 1376 2988 episcopus
1407 2901 1502 2967 nobis
1532 2923 1575 2967 ex
1605 2909 1698 2989 parte
1733 2903 1879 2988 ipsorum
1908 2906 2045 2988 obtulit,
2074 2907 2115 2971 ad

458 3005 647 3071 mandatum
674 3014 821 3072 nostrum
850 3008 1040 3074 satisfacere
1073 3009 1137 3072 sint
1166 3006 1288 3093 parati,
1320 3005 1518 3090 dignumque
1543 3005 1595 3086 sit,
1619 3005 1706 3090 quod
1728 3006 1962 3092 precedentem
1985 3011 2116 3096 culpam

459 3109 664 3195 subsequens
688 3111 868 3176 satisfactio
893 3111 1041 3191 redimat,
1065 3116 1101 3174 ut
1123 3131 1310 3196 gravamen,
1335 3107 1421 3194 quod
1444 3111 1645 3195 presumptio
1670 3111 1790 3190 intulit,
1814 3133 1857 3176 ex
1881 3113 2116 3179 satisfactionis

457 3213 642 3278 humilitate
673 3215 825 3296 tollatur,
860 3215 1057 3280 fraternitati
1089 3221 1198 3278 vestre
1232 3235 1292 3300 per
1326 3213 1507 3298 apostolica
1536 3214 1658 3299 scripta
1688 3211 1836 3279 districte
1866 3221 1899 3279 et
1930 3216 1964 3279 in
1994 3217 2116 3282 virtute

458 3315 645 3383 obedientie
685 3318 898 3406 precipiendo
917 3373 919 3376 .
940 3317 1151 3397 mandamus,
1197 3317 1349 3402 quatinus
1394 3316 1435 3380 ad
1471 3316 1656 3381 Fanensem
1694 3317 1859 3382 civitatem
1896 3322 2116 3404 personaliter
2164 3353 2174 3390 ε

458 3419 656 3486 accedentes
684 3443 722 3486 ac
750 3421 956 3487 attendentes
988 3422 1144 3502 sollicite,
1181 3420 1267 3506 quod
1302 3421 1383 3485 alias
1412 3420 1474 3484 fuit
1502 3421 1773 3505 tergiversatione
1803 3419 1964 3486 dictorum
1996 3425 2116 3489 civium

458 3522 779 3609 Romanaecclesia
806 3525 1040 3606 circumventa,
1072 3523 1112 3587 ab
1145 3524 1296 3588 omnibus
1325 3529 1359 3588 et
1387 3523 1523 3608 singulis
1552 3525 1699 3609 recipere
1722 3525 1904 3610 procuretis
1933 3524 1975 3590 de
1999 3528 2115 3592 stando

458 3625 619 3691 mandatis
650 3629 790 3694 ecclesie
814 3629 1049 3710 iuramentum,
1080 3633 1113 3692 et
1137 3633 1274 3713 quatuor
1301 3627 1425 3690 milium
1455 3626 1610 3691 librarum
1634 3626 1874 3692 Ravennatium
1898 3630 2052 3715 pignora,
2083 3641 2115 3696 et

458 3729 575 3813 viginti
598 3728 730 3794 obsides
754 3729 794 3796 de
817 3731 1008 3795 melioribus
1025 3731 1167 3795 civitatis
1189 3729 1358 3815 eligendos
1382 3751 1401 3793 a
1423 3729 1529 3810 vobis,
1554 3751 1635 3815 quos
1660 3752 1732 3795 cum
1749 3732 1905 3817 predictis
1921 3733 2115 3820 pignoribus

458 3830 586 3896 faciatis
609 3831 794 3898 Ariminum
817 3835 992 3923 deportari.
1037 3835 1112 3899 Hiis
1141 3835 1250 3918 itaque
1282 3855 1354 3898 curn
1378 3833 1513 3920 provida
1534 3833 1770 3900 deliberatione
1794 3857 1832 3900 ac
1856 3836 1988 3914 debita,
2019 3844 2115 3924 prout
2161 3869 2182 3906 a

459 3935 492 3998 in
508 3941 600 4000 tanto
617 3939 750 4022 negotio
767 3940 920 4025 exigitur,
936 3940 1124 4004 maturitate
1142 3938 1294 4024 peractis,
1310 3937 1517 4023 postmodum
1534 3937 1574 4003 de
1589 3937 1739 4025 dampnis
1755 3939 2114 4027 Farosimphroniensis

460 4039 599 4104 ecclesie
633 4041 822 4126 inquiratis,
859 4065 940 4128 que,
976 4052 1012 4108 ut
1045 4042 1145 4107 iidem
1180 4043 1268 4107 cives
1303 4042 1460 4106 adderent
1494 4040 1703 4107 afflictionem
1736 4043 1874 4122 afflicto,
1909 4045 2114 4132 dampnanda

458 4143 653 4208 temeritatis
677 4145 813 4210 audacia
840 4148 941 4211 semel
964 4153 998 4211 et
1021 4147 1138 4210 iterum
1162 4146 1326 4230 irrogasse
1350 4145 1516 4226 dicuntur,
1541 4145 1636 4210 etde
1661 4146 1897 4228 satisfactione,
1921 4169 2019 4233 quam
2042 4155 2115 4236 post

459 4245 564 4331 prima
581 4250 791 4330 gravamina³
809 4249 930 4315 dilecta
946 4250 1012 4314 filio
1027 4299 1035 4313 .
1052 4299 1059 4313 .
1076 4251 1146 4315 eius
1168 4250 1305 4330 clect0‘‚
1330 4250 1413 4314 sicut
1428 4248 1556 4329 dicitur,
1573 4249 1812 4335 impenderunt,
1835 4272 1873 4314 ac
1891 4250 1930 4316 dc
1948 4255 2114 4338 expensis

461 4347 571 4431 siquas
595 4370 652 4434 pro
684 4352 824 4418 utilitate
852 4353 956 4439 ipsius
992 4354 1132 4418 ecclesie
1161 4353 1203 4417 ab
1233 4353 1390 4416 alterutra
1416 4352 1557 4437 partium
1588 4353 1773 4416 constiterit
1798 4375 1872 4418 csse
1904 4355 2025 4432 factas,
2054 4378 2114 4422 nec
2161 4388 2182 4426 a

459 4470 525 4513 uon
561 4457 595 4514 et
628 4453 790 4519 universis
823 4457 1077 4521 circumstantiis
1112 4455 1235 4520 dictum
1268 4455 1438 4540 negotium
1473 4455 1737 4540 contingentibus
1774 4457 1815 4544 ab
1849 4457 1921 4544 ipso
1955 4459 2115 4526 dictorum

460 4553 580 4618 civium
617 4559 872 4644 presumptionis
917 4561 1009 4624 initio
1053 4582 1157 4646 usque
1196 4559 1237 4624 ad
1281 4559 1342 4623 hee
1380 4563 1528 4644 tempora
1565 4558 1756 4643 plenissime
1794 4561 1984 4645 veritatem,
2030 4562 2115 4650 quod

459 4657 670 4742 inveneritis,
705 4682 765 4746 per
791 4669 920 4728 vestras
949 4665 1044 4729 nobis
1075 4665 1202 4729 litteras
1233 4663 1433 4750 expressuri,
1468 4667 1505 4726 ut
1539 4663 1690 4727 instructi
1717 4685 1736 4728 a
1766 4664 1859 4729 vobis
1892 4689 1992 4753 super
2019 4669 2114 4732 satis-

460 4760 602 4826 factione
637 4763 782 4849 ipsorum
817 4767 963 4832 securius
998 4768 1177 4854 procedere
1206 4768 1383 4831 valeamus.
1441 4764 1631 4831 Mandatum
1665 4775 1774 4832 autem
1804 4772 2021 4855 apostolicum
2048 4781 2115 4836 tam

461 4864 554 4949 vigili
577 4865 722 4931 cautelab
748 4876 781 4932 et
805 4870 963 4934 sollicitac
988 4870 1159 4956 diligentia
1181 4870 1301 4954 exequi
1324 4869 1498 4951 studeatis,
1527 4876 1563 4934 ut
1593 4892 1636 4936 ex
1658 4871 1720 4936 hoe
1744 4870 1831 4957 apud
1854 4873 2005 4940 homines
2027 4876 2114 4940 fama
2164 4909 2186 4942 a

463 4975 496 5033 et
517 4969 633 5034 merito
656 4973 843 5056 augeamini
865 4973 953 5060 apud
976 4974 1102 5057 Deum,
1133 4981 1166 5040 et
1196 4995 1256 5038 nos
1286 4973 1524 5060 providentiam
1557 4982 1590 5038 et
1622 4976 1950 5063 circumspectionem
1972 4988 2115 5046 vestram

461 5075 624 5160 possimus
648 5075 681 5140 in
702 5075 844 5143 Domino
868 5080 1107 5146 commendare.
1153 5078 1248 5151 Quod
1270 5079 1298 5143 si
1320 5098 1386 5142 non
1410 5099 1522 5143 omnes
1545 5115 1597 5160 -,
1620 5078 1684 5144 duo
1707 5088 1852 5146 vestrum
1876 5089 1938 5149 eto.

567 5203 644 5269 Dat.
666 5204 818 5272 Lateran.
841 5207 924 5272 XVI
946 5208 1021 5274 Kal.
1046 5208 1260 5294 Septembris,
1283 5207 1492 5296 pontificatus
1515 5209 1619 5273 nostri
1642 5229 1727 5274 anno
1751 5212 1902 5298 septimo.

568 5391 593 5397 ——-
600 5392 783 5400 Μ-
805 5396 816 5400 ..
824 5396 1257 5404 ——---·-———-———--—-
1264 5397 1271 5402 ⁷
1279 5397 1420 5402 -—-—--—-
1429 5396 1437 5400 ·-
1447 5397 1499 5402 -——
1505 5397 2009 5407 ”Qun-.-

567 5516 589 5584 ¹)
607 5521 750 5585 graviminn
769 5521 799 5573 It.
883 5518 906 5586 ¹²)
923 5539 1001 5574 causa
1019 5523 1051 5574 a.
1133 5523 1154 5589 ⁶)
1174 5524 1258 5575 sollita
1276 5523 1307 5574 R.

565 5689 1049 5758 animumanimumum.
1118 5695 1146 5762 2)
1167 5693 1330 5749 Gaurana.
1400 5695 1428 5762 3)
1447 5693 1596 5749 Ricardus.
1665 5696 1692 5763 4)
1710 5697 1852 5755 Manlio.
