4494 6426
1011 387 1057 442 ax
1077 387 1234 444 nononn
1252 383 1293 442 rn
1311 371 1492 446 naorsrno

1211 638 1293 710 141.

539 747 757 861 Mapoldus]
777 778 844 842 due
865 777 1017 842 Austrioe
1039 777 1199 861 H[onorio
1221 777 1301 862 III]
1321 799 1423 860 papae
1454 782 1591 846 salome
1619 801 1651 846 se
1676 787 1819 862 cauerat,
1847 784 1930 866 qnod
1956 785 2080 850 aridam

426 885 632 950 instrumento
659 882 798 964 apellem
831 901 922 946 mum
951 901 1106 962 apponere
1135 881 1346 964 &negaverim
1374 883 1532 964 supplicat
1560 886 1702 966 insuper,
1731 907 1770 950 ne
1791 888 1935 953 Arnoido
1963 890 2080 953 vteenno

426 987 584 1072 Propensi
605 987 747 1051 ecclesiae
769 995 844 1050 saue
866 985 1084 1062 restituuntur,
1107 1005 1176 1047 cum
1196 985 1278 1049 alios
1300 985 1426 1050 clericos
1447 986 1484 1050 dc
1506 986 1616 1051 iisdem
1637 989 1837 1054 investiverit.

1157 1089 1243 1152 1220
1261 1089 1328 1168 fiae
1349 1089 1465 1153 mensis
1487 1089 1572 1170 Sept.
1585 1128 1627 1138 —
1641 1092 1734 1155 initio
1754 1093 1870 1158 mens-is
1889 1093 1961 1159 Noe
1971 1097 1991 1158 ¹.

530 1211 604 1264 non.
623 1211 678 1261 111
691 1207 757 1277 nep.
781 1208 837 1262 vor.
856 1209 914 1272 nr,
935 1209 980 1272 37,
1000 1209 1053 1268 ss,-
1071 1205 1133 1259 nse.
1158 1206 1187 1270 v,
1206 1211 1268 1260 res.
1668 1183 1676 1196 '

537 1294 732 1362 winkelmanns
750 1297 811 1350 Aet.
830 1295 901 1366 Imp.
918 1297 990 1351 ime.
1006 1313 1036 1366 p.
1056 1297 1118 1358 477,
1135 1309 1163 1346 a.
1183 1297 1245 1346 595.

902 1492 1071 1565 Littera
1099 1491 1154 1562 ad
1182 1490 1408 1564 dominum
1435 1512 1607 1584 papam.

539 1641 751 1707 Sanctissimo
788 1639 872 1726 patri
904 1660 943 1703 ao
978 1638 1109 1704 domino
1139 1663 1197 1704 suo
1230 1640 1273 1704 H.
1305 1641 1487 1705 venerabili
1524 1647 1730 1706 sacrosancte
1760 1641 1907 1707 Romane
1937 1645 2079 1710 ecclesie

429 1766 553 1810 summo
582 1744 746 1831 pontifici,
776 1742 914 1808 devotus
941 1744 975 1806 in
999 1743 1129 1808 Christo
1153 1743 1239 1807 filins
1262 1743 1299 1806 L.
1323 1742 1386 1806 Dei
1414 1744 1521 1828 gratia
1548 1743 1616 1808 dux
1638 1744 1769 1808 Austric
1798 1743 1981 1830 Stirieque‘¹
2012 1753 2079 1811 tarn

428 1848 575 1914 debitum
606 1869 702 1934 quarn
730 1846 883 1912 devotum
912 1863 985 1911 curn
1016 1848 1107 1910 filiali
1137 1847 1323 1912 reverentia
1352 1846 1558 1932 obsequium.
1603 1845 1686 1912 Cum
1713 1854 1847 1933 propter
1868 1850 2076 1934 paternitatis

428 1959 536 2017 vestre
559 1951 816 2016 benivolentiam
844 1956 877 2014 et
908 1951 1063 2036 gratiam,
1096 1972 1159 2036 que
1194 1971 1252 2036 prc
1283 1950 1401 2014 ceteris
1430 1950 1626 2014 Alamannia
1654 1950 1855 2036 principibus
1883 1953 2080 2038 parvitatem

428 2074 535 2118 meam
558 2052 691 2139 dignata
713 2060 764 2119 est
779 2052 1021 2118 habundantius
1045 2061 1078 2118 et
1101 2053 1292 2117 familiarius
1315 2053 1490 2137 respicere,
1513 2053 1650 2118 firmiter
1668 2054 1894 2139 proposuerim
1917 2063 1951 2119 ot
1973 2057 2080 2121 adhue

426 2177 606 2243 proponam
635 2156 728 2222 vobis
757 2165 790 2222 ct
818 2159 959 2223 ecclesie
988 2157 1138 2221 Romane
1171 2156 1240 2220 tore
1273 2176 1402 2241 semper
1431 2155 1536 2220 tidelis
1564 2177 1602 2220 ac
1630 2154 1785 2238 devotus,
1818 2179 1882 2222 non
1915 2159 2080 2224 modicum

427 2267 541 2344 gravat
562 2282 614 2325 me
637 2261 816 2346 indignatio
839 2282 936 2347 quarn
959 2281 1037 2345 erga
1063 2281 1115 2324 me
1139 2259 1344 2344 concepistis,
1369 2243 1517 2343 eo'quod
1539 2260 1755 2324 instrumento
1779 2268 1887 2326 vestro
1911 2283 2079 2350 apponere

428 2363 572 2448 sigillum
593 2386 703 2430 mcum
727 2365 895 2445 denegavi.
943 2362 1009 2428 Sed
1033 2385 1090 2449 pro
1114 2370 1205 2427 certo
1228 2367 1338 2426 vestra
1359 2362 1487 2425 noverit
1508 2363 1705 2448 paternitas,
1738 2363 1825 2448 quod
1853 2364 1916 2430 hoc
1945 2387 2010 2431 non
2034 2388 2078 2432 ex
2132 2387 2154 2422 n

427 2467 551 2531 malitia
586 2489 660 2534 mea
696 2469 748 2532 vel
784 2467 993 2532 indevotione
1031 2467 1153 2530 laetum
1189 2473 1256 2545 est,
1295 2470 1345 2529 set
1378 2471 1512 2550 propter
1543 2466 1605 2530 hoc
1640 2465 1727 2549 quod
1760 2467 1899 2552 quedam
1933 2468 2082 2533 clausula

427 2571 656 2636 continebatur
678 2572 711 2636 in
735 2572 870 2652 codcnr,
899 2593 961 2656 quc
984 2570 1079 2636 valde
1111 2592 1161 2634 mc
1191 2569 1348 2634 terrebat:
1365 2565 1367 2570 ’
1382 2569 1443 2633 hoe
1471 2570 1598 2634 scilicet
1624 2577 1660 2634 ut
1687 2591 1749 2655 ego
1782 2576 1816 2634 ct
1844 2591 1928 2634 uxor
1950 2592 2025 2636 mea
2047 2577 2082 2636 et

413 2673 522 2738 'liberi
546 2675 606 2740 sub
630 2697 717 2761 pena
740 2675 1088 2740 excommunicationis
1112 2695 1172 2738 nos
1195 2673 1467 2758 astringorcrnus,
1500 2695 1541 2737 ne
1572 2695 1632 2738 rcx
1661 2680 1694 2738 et
1721 2673 1885 2760 principes
1909 2681 2024 2739 eontra
2046 2674 2081 2738 id

427 2777 588 2859 venirent,
614 2777 699 2863 quod
722 2779 756 2842 in
779 2777 894 2844 codem
919 2779 1147 2843 continebatur
1169 2779 1396 2844 instrumento.
1440 2777 1583 2842 Proinde
1606 2784 1715 2844 vestre
1740 2777 1907 2842 humiliter
1929 2778 2079 2864 supplico

428 2880 615 2960 clementie,
643 2881 795 2966 quatinus
824 2903 953 2946 omnem
986 2903 1155 2946 rancorem
1179 2888 1212 2946 et
1235 2881 1493 2966 indignationem
1521 2903 1601 2966 erga
1626 2903 1679 2946 me
1710 2886 1907 2966 conceptam,
1932 2901 2013 2967 pure
2045 2881 2079 2945 in
2131 2913 2154 2942 «ιι

427 2980 500 3046 Deo
523 2984 707 3051 remittatis.
753 2985 837 3049 Nam
866 2984 1019 3071 quiequid
1053 3007 1112 3050 rex
1143 2993 1176 3050 et
1198 2985 1363 3070 principes
1394 2986 1481 3048 circa
1511 2985 1653 3050 ecclesie
1675 2983 1823 3048 Romane
1853 2984 2011 3049 honorem
2042 3005 2080 3049 ae

428 3086 661 3153 exaltationem
701 3087 809 3154 lacere
853 3089 1132 3175 qualitercumque
1175 3089 1353 3170 voluerint,
1399 3110 1461 3174 ogo
1503 3110 1617 3155 revera
1654 3087 1735 3152 illud
1775 3109 1841 3152 non
1875 3088 1981 3152 solnm
2014 3109 2080 3153 non

427 3188 622 3275 impediam,
652 3191 750 3255 immo
784 3190 825 3254 ad
848 3191 932 3256 idem
958 3192 1213 3278 promovendum
1242 3213 1300 3278 pro
1323 3213 1422 3278 posse
1450 3214 1523 3257 meo
1552 3190 1689 3257 studebo
1712 3190 1785 3256 Deo
1815 3189 1913 3256 dante
1945 3212 2080 3278 operam

427 3293 595 3359 efficacem
615 3293 782 3359 adhibere.
820 3293 977 3360 Preterea
992 3301 1102 3361 vestre
1119 3296 1266 3380 significo
1283 3296 1482 3381 paternitati,
1498 3294 1584 3380 quod
1605 3296 1639 3358 in
1657 3294 1766 3359 reditu
1783 3315 1856 3360 meo
1873 3292 1914 3360 de
1930 3295 2081 3381 partibus

426 3398 667 3472 transmarinis,
701 3418 773 3461 curn
804 3418 913 3463 assem
941 3399 1028 3484 apud
1050 3421 1108 3463 vos
1133 3400 1342 3476 constitutus,
1373 3398 1413 3463 de
1437 3399 1586 3483 magistri
1608 3396 1746 3462 Arnoldi
1769 3396 1932 3481 quondam
1961 3398 2079 3463 decani
2130 3420 2153 3457 se

427 3501 604 3587 Prageusis
627 3500 834 3586 depositione
858 3500 890 3564 in
915 3503 1004 3566 curia
1026 3509 1136 3568 vestre
1159 3502 1246 3566 farne
1269 3508 1346 3567 tune
1369 3503 1430 3566 fuit
1453 3501 1595 3565 celebris
1619 3505 1653 3565 et
1680 3500 1790 3563 nullus
1814 3499 1936 3565 ibidem
1959 3500 1999 3565 de
2022 3501 2080 3565 illa

426 3604 600 3685 hesitabat,
623 3605 657 3668 in
680 3610 807 3668 tantum
823 3603 908 3688 quod
932 3606 1031 3669 etiam
1056 3606 1186 3691 quidam
1210 3607 1299 3670 eurio
1317 3612 1425 3670 vestre
1450 3605 1560 3670 cleriei
1576 3626 1628 3668 mc
1652 3603 1823 3688 rogabant,
1846 3610 1883 3667 ut
1905 3603 2076 3686 beneficia,

354 3755 355 3760 ι
427 3727 489 3791 qua
513 3705 600 3772 idem
614 3707 656 3772 A.
680 3712 831 3773 tenuerat
854 3730 874 3772 a
897 3730 959 3788 me,
983 3709 1164 3774 conferrem
1188 3709 1323 3774 eisdem.
1368 3708 1582 3773 Postmodum
1601 3728 1751 3773 reversus
1775 3706 1817 3771 ad
1839 3708 1971 3794 propria
1994 3709 2079 3774 tales

425 3811 535 3876 inveni
564 3833 731 3894 rumores,
767 3812 853 3898 quod
884 3814 1152 3900 archiepiscopus
1182 3813 1469 3898 Salzeburgonsis,
1502 3811 1725 3891 Patavicnsis,
1763 3809 2014 3896 Ratisponensis
2046 3818 2079 3878 et

425 3912 623 3980 Eistetensis
660 3916 807 4002 episcopi
846 3939 889 3982 cx
922 3916 1075 3982 mandato
1110 3925 1220 3983 vestro
1254 3917 1394 3982 eundem
1428 3916 1469 3980 A.
1504 3917 1610 3982 officio
1649 3921 1683 3980 et
1716 3913 1886 3980 beneficiis
1925 3917 2077 3981 omnibus
2127 3937 2139 3975 e

425 4015 698 4084 denuntiaverant
726 4041 800 4086 esse
830 4021 1007 4106 privatum,
1040 4027 1074 4086 at
1102 4020 1227 4086 iudices
1251 4042 1270 4085 a
1293 4021 1386 4085 vobis
1410 4019 1552 4105 delegati
1575 4019 1656 4083 mihi
1679 4025 1791 4082 vestra
1822 4017 2101 4085 mandaveruntb·

426 4122 631 4203 auctoritate,
654 4130 691 4189 ut
713 4123 755 4188 ad
779 4125 947 4205 eeclesias,
973 4146 1053 4210 ques
1068 4125 1216 4210 profatus
1230 4123 1272 4188 A.
1288 4129 1439 4189 tenuerat
1461 4145 1481 4187 a
1503 4145 1566 4203 me,
1590 4144 1652 4207 que
1676 4123 1777 4188 etiam
1799 4143 1859 4209 per
1881 4143 2001 4186 annum
2024 4123 2077 4188 vel

426 4225 564 4311 amplius
588 4233 722 4313 propter
746 4249 852 4292 meam
876 4235 1091 4294 vacaverantc
1115 4228 1315 4308 absentiam,
1349 4228 1484 4292 clericos
1508 4226 1644 4292 idoneos
1667 4231 1908 4312 presentarem,
1936 4224 2023 4310 quod
2046 4233 2080 4290 et

425 4328 502 4402 leci;
526 4334 560 4392 et
575 4327 639 4392 duo
660 4331 821 4415 capellani
837 4332 901 4396 mei
917 4331 958 4396 ad
973 4333 1251 4418 presentationem
1267 4353 1373 4397 meam
1398 4330 1438 4397 de
1463 4331 1588 4396 eisdam
1604 4331 1754 4396 ccelesiis
1771 4330 1903 4394 fuerunt
1921 4330 2079 4394 canonice

425 4430 581 4512 investiti,
605 4433 660 4517 qui
683 4433 781 4497 etiam
803 4455 863 4520 per
885 4434 1053 4500 biennium
1077 4435 1142 4498 iarn
1164 4436 1217 4500 vel
1234 4436 1374 4522 amplius
1399 4433 1532 4500 casdem
1554 4434 1689 4520 pacifice
1706 4433 1931 4518 possederunt.
1979 4431 2076 4497 Unde
2129 4455 2153 4493 es

426 4533 591 4598 humiliter
621 4536 769 4621 supplico
797 4538 972 4603 clementie
1001 4544 1111 4604 vestre
1143 4539 1176 4602 in
1199 4537 1362 4618 Domino,
1393 4539 1545 4623 quatinus
1575 4538 1609 4601 in
1637 4557 1745 4602 meum
1775 4542 1808 4600 et
1835 4537 2079 4621 capellanorum

425 4658 572 4702 meorum
602 4639 819 4723 preiudieium
853 4647 887 4706 et
921 4663 1097 4727 gravamen
1135 4650 1314 4708 memorato
1341 4641 1383 4707 A.
1415 4642 1571 4706 ecclesias
1605 4640 1769 4728 predictas
1805 4640 1979 4704 restituere
2015 4661 2079 4704 non

425 4740 612 4808 intendatis.
668 4741 752 4806 Nam
787 4745 815 4808 si
848 4752 958 4810 vestre
998 4747 1158 4832 placuerit
1194 4746 1402 4826 liberalitati,
1438 4745 1562 4830 absque
1591 4743 1744 4809 seandalo
1779 4749 1813 4807 et
1843 4743 2079 4827 congruentius

424 4844 575 4930 poteritis
599 4845 707 4910 eidem
730 4848 794 4912 alio
817 4848 915 4913 modo
939 4848 1122 4934 providere.

652 5005 700 5012 -“
1224 5005 1863 5016 μ-ῄψ-Μ--οη
1868 5004 1974 5011 ---,-.

530 5103 553 5170 “)
572 5107 641 5176 strig
658 5106 690 5158 R.
772 5106 794 5172 b)
813 5109 971 5160 mandaverit
988 5108 1021 5160 R.
1102 5109 1123 5174 e)
1139 5117 1275 5162 vacaverat
1292 5109 1325 5160 B.
2129 5129 2154 5164 ro

526 5241 553 5308 1)
572 5241 650 5295 Haec
668 5247 710 5296 eet
727 5241 791 5296 In'b.
815 5242 894 5312 Vep.
916 5247 985 5298 185:
1009 5248 1123 5313 ep.182
1145 5249 1171 5298 et
1193 5248 1249 5298 183
1271 5244 1353 5298 datae
1376 5249 1441 5298 eunt
1464 5243 1536 5298 Noe.
1560 5247 1610 5306 30,
1634 5259 1675 5311 ep.
1700 5245 1751 5294 191
1770 5240 1837 5294 Dec.
1857 5245 1871 5294 1
1897 5247 1922 5295 et
1944 5242 2080 5311 epistolae
2193 5309 2198 5316 .

422 5333 562 5394 sequemee
587 5327 734 5382 secundum
756 5328 877 5383 ordinem
899 5331 1119 5400 chronotopicum
1141 5332 1172 5384 in
1193 5331 1309 5400 regestis
1330 5330 1467 5398 lepnntnr,
1486 5335 1602 5399 propter
1626 5327 1699 5398 quod
1722 5327 2079 5398 eredendemestep.1a.r

422 5412 502 5465 initio
521 5413 621 5467 menae
633 5415 699 5467 Dec.
717 5414 749 5467 in
766 5414 906 5468 tabulario
924 5416 1017 5470 curiae
1035 5415 1131 5483 fuisse.
1167 5415 1259 5470 Misso
1276 5421 1317 5469 est
1330 5421 1396 5485 poet
1411 5416 1484 5484 Sept.
1501 5421 1531 5474 1,·
1549 5432 1613 5469 nam
1630 5431 1690 5468 cum
1706 5413 1765 5467 dure
1783 5415 1876 5468 timent
1894 5417 1920 5468 et
1936 5415 2080 5484 supplicet,

422 5517 455 5553 ne
473 5501 597 5553 Amoldo
615 5501 740 5555 ecclesiae
757 5517 824 5556 auae
840 5501 1002 5566 redduntur,
1020 5517 1124 5556 necesse
1141 5507 1181 5557 eat
1199 5502 1310 5556 eundem
1329 5503 1466 5570 quondum
1480 5501 1741 5555 excommunicatum
1759 5501 1816 5555 iam
1832 5500 1989 5555 restitutore
2006 5517 2079 5566 esee,-

421 5585 579 5640 restituitur
596 5593 686 5641 antem
704 5587 821 5659 epistole
833 5604 928 5658 popae
945 5588 1020 5658 Sept.
1038 5593 1053 5641 1
1071 5587 1145 5652 dota,
1163 5591 1194 5642 ut
1212 5588 1324 5658 tepimm
1341 5587 1419 5658 opud
1437 5587 1543 5650 Erbem
1562 5587 1630 5658 Rep.
1650 5585 1762 5640 Bodem.
1780 5587 1807 5654 I,
1827 5603 1857 5655 p.
1876 5590 1942 5648 291,
1967 5604 1994 5640 ιι.
2015 5590 2076 5641 629.
2127 5609 2151 5644 se

422 5673 472 5726 Es:
488 5674 539 5725 leoc
556 5681 673 5742 apparet
690 5676 760 5728 hanc
778 5674 922 5744 epistolum
938 5673 1010 5728 iuter
1027 5674 1136 5728 ultiones
1154 5675 1212 5729 dice
1229 5675 1328 5729 mensis
1346 5675 1416 5745 Sept.
1436 5679 1460 5728 et
1474 5676 1583 5744 priores
1602 5675 1673 5728 Non.
1693 5673 1824 5742 seraptem
1844 5689 1911 5728 esse.
