4538 6426
403 427 443 487 34
989 424 1036 476 EX
1056 423 1211 478 HONORll
1230 423 1270 476 Ill
1290 422 1469 477 natussum

402 617 491 660 mere
515 595 693 680 spiritualis
712 596 792 659 iuris
818 597 946 668 existit,
970 595 1033 659 dici
1058 597 1156 660 debet
1180 598 1271 680 quasi
1296 617 1369 658 cum
1392 595 1604 660 universitate
1628 597 1796 673 transisse,
1821 595 1972 680 quoniam
1997 616 2058 658 neo

295 723 303 738 ·
402 699 643 784 particulariter
666 719 726 762 neo
752 721 825 762 cum
848 706 916 762 toto
941 699 1063 764 habere
1087 701 1192 785 potuit
1216 698 1249 763 id
1272 698 1417 762 donator.
1462 698 1574 762 Tertio
1605 699 1691 784 quod
1714 722 1773 784 por
1796 699 2059 763 confirmationes

401 801 622 866 Romanorum
646 802 835 886 pontificum
859 805 1031 886 generales
1055 803 1155 866 nichil
1179 802 1307 867 videtur
1329 802 1503 880 adiectum,
1527 824 1600 865 cum
1624 803 1749 866 firmum
1773 825 1839 866 non
1861 803 2059 888 precesserit

403 904 490 991 quod
513 904 566 968 hic
588 905 733 989 potuerit
756 906 955 978 confirmari,
979 906 1055 989 quia
1078 928 1137 991 per
1160 929 1215 970 eas
1238 927 1358 970 novum
1382 907 1431 968 ius
1454 927 1519 968 non
1540 907 1709 968 consuevit
1732 906 1864 990 acquiri,
1888 912 1938 968 sot
1960 905 2060 968 robur

403 1008 542 1072 adicitur
564 1007 711 1091 legitime
734 1009 903 1091 acquisito.
961 1009 1056 1071 Unde
1088 1010 1120 1072 in
1152 1009 1332 1094 privilegiis
1364 1008 1592 1071 continebatur
1621 1009 1776 1072 exhibitis
1806 1010 1951 1072 clausula
1979 1029 2057 1071 oon·
2113 1019 2123 1052 s

405 1116 508 1184 sueta,
532 1109 686 1173 uidelicet
710 1110 795 1173 sieut
817 1112 901 1175 iusto
926 1133 963 1175 ao
988 1113 1143 1175 cononice
1167 1111 1344 1196 possidetis
1371 1117 1431 1174 otc.

510 1213 587 1276 Dat.
610 1211 763 1276 Lateran.
786 1213 902 1277 Idibus
926 1214 1080 1289 Ianuarii,
1106 1215 1314 1300 pontificatus
1338 1214 1441 1276 nostri
1464 1234 1549 1276 anno
1573 1213 1727 1278 secundo.

1199 1786 1260 1857 tl.

516 1896 704 1988 Hortarius
737 1924 804 1987 ΠΙ
828 1945 916 2004 papa
954 1924 1102 2008 [saurus]
1143 1924 1348 1989 Ulirrboncnsi
1386 1928 1416 1987 ct
1452 1924 1600 2007 [serora]
1637 1925 1805 1987 Elborcasi
1842 1927 1991 2004 ‹plsami-s
2032 1932 2061 1989 ot

403 2030 509 2109 priori
530 2028 567 2090 (lc
589 2027 734 2090 Pulruclo
755 2027 894 2103 nromlat
917 2033 952 2090 ut
971 2029 1251 2108 crucesignatorum
1275 2031 1338 2088 torn
1358 2028 1429 2089 illos
1451 2027 1506 2106 qrri
1528 2027 1561 2088 in
1578 2027 1734 2088 obsid-ione
1756 2029 1852 2091 castri
1873 2029 1909 2091 cle
1922 2029 2061 2092 illoram·

404 2151 499 2195 auvos
534 2150 609 2195 satos
639 2130 842 2194 corrocsscriut
874 2130 917 2191 nrt
949 2128 1110 2193 rrraclunus
1144 2135 1172 2192 ct
1201 2130 1441 2211 propugnaculo
1472 2130 1632 2209 sirie-icario,
1667 2151 1761 2209 puero
1794 2151 1844 2194 cos
1876 2151 1952 2211 quos
1979 2154 2060 2212 proc
2127 2141 2130 2168 ¹

399 2237 588 2315 perapertatc
604 2234 740 2297 aridos-int
754 2238 857 2295 uotum
873 2253 965 2295 staura
979 2234 1149 2313 corrupta-0
1164 2253 1228 2295 non
1247 2252 1345 2312 posse,
1369 2233 1553 2295 dcrrrrrrtr'rot
1568 2234 1751 2296 orator-italo
1773 2234 1854 2296 seclis
1875 2237 2061 2314 apostolica-c

405 2338 569 2403 absolutos,
1708 2340 1801 2414 1218,
1824 2336 1898 2402 Iaa
1920 2341 1972 2402 26.

510 2454 583 2507 Hon.
601 2455 659 2507 ΙΙΙ
674 2453 742 2524 neq.
767 2453 822 2506 Vol.
842 2453 866 2518 Ι,
885 2460 949 2521 211;
968 2454 1029 2508 Lib.
1050 2455 1094 2512 ΙΙ,
1113 2459 1177 2507 857.

409 2754 416 2768 .
447 2757 456 2774 .
483 2700 781 2774 Ulixbonensi
811 2706 857 2774 et
886 2754 894 2770 .
927 2755 934 2769 .
962 2702 1197 2776 Elboreusi
1224 2704 1448 2794 episcopis
1477 2707 1521 2774 et
1549 2759 1558 2776 .
1587 2759 1595 2775 .
1624 2703 1763 2794 priori
1792 2704 1841 2776 de
1868 2703 2064 2778 Palmela

958 2823 1279 2896 Ulixbouensis
1307 2823 1510 2896 diocesis.

514 2969 663 3033 Dilectus
687 2970 772 3034 filius
802 2970 922 3034 nobilis
952 2971 1003 3034 vir
1025 2969 1252 3059 Wlilbelmusl
1288 2993 1397 3036 comes
1432 2970 1609 3034 Iiollandio
1646 2991 1683 3034 ac
1723 2973 1889 3036 exercitus
1917 2971 2064 3056 Yspanic

407 3074 579 3138 universus
613 3095 679 3137 una
712 3095 785 3137 eum
820 3075 983 3158 magistris
1012 3075 1140 3160 Templi
1172 3084 1204 3139 et
1231 3076 1414 3160 Hospitalis
1445 3096 1571 3138 necnon
1598 3074 1715 3137 militie
1748 3074 1837 3137 beati
1864 3073 1998 3159 Iosephi
2026 3096 2063 3138 ac

408 3176 590 3241 Caletrabis
612 3177 732 3240 nostris
759 3178 891 3241 auribus
923 3178 1126 3256 intimarunt,
1162 3178 1247 3262 quod
1273 3199 1345 3242 cum
1379 3185 1520 3241 castrum
1552 3176 1592 3241 de
1622 3176 1761 3240 Aloazer
1793 3176 1848 3240 diu
1877 3178 2064 3241 tenuissent

409 3282 582 3346 obsessum
603 3288 634 3346 et
650 3303 709 3366 pro
726 3281 947 3344 machinarum
974 3281 1105 3346 defectu
1123 3305 1234 3346 eorum
1251 3284 1375 3346 inutilis
1393 3290 1482 3346 esset
1497 3282 1599 3360 labor,
1623 3279 1755 3344 tandem
1771 3280 1883 3343 habito
1901 3280 2063 3344 communi

410 3385 546 3449 consilio
570 3389 762 3462 statuerunt,
789 3389 825 3446 ut
848 3391 920 3448 octo
944 3407 1045 3449 naves
1070 3408 1141 3449 oum
1170 3393 1329 3472 apparatu
1362 3407 1472 3449 eorum
1511 3384 1736 3447 conferrentur
1768 3383 1808 3447 ad
1839 3384 2006 3446 machinas
2030 3390 2064 3446 et
2116 3397 2127 3432 ·-'

409 3486 654 3574 propugnacula
677 3487 837 3567 facienda,
862 3495 895 3551 et
918 3510 1057 3573 persone
1082 3510 1144 3573 quo
1168 3490 1359 3554 ferebantur
1381 3491 1414 3552 in
1438 3490 1497 3562 eis,
1521 3488 1663 3551 dimissis
1686 3487 1785 3550 armis
1808 3493 1842 3550 et
1864 3486 1962 3550 rebus
1986 3507 2066 3571 quos

411 3611 523 3654 secum
545 3588 722 3666 habebant,
746 3589 786 3652 ad
810 3591 940 3676 propria
956 3598 1151 3668 remearent,
1176 3592 1293 3676 quibus
1311 3591 1409 3656 iidem
1426 3613 1524 3676 super
1543 3591 1747 3655 absolutione
1763 3597 1910 3653 votorum
1930 3590 2068 3653 tirmiter

410 3694 627 3780 promiserunt
658 3692 784 3756 litteras
813 3695 1009 3778 apostolicas
1038 3696 1233 3780 impetrare;
1268 3716 1305 3758 ac
1328 3696 1375 3759 sio
1399 3703 1474 3780 post
1502 3696 1686 3780 captionem
1717 3693 1815 3756 castri
1842 3692 1902 3756 sub
1926 3713 1984 3777 spo
2008 3692 2067 3755 tali

411 3797 607 3861 remiserunt
631 3795 775 3860 eosdem.
831 3797 927 3861 Unde
957 3798 1052 3861 nobis
1081 3798 1249 3861 humiliter
1270 3798 1504 3883 supplicarunt,
1532 3804 1568 3861 ut
1590 3804 1655 3860 tam
1683 3797 1758 3860 illos
1785 3816 1880 3880 quam
1903 3816 2066 3880 pauperes

410 3900 444 3964 in
467 3899 613 3964 exercitu
637 3905 893 3977 commorantes,
929 3900 984 3984 qui
1018 3921 1076 3985 pre
1112 3900 1211 3964 nimia
1247 3907 1439 3986 paupertate
1473 3908 1584 3965 votum
1613 3901 1769 3964 emissum
1792 3898 1972 3984 adimplere
1998 3920 2064 3962 non
2117 3911 2135 3946 ⁶2«

410 4008 557 4088 possunt,
580 4001 763 4066 faceremus
786 4001 923 4067 absolvi.
968 4003 1036 4067 Nos
1061 4004 1160 4087 igitur
1183 4026 1295 4068 eornm
1323 4004 1475 4088 precibus
1498 4003 1644 4068 inclinati
1664 4001 1853 4067 discretioni
1876 4009 1985 4066 vestre
2009 4024 2069 4086 per

411 4105 591 4190 apostoliea
615 4104 736 4190 scripta
758 4104 966 4181 mandamus,
994 4109 1163 4191 quatinus,
1188 4107 1214 4169 si
1239 4112 1289 4170 est
1312 4108 1372 4184 ita,
1403 4114 1467 4170 tarn
1492 4107 1565 4171 illos
1588 4107 1641 4191 qui
1665 4127 1766 4170 naves
1789 4127 1848 4191 pro
1870 4105 2068 4168 necessitate

380 4285 381 4290 γ
411 4228 605 4273 concessere
629 4206 791 4291 predicta,
827 4230 923 4292 quam
954 4232 1011 4274 eos
1044 4232 1124 4295 quos
1152 4232 1209 4295 pre
1237 4218 1430 4297 paupertate
1464 4211 1610 4274 videritis
1635 4217 1744 4273 votum
1774 4230 1867 4272 suum
1890 4207 2068 4294 adimplere

412 4332 477 4375 non
498 4331 607 4396 posse,
631 4309 830 4376 denuntietis
853 4313 1045 4377 auctoritate
1070 4313 1157 4377 sedis
1181 4317 1361 4398 apostolico
1386 4316 1566 4380 absolutos.
1615 4312 1753 4386 Quodsi
1773 4334 1837 4376 non
1858 4333 1971 4377 omnes
1995 4319 2068 4389 ete,

412 4413 475 4478 duo
499 4419 643 4476 vestrum
667 4419 729 4476 etc.

520 4516 595 4580 Dat.
618 4515 772 4614 Lateran.
797 4516 863 4581 VII
886 4515 960 4582 Kal:
985 4517 1166 4598 Februarii,
1191 4541 1276 4584 anno
1300 4519 1452 4584 secundo.

1207 5091 1268 5164 45.

522 5197 710 5290 Hortor-iras
731 5225 798 5289 ΙΙΙ
813 5249 898 5306 pluro
919 5227 1119 5310 Urisio-turo]
1140 5229 1353 5292 Rornanorum
1375 5232 1440 5312 rep-i
1467 5231 1596 5294 remittit
1618 5231 1814 5295 ‹terratimtern
1832 5233 2069 5311 praepositurae

412 5327 587 5406 Aquensis,
616 5350 696 5408 paroc
718 5329 939 5413 [Euryclbcrto]
961 5331 1116 5409 attondant
1132 5333 1313 5410 praeposito
1334 5334 1369 5394 ia
1393 5333 1518 5395 olintum
1544 5333 1755 5397 Colorrr'cuscm
1778 5339 1937 5414 assumpto
1958 5355 2069 5396 sucuro

411 5430 558 5508 noscitur,
581 5437 616 5494 ut
637 5453 704 5496 carn
726 5433 878 5496 silotrum
900 5433 1089 5497 subdiacono
1111 5439 1139 5496 ct
1161 5435 1323 5514 capellano
1345 5436 1426 5499 seclis
1449 5437 1633 5516 (prostat-icoc
1655 5435 1803 5514 crarsorot.

1718 5539 1811 5616 1218,
1834 5538 1928 5606 Febr.
1952 5542 1982 5604 1.

516 5618 589 5672 aaa.
614 5618 671 5671 nr
685 5619 752 5686 aeq.
778 5619 833 5672 ror.
852 5619 881 5682 Ι,
900 5624 966 5682 rra
992 5620 1054 5673 nro.
1073 5621 1121 5696 rr,
1141 5625 1206 5683 sos,

514 5703 649 5768 Pottbast
668 5704 738 5780 Rep.
759 5709 841 5762 5685.

2122 5555 2147 5594 35
