4538 6426
419 413 482 466 XIV
1142 411 1356 467 PRAEFATIO.

418 631 469 700 ep.
483 613 555 680 399
582 629 658 681 anm
685 607 871 701 appendice
888 612 911 678 6
929 631 991 699 ep,
1020 608 1098 680 Lib6
1116 608 1180 679 XI
1200 629 1250 699 cp.
1265 610 1360 697 400,
1393 607 1465 679 Voi.
1483 606 1554 679 VI:
1582 606 1660 680 lac.
1681 608 1766 679 XII
1785 630 1894 700 mpra
1918 635 1970 704 ep.
1990 617 2072 703 400,

418 730 494 802 Lib.
522 731 629 803 XIII
658 752 734 804 anm
766 731 955 822 appendice
985 752 1034 820 ep.
1063 730 1138 800 250
1168 730 1303 802 circiter
1311 755 1323 817 ;
1361 729 1434 800 Voi.
1460 728 1552 800 VII:
1588 727 1667 800 Ltc.
1694 728 1794 800 XIV
1814 752 1864 822 ep.
1891 735 1967 804 263
1998 757 2074 806 cam

417 873 538 943 mapao
565 851 763 944 appendice,
790 852 869 922 lac.
896 851 973 921 XV
995 873 1045 943 ep.
1071 856 1141 922 110
1167 855 1310 925 eirm'ter.
1936 859 1938 862 ’

294 967 388 1048 nano.
520 973 632 1047 Pront
668 975 841 1066 eniiepiam
870 973 1100 1045 Monamentis
1127 976 1266 1045 edendis
1300 973 1490 1045 institoriam
1516 973 1672 1062 decrevit,
1703 973 1864 1066 epistolas
1891 999 1915 1046 a
1939 974 2073 1051 Perteio

417 1097 606 1189 descriptas
632 1103 795 1169 etomaes
821 1104 852 1168 0
876 1096 968 1168 satas
994 1096 1162 1168 atidimns
1172 1095 1192 1167 ¹.
1246 1096 1411 1168 Forsitan
1437 1095 1468 1167 si
1494 1092 1590 1166 rabis
1620 1094 1784 1186 selipeadi
1809 1097 1963 1186 leonitas
1991 1100 2074 1172 data

416 1225 513 1308 esset,
549 1219 720 1309 quasdam
749 1217 909 1309 epistolas
939 1217 1183 1308 reiecissemns,
1216 1223 1253 1288 at
1284 1214 1374 1287 adias
1401 1239 1468 1306 pro
1498 1217 1546 1287 iis
1577 1215 1819 1306 reeiperemas;
1851 1218 2073 1294 nihilominus

365 1383 371 1396 ·
416 1344 528 1410 tamen
553 1361 669 1411 veram
695 1347 753 1428 est,
779 1333 870 1431 qnod
891 1338 1046 1410 Perteins
1072 1339 1275 1430 ottramni,
1310 1360 1346 1409 se
1373 1359 1431 1408 eas
1456 1336 1617 1428 epistolas
1643 1337 1832 1427 condidisse,
1860 1363 1948 1430 qnae
1967 1343 2073 1434 potis·

416 1460 540 1532 simam
567 1464 615 1532 ad
641 1463 818 1534 instoriam
845 1461 988 1553 Imperii
1013 1460 1259 1531 ilinstrrmdam
1284 1460 1365 1530 asni
1390 1465 1515 1546 essent,
1549 1480 1632 1528 nam
1656 1461 1746 1531 inter
1767 1463 1960 1552 portares,
1988 1488 2075 1556 qaae

415 1580 453 1652 in
469 1581 614 1671 Reaesta
630 1583 758 1654 rdatae
782 1567 870 1672 sant,
895 1582 1039 1671 nnllam,
1068 1582 1180 1675 qaoad
1198 1602 1393 1673 eopnoseere
1404 1579 1592 1672 potnimns,
1613 1583 1856 1670 praetermisit.
1895 1582 2075 1678 Itopaaidi

417 1703 588 1793 epistolas,
616 1709 702 1794 anas
728 1705 815 1776 siant
832 1704 987 1776 Perteias
1005 1697 1078 1775 'aa
1100 1705 1336 1794 proposcerat,
1362 1699 1453 1771 inter
1475 1699 1564 1772 aiios
1589 1700 1807 1793 inseruimus,
1834 1725 2073 1796 saepenumero

417 1847 458 1897 00
486 1823 687 1897 editimibas
716 1847 733 1896 e
758 1825 913 1916 Repestis
948 1827 1092 1916 snmptis
1127 1823 1178 1896 oei
1204 1846 1245 1896 ea
1274 1821 1472 1894 aratimtnis
1499 1821 1676 1914 impressis
1701 1825 1867 1915 corripere
1886 1829 2073 1928 potnimas,

416 1947 505 2018 inter
547 1969 633 2038 anae
668 1943 827 2019 Tieineri
862 1969 966 2039 opera
1000 1953 1031 2017 0
1063 1945 1256 2018 Hesternam
1291 1943 1375 2035 dipl.
1403 1942 1581 2014 Vriderici
1612 1944 1664 2015 II
1693 1944 1775 2036 imp.
1811 1945 1854 2017 00
1892 1947 2072 2022 Hadiard-

416 2065 595 2140 Breioiles
622 2067 837 2159 campeanam
867 2065 1103 2154 nominamns5
1139 2067 1186 2137 ad
1210 2087 1324 2138 omnes
1351 2071 1463 2136 antem
1489 2064 1670 2156 epistolas,
1698 2087 1783 2156 qaas
1807 2066 1867 2138 iiie
1893 2091 1962 2142 reon
1986 2071 2072 2146 iate·

413 2211 498 2279 pras
525 2185 626 2279 dedit,
650 2195 771 2282 partas
795 2188 844 2260 ibi
860 2190 1015 2276 omissas,
1045 2187 1160 2278 qnoad
1187 2185 1264 2275 tieri
1282 2184 1403 2275 potnit,
1431 2184 1671 2275 soppnotmas.
1723 2185 1844 2258 Etiam
1863 2190 2024 2280 epistotae
2050 2215 2074 2264 0

415 2307 550 2384 Perteio
576 2318 607 2383 et
631 2309 800 2383 tabidario
828 2311 1017 2399 0000000
1049 2329 1125 2379 earn
1161 2305 1362 2378 editionibns
1385 2304 1590 2397 pleramque
1622 2306 1823 2381 mntniimae
1849 2316 1880 2380 a
1912 2335 2069 2385 manan-

417 2455 521 2523 0000
554 2433 822 2523 emendavimus,
859 2431 898 2502 in
931 2451 996 2521 qao
1029 2449 1128 2519 opere
1154 2432 1334 2518 praetereo
1366 2427 1566 2518 apoprapita
1601 2425 1792 2500 litterarum
1825 2432 1938 2506 00100
1962 2435 2072 2509 iaedi.

415 2560 530 2625 taram
561 2577 584 2625 a
616 2553 655 2626 V.
688 2551 738 2624 Ol.
766 2552 800 2624 Ι.
837 2551 964 2623 Fiaier
995 2555 1025 2620 0
1056 2547 1102 2619 E.
1130 2546 1374 2622 Winidmann
1414 2547 1524 2620 variis
1563 2545 1644 2620 iocis
1679 2547 1894 2624 aalieotarnm
1924 2554 2074 2629 000οἑ0

414 2675 510 2748 nobis
544 2680 660 2763 mant,
698 2695 785 2767 qaas
816 2671 1058 2746 Winirdmann
1091 2669 1191 2742 initio
1225 2670 1263 2739 in
1294 2667 1386 2739 Aeta
1419 2667 1563 2760 Inperti
1598 2669 1728 2742 inedita
1758 2693 1868 2764 oreper
1895 2675 2074 2765 publicato

413 2797 565 2887 recipere
589 2794 703 2885 aalait,
730 2800 962 2886 etpostqaam
989 2813 1047 2863 eas
1073 2797 1104 2862 0
1128 2792 1166 2862 in
1188 2790 1343 2881 Repastis
1367 2794 1482 2862 entare
1507 2795 1538 2860 0
1564 2813 1587 2859 0
1612 2789 1707 2862 nobis
1732 2815 1810 2864 000
1830 2800 2074 2887 proponendos

415 2938 485 2988 esse
515 2917 688 3010 comperit,
724 2913 820 2988 rabis
855 2913 1093 2986 liberalissime
1122 2911 1324 2983 transmisit.
1377 2909 1557 2982 Nonnniia
1591 2909 1733 3002 ammae
1767 2913 1806 2984 in
1840 2914 1961 2988 adimo
1991 2920 2073 2992 tomi

416 3044 515 3129 parte
547 3037 588 3111 V.
620 3033 670 3110 Oi.
702 3033 749 3109 A.
782 3035 893 3124 Man,
927 3037 966 3107 in
997 3036 1133 3121 aretino
1166 3034 1347 3123 Vaticano,
1389 3033 1479 3125 qnod
1512 3032 1711 3105 liberaldate
1744 3036 1868 3107 sommi
1895 3042 2073 3132 pardifieis

416 3158 543 3232 Leonis
561 3157 668 3230 XIII
678 3157 763 3230 dms
790 3159 933 3230 eraditis
959 3179 1050 3229 nane
1074 3158 1198 3228 iternm
1219 3161 1325 3248 patet,
1352 3154 1497 3246 depasta
1519 3156 1595 3245 ipsa
1612 3153 1806 3247 inspiciens,
1832 3162 2073 3252 suppeditavit.

415 3280 461 3350 In
482 3278 602 3350 litteris
624 3279 769 3369 edendis,
796 3279 992 3371 qnoniame
1013 3299 1140 3370 mapna
1166 3277 1379 3348 mnitiiadine
1403 3275 1543 3348 selectae
1568 3281 1658 3364 sard,
1680 3275 1900 3368 RepesIoram
1918 3283 2073 3355 ordinem

414 3423 484 3472 non
508 3400 695 3490 0000οε,
728 3402 788 3472 sed
808 3421 867 3472 eas
892 3398 1076 3472 semridnm
1104 3397 1256 3470 ordinem
1284 3396 1561 3487 cironoiopiearn
1581 3400 1846 3489 proposaimns,
1884 3423 1957 3491 eos,
1986 3425 2073 3495 qaae

413 3527 494 3593 nota
519 3521 753 3613 ctrornlopiea
780 3527 913 3606 carent,
949 3520 1012 3610 ibi,
1041 3543 1105 3612 pao
1132 3543 1173 3592 aa
1199 3520 1268 3593 loeo
1293 3519 1354 3590 abi
1381 3518 1537 3611 iepnntnr
1562 3525 1593 3590 0
1618 3519 1701 3592 aiiis
1731 3520 1871 3594 indiciis
1897 3526 2071 3616 pertinere

414 3644 581 3733 ridentia,
610 3645 808 3715 ‘inserentes
861 3641 907 3714 In
938 3642 1080 3734 reiiqnis
1104 3642 1205 3714 redas
1239 3641 1390 3730 formam
1416 3639 1640 3731 Repestormn
1674 3641 1852 3733 diiipmter
1887 3653 2069 3738 soromatas,

413 3763 613 3857 compendia
642 3764 778 3856 qnidam
804 3763 1033 3853 dissolvimus,
1058 3763 1098 3835 id
1123 3763 1214 3854 qnod
1238 3764 1353 3854 atiqne
1377 3781 1509 3833 raecessa
1533 3767 1623 3852 erat,
1648 3760 1819 3850 formatas
1845 3786 1935 3855 aero,
1958 3789 2066 3858 prae·

413 3888 530 3958 sertim
569 3907 646 3957 cam
687 3887 825 3977 saepias
863 3887 1022 3976 repetitae
1062 3886 1149 3972 sint,
1198 3905 1267 3954 non
1311 3881 1601 3974 perscripsimns;
1647 3904 1734 3974 qnae
1773 3889 1811 3955 at
1855 3885 2065 3974 desiderem

407 4013 546 4097 praesto
572 4011 692 4093 essent,
728 4027 805 4095 eas,
845 4027 931 4097 qam
956 4007 995 4076 in
1021 4006 1081 4076 toa
1106 4011 1191 4077 toan
1218 4009 1420 4092 oaearrnnt,
1456 4003 1494 4073 in
1526 4003 1594 4093 fine
1613 4005 1781 4094 proaenrii
1807 4012 2064 4098 eooeposnirrms.

326 4197 331 4216 ,
417 4127 603 4218 Ueianiqae
628 4125 787 4219 epistolae
812 4125 977 4217 epitonnn
998 4126 1256 4217 praemisimus,
1284 4132 1315 4197 0
1339 4125 1398 4196 nbi
1424 4124 1513 4218 tppis
1541 4127 1713 4216 impressa
1737 4125 1795 4215 sit,
1817 4128 2066 4221 perhibuimus,

411 4251 450 4319 in
476 4269 541 4340 aaa
567 4269 698 4340 semper
723 4247 795 4337 fere
819 4245 962 4336 suffecit,
987 4253 1026 4318 at
1050 4269 1238 4340 eameram,
1264 4245 1327 4318 snb
1354 4267 1419 4338 qna
1445 4245 1540 4336 apad
1560 4243 1731 4337 Pottitast,
1758 4245 1906 4339 Repesta
1930 4248 2067 4343 Perdis.

413 4367 533 4459 lima,
558 4370 740 4460 reperitur,
767 4371 958 4440 citaremas.
1015 4365 1210 4460 Epistoiae,
1237 4390 1418 4459 anaema
1447 4371 1526 4440 scint
1545 4367 1776 4458 pontificales,
1807 4391 1920 4443 amnes
1944 4371 1982 4442 in
2010 4396 2066 4444 ea-

413 4493 505 4560 tenso
518 4490 751 4580 proferendae
767 4513 835 4561 non
852 4489 1004 4578 fiarent,
1027 4489 1108 4579 arria
1126 4511 1245 4560 eamrm
1262 4488 1447 4581 plurimae,
1465 4490 1504 4559 in
1517 4488 1647 4580 primis
1666 4488 1826 4580 epistotae
1839 4489 2016 4564 Frideriei
2026 4493 2076 4564 II

411 4611 639 4700 imperatoris,
665 4610 703 4680 in
725 4610 794 4682 alio
817 4609 1120 4681 Monamerdormn
1146 4615 1232 4682 torro
1259 4615 1319 4681 ant
1344 4609 1454 4681 editae
1479 4615 1560 4680 sard
1587 4615 1648 4682 ant
1666 4615 1788 4701 postea
1814 4612 1985 4701 edendam·
2011 4636 2069 4685 eas

411 4753 487 4802 aero
513 4732 611 4802 tace
631 4732 901 4821 praetermittere
927 4753 996 4801 non
1019 4729 1131 4802 annas
1157 4730 1269 4818 licuit,
1310 4729 1391 4820 qaia
1424 4728 1556 4800 litterae
1577 4729 1727 4822 popaies
1753 4732 1801 4801 ad
1826 4754 1884 4804 eas
1908 4755 2008 4824 saepe
2033 4755 2069 4805 se

410 4849 586 4940 referant;
616 4852 877 4945 propterquod
911 4849 1130 4943 epistolarem
1165 4850 1382 4944 imperatoria
1412 4856 1442 4921 0
1468 4871 1604 4940 earam,
1641 4871 1728 4942 qaae
1749 4853 1788 4923 in
1812 4854 1956 4924 sanna
1981 4859 2069 4926 000

410 4971 539 5064 Leptam
567 4973 793 5061 0000000,
820 4971 1009 5043 0000000
1036 4972 1199 5062 demnas,
1228 4997 1294 5065 qao
1309 4972 1379 5046 loeo
1395 4973 1506 5044 editae
1522 4969 1610 5043 sint²
1638 4979 1846 5064 annotantes,
1873 4975 2069 5068 erectam

405 5115 541 5184 pancras
567 5093 718 5184 intepras
738 5094 996 5186 proposnimns.

515 5378 541 5448 1)
561 5377 642 5432 Duos
659 5383 764 5433 00000
781 5379 901 5449 epatoms
914 5381 1053 5448 0000000,
1077 5398 1104 5435 0
1123 5387 1172 5435 084
1190 5386 1213 5434 et
1234 5387 1287 5449 709,
1301 5395 1352 5448 per
1369 5393 1480 5434 moran
1496 5386 1527 5434 at
1544 5381 1689 5449 opinamm·
1704 5399 1724 5433 a
1742 5380 1846 5434 Patrio
1859 5378 2065 5448 00000000,

409 5464 568 5534 addidimus,
587 5481 647 5519 000
664 5471 758 5519 ceteras
776 5465 806 5520 de
822 5465 911 5520 eaden
928 5481 956 5520 re
974 5469 1083 5536 scriptas
1100 5468 1194 5536 optim
1211 5467 1371 5534 complerem.
1441 5467 1469 5533 2)
1490 5467 1584 5522 Omnes
1603 5467 1674 5521 enim
1691 5467 1811 5534 maome
1824 5465 1994 5535 apamia
2010 5481 2067 5519 non

405 5553 522 5621 papales,
540 5567 609 5620 qnos
622 5552 743 5606 Patriae
754 5552 931 5620 emmpsmat,
950 5571 1025 5607 omre
1036 5555 1156 5624 009000
1172 5557 1245 5622 arnt,
1259 5557 1400 5621 poetaram
1416 5569 1461 5606 eas
1477 5569 1546 5621 auae
1562 5557 1717 5621 conpererant
1729 5551 1758 5606 V.
1772 5551 1811 5606 at.
1825 5551 1862 5606 Ε.
1878 5551 2067 5606 Winkdmonn

407 5639 439 5689 in
455 5637 529 5691 Aetas
548 5639 616 5707 Imp.
635 5637 703 5692 irad.
722 5653 810 5706 meper
824 5637 900 5705 soros
916 5638 997 5708 coac,
1025 5639 1108 5693 tribas
1126 5641 1248 5708 arsamis,
1271 5656 1298 5692 n.
1317 5647 1378 5706 542,
1399 5639 1447 5707 ΙΙ,
1467 5639 1533 5706 ΙΙΙ,
1554 5638 1608 5706 IV,
1633 5637 1761 5692 msaimns
1778 5654 1831 5704 qno
1852 5653 1938 5691 eornm
1956 5637 2065 5704 arnissis,

407 5741 475 5792 airas
493 5741 541 5776 rios
558 5725 673 5793 intepros
687 5725 866 5792 mandre-imas.
