4596 6406
430 416 492 478 634
1080 409 1127 462 EX
1145 408 1318 462 GREG'ORII
1337 407 1375 461 IX
1394 407 1574 462 REGISTRO

431 584 581 648 omuibus
614 584 726 666 bonis,
761 606 823 669 que
855 581 1138 670 impresentiarum
1175 581 1414 646 rationabiliter
1445 589 1507 648 etc.
1530 603 1650 667 usque:
1685 578 1932 644 communimus.
1990 573 2084 638 Nulli

432 709 510 774 ergo
534 699 708 754 -nostre
732 689 944 775 protectionis
968 694 1030 753 etc.
1075 684 1111 750 Si
1135 685 1206 770 quis
1230 691 1339 750 autem
1363 692 1425 752 eto.

540 808 616 873 Dat.
638 809 791 874 Lateran.
814 808 897 874 XIX
918 807 994 874 Kal.
1017 808 1171 884 Ianuarii,
1194 830 1279 873 anuo
1303 808 1505 872 duodecimo.

540 930 579 994 In
620 930 760 996 eundem
799 932 868 996 fere
908 929 1039 994 modum
1075 979 1082 995 .
1112 931 1368 996 ‚Sichemensi1
1403 938 1499 996 et..
1534 929 1574 994 de
1598 925 1880 993 Wolkelderode²
1902 925 2080 990 abbatibus

434 1033 718 1118 Halberstatensis
743 1040 776 1100 et
798 1034 989 1120 Maguntine
1013 1033 1180 1122 diocesem
1203 1057 1322 1120 usque:
1352 1034 1412 1098 sub
1445 1034 1534 1098 beati
1556 1033 1648 1097 Petri
1678 1039 1712 1097 et
1739 1036 1852 1096 nostra
1872 1031 2080 1119 protectione

435 1138 587 1202 duximus
610 1135 855 1202 admittendam.
903 1135 1062 1210 Quocirca
1084 1135 1274 1202 discretioni
1295 1143 1425 1202 vestrea
1448 1158 1508 1221 per
1527 1137 1709 1223 apostolica
1733 1136 1852 1221 scripta
1875 1133 2081 1210 mandamusr,

432 1241 586 1326 quatinus
609 1239 789 1327 predictam
813 1241 957 1305 nobilem
974 1241 1151 1327 superbiis
1168 1262 1231 1305 non
1248 1240 1445 1325 permittatis
1462 1246 1574 1304 contra
1589 1239 1803 1326 protectionis
1819 1246 1931 1302 nostre
1947 1237 2082 1300 titulum

432 1347 473 1410 ab
496 1346 658 1431 aliquibus
681 1344 827 1410 indebite
851 1346 1034 1418 molestari;
1057 1345 1286 1409 molestatores
1310 1350 1373 1410 eto.

539 1464 615 1530 Dat.
638 1472 674 1530 ut
697 1487 804 1552 supra.

1053 1673 1461 1684 Ἣ-

1218 2009 1303 2081 737.

538 2136 727 2246 (irenen-ins
746 2165 801 2229 IX
815 2185 907 2245 popm
922 2163 1071 2229 Hedwidi
1092 2165 1129 2228 cle
1152 2165 1261 2228 Scblret
1282 2165 1394 2229 videtne
1410 2164 1618 2245 Mopnntinnc
1640 2165 1768 2228 diocesis
1790 2163 1896 2227 villum
1919 2163 1956 2226 dc
1977 2163 2082 2240 Wcrd,
2137 2173 2162 2209 ¹⁰

433 2289 527 2349 prtum
548 2267 578 2331 ei
598 2267 805 2333 Hermnnnns
826 2269 934 2332 iunior
956 2271 985 2330 ct
1005 2267 1165 2331 Henricns
1191 2268 1364 2349 lantprnuii
1389 2267 1581 2348 Ybrninpine
1613 2268 1809 2331 anciliorum
1836 2267 1972 2344 obtentu,
2000 2289 2084 2349 qnae

434 2372 540 2436 beatae
574 2372 737 2437 Elisabeth
778 2393 847 2437 curn
883 2372 985 2437 odhnc
1021 2373 1135 2436 eiceret
1170 2373 1305 2453 fideliter
1338 2371 1536 2451 impenderit,
1582 2371 1707 2435 liberali
1740 2371 1926 2434 contulerint
1953 2371 2084 2451 pietate,

432 2477 604 2558 confirmat.
1727 2477 1820 2553 1238,
1842 2473 1916 2541 Deo.
1942 2478 1992 2538 14.

540 2594 622 2662 Grec.
640 2595 689 2649 IX
706 2595 776 2666 Ery.
791 2596 850 2650 Vol.
873 2596 923 2664 VI,
942 2600 988 2661 64,·
1004 2597 1067 2652 Lib.
1085 2597 1159 2660 XII,
1178 2601 1239 2652 310.

536 2681 670 2745 Pendeat,
688 2681 759 2752 Ray.
779 2685 879 2736 10680.

697 2878 891 2953 Hedwidi
917 2882 966 2953 de
994 2881 1158 2955 Sebhet
1186 2881 1313 2955 vidue
1340 2882 1589 2974 Magantine
1620 2883 1821 2956 diocesis.

538 3046 637 3110 Iustis
672 3050 853 3132 petentium
887 3056 950 3114 etc.
983 3073 1103 3136 usque:
1140 3053 1316 3137 complere.
1374 3051 1456 3116 Cum
1489 3051 1589 3134 igitur
1621 3033 1734 3113 dilecti
1769 3049 1827 3112 filii
1857 3048 1984 3111 nobiles
2020 3047 2083 3110 viri

435 3149 643 3214 Hermannus
678 3151 785 3215 iunior
819 3158 852 3216 et
880 3152 1044 3219 Henricus
1079 3157 1272 3221 lanthoravii
1302 3158 1457 3243 Turingie
1494 3156 1555 3220 tibi
1593 3156 1798 3220 servitiorum
1832 3154 1981 3228 obtentu,
2016 3173 2081 3237 quc

433 3253 532 3317 beato
563 3253 746 3339 Helysabet
776 3277 849 3319 oum
876 3257 981 3323 adhuc
1004 3259 1128 3324 viveret
1156 3259 1274 3325 devote
1303 3281 1341 3324 ao
1368 3259 1510 3324 fideliter
1536 3259 1742 3344 impendisti,
1771 3257 1881 3320 villam
1908 3254 1949 3320 de
1973 3254 2081 3319 Werd

434 3356 624 3436 Maguntine
648 3357 805 3434 diocesis,
839 3367 935 3444 prout
965 3362 1136 3447 spectabat
1158 3363 1198 3426 ad
1222 3385 1290 3440 eos,
1314 3363 1389 3442 tibi,
1423 3365 1504 3426 siout
1531 3367 1689 3448 exparte
1714 3358 2081 3444 tuafuitpropositum
2134 3379 2148 3417 a

434 3479 542 3522 coram
577 3458 686 3540 nobis,
720 3460 846 3525 liberali
869 3462 1065 3527 contulerint
1087 3465 1228 3549 pietate:
1263 3487 1322 3528 nos
1346 3464 1528 3529 denotionis
1552 3472 1606 3528 tue
1630 3463 1784 3549 precibus
1807 3462 1953 3527 inclinati
1977 3461 2081 3526 dona-

435 3562 557 3626 tionem
575 3563 686 3650 ipsam
708 3570 812 3627 ratam
834 3564 993 3630 habentes
1017 3572 1050 3630 et
1072 3566 1208 3646 firmam,
1243 3569 1353 3632 villam
1376 3568 1524 3646 eandem,
1559 3569 1644 3632 sicut
1667 3590 1740 3644 cam
1763 3568 1848 3631 iuste
1871 3565 2022 3652 possides
2047 3571 2082 3628 ct

434 3665 556 3751 quiete,
592 3664 651 3731 tibi
685 3668 879 3732 auctoritate
916 3670 1096 3754 apostolica
1131 3671 1359 3736 confirmamus
1398 3679 1431 3736 et
1462 3671 1626 3758 presentis
1651 3671 1764 3758 scripti
1786 3670 1966 3758 patrocinio
1991 3690 2082 3732 com-

434 3769 607 3835 munimus.
652 3769 743 3834 Nulli
766 3792 843 3855 ergo
867 3778 929 3836 eto.

543 3888 619 3955 Dat.
642 3890 796 3958 Lateran.
818 3891 901 3956 XIX
922 3892 998 3957 Kal.
1020 3893 1174 3976 Ianuarii,
1197 3916 1282 3960 anno
1305 3894 1508 3960 duodecimo.
1641 3919 1642 3922 ¹
2134 3894 2161 3933 ²⁵

539 4012 578 4076 In
613 4013 754 4078 eundem
788 4014 857 4078 ferc
892 4014 1022 4079 modurn
1048 4063 1087 4080 ..
1118 4016 1286 4102 preposito
1320 4020 1353 4079 ct
1377 4064 1383 4077 .
1409 4065 1416 4079 .
1440 4014 1564 4081 decano
1600 4018 1713 4082 Sancti
1747 4016 1892 4081 Castoris
1926 4017 1959 4080 in
1992 4013 2080 4079 Con-

433 4116 569 4181 fluentia
604 4116 818 4182 Treverensis
853 4117 993 4183 diocesis
1029 4127 1089 4184 eto.
1121 4140 1243 4204 usque:
1277 4117 1425 4205 possidet
1459 4124 1492 4183 et
1524 4121 1648 4204 quieto,
1683 4121 1744 4185 sibi
1776 4119 1928 4185 duximus
1962 4118 2081 4182 confir-

432 4218 584 4284 mandam
607 4224 667 4283 etc.

540 4338 616 4404 Dat.
639 4345 674 4404 ut
698 4362 808 4427 supra.

1051 4435 1460 4442 Μ

1215 4764 1300 4836 738.

540 4884 730 4998 Grcporiua
754 4917 807 4982 IX
826 4939 918 4999 papa
942 4920 1082 4984 Ottonem
1108 4919 1236 4983 militem
1262 4919 1299 4984 dc
1327 4920 1558 5005 Liobtcnbopen
1579 4923 1829 5006 Nnnrburpcnais
1854 4925 1995 5004 diocesia,
2024 4926 2079 5007 qni
2132 4951 2160 4990 eo

432 5022 547 5086 mundo
568 5023 804 5100 renuntiaverit,
828 5022 957 5104 itemque
976 5022 1080 5104 filiurn
1101 5022 1177 5100 eins,
1199 5023 1293 5087 donce
1314 5023 1415 5088 XXV
1435 5045 1537 5090 onnes
1558 5030 1654 5090 notro
1671 5026 1787 5111 fierit,
1816 5028 1873 5092 snb
1892 5029 2080 5109 protectione

432 5146 491 5191 suo
513 5127 651 5207 suscipit.
1614 5133 1706 5208 1238,
1728 5129 1804 5196 Dee.
1828 5136 1869 5196 14
1890 5136 1920 5197 ct
1942 5137 1992 5198 16.

537 5245 619 5315 crea.
636 5248 686 5301 rx
703 5247 772 5315 neq.
794 5245 853 5300 Vn.
874 5246 925 5315 VJ,
946 5250 994 5311 aa·
1012 5243 1074 5299 cro.
1093 5245 1167 5314 xm,
1188 5250 1247 5300 sn.

1392 5425 1594 5432 ----,--
1606 5429 1864 5436 ——-.—...—.—-
1874 5431 1889 5435 ...
1897 5431 1926 5436 ...-

531 5561 554 5628 ⁵)
572 5569 617 5614 tue
634 5561 674 5612 Bi

539 5699 566 5769 1)
585 5697 614 5752 E
630 5696 744 5754 vertute
762 5697 812 5755 cir.
833 5697 975 5755 Eisleben.
1080 5701 1108 5771 2)
1127 5699 1177 5756 En
1194 5700 1297 5757 oriente
1314 5699 1363 5757 civ.
1382 5698 1575 5760 Mamaeam.
