4604 6420
975 389 1023 443 EX
1042 387 1217 443 GREGORII
1235 387 1274 440 lx
1292 383 1474 440 nuelsrno

1182 735 1270 808 439.

506 868 697 980 Grauios
711 896 767 962 IX
782 917 871 978 pope
893 896 1093 962 Fre'dorteum
1115 894 1330 958 Rmuuuorum
1352 894 1569 972 imperatorem
1591 892 1744 970 bortatur,
1767 895 1803 954 ut
1825 890 2055 972 Hospitalariis

398 1003 428 1062 et
454 999 643 1080 Temploriie
664 999 772 1064 obtato
794 1000 918 1065 restitut
935 999 1041 1084 faciet
1061 999 1220 1075 uniuersa,
1241 998 1329 1078 euque
1350 995 1488 1074 uuuturt,
1520 996 1593 1060 illos
1614 1015 1677 1060 cese
1695 999 1827 1076 paratos
1847 995 1892 1058 ad
1906 994 2057 1076 ponende

396 1101 556 1184 feudalia,
586 1123 666 1184 quoe
687 1102 728 1167 ab
754 1102 831 1168 ultis
852 1123 948 1184 quam
969 1123 990 1166 a
1013 1102 1104 1166 curta
1125 1100 1277 1180 habeant,
1309 1099 1345 1162 iu
1366 1117 1481 1162 uanus
1501 1098 1719 1183 [Hermuuui]
1739 1097 1883 1182 magutsu
1908 1099 2056 1162 Teutoni·

398 1222 517 1284 corum
546 1205 593 1269 tta
619 1207 655 1269 ut
676 1209 849 1287 prouectus
875 1224 982 1269 eorum
1008 1207 1178 1282 conseruet,
1210 1221 1367 1283 quousque
1389 1201 1468 1283 quid
1488 1201 1533 1266 ad
1553 1222 1643 1283 quem
1658 1202 1821 1282 pertineat
1836 1222 1898 1282 per
1918 1200 2056 1265 orbitas

398 1305 583 1375 dederetur.
1670 1307 1764 1384 1231,
1786 1304 1895 1388 April.
1916 1307 1968 1370 29.

504 1442 588 1514 (ἔτερ.
606 1443 656 1497 IX
673 1443 742 1513 Bao.
766 1444 824 1498 Vol.
842 1443 886 1513 II,
905 1442 1039 1511 8731a'b.
1061 1441 1092 1511 V,
1113 1446 1155 1497 51.

504 1529 642 1597 Peuma,
659 1527 729 1599 Ray.
748 1532 831 1584 8731.

456 1741 702 1832 FridericO,
729 1742 1030 1817 Romanorum
1056 1742 1318 1834 imperatori
1346 1762 1521 1833 semper
1547 1747 1741 1833 augusto
1769 1748 1811 1818 et
1836 1742 2005 1816 illustri

1083 1863 1177 1956 regi
1204 1863 1371 1937 Sicilie.
1992 1865 2002 1887 ‘

510 2014 640 2088 Quanto
669 2015 800 2101 plenius
832 2016 1031 2081 excellentia
1062 2021 1120 2080 tua
1147 2015 1238 2078 novit
1268 2035 1328 2100 per
1356 2012 1600 2100 Hospitalarios
1629 2018 1663 2077 et
1692 2013 1897 2099 Templarios
1919 2014 2055 2078 Terram

404 2116 557 2182 Sanctam
581 2118 659 2182 olim
682 2119 768 2184 inter
789 2119 909 2183 multas
931 2118 1100 2204 angustias
1123 2119 1348 2204 gubernatam,
1372 2124 1406 2182 et
1430 2138 1450 2180 a
1472 2116 1621 2202 pluribus
1638 2115 1782 2180 creditur
1804 2116 1873 2181 sine
1897 2117 1977 2203 ipsis
2000 2117 2057 2181 vix

401 2242 500 2307 posse
523 2221 649 2286 utiliter
671 2222 862 2307 gubernari,
893 2244 966 2287 eum
990 2244 1049 2309 pro
1072 2244 1192 2308 magua
1214 2228 1308 2308 parte
1331 2242 1471 2308 percos
1496 2220 1678 2284 subsistere
1701 2219 1867 2300 videatur,
1891 2226 1980 2285 tanto
2005 2225 2056 2285 est

403 2331 457 2389 tue
482 2325 653 2390 serenitati
675 2324 862 2406 decentius,
894 2333 930 2391 ut
962 2327 1052 2391 nulla
1075 2347 1131 2391 eos
1154 2327 1306 2391 molestia
1328 2325 1505 2410 inquietes,
1535 2344 1617 2408 quos
1646 2328 1682 2387 ut
1711 2344 1775 2387 uon
1798 2323 1947 2388 turbetur
1968 2323 2057 2387 illius

402 2433 489 2492 terre
520 2429 689 2514 negotium
718 2435 770 2493 set
796 2431 906 2517 potius
941 2428 1116 2515 dirigatur,
1144 2430 1298 2517 specialis
1326 2429 1449 2495 favoris
1478 2427 1581 2493 debes
1612 2426 1757 2513 presidio
1787 2427 1976 2505 confovere,
2008 2427 2056 2491 sic

401 2553 519 2618 agens
535 2553 708 2598 commuue
738 2555 776 2598 ac
807 2534 974 2620 proprium
1002 2534 1182 2614 interesse,
1213 2538 1250 2597 ut
1278 2533 1365 2620 apud
1386 2532 1495 2598 Deum
1526 2529 1782 2616 incomparabile
1814 2530 1875 2594 tibi
1903 2530 2056 2596 meritum

402 2655 572 2721 compares
603 2641 636 2701 ct
664 2635 750 2722 apud
778 2637 928 2702 homines
957 2657 1078 2702 nomen
1105 2636 1238 2702 bonum.
1282 2635 1450 2722 Denique,
1480 2642 1517 2699 ut
1546 2641 1713 2699 taceamus
1737 2631 1778 2698 ad
1805 2655 1941 2720 presens
1970 2633 2056 2718 quod

402 2738 497 2803 nobis
520 2760 541 2803 a
561 2738 709 2825 pluribus
732 2740 961 2827 exprobratur,
988 2741 1143 2806 videlicet
1166 2741 1259 2826 quasi
1283 2747 1513 2806 momentanea
1536 2738 1635 2803 fuerit
1657 2758 1770 2802 eorum
1793 2737 1970 2822 possessio,
1993 2757 2057 2820 que

403 2862 464 2927 per
485 2861 545 2905 nos
568 2841 634 2906 illis
657 2839 810 2907 restituta
833 2843 905 2922 fuit,
928 2844 1079 2908 iteratam
1101 2865 1188 2909 nuno
1210 2850 1244 2909 et
1259 2843 1475 2908 amaritudine
1490 2843 1622 2929 plenam
1637 2839 1819 2905 audivimus
1835 2839 2057 2926 predictorum

403 2945 586 3029 querelam,
616 2945 760 3029 graviter
781 2946 1030 3011 lamentantium
1055 2946 1142 3032 quod
1164 2947 1221 3010 vix
1243 2946 1350 3012 adhue
1373 2946 1517 3011 restituti
1540 2945 1647 3010 denuo
1671 2944 1737 3008 siut
1759 2948 1793 3008 et
1814 2943 1888 3008 aliis
1912 2942 2058 3029 spoliati;

404 3068 448 3112 ex
477 3068 540 3132 quo
571 3047 684 3132 utique
714 3048 828 3133 gravia
856 3049 976 3114 exinde
1008 3048 1180 3136 dispendia
1209 3050 1379 3114 imminent
1410 3056 1497 3114 terre
1527 3047 1670 3134 prefate,
1705 3067 1779 3111 cum
1807 3044 1907 3111 iidem
1937 3046 2055 3110 fratres

404 3148 587 3234 indigentia
608 3150 797 3217 laborantes
819 3173 885 3217 non
909 3153 1060 3232 habeant,
1084 3153 1170 3218 unde
1194 3153 1283 3218 illam
1299 3154 1428 3240 possint
1450 3174 1540 3218 more
1557 3148 1735 3216 defendere
1759 3155 1928 3215 consueto.
1972 3148 2059 3222 Quia

404 3273 483 3317 vero
510 3252 678 3335 universa,
706 3276 769 3340 que
799 3255 937 3337 habent,
967 3277 1027 3344 pro
1051 3257 1301 3323 conservatione
1332 3263 1408 3322 sunt
1436 3263 1470 3322 et
1493 3255 1641 3321 subsidio
1663 3261 1750 3322 terre
1772 3253 1934 3340 predicte,
1966 3253 2058 3318 cuius

405 3353 553 3420 defensio
582 3355 623 3421 ad
655 3363 688 3422 te
717 3358 941 3446 principaliter
971 3359 1152 3426 dinoscitur
1179 3362 1366 3447 pertinere,
1397 3360 1601 3447 imperialem
1626 3357 1855 3425 celsitudinem
1876 3377 2057 3434 monemus,

405 3480 559 3545 rogamus
588 3466 622 3526 et
652 3459 820 3527 hortamur
847 3463 880 3527 in
902 3463 1066 3544 Domino,
1095 3464 1248 3548 quatinus
1277 3464 1478 3530 conscientie
1507 3463 1639 3550 proprie
1668 3483 1707 3527 ac
1734 3467 1801 3526 tam
1830 3461 1916 3524 fame
1947 3464 2058 3524 nostre

405 3584 502 3648 quam
525 3569 580 3629 tue
603 3563 741 3650 provide
760 3566 944 3646 cousulens,
969 3573 1007 3631 et
1018 3567 1145 3652 eligens
1167 3567 1278 3653 potius
1302 3567 1449 3654 superari
1465 3564 1700 3645 misericordia,
1724 3565 1775 3654 qui
1793 3570 1902 3630 cetere
1918 3562 2056 3627 virtutes
2110 3591 2122 3630 s

404 3664 538 3729 minime
562 3663 679 3730 cedere
703 3665 933 3753 dedignantur,
961 3681 1058 3754 quam
1080 3670 1259 3755 asperitate
1281 3671 1398 3750 notari,
1421 3670 1517 3735 dictis
1541 3669 1774 3756 Hospitalariis
1797 3667 1908 3732 ablata
1929 3667 2059 3731 restitui

405 3767 506 3833 iacias
534 3769 705 3848 universa,
738 3771 785 3835 ita
817 3771 905 3857 quod
931 3772 1216 3838 mansuetudinem
1245 3780 1335 3838 tuam
1367 3774 1530 3860 possimus
1559 3773 1677 3837 merito
1708 3770 1953 3850 commendare,
1986 3790 2058 3834 cum

404 3871 486 3936 alias
516 3872 707 3957 patientiam
739 3881 885 3939 nostram
909 3875 1009 3940 variis
1042 3875 1300 3942 detractionibus
1332 3896 1498 3962 exponere
1527 3875 1703 3954 videreris,
1733 3873 1789 3959 qui
1823 3894 1889 3937 non
1916 3873 2059 3958 ignoras,

404 3974 492 4060 quod
519 3974 560 4040 ad
589 3977 711 4041 malum
741 3982 817 4041 sunt
843 3977 993 4042 homines
1022 3977 1193 4063 proniores
1223 3984 1257 4044 et
1283 3979 1349 4043 levi
1379 3978 1552 4043 occasione
1583 3977 1718 4041 sinistra
1739 3977 1928 4041 multotiens
1952 3976 2059 4063 suspi-

405 4085 530 4144 cantur.
576 4079 679 4145 Porro
701 4079 743 4146 ad
766 4081 939 4146 consilium
961 4087 1110 4145 nostrum
1132 4080 1211 4145 dieti
1236 4081 1371 4161 fratres,
1401 4086 1438 4144 ut
1460 4087 1552 4145 tuum
1577 4081 1708 4145 valeant
1730 4079 1878 4145 obtinere
1902 4079 2057 4160 favorem,

405 4181 560 4262 feudalia,
584 4203 647 4267 que
671 4206 691 4248 a
712 4191 861 4272 tempore
879 4185 966 4250 clare
986 4185 1167 4270 memorie.
1186 4236 1193 4249 .
1211 4185 1325 4249 matris
1345 4185 1422 4250 tue¹
1445 4184 1487 4249 ab
1507 4184 1581 4249 aliis
1601 4205 1699 4270 quam
1718 4183 1844 4250 acurio
1862 4182 2058 4261 habuerunt,

408 4285 479 4350 sine
501 4286 673 4372 utriusque
697 4289 800 4374 partis
824 4309 923 4374 super
944 4289 1156 4375 possessione
1179 4309 1218 4353 ao
1239 4289 1441 4376 proprietate
1464 4287 1646 4375 preiudicio
1668 4288 1702 4352 in
1729 4307 1844 4352 manus
1866 4283 1978 4351 dilecti
2000 4285 2060 4350 filii

408 4389 620 4473 ..magistri
648 4389 926 4456 Tbeutonicorum
954 4393 1163 4457 restitutione
1194 4392 1328 4457 obtenta
1355 4413 1478 4480 ponere
1515 4397 1591 4457 sunt
1625 4392 1749 4478 parati,
1786 4391 1832 4455 ita
1866 4389 1953 4474 quod
1986 4390 2059 4476 ipse

407 4496 586 4576 proventus
610 4512 722 4557 eorum
745 4499 858 4559 teneat
881 4501 914 4559 et
937 4502 1121 4575 conservet,
1145 4516 1315 4582 quousque
1338 4494 1415 4582 quid
1438 4495 1480 4560 ad
1503 4516 1600 4582 quem
1615 4495 1780 4582 pertineat
1795 4492 1978 4558 declaretur
2000 4513 2060 4578 per

406 4592 561 4674 arbitros,
595 4616 731 4680 quorum
754 4618 815 4682 per
842 4603 876 4663 te
905 4599 1046 4685 eligatur
1073 4620 1173 4678 uuus,
1201 4600 1285 4664 alius
1313 4621 1373 4686 per
1395 4599 1654 4685 Hospitalarios,
1683 4597 1800 4662 tertius
1822 4615 1900 4660 vero
1928 4595 1970 4660 ab
1993 4595 2057 4660 biis

407 4695 532 4761 duobus
555 4698 608 4762 vel
631 4719 651 4764 a
672 4699 779 4781 nobis,
803 4701 888 4765 siin
911 4722 950 4766 eo
974 4703 1038 4788 ipsi
1060 4722 1126 4767 non
1149 4703 1372 4778 convenerint,
1396 4707 1591 4769 assumatur.
1634 4699 1781 4766 Prodicti
1796 4719 1924 4785 quoque
1946 4697 2060 4763 arbitri

408 4799 492 4865 infra
514 4807 641 4867 certum
663 4803 854 4886 terminum,
885 4827 905 4870 a
928 4804 1076 4892 partibus
1097 4805 1151 4870 vel
1173 4827 1194 4870 a
1215 4806 1311 4871 nobis
1335 4806 1363 4870 si
1385 4805 1555 4892 partesin
1577 4806 1634 4870 illo
1657 4802 1873 4869 dissenserint
1895 4801 2059 4888 prefigen-

407 4903 499 4988 dum,
530 4907 699 4993 negotium
728 4908 966 4987 terminabunt,
998 4913 1033 4972 et
1060 4907 1148 4972 idem
1171 4909 1329 4995 magister
1355 4906 1505 4995 predicta
1534 4906 1711 4974 secundum
1745 4927 1857 4972 eorum
1888 4905 2060 4970 arbitrium

407 5009 599 5094 resignabit.
644 5009 751 5097 Super
768 5011 842 5077 aliis
859 5015 979 5090 autem,
1003 5030 1067 5096 que
1090 5032 1156 5075 non
1178 5017 1255 5076 sunt
1269 5010 1423 5092 feudalia,
1447 5031 1557 5076 coram
1572 5011 1667 5076 uobis
1684 5011 1737 5076 vel
1752 5009 1915 5096 delegatis
1937 5009 2060 5074 nostris

406 5114 470 5178 iuri
491 5114 669 5202 parebunt,
700 5134 774 5178 cum
796 5112 940 5178 volueris
963 5111 1107 5200 deipsis
1130 5115 1290 5180 iustitiam
1313 5113 1474 5182 obtinere.
1519 5114 1630 5188 Quare
1654 5133 1754 5200 super
1775 5111 1945 5200 premissis
1967 5116 2057 5178 tuam
2109 5135 2137 5176 a

405 5219 501 5284 nobie
524 5241 584 5308 per
606 5218 734 5285 litteras
760 5217 961 5282 voluntatem
984 5238 1142 5306 exponas.

512 5339 600 5405 Data
621 5338 787 5420 Laterani,
810 5336 865 5402 III
885 5335 1053 5406 Kalendas
1076 5339 1168 5421 Maii,
1191 5338 1400 5427 pontificatus
1427 5339 1530 5405 nostri
1552 5358 1637 5403 auno
1660 5337 1783 5423 quinto.

508 5667 535 5736 1)
555 5668 741 5724 Gauranum.
