<?xml version="1.0" encoding="UTF-8"?>
<!DOCTYPE html PUBLIC "-//W3C//DTD XHTML 1.0 Transitional//EN"
    "http://www.w3.org/TR/xhtml1/DTD/xhtml1-transitional.dtd">
<html xmlns="http://www.w3.org/1999/xhtml" xml:lang="en" lang="en">
 <head>
  <title>
</title>
<meta http-equiv="Content-Type" content="text/html;charset=utf-8" />
  <meta name='ocr-system' content='tesseract 3.04.00' />
  <meta name='ocr-capabilities' content='ocr_page ocr_carea ocr_par ocr_line ocrx_word'/>
</head>
<body>
  <div class='ocr_page' id='page_1' title='image "./monumentagerman00peipgoog/monumentagerman00peipgoog_0285.png"; bbox 0 0 4524 6412; ppageno 0'>
   <div class='ocr_carea' id='block_1_1' title="bbox 369 393 1445 478">
    <p class='ocr_par' dir='ltr' id='par_1_1' title="bbox 369 393 1445 478">
     <span class='ocr_line' id='line_1_1' title="bbox 369 393 1445 478; baseline -0.019 -2"><span class='ocrx_word' id='word_1_1' title='bbox 369 409 433 478; x_wconf 74' lang='lat'>262</span> <span class='ocrx_word' id='word_1_2' title='bbox 949 399 997 459; x_wconf 84' lang='lat' dir='ltr'>EX</span> <span class='ocrx_word' id='word_1_3' title='bbox 1015 396 1191 459; x_wconf 81' lang='lat' dir='ltr'>oanuoan</span> <span class='ocrx_word' id='word_1_4' title='bbox 1208 393 1247 455; x_wconf 80' lang='lat' dir='ltr'>IX</span> <span class='ocrx_word' id='word_1_5' title='bbox 1265 393 1445 456; x_wconf 73' lang='lat' dir='ltr'>adelstan</span> 
     </span>
    </p>
   </div>
   <div class='ocr_carea' id='block_1_2' title="bbox 366 570 2100 3147">
    <p class='ocr_par' dir='ltr' id='par_1_2' title="bbox 366 570 2100 3147">
     <span class='ocr_line' id='line_1_2' title="bbox 366 570 2021 660; baseline -0.004 -13"><span class='ocrx_word' id='word_1_6' title='bbox 366 605 439 648; x_wconf 92' lang='lat' dir='ltr'>mus</span> <span class='ocrx_word' id='word_1_7' title='bbox 466 582 500 646; x_wconf 96' lang='lat' dir='ltr'>in</span> <span class='ocrx_word' id='word_1_8' title='bbox 527 580 645 646; x_wconf 91' lang='lat' dir='ltr'>minori</span> <span class='ocrx_word' id='word_1_9' title='bbox 672 579 778 644; x_wconf 87' lang='lat' dir='ltr'>officio</span> <span class='ocrx_word' id='word_1_10' title='bbox 808 578 995 655; x_wconf 88' lang='lat' dir='ltr'>constituti,</span> <span class='ocrx_word' id='word_1_11' title='bbox 1027 575 1203 640; x_wconf 89' lang='lat' dir='ltr'>habuimus</span> <span class='ocrx_word' id='word_1_12' title='bbox 1230 574 1264 638; x_wconf 93' lang='lat' dir='ltr'>in</span> <span class='ocrx_word' id='word_1_13' title='bbox 1287 574 1468 639; x_wconf 86' lang='lat' dir='ltr'>visceribus</span> <span class='ocrx_word' id='word_1_14' title='bbox 1498 573 1643 640; x_wconf 88' lang='lat' dir='ltr'>caritatis</span> <span class='ocrx_word' id='word_1_15' title='bbox 1673 595 1711 639; x_wconf 89' lang='lat' dir='ltr'>ac</span> <span class='ocrx_word' id='word_1_16' title='bbox 1733 575 1798 639; x_wconf 91' lang='lat' dir='ltr'>tuis</span> <span class='ocrx_word' id='word_1_17' title='bbox 1821 570 2021 660; x_wconf 78' lang='lat' dir='ltr'><strong>profectibus</strong></span> 
     </span>
     <span class='ocr_line' id='line_1_3' title="bbox 368 676 2022 773; baseline -0.005 -22"><span class='ocrx_word' id='word_1_18' title='bbox 368 685 604 773; x_wconf 79' lang='lat' dir='ltr'><strong>aspiravimus,</strong></span> <span class='ocrx_word' id='word_1_19' title='bbox 633 682 826 748; x_wconf 80' lang='lat' dir='ltr'>sublimitati</span> <span class='ocrx_word' id='word_1_20' title='bbox 849 687 904 746; x_wconf 90' lang='lat' dir='ltr'>tue</span> <span class='ocrx_word' id='word_1_21' title='bbox 927 679 1088 767; x_wconf 79' lang='lat' dir='ltr'>primitias</span> <span class='ocrx_word' id='word_1_22' title='bbox 1112 679 1293 744; x_wconf 85' lang='lat' dir='ltr'>litterarum</span> <span class='ocrx_word' id='word_1_23' title='bbox 1315 684 1500 742; x_wconf 90' lang='lat' dir='ltr'>nostrarum</span> <span class='ocrx_word' id='word_1_24' title='bbox 1524 677 1676 742; x_wconf 78' lang='lat' dir='ltr'>duximus</span> <span class='ocrx_word' id='word_1_25' title='bbox 1699 676 1926 759; x_wconf 89' lang='lat' dir='ltr'>destinandas,</span> <span class='ocrx_word' id='word_1_26' title='bbox 1956 679 2022 743; x_wconf 91' lang='lat' dir='ltr'>cel-</span> 
     </span>
     <span class='ocr_line' id='line_1_4' title="bbox 368 779 2020 871; baseline -0.005 -16"><span class='ocrx_word' id='word_1_27' title='bbox 368 789 544 855; x_wconf 90' lang='lat' dir='ltr'>situdinem</span> <span class='ocrx_word' id='word_1_28' title='bbox 566 794 655 852; x_wconf 90' lang='lat' dir='ltr'>tuam</span> <span class='ocrx_word' id='word_1_29' title='bbox 678 793 831 871; x_wconf 81' lang='lat' dir='ltr'>rogantes</span> <span class='ocrx_word' id='word_1_30' title='bbox 854 785 1012 849; x_wconf 89' lang='lat' dir='ltr'>attentius</span> <span class='ocrx_word' id='word_1_31' title='bbox 1035 789 1069 848; x_wconf 89' lang='lat' dir='ltr'>ct</span> <span class='ocrx_word' id='word_1_32' title='bbox 1091 788 1261 846; x_wconf 89' lang='lat' dir='ltr'>monentes</span> <span class='ocrx_word' id='word_1_33' title='bbox 1285 787 1318 846; x_wconf 92' lang='lat' dir='ltr'>et</span> <span class='ocrx_word' id='word_1_34' title='bbox 1341 782 1555 846; x_wconf 80' lang='lat' dir='ltr'>exhortantes</span> <span class='ocrx_word' id='word_1_35' title='bbox 1578 781 1611 844; x_wconf 92' lang='lat' dir='ltr'>in</span> <span class='ocrx_word' id='word_1_36' title='bbox 1633 779 1794 862; x_wconf 92' lang='lat' dir='ltr'>Domino,</span> <span class='ocrx_word' id='word_1_37' title='bbox 1818 781 1851 844; x_wconf 89' lang='lat' dir='ltr'>in</span> <span class='ocrx_word' id='word_1_38' title='bbox 1874 782 2020 846; x_wconf 88' lang='lat' dir='ltr'>remissi-</span> 
     </span>
     <span class='ocr_line' id='line_1_5' title="bbox 371 883 2022 978; baseline -0.005 -20"><span class='ocrx_word' id='word_1_39' title='bbox 371 914 467 958; x_wconf 84' lang='lat' dir='ltr'>onem</span> <span class='ocrx_word' id='word_1_40' title='bbox 501 891 562 956; x_wconf 92' lang='lat' dir='ltr'>tibi</span> <span class='ocrx_word' id='word_1_41' title='bbox 591 891 816 978; x_wconf 79' lang='lat' dir='ltr'>peccaminum</span> <span class='ocrx_word' id='word_1_42' title='bbox 848 885 1066 972; x_wconf 88' lang='lat' dir='ltr'>iniungendo,</span> <span class='ocrx_word' id='word_1_43' title='bbox 1102 885 1255 971; x_wconf 88' lang='lat' dir='ltr'>quatinus</span> <span class='ocrx_word' id='word_1_44' title='bbox 1285 885 1319 949; x_wconf 91' lang='lat' dir='ltr'>in</span> <span class='ocrx_word' id='word_1_45' title='bbox 1352 884 1526 950; x_wconf 82' lang='lat' dir='ltr'>devotione</span> <span class='ocrx_word' id='word_1_46' title='bbox 1558 883 1645 950; x_wconf 90' lang='lat' dir='ltr'>sedis</span> <span class='ocrx_word' id='word_1_47' title='bbox 1678 884 1856 970; x_wconf 92' lang='lat' dir='ltr'>apostolice</span> <span class='ocrx_word' id='word_1_48' title='bbox 1886 885 2022 950; x_wconf 90' lang='lat' dir='ltr'>firmiter</span> 
     </span>
     <span class='ocr_line' id='line_1_6' title="bbox 369 987 2022 1083; baseline -0.005 -21"><span class='ocrx_word' id='word_1_49' title='bbox 369 1016 587 1083; x_wconf 83' lang='lat' dir='ltr'>perseverans</span> <span class='ocrx_word' id='word_1_50' title='bbox 623 1001 656 1059; x_wconf 90' lang='lat' dir='ltr'>et</span> <span class='ocrx_word' id='word_1_51' title='bbox 685 992 780 1058; x_wconf 93' lang='lat' dir='ltr'>nobis</span> <span class='ocrx_word' id='word_1_52' title='bbox 810 991 1006 1078; x_wconf 84' lang='lat' dir='ltr'>disponente</span> <span class='ocrx_word' id='word_1_53' title='bbox 1037 989 1179 1053; x_wconf 91' lang='lat' dir='ltr'>Domino</span> <span class='ocrx_word' id='word_1_54' title='bbox 1208 987 1250 1053; x_wconf 88' lang='lat' dir='ltr'>ad</span> <span class='ocrx_word' id='word_1_55' title='bbox 1280 989 1427 1073; x_wconf 87' lang='lat' dir='ltr'>regimen</span> <span class='ocrx_word' id='word_1_56' title='bbox 1462 989 1532 1053; x_wconf 90' lang='lat' dir='ltr'>eius</span> <span class='ocrx_word' id='word_1_57' title='bbox 1567 988 1763 1074; x_wconf 88' lang='lat' dir='ltr'>assumptis,</span> <span class='ocrx_word' id='word_1_58' title='bbox 1796 995 1893 1074; x_wconf 92' lang='lat' dir='ltr'>prout</span> <span class='ocrx_word' id='word_1_59' title='bbox 1926 988 2022 1054; x_wconf 90' lang='lat' dir='ltr'>decet</span> 
     </span>
     <span class='ocr_line' id='line_1_7' title="bbox 369 1091 2022 1186; baseline -0.004 -23"><span class='ocrx_word' id='word_1_60' title='bbox 369 1099 552 1186; x_wconf 89' lang='lat' dir='ltr'>principem</span> <span class='ocrx_word' id='word_1_61' title='bbox 576 1097 814 1177; x_wconf 78' lang='lat' dir='ltr'>Christianum,</span> <span class='ocrx_word' id='word_1_62' title='bbox 844 1096 1005 1160; x_wconf 88' lang='lat' dir='ltr'>assistens</span> <span class='ocrx_word' id='word_1_63' title='bbox 1038 1094 1205 1158; x_wconf 92' lang='lat' dir='ltr'>humiliter</span> <span class='ocrx_word' id='word_1_64' title='bbox 1232 1099 1266 1158; x_wconf 89' lang='lat' dir='ltr'>ct</span> <span class='ocrx_word' id='word_1_65' title='bbox 1296 1091 1432 1174; x_wconf 87' lang='lat' dir='ltr'>devote,</span> <span class='ocrx_word' id='word_1_66' title='bbox 1465 1093 1512 1157; x_wconf 91' lang='lat' dir='ltr'>sic</span> <span class='ocrx_word' id='word_1_67' title='bbox 1542 1092 1680 1158; x_wconf 83' lang='lat' dir='ltr'>sollicite</span> <span class='ocrx_word' id='word_1_68' title='bbox 1703 1113 1742 1156; x_wconf 89' lang='lat' dir='ltr'>ao</span> <span class='ocrx_word' id='word_1_69' title='bbox 1765 1092 1893 1157; x_wconf 85' lang='lat' dir='ltr'>efficaci</span> <span class='ocrx_word' id='word_1_70' title='bbox 1915 1093 2022 1157; x_wconf 92' lang='lat' dir='ltr'>studio</span> 
     </span>
     <span class='ocr_line' id='line_1_8' title="bbox 368 1195 2021 1288; baseline -0.005 -20"><span class='ocrx_word' id='word_1_71' title='bbox 368 1223 528 1288; x_wconf 86' lang='lat' dir='ltr'>peragere</span> <span class='ocrx_word' id='word_1_72' title='bbox 546 1208 676 1288; x_wconf 88' lang='lat' dir='ltr'>satagas</span> <span class='ocrx_word' id='word_1_73' title='bbox 694 1201 863 1286; x_wconf 87' lang='lat' dir='ltr'>negotium</span> <span class='ocrx_word' id='word_1_74' title='bbox 878 1199 980 1263; x_wconf 82' lang='lat' dir='ltr'>Terre</span> <span class='ocrx_word' id='word_1_75' title='bbox 999 1197 1130 1277; x_wconf 82' lang='lat' dir='ltr'>Sancte,</span> <span class='ocrx_word' id='word_1_76' title='bbox 1154 1218 1192 1260; x_wconf 91' lang='lat' dir='ltr'>ac</span> <span class='ocrx_word' id='word_1_77' title='bbox 1215 1203 1248 1261; x_wconf 90' lang='lat' dir='ltr'>te</span> <span class='ocrx_word' id='word_1_78' title='bbox 1266 1196 1405 1261; x_wconf 89' lang='lat' dir='ltr'>viriliter</span> <span class='ocrx_word' id='word_1_79' title='bbox 1428 1203 1462 1261; x_wconf 92' lang='lat' dir='ltr'>et</span> <span class='ocrx_word' id='word_1_80' title='bbox 1483 1201 1635 1281; x_wconf 89' lang='lat' dir='ltr'>potenter</span> <span class='ocrx_word' id='word_1_81' title='bbox 1657 1195 1691 1258; x_wconf 96' lang='lat' dir='ltr'>in</span> <span class='ocrx_word' id='word_1_82' title='bbox 1714 1195 1847 1260; x_wconf 89' lang='lat' dir='ltr'>instanti</span> <span class='ocrx_word' id='word_1_83' title='bbox 1869 1196 2021 1280; x_wconf 88' lang='lat' dir='ltr'>passagio</span> 
     </span>
     <span class='ocr_line' id='line_1_9' title="bbox 368 1296 2022 1388; baseline -0.004 -18"><span class='ocrx_word' id='word_1_84' title='bbox 368 1304 410 1370; x_wconf 90' lang='lat' dir='ltr'>ad</span> <span class='ocrx_word' id='word_1_85' title='bbox 435 1306 506 1370; x_wconf 88' lang='lat' dir='ltr'>eius</span> <span class='ocrx_word' id='word_1_86' title='bbox 530 1325 722 1370; x_wconf 86' lang='lat' dir='ltr'>succursum</span> <span class='ocrx_word' id='word_1_87' title='bbox 745 1303 909 1388; x_wconf 89' lang='lat' dir='ltr'>accingas,</span> <span class='ocrx_word' id='word_1_88' title='bbox 932 1302 967 1365; x_wconf 90' lang='lat' dir='ltr'>in</span> <span class='ocrx_word' id='word_1_89' title='bbox 989 1300 1181 1366; x_wconf 86' lang='lat' dir='ltr'>manuforti</span> <span class='ocrx_word' id='word_1_90' title='bbox 1205 1305 1238 1364; x_wconf 92' lang='lat' dir='ltr'>et</span> <span class='ocrx_word' id='word_1_91' title='bbox 1260 1297 1393 1363; x_wconf 90' lang='lat' dir='ltr'>brachio</span> <span class='ocrx_word' id='word_1_92' title='bbox 1417 1305 1552 1364; x_wconf 83' lang='lat' dir='ltr'>extento</span> <span class='ocrx_word' id='word_1_93' title='bbox 1575 1296 1618 1362; x_wconf 90' lang='lat' dir='ltr'>ad</span> <span class='ocrx_word' id='word_1_94' title='bbox 1633 1297 1836 1385; x_wconf 88' lang='lat' dir='ltr'>preliandum</span> <span class='ocrx_word' id='word_1_95' title='bbox 1859 1298 1900 1363; x_wconf 89' lang='lat' dir='ltr'>de</span> <span class='ocrx_word' id='word_1_96' title='bbox 1924 1299 2022 1364; x_wconf 89' lang='lat' dir='ltr'>corde</span> 
     </span>
     <span class='ocr_line' id='line_1_10' title="bbox 368 1401 2020 1495; baseline -0.005 -21"><span class='ocrx_word' id='word_1_97' title='bbox 368 1430 451 1495; x_wconf 91' lang='lat' dir='ltr'>puro</span> <span class='ocrx_word' id='word_1_98' title='bbox 474 1414 508 1473; x_wconf 90' lang='lat' dir='ltr'>et</span> <span class='ocrx_word' id='word_1_99' title='bbox 528 1407 593 1473; x_wconf 87' lang='lat' dir='ltr'>fide</span> <span class='ocrx_word' id='word_1_100' title='bbox 615 1429 681 1472; x_wconf 91' lang='lat' dir='ltr'>non</span> <span class='ocrx_word' id='word_1_101' title='bbox 704 1408 779 1472; x_wconf 88' lang='lat' dir='ltr'>ficta</span> <span class='ocrx_word' id='word_1_102' title='bbox 800 1406 906 1492; x_wconf 90' lang='lat' dir='ltr'>prelia</span> <span class='ocrx_word' id='word_1_103' title='bbox 928 1404 1063 1470; x_wconf 92' lang='lat' dir='ltr'>Domini</span> <span class='ocrx_word' id='word_1_104' title='bbox 1086 1401 1345 1480; x_wconf 84' lang='lat' dir='ltr'>transfretando,</span> <span class='ocrx_word' id='word_1_105' title='bbox 1374 1402 1460 1486; x_wconf 92' lang='lat' dir='ltr'>quod</span> <span class='ocrx_word' id='word_1_106' title='bbox 1483 1401 1524 1466; x_wconf 91' lang='lat' dir='ltr'>ab</span> <span class='ocrx_word' id='word_1_107' title='bbox 1550 1423 1589 1466; x_wconf 93' lang='lat' dir='ltr'>eo</span> <span class='ocrx_word' id='word_1_108' title='bbox 1613 1401 1769 1486; x_wconf 88' lang='lat' dir='ltr'>consequi</span> <span class='ocrx_word' id='word_1_109' title='bbox 1793 1403 1948 1467; x_wconf 87' lang='lat' dir='ltr'>merearis</span> <span class='ocrx_word' id='word_1_110' title='bbox 1972 1403 2020 1466; x_wconf 93' lang='lat' dir='ltr'>in-</span> 
     </span>
     <span class='ocr_line' id='line_1_11' title="bbox 370 1504 2021 1596; baseline -0.004 -19"><span class='ocrx_word' id='word_1_111' title='bbox 370 1511 606 1577; x_wconf 87' lang='lat' dir='ltr'>marcescibilis</span> <span class='ocrx_word' id='word_1_112' title='bbox 630 1510 733 1596; x_wconf 86' lang='lat' dir='ltr'>glorie</span> <span class='ocrx_word' id='word_1_113' title='bbox 757 1507 926 1586; x_wconf 89' lang='lat' dir='ltr'>diadema,</span> <span class='ocrx_word' id='word_1_114' title='bbox 956 1515 990 1572; x_wconf 90' lang='lat' dir='ltr'>et</span> <span class='ocrx_word' id='word_1_115' title='bbox 1012 1528 1090 1586; x_wconf 93' lang='lat' dir='ltr'>nos,</span> <span class='ocrx_word' id='word_1_116' title='bbox 1121 1507 1177 1592; x_wconf 92' lang='lat' dir='ltr'>qui</span> <span class='ocrx_word' id='word_1_117' title='bbox 1207 1514 1239 1570; x_wconf 89' lang='lat' dir='ltr'>ta</span> <span class='ocrx_word' id='word_1_118' title='bbox 1264 1504 1461 1570; x_wconf 88' lang='lat' dir='ltr'>sinceritatis</span> <span class='ocrx_word' id='word_1_119' title='bbox 1483 1505 1626 1569; x_wconf 90' lang='lat' dir='ltr'>brachiis</span> <span class='ocrx_word' id='word_1_120' title='bbox 1649 1507 1887 1592; x_wconf 82' lang='lat' dir='ltr'>amplexamur,</span> <span class='ocrx_word' id='word_1_121' title='bbox 1917 1505 1958 1570; x_wconf 90' lang='lat' dir='ltr'>ad</span> <span class='ocrx_word' id='word_1_122' title='bbox 1981 1527 2021 1571; x_wconf 93' lang='lat' dir='ltr'>ea</span> 
     </span>
     <span class='ocr_line' id='line_1_12' title="bbox 370 1607 2023 1701; baseline -0.003 -22"><span class='ocrx_word' id='word_1_123' title='bbox 370 1637 433 1701; x_wconf 91' lang='lat' dir='ltr'>que</span> <span class='ocrx_word' id='word_1_124' title='bbox 462 1620 555 1678; x_wconf 89' lang='lat' dir='ltr'>tuum</span> <span class='ocrx_word' id='word_1_125' title='bbox 589 1613 770 1700; x_wconf 87' lang='lat' dir='ltr'>respiciunt</span> <span class='ocrx_word' id='word_1_126' title='bbox 806 1611 977 1678; x_wconf 92' lang='lat' dir='ltr'>comodum</span> <span class='ocrx_word' id='word_1_127' title='bbox 1006 1619 1039 1676; x_wconf 89' lang='lat' dir='ltr'>et</span> <span class='ocrx_word' id='word_1_128' title='bbox 1069 1611 1241 1689; x_wconf 89' lang='lat' dir='ltr'>honorem,</span> <span class='ocrx_word' id='word_1_129' title='bbox 1276 1630 1319 1674; x_wconf 84' lang='lat' dir='ltr'>ex</span> <span class='ocrx_word' id='word_1_130' title='bbox 1350 1607 1412 1672; x_wconf 91' lang='lat' dir='ltr'>hoc</span> <span class='ocrx_word' id='word_1_131' title='bbox 1435 1609 1556 1674; x_wconf 85' lang='lat' dir='ltr'>sorcius</span> <span class='ocrx_word' id='word_1_132' title='bbox 1589 1608 1815 1677; x_wconf 87' lang='lat' dir='ltr'>accendamur.</span> <span class='ocrx_word' id='word_1_133' title='bbox 1866 1609 2023 1695; x_wconf 86' lang='lat' dir='ltr'>Alioquin</span> 
     </span>
     <span class='ocr_line' id='line_1_13' title="bbox 370 1711 2020 1804; baseline -0.003 -22"><span class='ocrx_word' id='word_1_134' title='bbox 370 1725 665 1804; x_wconf 89' lang='lat' dir='ltr'>quantumcumque</span> <span class='ocrx_word' id='word_1_135' title='bbox 693 1724 727 1781; x_wconf 90' lang='lat' dir='ltr'>te</span> <span class='ocrx_word' id='word_1_136' title='bbox 756 1716 885 1780; x_wconf 91' lang='lat' dir='ltr'>sincera</span> <span class='ocrx_word' id='word_1_137' title='bbox 916 1715 1090 1801; x_wconf 88' lang='lat' dir='ltr'>diligamus</span> <span class='ocrx_word' id='word_1_138' title='bbox 1120 1715 1153 1778; x_wconf 93' lang='lat' dir='ltr'>in</span> <span class='ocrx_word' id='word_1_139' title='bbox 1175 1712 1316 1779; x_wconf 91' lang='lat' dir='ltr'>Domino</span> <span class='ocrx_word' id='word_1_140' title='bbox 1349 1712 1485 1777; x_wconf 89' lang='lat' dir='ltr'>caritate</span> <span class='ocrx_word' id='word_1_141' title='bbox 1509 1719 1543 1777; x_wconf 92' lang='lat' dir='ltr'>et</span> <span class='ocrx_word' id='word_1_142' title='bbox 1565 1712 1642 1795; x_wconf 91' lang='lat' dir='ltr'>tibi,</span> <span class='ocrx_word' id='word_1_143' title='bbox 1672 1718 1828 1798; x_wconf 90' lang='lat' dir='ltr'>quantum</span> <span class='ocrx_word' id='word_1_144' title='bbox 1852 1734 1925 1777; x_wconf 88' lang='lat' dir='ltr'>cum</span> <span class='ocrx_word' id='word_1_145' title='bbox 1947 1711 2020 1777; x_wconf 93' lang='lat' dir='ltr'>Deo</span> 
     </span>
     <span class='ocr_line' id='line_1_14' title="bbox 370 1815 2023 1907; baseline -0.001 -23"><span class='ocrx_word' id='word_1_146' title='bbox 370 1840 559 1907; x_wconf 89' lang='lat' dir='ltr'>possumus,</span> <span class='ocrx_word' id='word_1_147' title='bbox 591 1817 721 1884; x_wconf 81' lang='lat' dir='ltr'>deferre</span> <span class='ocrx_word' id='word_1_148' title='bbox 744 1818 901 1897; x_wconf 90' lang='lat' dir='ltr'>velimus,</span> <span class='ocrx_word' id='word_1_149' title='bbox 925 1817 958 1882; x_wconf 93' lang='lat' dir='ltr'>id</span> <span class='ocrx_word' id='word_1_150' title='bbox 980 1817 1186 1882; x_wconf 89' lang='lat' dir='ltr'>dissimulare</span> <span class='ocrx_word' id='word_1_151' title='bbox 1209 1815 1299 1879; x_wconf 92' lang='lat' dir='ltr'>nulla</span> <span class='ocrx_word' id='word_1_152' title='bbox 1320 1815 1501 1901; x_wconf 90' lang='lat' dir='ltr'>poterimus</span> <span class='ocrx_word' id='word_1_153' title='bbox 1524 1815 1666 1897; x_wconf 86' lang='lat' dir='ltr'>ratione,</span> <span class='ocrx_word' id='word_1_154' title='bbox 1689 1817 1861 1902; x_wconf 88' lang='lat' dir='ltr'>presertim</span> <span class='ocrx_word' id='word_1_155' title='bbox 1885 1837 1957 1881; x_wconf 90' lang='lat' dir='ltr'>cum</span> <span class='ocrx_word' id='word_1_156' title='bbox 1981 1815 2023 1882; x_wconf 90' lang='lat' dir='ltr'>ad</span> 
     </span>
     <span class='ocr_line' id='line_1_15' title="bbox 369 1917 2022 2009; baseline -0.003 -21"><span class='ocrx_word' id='word_1_157' title='bbox 369 1922 559 1989; x_wconf 87' lang='lat' dir='ltr'>instantiam</span> <span class='ocrx_word' id='word_1_158' title='bbox 588 1929 677 1987; x_wconf 91' lang='lat' dir='ltr'>tuam</span> <span class='ocrx_word' id='word_1_159' title='bbox 705 1943 763 2009; x_wconf 92' lang='lat' dir='ltr'>pro</span> <span class='ocrx_word' id='word_1_160' title='bbox 793 1921 940 2008; x_wconf 89' lang='lat' dir='ltr'>predicto</span> <span class='ocrx_word' id='word_1_161' title='bbox 964 1921 1112 2006; x_wconf 89' lang='lat' dir='ltr'>negotio,</span> <span class='ocrx_word' id='word_1_162' title='bbox 1140 1919 1216 1985; x_wconf 91' lang='lat' dir='ltr'>dum</span> <span class='ocrx_word' id='word_1_163' title='bbox 1239 1917 1345 1982; x_wconf 89' lang='lat' dir='ltr'>adhuc</span> <span class='ocrx_word' id='word_1_164' title='bbox 1368 1918 1486 1982; x_wconf 91' lang='lat' dir='ltr'>minori</span> <span class='ocrx_word' id='word_1_165' title='bbox 1510 1919 1616 1983; x_wconf 86' lang='lat' dir='ltr'>officio</span> <span class='ocrx_word' id='word_1_166' title='bbox 1640 1919 1868 2004; x_wconf 74' lang='lat' dir='ltr'>fungeremur,</span> <span class='ocrx_word' id='word_1_167' title='bbox 1901 1920 2022 1985; x_wconf 92' lang='lat' dir='ltr'>sollici-</span> 
     </span>
     <span class='ocr_line' id='line_1_16' title="bbox 370 2022 2100 2111; baseline -0.002 -20"><span class='ocrx_word' id='word_1_168' title='bbox 370 2025 501 2092; x_wconf 89' lang='lat' dir='ltr'>tudines</span> <span class='ocrx_word' id='word_1_169' title='bbox 524 2025 720 2091; x_wconf 90' lang='lat' dir='ltr'>subierimus</span> <span class='ocrx_word' id='word_1_170' title='bbox 742 2025 898 2111; x_wconf 91' lang='lat' dir='ltr'>plurimas</span> <span class='ocrx_word' id='word_1_171' title='bbox 922 2046 960 2089; x_wconf 89' lang='lat' dir='ltr'>ao</span> <span class='ocrx_word' id='word_1_172' title='bbox 981 2023 1126 2103; x_wconf 89' lang='lat' dir='ltr'>labores,</span> <span class='ocrx_word' id='word_1_173' title='bbox 1158 2030 1192 2087; x_wconf 89' lang='lat' dir='ltr'>et</span> <span class='ocrx_word' id='word_1_174' title='bbox 1220 2043 1306 2086; x_wconf 93' lang='lat' dir='ltr'>nunc</span> <span class='ocrx_word' id='word_1_175' title='bbox 1336 2022 1485 2087; x_wconf 92' lang='lat' dir='ltr'>omnibus</span> <span class='ocrx_word' id='word_1_176' title='bbox 1515 2023 1770 2110; x_wconf 89' lang='lat' dir='ltr'>archiepiscopis</span> <span class='ocrx_word' id='word_1_177' title='bbox 1794 2030 1828 2088; x_wconf 89' lang='lat' dir='ltr'>et</span> <span class='ocrx_word' id='word_1_178' title='bbox 1855 2024 2019 2110; x_wconf 90' lang='lat' dir='ltr'>episeopis</span> <span class='ocrx_word' id='word_1_179' title='bbox 2088 2051 2100 2086; x_wconf 77' lang='lat' dir='ltr'>s</span> 
     </span>
     <span class='ocr_line' id='line_1_17' title="bbox 370 2125 2022 2210; baseline -0.001 -17"><span class='ocrx_word' id='word_1_180' title='bbox 370 2129 491 2194; x_wconf 90' lang='lat' dir='ltr'>nostris</span> <span class='ocrx_word' id='word_1_181' title='bbox 520 2128 633 2195; x_wconf 87' lang='lat' dir='ltr'>damus</span> <span class='ocrx_word' id='word_1_182' title='bbox 660 2129 780 2194; x_wconf 91' lang='lat' dir='ltr'>litteris</span> <span class='ocrx_word' id='word_1_183' title='bbox 800 2130 835 2193; x_wconf 91' lang='lat' dir='ltr'>in</span> <span class='ocrx_word' id='word_1_184' title='bbox 857 2126 1033 2206; x_wconf 88' lang='lat' dir='ltr'>mandatis,</span> <span class='ocrx_word' id='word_1_185' title='bbox 1063 2133 1100 2190; x_wconf 95' lang='lat' dir='ltr'>ut</span> <span class='ocrx_word' id='word_1_186' title='bbox 1127 2145 1241 2190; x_wconf 91' lang='lat' dir='ltr'>eorum</span> <span class='ocrx_word' id='word_1_187' title='bbox 1264 2125 1384 2209; x_wconf 90' lang='lat' dir='ltr'>singuli</span> <span class='ocrx_word' id='word_1_188' title='bbox 1411 2125 1656 2210; x_wconf 89' lang='lat' dir='ltr'>crucesignatos</span> <span class='ocrx_word' id='word_1_189' title='bbox 1687 2148 1819 2192; x_wconf 90' lang='lat' dir='ltr'>suarum</span> <span class='ocrx_word' id='word_1_190' title='bbox 1841 2125 2022 2192; x_wconf 88' lang='lat' dir='ltr'>diocesium</span> 
     </span>
     <span class='ocr_line' id='line_1_18' title="bbox 371 2227 2022 2315; baseline -0.002 -17"><span class='ocrx_word' id='word_1_191' title='bbox 371 2233 549 2298; x_wconf 88' lang='lat' dir='ltr'>efficaciter</span> <span class='ocrx_word' id='word_1_192' title='bbox 570 2240 725 2300; x_wconf 90' lang='lat' dir='ltr'>moneant</span> <span class='ocrx_word' id='word_1_193' title='bbox 747 2240 781 2298; x_wconf 90' lang='lat' dir='ltr'>et</span> <span class='ocrx_word' id='word_1_194' title='bbox 803 2232 975 2311; x_wconf 89' lang='lat' dir='ltr'>inducant,</span> <span class='ocrx_word' id='word_1_195' title='bbox 1004 2236 1052 2311; x_wconf 90' lang='lat' dir='ltr'>et,</span> <span class='ocrx_word' id='word_1_196' title='bbox 1085 2230 1113 2294; x_wconf 91' lang='lat' dir='ltr'>si</span> <span class='ocrx_word' id='word_1_197' title='bbox 1136 2249 1274 2293; x_wconf 90' lang='lat' dir='ltr'>necesse</span> <span class='ocrx_word' id='word_1_198' title='bbox 1298 2227 1412 2308; x_wconf 83' lang='lat' dir='ltr'>fuerit,</span> <span class='ocrx_word' id='word_1_199' title='bbox 1442 2228 1570 2293; x_wconf 91' lang='lat' dir='ltr'>sublato</span> <span class='ocrx_word' id='word_1_200' title='bbox 1594 2229 1829 2315; x_wconf 91' lang='lat' dir='ltr'>appellacionis</span> <span class='ocrx_word' id='word_1_201' title='bbox 1853 2230 2022 2297; x_wconf 90' lang='lat' dir='ltr'>obstaculo</span> 
     </span>
     <span class='ocr_line' id='line_1_19' title="bbox 372 2332 2023 2422; baseline 0 -22"><span class='ocrx_word' id='word_1_202' title='bbox 372 2337 597 2401; x_wconf 87' lang='lat' dir='ltr'>ecclesiastica</span> <span class='ocrx_word' id='word_1_203' title='bbox 625 2357 762 2402; x_wconf 87' lang='lat' dir='ltr'>censura</span> <span class='ocrx_word' id='word_1_204' title='bbox 792 2336 1004 2422; x_wconf 88' lang='lat' dir='ltr'>compellant,</span> <span class='ocrx_word' id='word_1_205' title='bbox 1037 2341 1074 2398; x_wconf 92' lang='lat' dir='ltr'>ut</span> <span class='ocrx_word' id='word_1_206' title='bbox 1105 2355 1140 2398; x_wconf 90' lang='lat' dir='ltr'>se</span> <span class='ocrx_word' id='word_1_207' title='bbox 1172 2333 1311 2397; x_wconf 88' lang='lat' dir='ltr'>viriliter</span> <span class='ocrx_word' id='word_1_208' title='bbox 1342 2339 1376 2397; x_wconf 93' lang='lat' dir='ltr'>et</span> <span class='ocrx_word' id='word_1_209' title='bbox 1402 2339 1555 2418; x_wconf 90' lang='lat' dir='ltr'>potenter</span> <span class='ocrx_word' id='word_1_210' title='bbox 1584 2332 1625 2396; x_wconf 91' lang='lat' dir='ltr'>ad</span> <span class='ocrx_word' id='word_1_211' title='bbox 1654 2333 1719 2398; x_wconf 90' lang='lat' dir='ltr'>iter</span> <span class='ocrx_word' id='word_1_212' title='bbox 1748 2335 2023 2421; x_wconf 86' lang='lat' dir='ltr'>peregrinationis</span> 
     </span>
     <span class='ocr_line' id='line_1_20' title="bbox 371 2434 2024 2526; baseline 0.001 -23"><span class='ocrx_word' id='word_1_213' title='bbox 371 2439 553 2526; x_wconf 91' lang='lat' dir='ltr'>accingant,</span> <span class='ocrx_word' id='word_1_214' title='bbox 576 2441 816 2507; x_wconf 86' lang='lat' dir='ltr'>transfretaturi</span> <span class='ocrx_word' id='word_1_215' title='bbox 840 2439 881 2504; x_wconf 93' lang='lat' dir='ltr'>ad</span> <span class='ocrx_word' id='word_1_216' title='bbox 897 2439 998 2504; x_wconf 81' lang='lat' dir='ltr'>Terre</span> <span class='ocrx_word' id='word_1_217' title='bbox 1016 2438 1136 2502; x_wconf 85' lang='lat' dir='ltr'>Sancte</span> <span class='ocrx_word' id='word_1_218' title='bbox 1154 2434 1336 2501; x_wconf 89' lang='lat' dir='ltr'>subsidium</span> <span class='ocrx_word' id='word_1_219' title='bbox 1358 2436 1544 2500; x_wconf 78' lang='lat' dir='ltr'>in‘instanti</span> <span class='ocrx_word' id='word_1_220' title='bbox 1559 2437 1714 2523; x_wconf 90' lang='lat' dir='ltr'>passagio</span> <span class='ocrx_word' id='word_1_221' title='bbox 1738 2444 1772 2502; x_wconf 90' lang='lat' dir='ltr'>et</span> <span class='ocrx_word' id='word_1_222' title='bbox 1794 2439 1841 2502; x_wconf 92' lang='lat' dir='ltr'>sio</span> <span class='ocrx_word' id='word_1_223' title='bbox 1864 2437 2024 2504; x_wconf 88' lang='lat' dir='ltr'>reddituri</span> 
     </span>
     <span class='ocr_line' id='line_1_21' title="bbox 371 2539 2081 2629; baseline 0.001 -24"><span class='ocrx_word' id='word_1_224' title='bbox 371 2541 512 2609; x_wconf 93' lang='lat' dir='ltr'>Domino</span> <span class='ocrx_word' id='word_1_225' title='bbox 535 2550 613 2608; x_wconf 90' lang='lat' dir='ltr'>vota</span> <span class='ocrx_word' id='word_1_226' title='bbox 635 2565 702 2626; x_wconf 91' lang='lat' dir='ltr'>sua,</span> <span class='ocrx_word' id='word_1_227' title='bbox 727 2541 812 2629; x_wconf 94' lang='lat' dir='ltr'>quod</span> <span class='ocrx_word' id='word_1_228' title='bbox 835 2543 869 2606; x_wconf 91' lang='lat' dir='ltr'>in</span> <span class='ocrx_word' id='word_1_229' title='bbox 893 2542 995 2607; x_wconf 91' lang='lat' dir='ltr'>oculis</span> <span class='ocrx_word' id='word_1_230' title='bbox 1019 2540 1129 2605; x_wconf 90' lang='lat' dir='ltr'>divine</span> <span class='ocrx_word' id='word_1_231' title='bbox 1152 2540 1335 2604; x_wconf 89' lang='lat' dir='ltr'>maiestatis</span> <span class='ocrx_word' id='word_1_232' title='bbox 1359 2539 1585 2625; x_wconf 88' lang='lat' dir='ltr'>complaceant</span> <span class='ocrx_word' id='word_1_233' title='bbox 1607 2547 1642 2605; x_wconf 87' lang='lat' dir='ltr'>at</span> <span class='ocrx_word' id='word_1_234' title='bbox 1664 2541 1825 2626; x_wconf 90' lang='lat' dir='ltr'>premium</span> <span class='ocrx_word' id='word_1_235' title='bbox 1847 2542 1913 2606; x_wconf 78' lang='lat' dir='ltr'>vite</span> <span class='ocrx_word' id='word_1_236' title='bbox 1937 2544 2021 2608; x_wconf 90' lang='lat' dir='ltr'>reci·</span> <span class='ocrx_word' id='word_1_237' title='bbox 2076 2573 2081 2590; x_wconf 85' lang='lat'>·</span> 
     </span>
     <span class='ocr_line' id='line_1_22' title="bbox 371 2643 2025 2733; baseline -0.001 -21"><span class='ocrx_word' id='word_1_238' title='bbox 371 2667 450 2733; x_wconf 90' lang='lat' dir='ltr'>pere</span> <span class='ocrx_word' id='word_1_239' title='bbox 473 2655 661 2714; x_wconf 89' lang='lat' dir='ltr'>mereantur</span> <span class='ocrx_word' id='word_1_240' title='bbox 683 2647 725 2711; x_wconf 91' lang='lat' dir='ltr'>ab</span> <span class='ocrx_word' id='word_1_241' title='bbox 750 2668 789 2712; x_wconf 90' lang='lat' dir='ltr'>eo</span> <span class='ocrx_word' id='word_1_242' title='bbox 812 2647 846 2710; x_wconf 96' lang='lat' dir='ltr'>in</span> <span class='ocrx_word' id='word_1_243' title='bbox 867 2646 1084 2711; x_wconf 89' lang='lat' dir='ltr'>retributione</span> <span class='ocrx_word' id='word_1_244' title='bbox 1107 2645 1276 2709; x_wconf 88' lang='lat' dir='ltr'>iustorum.</span> <span class='ocrx_word' id='word_1_245' title='bbox 1322 2643 1373 2708; x_wconf 81' lang='lat' dir='ltr'>Tu</span> <span class='ocrx_word' id='word_1_246' title='bbox 1396 2664 1486 2728; x_wconf 88' lang='lat' dir='ltr'>ergo,</span> <span class='ocrx_word' id='word_1_247' title='bbox 1509 2643 1555 2709; x_wconf 87' lang='lat' dir='ltr'>fili</span> <span class='ocrx_word' id='word_1_248' title='bbox 1571 2645 1757 2725; x_wconf 88' lang='lat' dir='ltr'>karissime,</span> <span class='ocrx_word' id='word_1_249' title='bbox 1779 2644 1820 2709; x_wconf 91' lang='lat' dir='ltr'>ad</span> <span class='ocrx_word' id='word_1_250' title='bbox 1843 2646 1945 2727; x_wconf 90' lang='lat' dir='ltr'>illum,</span> <span class='ocrx_word' id='word_1_251' title='bbox 1970 2648 2025 2733; x_wconf 93' lang='lat' dir='ltr'>qui</span> 
     </span>
     <span class='ocr_line' id='line_1_23' title="bbox 371 2747 2024 2836; baseline 0.001 -23"><span class='ocrx_word' id='word_1_252' title='bbox 371 2748 558 2816; x_wconf 90' lang='lat' dir='ltr'>dominatur</span> <span class='ocrx_word' id='word_1_253' title='bbox 585 2751 619 2815; x_wconf 91' lang='lat' dir='ltr'>in</span> <span class='ocrx_word' id='word_1_254' title='bbox 653 2770 756 2836; x_wconf 90' lang='lat' dir='ltr'>regno</span> <span class='ocrx_word' id='word_1_255' title='bbox 790 2748 973 2830; x_wconf 88' lang='lat' dir='ltr'>hominnm,</span> <span class='ocrx_word' id='word_1_256' title='bbox 1008 2749 1063 2834; x_wconf 90' lang='lat' dir='ltr'>qui</span> <span class='ocrx_word' id='word_1_257' title='bbox 1097 2754 1130 2813; x_wconf 89' lang='lat' dir='ltr'>te</span> <span class='ocrx_word' id='word_1_258' title='bbox 1160 2767 1220 2811; x_wconf 91' lang='lat' dir='ltr'>sua</span> <span class='ocrx_word' id='word_1_259' title='bbox 1252 2747 1358 2831; x_wconf 91' lang='lat' dir='ltr'>gratia</span> <span class='ocrx_word' id='word_1_260' title='bbox 1385 2747 1588 2829; x_wconf 88' lang='lat' dir='ltr'>sublimavit,</span> <span class='ocrx_word' id='word_1_261' title='bbox 1618 2747 1764 2814; x_wconf 91' lang='lat' dir='ltr'>debitum</span> <span class='ocrx_word' id='word_1_262' title='bbox 1794 2749 1919 2814; x_wconf 89' lang='lat' dir='ltr'>habens</span> <span class='ocrx_word' id='word_1_263' title='bbox 1951 2772 2024 2815; x_wconf 91' lang='lat' dir='ltr'>cum</span> 
     </span>
     <span class='ocr_line' id='line_1_24' title="bbox 373 2850 2024 2940; baseline 0.001 -23"><span class='ocrx_word' id='word_1_264' title='bbox 373 2851 545 2919; x_wconf 82' lang='lat' dir='ltr'>devotione</span> <span class='ocrx_word' id='word_1_265' title='bbox 569 2859 771 2940; x_wconf 89' lang='lat' dir='ltr'>respectum,</span> <span class='ocrx_word' id='word_1_266' title='bbox 796 2853 842 2917; x_wconf 91' lang='lat' dir='ltr'>sio</span> <span class='ocrx_word' id='word_1_267' title='bbox 864 2851 1018 2939; x_wconf 93' lang='lat' dir='ltr'>precibus</span> <span class='ocrx_word' id='word_1_268' title='bbox 1043 2858 1077 2916; x_wconf 90' lang='lat' dir='ltr'>et</span> <span class='ocrx_word' id='word_1_269' title='bbox 1099 2851 1231 2915; x_wconf 92' lang='lat' dir='ltr'>monitis</span> <span class='ocrx_word' id='word_1_270' title='bbox 1253 2851 1375 2915; x_wconf 91' lang='lat' dir='ltr'>nostris</span> <span class='ocrx_word' id='word_1_271' title='bbox 1398 2850 1604 2938; x_wconf 89' lang='lat' dir='ltr'>obtempera,</span> <span class='ocrx_word' id='word_1_272' title='bbox 1628 2850 1714 2937; x_wconf 92' lang='lat' dir='ltr'>quod</span> <span class='ocrx_word' id='word_1_273' title='bbox 1736 2874 1941 2939; x_wconf 90' lang='lat' dir='ltr'>nequaquam</span> <span class='ocrx_word' id='word_1_274' title='bbox 1964 2876 2024 2921; x_wconf 93' lang='lat' dir='ltr'>nos</span> 
     </span>
     <span class='ocr_line' id='line_1_25' title="bbox 373 2953 2024 3044; baseline 0.001 -24"><span class='ocrx_word' id='word_1_275' title='bbox 373 2961 406 3020; x_wconf 91' lang='lat' dir='ltr'>et</span> <span class='ocrx_word' id='word_1_276' title='bbox 429 2963 462 3021; x_wconf 91' lang='lat' dir='ltr'>te</span> <span class='ocrx_word' id='word_1_277' title='bbox 485 2957 593 3042; x_wconf 89' lang='lat' dir='ltr'>ipsum</span> <span class='ocrx_word' id='word_1_278' title='bbox 616 2957 649 3020; x_wconf 90' lang='lat' dir='ltr'>in</span> <span class='ocrx_word' id='word_1_279' title='bbox 672 2957 761 3021; x_wconf 93' lang='lat' dir='ltr'>illam</span> <span class='ocrx_word' id='word_1_280' title='bbox 784 2957 1018 3022; x_wconf 88' lang='lat' dir='ltr'>necessitatem</span> <span class='ocrx_word' id='word_1_281' title='bbox 1042 2955 1196 3036; x_wconf 88' lang='lat' dir='ltr'>inducas,</span> <span class='ocrx_word' id='word_1_282' title='bbox 1229 2953 1269 3020; x_wconf 91' lang='lat' dir='ltr'>de</span> <span class='ocrx_word' id='word_1_283' title='bbox 1294 2975 1357 3041; x_wconf 91' lang='lat' dir='ltr'>qua</span> <span class='ocrx_word' id='word_1_284' title='bbox 1379 2954 1489 3020; x_wconf 83' lang='lat' dir='ltr'>forsan</span> <span class='ocrx_word' id='word_1_285' title='bbox 1512 2963 1545 3020; x_wconf 90' lang='lat' dir='ltr'>te</span> <span class='ocrx_word' id='word_1_286' title='bbox 1568 2955 1609 3020; x_wconf 90' lang='lat' dir='ltr'>de</span> <span class='ocrx_word' id='word_1_287' title='bbox 1633 2956 1724 3021; x_wconf 83' lang='lat' dir='ltr'>sacili</span> <span class='ocrx_word' id='word_1_288' title='bbox 1747 2977 1812 3022; x_wconf 91' lang='lat' dir='ltr'>non</span> <span class='ocrx_word' id='word_1_289' title='bbox 1834 2959 2024 3044; x_wconf 84' lang='lat' dir='ltr'>poterimus,</span> 
     </span>
     <span class='ocr_line' id='line_1_26' title="bbox 372 3058 929 3147; baseline 0.005 -26"><span class='ocrx_word' id='word_1_290' title='bbox 372 3058 501 3123; x_wconf 88' lang='lat' dir='ltr'>etiamsi</span> <span class='ocrx_word' id='word_1_291' title='bbox 524 3059 735 3142; x_wconf 88' lang='lat' dir='ltr'>voluerimus,</span> <span class='ocrx_word' id='word_1_292' title='bbox 760 3059 929 3147; x_wconf 84' lang='lat' dir='ltr'>expedire.</span> 
     </span>
    </p>
   </div>
   <div class='ocr_carea' id='block_1_3' title="bbox 481 3178 1688 3268">
    <p class='ocr_par' dir='ltr' id='par_1_3' title="bbox 481 3178 1688 3268">
     <span class='ocr_line' id='line_1_27' title="bbox 481 3178 1688 3268; baseline 0.001 -25"><span class='ocrx_word' id='word_1_293' title='bbox 481 3178 568 3244; x_wconf 90' lang='lat' dir='ltr'>Data</span> <span class='ocrx_word' id='word_1_294' title='bbox 591 3180 775 3263; x_wconf 85' lang='lat' dir='ltr'>Lateranis,</span> <span class='ocrx_word' id='word_1_295' title='bbox 798 3181 830 3245; x_wconf 90' lang='lat' dir='ltr'>X</span> <span class='ocrx_word' id='word_1_296' title='bbox 851 3179 927 3245; x_wconf 88' lang='lat' dir='ltr'>Kal.</span> <span class='ocrx_word' id='word_1_297' title='bbox 951 3179 1086 3268; x_wconf 89' lang='lat' dir='ltr'>Aprilis,</span> <span class='ocrx_word' id='word_1_298' title='bbox 1109 3179 1318 3267; x_wconf 87' lang='lat' dir='ltr'>pontificatus</span> <span class='ocrx_word' id='word_1_299' title='bbox 1340 3181 1443 3245; x_wconf 87' lang='lat' dir='ltr'>nostri</span> <span class='ocrx_word' id='word_1_300' title='bbox 1464 3201 1549 3244; x_wconf 92' lang='lat' dir='ltr'>anno</span> <span class='ocrx_word' id='word_1_301' title='bbox 1572 3180 1688 3266; x_wconf 91' lang='lat' dir='ltr'>primo.</span> 
     </span>
    </p>
   </div>
   <div class='ocr_carea' id='block_1_4' title="bbox 1160 3767 1247 3840">
    <p class='ocr_par' dir='ltr' id='par_1_4' title="bbox 1160 3767 1247 3840">
     <span class='ocr_line' id='line_1_28' title="bbox 1160 3767 1247 3840; baseline 0.023 -2"><span class='ocrx_word' id='word_1_302' title='bbox 1160 3767 1247 3840; x_wconf 78' lang='lat'><strong>344.</strong></span> 
     </span>
    </p>
   </div>
   <div class='ocr_carea' id='block_1_5' title="bbox 371 3876 2027 4195">
    <p class='ocr_par' dir='ltr' id='par_1_5' title="bbox 371 3876 2027 4195">
     <span class='ocr_line' id='line_1_29' title="bbox 484 3876 2027 3994; baseline -0.001 -20"><span class='ocrx_word' id='word_1_303' title='bbox 484 3876 650 3974; x_wconf 72' lang='lat' dir='ltr'>Rariores</span> <span class='ocrx_word' id='word_1_304' title='bbox 675 3907 829 3971; x_wconf 86' lang='lat' dir='ltr'>societatis</span> <span class='ocrx_word' id='word_1_305' title='bbox 851 3905 1058 3972; x_wconf 78' lang='lat' dir='ltr'>Lombardiac</span> <span class='ocrx_word' id='word_1_306' title='bbox 1082 3906 1226 3972; x_wconf 78' lang='lat' dir='ltr'>Honorio</span> <span class='ocrx_word' id='word_1_307' title='bbox 1247 3908 1313 3973; x_wconf 87' lang='grc' dir='ltr'>ΙΙΙ</span> <span class='ocrx_word' id='word_1_308' title='bbox 1333 3928 1440 3992; x_wconf 85' lang='lat' dir='ltr'>papae</span> <span class='ocrx_word' id='word_1_309' title='bbox 1464 3907 1603 3994; x_wconf 77' lang='lat' dir='ltr'>saetam</span> <span class='ocrx_word' id='word_1_310' title='bbox 1632 3909 1861 3990; x_wconf 65' lang='lat' dir='ltr'>corrpcsitioeia</span> <span class='ocrx_word' id='word_1_311' title='bbox 1885 3913 1914 3973; x_wconf 89' lang='lat' dir='ltr'>ct</span> <span class='ocrx_word' id='word_1_312' title='bbox 1936 3908 2027 3990; x_wconf 84' lang='lat' dir='ltr'>pacis</span> 
     </span>
     <span class='ocr_line' id='line_1_30' title="bbox 372 4008 2027 4090; baseline 0.001 -16"><span class='ocrx_word' id='word_1_313' title='bbox 372 4029 441 4075; x_wconf 86' lang='lat' dir='ltr'>cere</span> <span class='ocrx_word' id='word_1_314' title='bbox 462 4008 629 4074; x_wconf 81' lang='lat' dir='ltr'>Fridcrica</span> <span class='ocrx_word' id='word_1_315' title='bbox 650 4009 866 4074; x_wconf 68' lang='lat' dir='ltr'>amaneum</span> <span class='ocrx_word' id='word_1_316' title='bbox 892 4010 1078 4090; x_wconf 84' lang='lat' dir='ltr'>imperatore</span> <span class='ocrx_word' id='word_1_317' title='bbox 1100 4010 1199 4074; x_wconf 84' lang='lat' dir='ltr'>ieitae</span> <span class='ocrx_word' id='word_1_318' title='bbox 1222 4012 1442 4076; x_wconf 79' lang='lat' dir='ltr'>transmitteret</span> <span class='ocrx_word' id='word_1_319' title='bbox 1452 4011 1472 4074; x_wconf 84' lang='lat'>¹.</span> <span class='ocrx_word' id='word_1_320' title='bbox 1497 4049 1538 4060; x_wconf 91' lang='lat'><em>—</em></span> <span class='ocrx_word' id='word_1_321' title='bbox 1561 4010 1605 4074; x_wconf 83' lang='lat' dir='ltr'>le</span> <span class='ocrx_word' id='word_1_322' title='bbox 1627 4010 1758 4076; x_wconf 68' lang='lat' dir='ltr'>wedam</span> <span class='ocrx_word' id='word_1_323' title='bbox 1779 4011 1902 4076; x_wconf 84' lang='lat' dir='ltr'>modum</span> <span class='ocrx_word' id='word_1_324' title='bbox 1923 4014 1963 4078; x_wconf 87' lang='lat' dir='ltr'>eb</span> <span class='ocrx_word' id='word_1_325' title='bbox 1984 4013 2027 4077; x_wconf 84' lang='lat' dir='ltr'>iis</span> 
     </span>
     <span class='ocr_line' id='line_1_31' title="bbox 371 4111 1938 4195; baseline 0.004 -19"><span class='ocrx_word' id='word_1_326' title='bbox 371 4113 522 4194; x_wconf 86' lang='lat' dir='ltr'>scriptam</span> <span class='ocrx_word' id='word_1_327' title='bbox 543 4114 589 4176; x_wconf 86' lang='lat' dir='ltr'>cst</span> <span class='ocrx_word' id='word_1_328' title='bbox 609 4111 801 4192; x_wconf 83' lang='lat' dir='ltr'>imperatori.</span> <span class='ocrx_word' id='word_1_329' title='bbox 1459 4153 1460 4158; x_wconf 22' lang='grc' dir='ltr'><strong>κ</strong></span> <span class='ocrx_word' id='word_1_330' title='bbox 1646 4116 1739 4195; x_wconf 79' lang='lat'>1227,</span> <span class='ocrx_word' id='word_1_331' title='bbox 1762 4114 1864 4183; x_wconf 86' lang='lat' dir='ltr'>Mart.</span> <span class='ocrx_word' id='word_1_332' title='bbox 1886 4117 1938 4182; x_wconf 85' lang='lat'>26.</span> 
     </span>
    </p>
   </div>
   <div class='ocr_carea' id='block_1_6' title="bbox 477 4245 952 4404">
    <p class='ocr_par' dir='ltr' id='par_1_6' title="bbox 477 4245 952 4404">
     <span class='ocr_line' id='line_1_32' title="bbox 477 4245 883 4317; baseline 0.005 -16"><span class='ocrx_word' id='word_1_333' title='bbox 477 4245 560 4317; x_wconf 58' lang='grc' dir='ltr'>(ἔτερ.</span> <span class='ocrx_word' id='word_1_334' title='bbox 578 4246 629 4301; x_wconf 84' lang='lat' dir='ltr'>IX</span> <span class='ocrx_word' id='word_1_335' title='bbox 644 4245 713 4315; x_wconf 73' lang='lat' dir='ltr'>nee.</span> <span class='ocrx_word' id='word_1_336' title='bbox 737 4247 794 4302; x_wconf 86' lang='lat' dir='ltr'>Vei.</span> <span class='ocrx_word' id='word_1_337' title='bbox 812 4248 839 4315; x_wconf 91' lang='grc' dir='ltr'>Ι,</span> <span class='ocrx_word' id='word_1_338' title='bbox 857 4251 883 4303; x_wconf 89' lang='grc'>3.</span> 
     </span>
     <span class='ocr_line' id='line_1_33' title="bbox 479 4332 952 4404; baseline 0.008 -18"><span class='ocrx_word' id='word_1_339' title='bbox 479 4332 536 4388; x_wconf 83' lang='lat' dir='ltr'>Ed.</span> <span class='ocrx_word' id='word_1_340' title='bbox 558 4332 648 4398; x_wconf 83' lang='lat' dir='ltr'>Perta,</span> <span class='ocrx_word' id='word_1_341' title='bbox 667 4333 725 4388; x_wconf 63' lang='grc' dir='ltr'>Ιώ.</span> <span class='ocrx_word' id='word_1_342' title='bbox 744 4339 763 4389; x_wconf 91' lang='lat' dir='ltr'>t.</span> <span class='ocrx_word' id='word_1_343' title='bbox 780 4333 825 4398; x_wconf 92' lang='grc' dir='ltr'>ΙΙ,</span> <span class='ocrx_word' id='word_1_344' title='bbox 840 4351 870 4404; x_wconf 86' lang='lat' dir='ltr'>p.</span> <span class='ocrx_word' id='word_1_345' title='bbox 888 4339 952 4390; x_wconf 84' lang='lat'><em>259.</em></span> 
     </span>
    </p>
   </div>
   <div class='ocr_carea' id='block_1_7' title="bbox 485 4509 832 4517">
    <p class='ocr_par' dir='ltr' id='par_1_7' title="bbox 485 4509 832 4517">
     <span class='ocr_line' id='line_1_34' title="bbox 485 4509 832 4517; baseline 0.006 -2"><span class='ocrx_word' id='word_1_346' title='bbox 485 4509 832 4517; x_wconf 46' lang='lat' dir='ltr'>w———n-m</span> 
     </span>
    </p>
   </div>
   <div class='ocr_carea' id='block_1_8' title="bbox 371 4642 2102 5586">
    <p class='ocr_par' dir='ltr' id='par_1_8' title="bbox 371 4642 2102 5586">
     <span class='ocr_line' id='line_1_35' title="bbox 477 4642 2028 4721; baseline 0.007 -26"><span class='ocrx_word' id='word_1_347' title='bbox 477 4642 503 4709; x_wconf 92' lang='lat' dir='ltr'>l)</span> <span class='ocrx_word' id='word_1_348' title='bbox 522 4642 602 4696; x_wconf 88' lang='lat' dir='ltr'>Haec</span> <span class='ocrx_word' id='word_1_349' title='bbox 622 4642 715 4711; x_wconf 71' lang='lat' dir='ltr'>forma</span> <span class='ocrx_word' id='word_1_350' title='bbox 740 4659 796 4698; x_wconf 88' lang='lat' dir='ltr'>ece</span> <span class='ocrx_word' id='word_1_351' title='bbox 818 4645 932 4700; x_wconf 84' lang='lat' dir='ltr'>multem</span> <span class='ocrx_word' id='word_1_352' title='bbox 952 4645 988 4702; x_wconf 86' lang='lat' dir='ltr'>ab</span> <span class='ocrx_word' id='word_1_353' title='bbox 1015 4665 1049 4702; x_wconf 89' lang='lat' dir='ltr'>ea</span> <span class='ocrx_word' id='word_1_354' title='bbox 1072 4647 1177 4718; x_wconf 82' lang='lat' dir='ltr'>differt,</span> <span class='ocrx_word' id='word_1_355' title='bbox 1206 4665 1288 4718; x_wconf 82' lang='lat' dir='ltr'>quare</span> <span class='ocrx_word' id='word_1_356' title='bbox 1307 4665 1388 4719; x_wconf 88' lang='lat' dir='ltr'>papa</span> <span class='ocrx_word' id='word_1_357' title='bbox 1410 4649 1474 4703; x_wconf 91' lang='lat' dir='ltr'>Iae.</span> <span class='ocrx_word' id='word_1_358' title='bbox 1495 4655 1512 4705; x_wconf 84' lang='lat'><em>5</em></span> <span class='ocrx_word' id='word_1_359' title='bbox 1533 4651 1572 4706; x_wconf 86' lang='lat' dir='ltr'>iis</span> <span class='ocrx_word' id='word_1_360' title='bbox 1594 4652 1747 4707; x_wconf 76' lang='lat' dir='ltr'>transmisit</span> <span class='ocrx_word' id='word_1_361' title='bbox 1771 4652 1811 4719; x_wconf 88' lang='lat' dir='ltr'>[e.</span> <span class='ocrx_word' id='word_1_362' title='bbox 1831 4654 1910 4721; x_wconf 81' lang='lat'><em>328].</em></span> <span class='ocrx_word' id='word_1_363' title='bbox 1931 4682 1962 4692; x_wconf 89' lang='lat'><em>-</em></span> <span class='ocrx_word' id='word_1_364' title='bbox 1993 4650 2028 4706; x_wconf 85' lang='lat' dir='ltr'>Ut</span> 
     </span>
     <span class='ocr_line' id='line_1_36' title="bbox 373 4726 2026 4807; baseline 0.005 -25"><span class='ocrx_word' id='word_1_365' title='bbox 373 4726 671 4793; x_wconf 71' lang='lat' dir='ltr'>Beturri-Baibeltca,</span> <span class='ocrx_word' id='word_1_366' title='bbox 697 4729 770 4784; x_wconf 86' lang='lat' dir='ltr'>Hist.</span> <span class='ocrx_word' id='word_1_367' title='bbox 788 4730 855 4800; x_wconf 84' lang='lat' dir='ltr'>dipl.</span> <span class='ocrx_word' id='word_1_368' title='bbox 874 4731 955 4787; x_wconf 84' lang='lat' dir='ltr'>Frid.</span> <span class='ocrx_word' id='word_1_369' title='bbox 974 4734 1018 4797; x_wconf 92' lang='grc' dir='ltr'>ΙΙ,</span> <span class='ocrx_word' id='word_1_370' title='bbox 1044 4740 1062 4788; x_wconf 91' lang='lat' dir='ltr'>t.</span> <span class='ocrx_word' id='word_1_371' title='bbox 1081 4735 1143 4801; x_wconf 90' lang='grc' dir='ltr'><strong><em>ΙΙΙ,</em></strong></span> <span class='ocrx_word' id='word_1_372' title='bbox 1158 4753 1188 4804; x_wconf 88' lang='lat' dir='ltr'>p.</span> <span class='ocrx_word' id='word_1_373' title='bbox 1209 4741 1233 4798; x_wconf 82' lang='lat'>5,</span> <span class='ocrx_word' id='word_1_374' title='bbox 1251 4740 1306 4789; x_wconf 87' lang='lat' dir='ltr'>eet.</span> <span class='ocrx_word' id='word_1_375' title='bbox 1325 4741 1340 4789; x_wconf 91' lang='lat'><em>1</em></span> <span class='ocrx_word' id='word_1_376' title='bbox 1357 4738 1452 4803; x_wconf 83' lang='lat' dir='ltr'>maaet,</span> <span class='ocrx_word' id='word_1_377' title='bbox 1470 4737 1609 4805; x_wconf 85' lang='lat' dir='ltr'>reperitur</span> <span class='ocrx_word' id='word_1_378' title='bbox 1626 4737 1656 4792; x_wconf 88' lang='lat' dir='ltr'>ie</span> <span class='ocrx_word' id='word_1_379' title='bbox 1674 4738 1829 4793; x_wconf 76' lang='lat' dir='ltr'>aedectieee</span> <span class='ocrx_word' id='word_1_380' title='bbox 1846 4738 1970 4807; x_wconf 87' lang='lat' dir='ltr'>Laporte</span> <span class='ocrx_word' id='word_1_381' title='bbox 1988 4737 2026 4790; x_wconf 85' lang='lat' dir='ltr'>de</span> 
     </span>
     <span class='ocr_line' id='line_1_37' title="bbox 374 4813 2026 4894; baseline 0.007 -27"><span class='ocrx_word' id='word_1_382' title='bbox 374 4813 452 4868; x_wconf 66' lang='lat' dir='ltr'>uerit</span> <span class='ocrx_word' id='word_1_383' title='bbox 472 4814 522 4869; x_wconf 85' lang='lat' dir='ltr'>seb</span> <span class='ocrx_word' id='word_1_384' title='bbox 545 4820 646 4869; x_wconf 78' lang='lat' dir='ltr'>e.125</span> <span class='ocrx_word' id='word_1_385' title='bbox 667 4817 747 4870; x_wconf 78' lang='lat' dir='ltr'>alieri</span> <span class='ocrx_word' id='word_1_386' title='bbox 768 4818 887 4872; x_wconf 59' lang='lat' dir='ltr'>meamea</span> <span class='ocrx_word' id='word_1_387' title='bbox 904 4819 1011 4888; x_wconf 66' lang='lat' dir='ltr'>forma</span> <span class='ocrx_word' id='word_1_388' title='bbox 1029 4822 1176 4890; x_wconf 76' lang='lat' dir='ltr'>excerptor,</span> <span class='ocrx_word' id='word_1_389' title='bbox 1199 4822 1231 4875; x_wconf 84' lang='lat' dir='ltr'>ie</span> <span class='ocrx_word' id='word_1_390' title='bbox 1251 4837 1305 4891; x_wconf 84' lang='lat' dir='ltr'>qao</span> <span class='ocrx_word' id='word_1_391' title='bbox 1323 4821 1434 4876; x_wconf 80' lang='lat' dir='ltr'>nomina</span> <span class='ocrx_word' id='word_1_392' title='bbox 1456 4829 1592 4878; x_wconf 79' lang='lat' dir='ltr'>rectarum</span> <span class='ocrx_word' id='word_1_393' title='bbox 1615 4825 1714 4880; x_wconf 74' lang='lat' dir='ltr'>desem</span> <span class='ocrx_word' id='word_1_394' title='bbox 1736 4832 1761 4880; x_wconf 90' lang='lat' dir='ltr'>et</span> <span class='ocrx_word' id='word_1_395' title='bbox 1783 4827 1813 4878; x_wconf 88' lang='lat' dir='ltr'>ie</span> <span class='ocrx_word' id='word_1_396' title='bbox 1830 4825 1891 4894; x_wconf 82' lang='lat' dir='ltr'>fiee</span> <span class='ocrx_word' id='word_1_397' title='bbox 1914 4824 2026 4894; x_wconf 80' lang='lat' dir='ltr'>lepitar:</span> 
     </span>
     <span class='ocr_line' id='line_1_38' title="bbox 371 4901 2101 4982; baseline 0.008 -28"><span class='ocrx_word' id='word_1_398' title='bbox 371 4901 444 4954; x_wconf 80' lang='lat' dir='ltr'>Acta</span> <span class='ocrx_word' id='word_1_399' title='bbox 461 4903 527 4954; x_wconf 90' lang='lat' dir='ltr'>sunt</span> <span class='ocrx_word' id='word_1_400' title='bbox 551 4901 602 4956; x_wconf 91' lang='lat' dir='ltr'>hec</span> <span class='ocrx_word' id='word_1_401' title='bbox 625 4918 699 4956; x_wconf 88' lang='lat' dir='ltr'>anno</span> <span class='ocrx_word' id='word_1_402' title='bbox 722 4921 740 4957; x_wconf 86' lang='lat' dir='ltr'>a</span> <span class='ocrx_word' id='word_1_403' title='bbox 757 4903 908 4958; x_wconf 87' lang='lat' dir='ltr'>nativitate</span> <span class='ocrx_word' id='word_1_404' title='bbox 926 4905 1038 4959; x_wconf 89' lang='lat' dir='ltr'>Domini</span> <span class='ocrx_word' id='word_1_405' title='bbox 1063 4910 1110 4961; x_wconf 84' lang='lat' dir='ltr'>etc.</span> <span class='ocrx_word' id='word_1_406' title='bbox 1128 4907 1174 4962; x_wconf 89' lang='lat' dir='ltr'>die</span> <span class='ocrx_word' id='word_1_407' title='bbox 1192 4908 1258 4962; x_wconf 92' lang='lat' dir='ltr'>lune</span> <span class='ocrx_word' id='word_1_408' title='bbox 1280 4924 1374 4962; x_wconf 86' lang='lat' dir='ltr'>manse</span> <span class='ocrx_word' id='word_1_409' title='bbox 1396 4913 1514 4964; x_wconf 84' lang='lat' dir='ltr'>exeunte</span> <span class='ocrx_word' id='word_1_410' title='bbox 1532 4909 1635 4964; x_wconf 88' lang='lat' dir='ltr'>Martio</span> <span class='ocrx_word' id='word_1_411' title='bbox 1658 4911 1760 4978; x_wconf 84' lang='lat' dir='ltr'>[Mart.</span> <span class='ocrx_word' id='word_1_412' title='bbox 1778 4915 1837 4982; x_wconf 86' lang='lat'><em>29]‚</em></span> <span class='ocrx_word' id='word_1_413' title='bbox 1859 4912 1889 4965; x_wconf 90' lang='lat' dir='ltr'>in</span> <span class='ocrx_word' id='word_1_414' title='bbox 1908 4911 2023 4967; x_wconf 83' lang='lat' dir='ltr'>civitate</span> <span class='ocrx_word' id='word_1_415' title='bbox 2076 4924 2101 4962; x_wconf 78' lang='lat'>³⁵</span> 
     </span>
     <span class='ocr_line' id='line_1_39' title="bbox 372 4985 2026 5067; baseline 0.008 -28"><span class='ocrx_word' id='word_1_416' title='bbox 372 4985 473 5056; x_wconf 83' lang='lat' dir='ltr'>Brixia,</span> <span class='ocrx_word' id='word_1_417' title='bbox 491 4991 520 5040; x_wconf 90' lang='lat' dir='ltr'>in</span> <span class='ocrx_word' id='word_1_418' title='bbox 538 4986 660 5055; x_wconf 88' lang='lat' dir='ltr'>quadam</span> <span class='ocrx_word' id='word_1_419' title='bbox 679 4989 820 5044; x_wconf 88' lang='lat' dir='ltr'>caminata</span> <span class='ocrx_word' id='word_1_420' title='bbox 838 4989 944 5044; x_wconf 89' lang='lat' dir='ltr'>domini</span> <span class='ocrx_word' id='word_1_421' title='bbox 963 4992 1087 5062; x_wconf 89' lang='lat' dir='ltr'>episcopi</span> <span class='ocrx_word' id='word_1_422' title='bbox 1105 4993 1264 5063; x_wconf 72' lang='lat' dir='ltr'>Brixianam,</span> <span class='ocrx_word' id='word_1_423' title='bbox 1284 4994 1459 5064; x_wconf 86' lang='lat' dir='ltr'>presentibus</span> <span class='ocrx_word' id='word_1_424' title='bbox 1477 4995 1590 5050; x_wconf 89' lang='lat' dir='ltr'>domino</span> <span class='ocrx_word' id='word_1_425' title='bbox 1608 4999 1705 5067; x_wconf 88' lang='lat' dir='ltr'>Agone</span> <span class='ocrx_word' id='word_1_426' title='bbox 1723 4998 1758 5052; x_wconf 88' lang='lat' dir='ltr'>de</span> <span class='ocrx_word' id='word_1_427' title='bbox 1776 4998 1917 5052; x_wconf 85' lang='lat' dir='ltr'>Turbiado</span> <span class='ocrx_word' id='word_1_428' title='bbox 1936 4998 2026 5052; x_wconf 90' lang='lat' dir='ltr'>archi-</span> 
     </span>
     <span class='ocr_line' id='line_1_40' title="bbox 372 5071 2027 5154; baseline 0.01 -29"><span class='ocrx_word' id='word_1_429' title='bbox 372 5071 497 5136; x_wconf 85' lang='lat' dir='ltr'>diacono,</span> <span class='ocrx_word' id='word_1_430' title='bbox 515 5072 628 5128; x_wconf 87' lang='lat' dir='ltr'>domino</span> <span class='ocrx_word' id='word_1_431' title='bbox 646 5073 802 5131; x_wconf 75' lang='lat' dir='ltr'>band-aneo</span> <span class='ocrx_word' id='word_1_432' title='bbox 820 5076 1060 5146; x_wconf 84' lang='lat' dir='ltr'>archipresbytero</span> <span class='ocrx_word' id='word_1_433' title='bbox 1079 5079 1183 5134; x_wconf 86' lang='lat' dir='ltr'>maiore</span> <span class='ocrx_word' id='word_1_434' title='bbox 1201 5081 1333 5136; x_wconf 73' lang='lat' dir='ltr'>aemoniae</span> <span class='ocrx_word' id='word_1_435' title='bbox 1352 5082 1422 5151; x_wconf 87' lang='lat' dir='ltr'>[sic]</span> <span class='ocrx_word' id='word_1_436' title='bbox 1440 5082 1542 5148; x_wconf 83' lang='lat' dir='ltr'>Brixis,</span> <span class='ocrx_word' id='word_1_437' title='bbox 1561 5083 1695 5154; x_wconf 88' lang='lat' dir='ltr'>magistro</span> <span class='ocrx_word' id='word_1_438' title='bbox 1713 5085 1829 5140; x_wconf 87' lang='lat' dir='ltr'>Alberto</span> <span class='ocrx_word' id='word_1_439' title='bbox 1847 5085 1881 5140; x_wconf 90' lang='lat' dir='ltr'>de</span> <span class='ocrx_word' id='word_1_440' title='bbox 1899 5085 2027 5141; x_wconf 89' lang='lat' dir='ltr'>Bomado</span> 
     </span>
     <span class='ocr_line' id='line_1_41' title="bbox 372 5159 2026 5241; baseline 0.008 -28"><span class='ocrx_word' id='word_1_441' title='bbox 372 5159 506 5214; x_wconf 83' lang='lat' dir='ltr'>canonico</span> <span class='ocrx_word' id='word_1_442' title='bbox 524 5159 673 5226; x_wconf 86' lang='lat' dir='ltr'>Brixiensi,</span> <span class='ocrx_word' id='word_1_443' title='bbox 696 5163 781 5216; x_wconf 86' lang='lat' dir='ltr'>fratre</span> <span class='ocrx_word' id='word_1_444' title='bbox 798 5163 911 5231; x_wconf 88' lang='lat' dir='ltr'>Iacobo,</span> <span class='ocrx_word' id='word_1_445' title='bbox 938 5165 1023 5219; x_wconf 89' lang='lat' dir='ltr'>fratre</span> <span class='ocrx_word' id='word_1_446' title='bbox 1041 5166 1162 5236; x_wconf 85' lang='lat' dir='ltr'>Rogerio</span> <span class='ocrx_word' id='word_1_447' title='bbox 1180 5167 1214 5222; x_wconf 90' lang='lat' dir='ltr'>de</span> <span class='ocrx_word' id='word_1_448' title='bbox 1233 5167 1329 5222; x_wconf 88' lang='lat' dir='ltr'>ordine</span> <span class='ocrx_word' id='word_1_449' title='bbox 1347 5169 1461 5224; x_wconf 80' lang='lat' dir='ltr'>fratrum</span> <span class='ocrx_word' id='word_1_450' title='bbox 1480 5169 1698 5241; x_wconf 88' lang='lat' dir='ltr'>Predicatorum,</span> <span class='ocrx_word' id='word_1_451' title='bbox 1721 5172 1848 5227; x_wconf 83' lang='lat' dir='ltr'>Gnidone</span> <span class='ocrx_word' id='word_1_452' title='bbox 1866 5173 1973 5227; x_wconf 85' lang='lat' dir='ltr'>notario</span> <span class='ocrx_word' id='word_1_453' title='bbox 1993 5172 2026 5226; x_wconf 91' lang='lat' dir='ltr'>de</span> 
     </span>
     <span class='ocr_line' id='line_1_42' title="bbox 372 5245 2026 5328; baseline 0.009 -30"><span class='ocrx_word' id='word_1_454' title='bbox 372 5245 498 5300; x_wconf 81' lang='lat' dir='ltr'>Folliano</span> <span class='ocrx_word' id='word_1_455' title='bbox 517 5249 546 5300; x_wconf 90' lang='lat' dir='ltr'>et</span> <span class='ocrx_word' id='word_1_456' title='bbox 564 5246 680 5302; x_wconf 83' lang='lat' dir='ltr'>Girardo</span> <span class='ocrx_word' id='word_1_457' title='bbox 699 5247 795 5318; x_wconf 86' lang='lat' dir='ltr'>Spalla</span> <span class='ocrx_word' id='word_1_458' title='bbox 813 5250 924 5305; x_wconf 87' lang='lat' dir='ltr'>notario</span> <span class='ocrx_word' id='word_1_459' title='bbox 943 5251 977 5306; x_wconf 92' lang='lat' dir='ltr'>de</span> <span class='ocrx_word' id='word_1_460' title='bbox 996 5252 1141 5307; x_wconf 87' lang='lat' dir='ltr'>Placentia</span> <span class='ocrx_word' id='word_1_461' title='bbox 1159 5256 1188 5307; x_wconf 90' lang='lat' dir='ltr'>et</span> <span class='ocrx_word' id='word_1_462' title='bbox 1205 5254 1269 5308; x_wconf 86' lang='lat' dir='ltr'>aliis</span> <span class='ocrx_word' id='word_1_463' title='bbox 1286 5254 1382 5308; x_wconf 90' lang='lat' dir='ltr'>multis</span> <span class='ocrx_word' id='word_1_464' title='bbox 1401 5254 1518 5309; x_wconf 86' lang='lat' dir='ltr'>testibus</span> <span class='ocrx_word' id='word_1_465' title='bbox 1537 5256 1651 5326; x_wconf 87' lang='lat' dir='ltr'>rogatis.</span> <span class='ocrx_word' id='word_1_466' title='bbox 1664 5287 1697 5296; x_wconf 93' lang='lat'>—</span> <span class='ocrx_word' id='word_1_467' title='bbox 1710 5259 1769 5328; x_wconf 80' lang='lat' dir='ltr'>Ego</span> <span class='ocrx_word' id='word_1_468' title='bbox 1789 5260 1926 5313; x_wconf 87' lang='lat' dir='ltr'>Iohannes</span> <span class='ocrx_word' id='word_1_469' title='bbox 1943 5261 2026 5313; x_wconf 84' lang='lat' dir='ltr'>Sava-</span> 
     </span>
     <span class='ocr_line' id='line_1_43' title="bbox 372 5331 2102 5412; baseline 0.01 -28"><span class='ocrx_word' id='word_1_470' title='bbox 372 5331 455 5386; x_wconf 89' lang='lat' dir='ltr'>lensis</span> <span class='ocrx_word' id='word_1_471' title='bbox 473 5331 544 5386; x_wconf 90' lang='lat' dir='ltr'>sacri</span> <span class='ocrx_word' id='word_1_472' title='bbox 563 5332 663 5402; x_wconf 86' lang='lat' dir='ltr'>palatii</span> <span class='ocrx_word' id='word_1_473' title='bbox 681 5335 807 5390; x_wconf 84' lang='lat' dir='ltr'>notarius</span> <span class='ocrx_word' id='word_1_474' title='bbox 830 5335 885 5390; x_wconf 92' lang='lat' dir='ltr'>hiis</span> <span class='ocrx_word' id='word_1_475' title='bbox 909 5337 1024 5392; x_wconf 82' lang='lat' dir='ltr'>interfui</span> <span class='ocrx_word' id='word_1_476' title='bbox 1047 5342 1076 5393; x_wconf 89' lang='lat' dir='ltr'>et</span> <span class='ocrx_word' id='word_1_477' title='bbox 1100 5343 1214 5410; x_wconf 89' lang='lat' dir='ltr'>rogatus</span> <span class='ocrx_word' id='word_1_478' title='bbox 1237 5341 1290 5396; x_wconf 90' lang='lat' dir='ltr'>hoc</span> <span class='ocrx_word' id='word_1_479' title='bbox 1307 5341 1471 5411; x_wconf 78' lang='lat' dir='ltr'>perpetuari</span> <span class='ocrx_word' id='word_1_480' title='bbox 1493 5346 1522 5396; x_wconf 90' lang='lat' dir='ltr'>et</span> <span class='ocrx_word' id='word_1_481' title='bbox 1540 5342 1645 5412; x_wconf 87' lang='lat' dir='ltr'>scripsi.</span> <span class='ocrx_word' id='word_1_482' title='bbox 1681 5345 1744 5400; x_wconf 86' lang='lat' dir='ltr'>Hac</span> <span class='ocrx_word' id='word_1_483' title='bbox 1761 5363 1809 5400; x_wconf 82' lang='lat' dir='ltr'>aaa</span> <span class='ocrx_word' id='word_1_484' title='bbox 1826 5346 1900 5400; x_wconf 79' lang='lat' dir='ltr'>aliae</span> <span class='ocrx_word' id='word_1_485' title='bbox 1917 5346 2025 5401; x_wconf 81' lang='lat' dir='ltr'>litterae</span> <span class='ocrx_word' id='word_1_486' title='bbox 2075 5353 2102 5391; x_wconf 83' lang='lat'>⁴⁰</span> 
     </span>
     <span class='ocr_line' id='line_1_44' title="bbox 372 5420 2026 5502; baseline 0.008 -29"><span class='ocrx_word' id='word_1_487' title='bbox 372 5437 432 5475; x_wconf 82' lang='lat' dir='ltr'>ease</span> <span class='ocrx_word' id='word_1_488' title='bbox 448 5420 584 5485; x_wconf 52' lang='lat' dir='ltr'>riantur,</span> <span class='ocrx_word' id='word_1_489' title='bbox 603 5438 675 5492; x_wconf 81' lang='lat' dir='ltr'>qaas</span> <span class='ocrx_word' id='word_1_490' title='bbox 695 5421 849 5494; x_wconf 81' lang='lat' dir='ltr'>Greporiea</span> <span class='ocrx_word' id='word_1_491' title='bbox 861 5425 911 5478; x_wconf 88' lang='lat' dir='ltr'>IX</span> <span class='ocrx_word' id='word_1_492' title='bbox 924 5443 1004 5497; x_wconf 90' lang='lat' dir='ltr'>papa</span> <span class='ocrx_word' id='word_1_493' title='bbox 1021 5433 1135 5497; x_wconf 86' lang='lat' dir='ltr'>propter</span> <span class='ocrx_word' id='word_1_494' title='bbox 1151 5429 1346 5485; x_wconf 76' lang='lat' dir='ltr'>aeneadarum</span> <span class='ocrx_word' id='word_1_495' title='bbox 1363 5431 1517 5502; x_wconf 80' lang='lat' dir='ltr'>sipittorem</span> <span class='ocrx_word' id='word_1_496' title='bbox 1536 5431 1670 5500; x_wconf 82' lang='lat' dir='ltr'>desectum</span> <span class='ocrx_word' id='word_1_497' title='bbox 1687 5431 1882 5488; x_wconf 84' lang='lat' dir='ltr'>aLorebardis</span> <span class='ocrx_word' id='word_1_498' title='bbox 1897 5433 2026 5502; x_wconf 80' lang='lat' dir='ltr'>poposcit</span> 
     </span>
     <span class='ocr_line' id='line_1_45' title="bbox 372 5507 2026 5586; baseline 0.007 -26"><span class='ocrx_word' id='word_1_499' title='bbox 372 5507 412 5573; x_wconf 85' lang='lat' dir='ltr'>[a.</span> <span class='ocrx_word' id='word_1_500' title='bbox 426 5508 504 5575; x_wconf 70' lang='lat' dir='ltr'>maj,</span> <span class='ocrx_word' id='word_1_501' title='bbox 522 5524 655 5579; x_wconf 81' lang='lat' dir='ltr'>quasque,</span> <span class='ocrx_word' id='word_1_502' title='bbox 673 5512 704 5564; x_wconf 89' lang='lat' dir='ltr'>et</span> <span class='ocrx_word' id='word_1_503' title='bbox 721 5510 889 5579; x_wconf 76' lang='lat' dir='ltr'>Rapeatdes</span> <span class='ocrx_word' id='word_1_504' title='bbox 907 5511 980 5566; x_wconf 82' lang='lat' dir='ltr'>breio</span> <span class='ocrx_word' id='word_1_505' title='bbox 998 5514 1110 5568; x_wconf 83' lang='lat' dir='ltr'>eaedem</span> <span class='ocrx_word' id='word_1_506' title='bbox 1126 5521 1264 5570; x_wconf 78' lang='lat' dir='ltr'>eem.125</span> <span class='ocrx_word' id='word_1_507' title='bbox 1284 5531 1492 5572; x_wconf 76' lang='lat' dir='ltr'>caramaeoraes</span> <span class='ocrx_word' id='word_1_508' title='bbox 1508 5517 1604 5586; x_wconf 81' lang='lat' dir='ltr'>refert,</span> <span class='ocrx_word' id='word_1_509' title='bbox 1620 5524 1761 5573; x_wconf 76' lang='lat' dir='ltr'>eraterate</span> <span class='ocrx_word' id='word_1_510' title='bbox 1778 5519 1890 5572; x_wconf 76' lang='lat' dir='ltr'>caecilio</span> <span class='ocrx_word' id='word_1_511' title='bbox 1909 5519 2026 5572; x_wconf 84' lang='lat' dir='ltr'>omeieer</span> 
     </span>
    </p>
   </div>
   <div class='ocr_carea' id='block_1_9' title="bbox 371 5594 2026 5743">
    <p class='ocr_par' dir='ltr' id='par_1_9' title="bbox 371 5594 2026 5743">
     <span class='ocr_line' id='line_1_46' title="bbox 373 5594 2026 5675; baseline 0.007 -27"><span class='ocrx_word' id='word_1_512' title='bbox 373 5594 473 5663; x_wconf 77' lang='lat' dir='ltr'>sipiltis</span> <span class='ocrx_word' id='word_1_513' title='bbox 491 5597 613 5650; x_wconf 79' lang='lat' dir='ltr'>munitas</span> <span class='ocrx_word' id='word_1_514' title='bbox 631 5598 735 5652; x_wconf 84' lang='lat' dir='ltr'>misere.</span> <span class='ocrx_word' id='word_1_515' title='bbox 773 5597 854 5667; x_wconf 77' lang='lat' dir='ltr'>Quod</span> <span class='ocrx_word' id='word_1_516' title='bbox 872 5599 898 5652; x_wconf 86' lang='lat' dir='ltr'>si</span> <span class='ocrx_word' id='word_1_517' title='bbox 915 5615 961 5654; x_wconf 88' lang='lat' dir='ltr'>rea</span> <span class='ocrx_word' id='word_1_518' title='bbox 978 5600 1019 5654; x_wconf 86' lang='lat' dir='ltr'>ita</span> <span class='ocrx_word' id='word_1_519' title='bbox 1036 5617 1065 5654; x_wconf 85' lang='lat' dir='ltr'>ee</span> <span class='ocrx_word' id='word_1_520' title='bbox 1081 5601 1170 5668; x_wconf 75' lang='lat' dir='ltr'>babet,</span> <span class='ocrx_word' id='word_1_521' title='bbox 1191 5605 1321 5674; x_wconf 67' lang='lat' dir='ltr'>receperis</span> <span class='ocrx_word' id='word_1_522' title='bbox 1332 5611 1414 5661; x_wconf 85' lang='lat' dir='ltr'>aetas</span> <span class='ocrx_word' id='word_1_523' title='bbox 1425 5620 1481 5660; x_wconf 91' lang='lat' dir='ltr'>eae</span> <span class='ocrx_word' id='word_1_524' title='bbox 1493 5622 1579 5672; x_wconf 77' lang='lat' dir='ltr'>ueras,</span> <span class='ocrx_word' id='word_1_525' title='bbox 1598 5606 1646 5660; x_wconf 83' lang='lat' dir='ltr'>ard</span> <span class='ocrx_word' id='word_1_526' title='bbox 1664 5603 1734 5658; x_wconf 82' lang='lat' dir='ltr'>diere</span> <span class='ocrx_word' id='word_1_527' title='bbox 1752 5605 1894 5675; x_wconf 85' lang='lat' dir='ltr'>aliqeaete</span> <span class='ocrx_word' id='word_1_528' title='bbox 1912 5605 2026 5660; x_wconf 71' lang='lat' dir='ltr'>maneri</span> 
     </span>
     <span class='ocr_line' id='line_1_47' title="bbox 371 5681 932 5743; baseline 0.016 -10"><span class='ocrx_word' id='word_1_529' title='bbox 371 5696 442 5734; x_wconf 73' lang='lat' dir='ltr'>mere</span> <span class='ocrx_word' id='word_1_530' title='bbox 458 5681 610 5737; x_wconf 78' lang='lat' dir='ltr'>indicantes</span> <span class='ocrx_word' id='word_1_531' title='bbox 628 5683 766 5738; x_wconf 82' lang='lat' dir='ltr'>subscribi</span> <span class='ocrx_word' id='word_1_532' title='bbox 784 5685 932 5743; x_wconf 82' lang='lat' dir='ltr'>iusserunt.</span> 
     </span>
    </p>
   </div>
   <div class='ocr_carea' id='block_1_10' title="bbox 0 0 2273 6404">
    <p class='ocr_par' dir='ltr' id='par_1_10' title="bbox 0 0 2273 6404">
     <span class='ocr_line' id='line_1_48' title="bbox 0 0 2273 6404; baseline 0 0"><span class='ocrx_word' id='word_1_533' title='bbox 0 0 2273 6404; x_wconf 95' lang='lat' dir='ltr'> </span> 
     </span>
    </p>
   </div>
  </div>
 </body>
</html>
