4596 6406
420 414 483 475 632
1000 413 1047 467 EX
1066 414 1242 469 uauuoau
1261 415 1299 467 IX
1318 414 1504 480 REGISTRO

420 583 585 670 predictos
622 595 799 670 proventus
831 588 960 652 faciatis
994 588 1025 651 ei
1060 588 1152 653 iuxta
1175 589 1397 654 concessionis
1421 599 1532 656 nostre
1558 599 1706 657 tenorem
1732 594 1857 678 integre
1881 595 2077 668 ministrari;

424 686 680 754 contradictores
705 696 769 754 cte.
814 690 910 764 Quod
935 691 963 754 si
986 713 1051 755 non
1075 714 1189 757 omnes
1213 699 1275 757 otc.

529 808 605 874 Dat.
629 809 791 896 Anagnia,
814 810 884 876 IIII
907 811 982 877 Kal.
1007 795 1170 894 Octobris,
1193 835 1278 876 anno
1303 813 1505 879 duodecimo.

1209 1367 1293 1440 733.

533 1488 724 1602 (trasarius
755 1522 809 1586 IX
842 1544 929 1602 popu
965 1524 1146 1610 [Guidoui]
1187 1525 1405 1591 Crimoroceusi
1440 1532 1469 1590 ct
1495 1527 1676 1613 [Waltero]
1700 1529 1892 1593 Touruoeusi
1928 1531 2081 1611 opisorpn's

423 1624 531 1690 scribit
552 1624 589 1688 dc
610 1624 815 1706 redemptione
836 1629 976 1690 uotorum
996 1626 1145 1692 Herbcrti
1166 1630 1372 1713 emucsipuuti
1393 1635 1421 1695 et
1442 1632 1612 1695 criticorum
1633 1633 1710 1696 cius.

1720 1739 1813 1815 1238,
1835 1735 1914 1800 Nou.
1936 1741 1989 1804 26.

534 1811 615 1883 (ἶνες.
636 1813 686 1866 IX
702 1814 768 1884 Ray.
790 1812 849 1867 Vol.
871 1811 922 1881 VI,
942 1817 991 1878 60‚·
1008 1814 1072 1871 Lib.
1091 1818 1165 1886 XII,
1183 1823 1243 1873 316.

770 2033 1095 2108 Cameracensi
1122 2036 1165 2105 et
1192 2031 1475 2105 Tornacensi
1504 2033 1740 2126 episcopis.

535 2189 627 2258 Cum,
663 2185 746 2249 sicut
781 2206 824 2248 cx
857 2191 951 2269 parte
982 2183 1103 2247 nobilis
1128 2183 1188 2246 viri
1212 2182 1370 2246 Herbarti
1393 2183 1613 2268 crucesignati
1637 2183 1731 2248 nobis
1755 2186 1864 2248 extitit
1887 2186 2082 2262 intimatum,

427 2292 557 2378 quidam
581 2292 651 2357 eius
676 2287 910 2373 consanguinei
947 2293 981 2353 ct
1014 2287 1112 2351 enrici
1140 2308 1275 2351 numero
1299 2286 1368 2350 fere
1392 2285 1508 2370 viginti
1531 2295 1713 2351 vestrarum
1747 2287 1914 2352 diocesem
1948 2291 2008 2354 sub
2041 2311 2083 2354 ea

427 2395 613 2461 conditione
638 2393 823 2480 receperint
845 2393 974 2478 signum
997 2393 1113 2472 crucis,
1137 2391 1296 2455 videlieet
1318 2397 1354 2454 ut
1377 2392 1409 2453 in
1432 2390 1534 2455 Terre
1559 2391 1678 2456 Sancte
1702 2392 1755 2456 vel
1779 2391 2081 2479 Constantinopoli-

426 2501 496 2566 tani
517 2499 646 2586 imperii
669 2495 850 2561 subsidium
885 2517 920 2561 se
950 2496 1167 2560 transferrent
1190 2495 1243 2558 vel
1273 2494 1365 2557 iuxta
1388 2493 1561 2559 facultates
1591 2493 1739 2581 proprias
1772 2494 1970 2561 redimerent
2003 2503 2084 2561 vota

429 2627 499 2683 sua,
529 2602 730 2681 mandamus,
762 2601 915 2686 quatinus
944 2599 1187 2685 redemptiones
1211 2605 1363 2662 votorum
1386 2597 1546 2684 ipsorum,
1581 2599 1609 2662 si
1642 2599 1793 2663 voluntas
1829 2621 1941 2664 eorum
1973 2601 2015 2664 ad
2048 2600 2084 2665 id

430 2707 626 2788 accesserit,
665 2705 773 2770 eidem
814 2704 917 2768 nobili
956 2704 989 2767 in
1024 2703 1102 2768 dieti
1137 2703 1267 2788 imperii
1301 2701 1519 2788 proficiscenti
1559 2721 1747 2767 succursum
1782 2703 1910 2767 faciatis
1951 2705 2083 2790 integre

430 2812 608 2897 assignari,
647 2829 807 2874 concessa
839 2808 905 2873 illis
939 2807 1144 2894 indulgentia
1180 2827 1244 2893 que
1278 2804 1380 2870 Terre
1416 2804 1536 2870 Sancte
1568 2806 1838 2872 subvenientibus
1871 2807 1904 2871 in
1933 2809 2083 2892 generali

430 2915 570 2980 concilio
594 2919 644 2980 est
666 2933 833 2977 concessa.

538 3034 616 3099 Dat.
638 3035 791 3100 Lateran.
815 3031 864 3096 VI
886 3031 960 3097 Kal.
983 3031 1191 3114 Decembris,
1214 3053 1299 3096 anno
1323 3030 1528 3098 duodecimo.

1052 3322 1462 3329 --———-—--——-

1215 3601 1301 3676 734.

538 3728 729 3842 Groporius
766 3759 821 3824 IX
850 3780 942 3839 impu
977 3759 1158 3844 [liuidoni]
1193 3761 1332 3841 subrepo
1371 3761 1588 3827 Grrrrrcruoeusi
1623 3763 1770 3842 innudet,
1813 3785 1852 3828 us
1884 3765 2087 3830 Butduiuum

431 3869 569 3933 comitam
590 3865 816 3930 Nauruocusem
837 3863 977 3928 heredem
1000 3865 1123 3944 imperii
1144 3863 1320 3928 Romanius
1341 3868 1371 3928 ct
1393 3865 1472 3930 bouu
1495 3866 1563 3930 eius
1585 3867 1744 3931 rnotcsturi
1760 3869 1933 3948 permittat.

1749 3976 1843 4052 1233,
1866 3971 1941 4038 Duc.
1966 3975 1995 4038 1.

538 4056 622 4128 (ἔτερ.
640 4056 690 4109 IX
707 4054 777 4124 ch.
801 4053 858 4107 Vol.
882 4053 1000 4119 Vrsa·
1019 4053 1080 4108 Lib.
1101 4053 1174 4118 ΧΙΙ,
1194 4057 1255 4108 315.

951 4275 1226 4368 ..episcopo
1255 4276 1585 4353 Cameracensi.

542 4429 628 4503 Quia
660 4427 752 4491 illum
786 4426 930 4511 gaudere
967 4426 1078 4491 favore
1113 4426 1293 4512 apostolico
1328 4428 1494 4506 convenit,
1533 4430 1589 4514 qui
1611 4429 1676 4494 Dei
1709 4437 1742 4494 et
1764 4429 1904 4494 ecclesie
1928 4429 2086 4515 obsequio

435 4533 583 4596 totaliter
606 4552 641 4594 se
666 4530 811 4615 exponit,
846 4531 1048 4612 mandamus,
1078 4532 1229 4616 quatinus
1257 4532 1401 4596 nobilem
1432 4532 1536 4595 virum
1561 4532 1760 4597 Balduinum
1790 4533 1941 4596 comitem
1965 4533 2086 4598 Namu-

435 4657 582 4715 oensem,
615 4634 771 4698 heredem
799 4635 929 4721 imperii
951 4633 1126 4715 Romania,
1162 4635 1215 4721 qui
1246 4658 1422 4722 personam
1455 4658 1546 4700 suam
1585 4636 1725 4702 ecclesie
1759 4636 1900 4701 servitiis
1923 4637 1965 4701 ab
1989 4638 2083 4700 annis
2139 4672 2158 4708 2,

435 4740 561 4804 teneris
584 4738 792 4803 laudabiliter
814 4738 993 4826 deputavit,
1017 4747 1050 4804 et
1072 4741 1159 4804 bona
1182 4761 1250 4816 sua,
1282 4762 1344 4825 que
1368 4740 1402 4803 in
1424 4739 1561 4825 imperio
1578 4740 1751 4805 Alamanie
1776 4747 1809 4804 et
1831 4762 1931 4825 regno
1947 4741 2086 4805 Francia

436 4843 580 4920 obtinet,
614 4864 679 4908 non
707 4843 878 4929 permittas
907 4843 948 4907 ab
971 4844 1133 4927 aliquibus
1156 4843 1301 4908 indebite
1326 4843 1513 4918 molestari;
1549 4843 1780 4908 molestatores
1811 4844 1999 4909 huiusmodi
2028 4865 2088 4930 per

437 4969 608 5012 censuram
644 4947 902 5012 ecclesiasticam
936 4947 1156 5033 appellatione
1191 4947 1375 5034 postposita
1415 4947 1669 5034 compescendo,
1707 4969 1772 5012 non
1814 4948 1966 5013 obstante
2008 4969 2086 5012 con-

380 5091 385 5099 ·
437 5051 607 5116 stitutione
630 5049 671 5116 de
695 5050 822 5116 duabus
846 5050 943 5116 dietis
967 5050 1055 5115 edita
1076 5051 1110 5113 in
1133 5051 1272 5115 concilio
1295 5052 1454 5137 generali.

544 5172 620 5238 Dat.
643 5172 796 5238 Lateran.
820 5171 980 5237 Kalendis
1003 5170 1209 5255 Decembris,
1232 5195 1318 5237 anno
1341 5171 1547 5240 duodecimo.

1057 5467 1468 5481 Ἦ
1361 5475 1380 5480 ..
1466 5477 1467 5480 ,
