4494 6426
53 1664 64 1702 0

51 2181 66 2216 lb

672 343 872 401 EPISTOLAE
889 345 1079 402 subucula.
1116 348 1192 404 1222.

331 687 341 719 s
369 702 379 718 .
405 645 620 738 magistro
649 650 691 720 et
716 646 942 719 fratribus
970 646 1128 720 domus
1155 649 1317 724 milicie
1345 648 1528 743 Templi.

215 812 346 885 Quanto
370 835 427 877 vos
451 813 600 898 ampliori
623 813 762 877 caritate
785 811 962 895 diligimus,
991 817 1082 876 tanto
1105 813 1201 877 nobis
1225 816 1364 901 amplius
1389 817 1589 904 displiceret,
1614 820 1652 900 si,
1675 819 1762 904 quod

108 915 205 994 absit,
229 916 485 1002 reprehensione
510 939 569 981 scu
592 917 691 980 etiam
715 915 864 979 irrisione
889 914 1023 999 dignum
1046 917 1169 1002 aliquid
1192 920 1355 985 faceretis.
1402 920 1568 1006 Siquidem
1590 923 1763 1008 privilegia

109 1020 263 1084 fratribus
291 1020 406 1085 domus
437 1027 548 1085 sancte
581 1020 685 1084 Maria
715 1019 969 1084 'teutonicorum
997 1019 1038 1082 ab
1071 1023 1252 1107 apostolica
1285 1025 1363 1089 sede
1397 1046 1554 1092 concessa
1588 1027 1761 1091 manifeste

110 1123 350 1205 demonstrant,
381 1123 466 1209 quod
498 1123 575 1187 ordo
598 1131 711 1188 vester
740 1124 774 1186 in
804 1123 931 1187 clericis
963 1130 996 1186 et
1024 1124 1183 1189 militibus
1211 1147 1249 1189 ac
1281 1127 1353 1191 aliis
1377 1128 1547 1210 fratribus,
1577 1128 1762 1215 Hospitalis

109 1249 186 1293 vero
210 1229 244 1292 iu
260 1228 459 1314 pauperibus
483 1233 516 1291 et
539 1228 675 1291 infirmis
698 1228 730 1290 iu
753 1227 826 1312 ipsa
847 1226 943 1290 domo
967 1227 1171 1293 iamdudum
1195 1230 1305 1294 extitit
1319 1230 1488 1295 institutus
1512 1237 1545 1297 et
1567 1253 1627 1318 per
1650 1231 1762 1297 sedem

109 1332 323 1418 apostolicam
354 1331 572 1395 confirmatus.
627 1330 720 1394 Licet
750 1337 860 1394 autem
889 1330 1016 1394 fratres
1037 1332 1100 1418 ipsi
1131 1339 1200 1397 turn
1230 1340 1365 1419 propter
1394 1336 1630 1419 negligentiam
1659 1355 1762 1416 suam,

109 1434 184 1499 dum
214 1442 328 1500 esseut
357 1436 453 1521 pauci
480 1440 513 1499 ct
543 1455 724 1519 pauperes,
756 1439 823 1497 tum
851 1434 949 1498 etiam
979 1441 1114 1521 propter
1144 1435 1288 1500 scandali
1321 1439 1422 1501 vestri
1452 1445 1594 1520 metum,
1629 1445 1695 1502 tam
1729 1439 1762 1503 iu

109 1538 223 1602 habitu
253 1537 432 1604 deferendo
468 1559 563 1623 quam
597 1538 630 1601 iu
661 1535 854 1622 quibusdam
889 1538 962 1602 aliis
997 1538 1170 1624 aliquando
1206 1546 1319 1604 eontra
1353 1541 1589 1606 institutionem
1625 1541 1763 1606 feceriut

111 1648 331 1722 memoratam,
355 1662 414 1705 uos
438 1648 545 1705 tamen
571 1640 717 1704 inclinati
741 1661 798 1703 suc
823 1641 990 1724 religionis
1014 1643 1130 1705 merito
1155 1649 1188 1706 et
1210 1643 1363 1728 precibus
1386 1643 1551 1708 karissimi
1574 1645 1606 1708 in
1631 1643 1762 1708 Christo

108 1745 164 1808 filii
187 1746 293 1808 nostri
315 1742 512 1830 Flridorieil,
535 1743 754 1807 Raurauorum
778 1743 984 1827 imperatoris
1009 1744 1145 1808 illustris
1168 1767 1298 1832 semper
1320 1748 1450 1830 augusti
1473 1753 1507 1812 et
1529 1748 1617 1833 regis
1639 1747 1760 1827 Sicilie,

108 1848 210 1931 quiin
227 1846 279 1912 die
296 1849 513 1912 coronationis
531 1869 588 1911 sue
606 1846 638 1911 id
654 1869 673 1910 a
688 1847 782 1910 nobis
798 1867 856 1930 pro
875 1847 1009 1931 speciali
1026 1869 1160 1912 munero
1176 1850 1355 1934 postulavit
1367 1851 1388 1927 ¹,
1405 1851 1642 1916 institutionem
1659 1852 1764 1937 ipsam

108 1950 147 2016 de
163 1953 326 2017 communi
342 1953 477 2016 fratrum
500 1960 683 2016 uostrorunr
706 1951 842 2014 consilio
866 1955 976 2013 nostro
993 1951 1164 2036 privilegio
1188 1951 1480 2034 confirmavimusi,
1503 1951 1634 2019 domum
1658 1955 1763 2039 ipsam

110 2055 181 2119 aliis
205 2056 403 2141 privilegiis,
435 2055 647 2139 indulgentiis
676 2060 709 2118 et
738 2053 946 2117 libertatibus
969 2055 1163 2119 munientes.
1209 2055 1407 2142 Accepimus
1435 2063 1563 2137 autem,
1593 2055 1677 2142 quod
1705 2077 1763 2121 vos

112 2161 284 2224 occasione
299 2159 447 2223 alborum
463 2160 700 2234 mantellorum,
725 2177 823 2242 super
838 2158 955 2241 quibus
972 2156 1159 2222 deferendis
1178 2159 1354 2244 specialem
1376 2159 1508 2223 anobis
1525 2159 1763 2243 indulgentiam

111 2263 357 2350 impetrarunti,
391 2284 450 2348 pro
482 2283 521 2326 eo
551 2261 637 2346 quod
665 2261 699 2324 iu
727 2261 789 2324 hoc
819 2261 1008 2346 specialiter
1030 2261 1148 2324 secisse
1178 2267 1291 2325 contra
1313 2262 1550 2326 institutionem
1578 2261 1765 2327 huiusmodi

110 2366 318 2446 ridebantur,
347 2367 428 2429 moti
459 2367 539 2430 estis
568 2364 804 2450 aliquantulum
833 2371 947 2428 contra
977 2386 1052 2443 eos,
1089 2363 1174 2449 quod
1205 2371 1360 2450 quantum
1390 2366 1431 2428 sit
1460 2372 1572 2430 vestra
1605 2365 1763 2449 religione

111 2471 288 2555 iudignum,
313 2470 458 2554 quisquis
482 2469 663 2552 recogitare
687 2466 849 2548 voluerit,
872 2468 967 2531 facilc
991 2475 1217 2551 recognoscet.
1264 2467 1298 2531 Si
1322 2469 1489 2532 animnos
1513 2468 1554 2532 ab
1578 2468 1763 2534 huiusmodi

110 2584 199 2639 motu
225 2595 287 2638 nec
318 2573 498 2659 apostolica
527 2594 588 2636 neo
616 2572 795 2658 imperialis
826 2571 1010 2636 reverentia
1042 2571 1194 2651 cohibet,
1228 2572 1381 2636 cohibere
1411 2572 1527 2636 saltem
1556 2572 1700 2636 omnium
1729 2569 1763 2635 id

51 2695 68 2729 2¹³
112 2677 311 2743 audientium
340 2676 551 2740 subsannatio
575 2697 632 2739 aros
656 2675 805 2752 deberet,
830 2675 948 2759 quibus
975 2673 1120 2755 videtur,
1154 2676 1238 2738 sicut
1262 2681 1313 2740 est
1335 2695 1465 2756 revera,
1496 2675 1682 2756 ridiculum,
1705 2696 1763 2740 vos

111 2781 243 2866 indigne
267 2782 353 2846 ferre
383 2781 465 2845 alios
496 2779 632 2843 anobis
664 2778 771 2842 album
801 2782 932 2863 portare
961 2777 1170 2858 mantellum,
1201 2778 1374 2863 presertim
1404 2785 1555 2843 avestro
1578 2776 1694 2842 habitu
1717 2779 1764 2842 sic

112 2885 297 2949 distinctum
318 2884 484 2969 signaculo
503 2883 648 2969 speciali,
673 2889 709 2945 ut
732 2880 840 2944 timeri
861 2901 926 2944 uon
945 2880 1058 2966 possit,
1082 2901 1123 2944 ne
1147 2881 1219 2965 quis
1239 2881 1335 2944 unius
1359 2880 1482 2944 ordinis
1503 2882 1620 2946 fratres
1641 2880 1764 2945 ordinis

112 3010 183 3053 esse
206 2987 342 3052 alterius
365 2987 549 3051 arbitretur.
595 2984 740 3069 Ideoque
758 2983 1087 3067 circumspectionem
1104 2989 1248 3047 vestram
1268 2990 1393 3048 attente
1410 2983 1588 3069 rogandam
1611 2983 1763 3048 duximus

112 3101 143 3156 et
171 3090 383 3170 hortandam,
413 3091 566 3175 quatinus
594 3089 682 3152 omui
713 3106 848 3150 rancore
876 3085 1043 3172 deposito,
1077 3087 1104 3149 si
1133 3108 1230 3171 quem
1260 3087 1345 3152 forte
1374 3094 1486 3152 contra
1515 3086 1620 3152 dictos
1647 3088 1766 3152 iratres

54 3207 62 3243 ²
115 3195 285 3260 occasione
309 3191 494 3258 huiusmodi
518 3190 730 3276 concepistis,
762 3187 937 3252 ambuletis
961 3189 994 3251 in
1018 3188 1163 3252 caritatis
1187 3189 1304 3274 spiritu
1327 3198 1360 3255 et
1381 3191 1515 3255 unitatis
1538 3191 1669 3256 vinculo
1693 3211 1766 3255 cum

61 5081 78 5122 it

114 3297 252 3378 eisdem,
277 3317 388 3362 eorum
412 3294 610 3380 profectum,
634 3293 719 3356 sieut
741 3291 837 3355 decet
859 3291 946 3354 viros
972 3291 1161 3374 religiosos,
1186 3293 1351 3378 proprium
1374 3301 1579 3379 reputantes,
1607 3296 1654 3358 ita
1680 3291 1766 3379 quod

113 3401 197 3467 idem
213 3403 402 3487 imperator,
426 3419 498 3462 cum
521 3398 598 3460 illuc
614 3395 687 3476 Deo
711 3395 809 3459 dante
824 3396 1021 3480 pervenerit,
1044 3394 1220 3458 fraternam
1244 3396 1329 3459 inter
1350 3418 1408 3461 vos
1426 3398 1571 3462 iuveniat
1593 3397 1764 3470 unitatem,

114 3505 202 3591 quia,
233 3505 260 3568 si
290 3504 384 3567 aliter
407 3501 575 3580 faceretis,
605 3521 669 3563 non
698 3499 803 3563 solum
825 3498 1038 3586 apostolicam
1068 3505 1101 3562 et
1123 3498 1325 3583 imperialem
1353 3501 1563 3565 incurreretis
1593 3499 1765 3580 offensam,

114 3630 224 3674 rerum
248 3607 346 3671 ctiam
368 3606 403 3669 iu
426 3603 661 3669 detractionem
684 3608 829 3666 vestram
852 3621 909 3664 ora
932 3600 1151 3685 quorumlibet
1174 3599 1374 3666 audientium
1396 3603 1563 3668 laxaretis.

219 3735 295 3800 Dat.
314 3734 458 3816 Verulis,
480 3733 546 3798 XV
568 3732 643 3800 Kal.
666 3731 756 3814 Maii,
778 3732 986 3818 pontificatus
1010 3731 1113 3797 nostri
1136 3751 1221 3795 anno
1245 3737 1350 3796 sexto.

907 4461 991 4534 193.

225 4595 428 4691 Ridericsu
449 4625 664 4689 Romanorum
686 4624 856 4703 imperator
885 4619 1061 4696 canitiae,
1089 4617 1275 4696 baronibus,
1304 4615 1492 4680 iusticiariis
1513 4615 1678 4696 cebrmqao
1699 4615 1768 4696 ossi-

118 4731 248 4797 cialdms
269 4730 337 4796 sais
358 4732 394 4794 a'a
415 4749 509 4812 rapae
532 4728 662 4793 siciliae
683 4727 859 4791 constitutis
880 4723 1023 4802 maawt,
1049 4727 1085 4786 at
1108 4726 1172 4785 tam
1199 4721 1342 4785 ccclesias
1363 4739 1459 4800 qaam
1476 4737 1630 4800 personas
1650 4717 1768 4782 corba

117 4837 231 4900 asticos
258 4833 348 4916 regni
373 4833 424 4897 sai
449 4833 484 4896 ia
511 4831 600 4895 uallo
627 4829 761 4894 indebite
791 4831 1011 4911 approbantes,
1049 4842 1153 4888 omues
1187 4822 1345 4888 libertates
1372 4826 1402 4886 ct
1428 4823 1656 4900 imruam'tatcs,
1689 4839 1769 4902 qaas

118 4941 248 5020 tcrapm
275 4936 439 5004 Williclmt
461 4933 588 5001 secandi
609 4932 691 5016 repis
712 4931 824 4997 tabae
845 4931 1032 5006 consumat,
1055 4929 1097 4992 iis
1117 4928 1236 5011 integre
1258 4929 1444 4992 conservent.

1384 5049 1479 5126 1222,
1500 5043 1607 5126 apra.
1628 5045 1681 5108 23.

220 5141 293 5197 Han.
313 5143 364 5194 111
379 5140 449 5212 ch.
474 5140 530 5194 Vol.
549 5142 606 5204 111,
624 5143 692 5204 2313
711 5138 771 5192 Lib.
796 5138 844 5202 VI,
864 5139 925 5191 354.

219 5227 275 5282 Ed.
294 5246 312 5283 α
330 5225 622 5290 Ηιιίῑὶανᾶ-Βνὲὴοῑῑιε,
641 5224 718 5280 Hiar.
736 5224 803 5296 dipl.
822 5223 904 5278 Frtd.
923 5222 966 5288 II,
984 5225 1046 5276 tom.
1064 5220 1108 5286 ΙΙ,
1123 5236 1153 5288 p.
1170 5220 1234 5273 239.

221 5411 1065 5422 Μ.--..--.----,-.-----,-.--.-.......--.,-..-.-
1075 5410 1122 5415 .—-
1131 5409 1218 5414 -.-—-
1228 5407 1290 5413 .--

220 5557 246 5624 1)
267 5555 310 5622 Os.
331 5552 625 5621 uoluere-araone,
645 5551 718 5606 Hac.
738 5551 804 5619 dipl.
824 5549 908 5604 Frid.
928 5549 970 5614 II,
989 5555 1051 5603 tom.
1070 5548 1114 5612 11,
1130 5563 1159 5617 p.
1178 5551 1241 5601 224.
1315 5547 1343 5614 2)
1363 5562 1389 5599 a.
1408 5549 1484 5609 1221,
1503 5544 1567 5598 Ian.
1586 5546 1617 5610 9,·
1636 5540 1769 5606 Strebllcc,

124 5641 186 5702 Tot.
206 5641 263 5696 ord.
288 5640 380 5694 Tbeut.
396 5659 425 5716 p.
446 5647 509 5707 281,
527 5657 554 5694 a.
574 5645 639 5696 309.
709 5639 737 5706 3)
757 5637 847 5694 eodem
865 5637 924 5705 dtc5
940 5636 1070 5707 Strcbllte,
1084 5654 1115 5707 p.
1133 5639 1200 5704 280,
1218 5651 1245 5689 a.
1265 5637 1331 5690 308.
