4576 6390
1018 403 1066 458 ΕΧ
1084 402 1259 459 ennoean
1277 402 1316 457 IX
1335 399 1515 456 REGISTRO

1225 715 1311 788 5d9.

547 830 737 941 Greoorros
765 856 821 921 ΙΧ
850 877 938 937 propo
967 856 1098 938 Huqooi
1123 853 1249 919 Maiori
1277 852 1425 917 Rcoecasc'
1455 855 1484 915 et
1514 850 1689 937 Heliconi]
1721 851 1829 915 Borat
1865 851 2101 917 Οοίοἰοιιποιιειῖ

438 963 670 1029 archidiaconis
691 966 719 1025 et
744 961 784 1027 G.
810 959 895 1026 Goio
923 959 1071 1024 corroaico
1092 957 1239 1022 Βοιιιοιιοί
1262 955 1408 1032 moodut,
1439 957 1475 1018 at
1503 954 1540 1018 de
1562 975 1658 1019 caasa
1679 954 1849 1038 [Heorici]
1871 954 2101 1034 archiepiscopi

443 1066 637 1135 Golooaorsts
660 1066 834 1146 inquirant,
857 1083 965 1144 eosque
987 1061 1083 1140 docet,
1105 1059 1254 1143 quomodo
1273 1058 1437 1140 procedere
1458 1058 1597 1123 debeant.
1730 1061 1824 1135 1233,
1845 1056 1930 1120 Mai.
1954 1059 2010 1120 28.

324 1157 325 1160 ‘
541 1186 690 1254 orsam
706 1185 774 1252 aaa
797 1184 854 1238 va.
872 1181 926 1250 rv,
944 1185 1071 1249 ar-ea·
1089 1181 1151 1235 ro.
1174 1180 1241 1246 ver,
1259 1185 1322 1235 ras.

515 1394 736 1488 Magistris
762 1392 938 1484 Hugoni
964 1390 1116 1464 Maiori
1145 1387 1351 1463 Remensi
1380 1393 1422 1462 et
1448 1389 1475 1461 l.
1504 1389 1640 1463 Barat
1666 1387 2018 1464 Cathalaunensi

718 1511 1048 1587 archidiaconis
1076 1515 1119 1583 et
1146 1508 1189 1581 G.
1219 1508 1330 1582 Goin
1358 1508 1573 1582 canonico
1602 1509 1816 1584 Remensi.

548 1663 630 1728 Cum
657 1662 734 1727 olim
764 1663 799 1725 in
833 1667 958 1726 tanturn
986 1661 1050 1724 iam
1080 1660 1202 1724 elamor
1232 1659 1273 1723 ad
1306 1681 1365 1723 nos
1393 1665 1508 1723 contra
1534 1658 1757 1724 venerabilem
1786 1661 1919 1725 fratrem
1949 1667 2097 1726 nostrum

441 1767 674 1832 Coloniensem
698 1766 980 1851 archiepiscopum
1003 1762 1224 1842 ascendisset,
1253 1761 1340 1848 quod
1369 1762 1507 1827 ulterius
1537 1763 1607 1828 sine
1631 1763 1784 1828 scandalo
1808 1763 2008 1829 dissimulari
2032 1786 2098 1828 non

440 1877 569 1957 poterat
597 1891 658 1934 nec
690 1871 760 1934 sinc
778 1868 939 1954 periculo
974 1867 1122 1947 tolerari,
1153 1888 1213 1931 nos
1247 1866 1336 1930 illius
1371 1873 1547 1951 sequentes
1581 1867 1784 1953 exemplum,
1819 1869 1873 1952 qui
1902 1870 1965 1933 etsi
1994 1870 2097 1933 nichil

287 1997 342 2037 usn.
363 2001 429 2048 reor.
446 1976 574 2060 ignoret
600 1972 801 2038 descendere
830 1980 940 2037 tamen
968 1972 1072 2036 voluit
1102 1977 1135 2035 et
1162 1970 1288 2052 videre,
1324 1978 1433 2034 utrum
1464 1971 1526 2051 hii,
1557 1972 1612 2058 qui
1640 1973 1828 2038 incolebant
1857 1972 2033 2037 Sodomam
2062 1979 2097 2037 et

442 2077 649 2157 Gomorram,
679 2077 853 2142 clamorem
877 2074 931 2161 qui
960 2076 1002 2139 ad
1030 2097 1104 2139 eum
1128 2074 1322 2139 ascenderat
1345 2096 1445 2160 opere
1470 2075 1740 2161 complevissent,
1774 2076 1815 2139 ad
1838 2076 1992 2140 iteratum
2017 2099 2097 2162 sepe

441 2181 615 2245 clamorem
656 2180 901 2266 inquisitionem
939 2179 1043 2265 ipsius
1084 2177 1325 2264 archiepiscopi
1362 2178 1544 2243 venerabili
1579 2178 1672 2242 fratri
1712 2185 1822 2244 nostro
1861 2229 1869 2244 .
1897 2228 1904 2242 .
1940 2181 2098 2265 episcopo

442 2283 648 2348 Lausanenai
677 2289 710 2348 et
736 2283 871 2368 collegis
899 2284 967 2348 suis
998 2283 1059 2348 sub
1090 2288 1180 2347 certa
1208 2281 1312 2345 forma
1341 2280 1493 2344 duximus
1522 2282 1818 2346 committendam¹.
1867 2282 1992 2364 Prefati
2020 2304 2099 2346 vcro

443 2388 664 2472 inquisitores,
688 2394 785 2474 prout
808 2409 850 2452 ex
873 2387 992 2452 litteris
1015 2387 1162 2472 ipsorum
1185 2386 1383 2472 accepimus,
1413 2386 1447 2449 in
1470 2388 1643 2451 commisso
1668 2385 1732 2450 sibi
1754 2387 1887 2470 negotio
1910 2408 1984 2450 eum
2008 2385 2100 2450 omni

442 2489 611 2576 diligentia
633 2490 865 2578 procedentes,
894 2490 1038 2576 receptis
1069 2489 1234 2553 nonnullis
1259 2488 1399 2553 testibus
1422 2490 1599 2554 nominatis
1622 2489 1762 2571 eisdem,
1793 2489 1962 2574 negotium
1985 2489 2095 2574 ipsum
2163 2542 2166 2550 .

440 2595 526 2658 siout
547 2600 724 2682 potuerunt
745 2595 956 2671 instructum,
988 2593 1151 2656 inclusum
1176 2592 1235 2656 sub
1260 2593 1377 2677 sigillis
1402 2593 1486 2669 suis,
1516 2592 1558 2657 ad
1588 2615 1647 2658 nos
1671 2592 1813 2658 fideliter
1835 2593 2099 2678 transmiserunt,

440 2699 565 2784 prolixo
590 2697 698 2763 cidem
714 2697 972 2783 archiepiscopo,
996 2697 1073 2761 licet
1098 2695 1238 2774 absenti,
1262 2695 1401 2759 termino
1423 2697 1644 2782 peremptorio
1662 2697 1872 2783 competenti,
1895 2718 1960 2782 quo
1983 2705 2099 2763 nostro

442 2823 477 2866 se
512 2801 703 2887 conspectui
738 2805 955 2886 presentaret.
1008 2799 1169 2884 Magister
1199 2819 1278 2863 vero
1317 2797 1356 2864 G.
1393 2798 1548 2876 clericus,
1585 2807 1775 2885 procurator
1808 2798 1955 2865 eiusdem
1991 2801 2099 2866 archi·

440 2905 603 2991 episcopi,
628 2903 823 2968 constitutus
848 2923 958 2967 coram
982 2903 1103 2967 dilecto
1126 2902 1193 2967 filio
1217 2907 1330 2966 nostro
1354 2899 1501 2988 Eigidiol
1528 2901 1721 2968 Sanctorum
1745 2903 1863 2968 Cosme
1887 2911 1921 2968 et
1943 2901 2100 2968 Damiani

442 3007 579 3071 diacono
604 3005 771 3086 cardinali,
795 3028 815 3070 a
837 3005 932 3070 nobis
957 3005 1105 3070 auditore
1129 3026 1303 3085 concesso,
1327 3007 1513 3091 proposuit,
1537 3007 1623 3091 quod
1647 3029 1721 3072 eum
1744 3008 1786 3071 ab
1810 3007 1935 3072 eisdem
1957 3008 2097 3092 inquisi-
2150 3031 2161 3070 r

442 3108 568 3173 toribus
596 3110 708 3174 multis
737 3110 960 3194 gravaminum
991 3117 1024 3173 et
1054 3109 1251 3195 suspicionis
1279 3109 1506 3194 probabilibus
1535 3111 1642 3175 causis
1670 3112 1847 3198 expositis,
1876 3131 1957 3194 quas
1988 3133 2101 3176 coram

444 3212 601 3278 cardinali
616 3212 763 3300 predicto
779 3207 971 3299 procurator
985 3212 1071 3276 idern
1091 3212 1265 3300 expressit,
1289 3212 1389 3276 fuerit
1411 3234 1454 3277 ex
1469 3219 1562 3298 parte
1581 3213 1661 3278 dieti
1681 3213 1919 3299 archiepiscopi
1934 3214 2100 3299 legittime

443 3322 671 3402 provocatum,
704 3337 816 3381 eorum
839 3338 1016 3402 processus
1040 3316 1171 3401 penitus
1195 3315 1303 3380 nullus
1330 3323 1416 3396 erat,
1445 3337 1482 3380 ac
1513 3339 1573 3403 per
1596 3317 1658 3382 hoc
1681 3318 1817 3403 petebat
1839 3318 1946 3404 ipsum
1969 3319 2101 3384 irritum

443 3419 597 3483 nuntiari.
642 3418 725 3484 Cum
752 3425 861 3484 autem
893 3421 979 3484 idem
1005 3419 1178 3484 cardinalis
1208 3440 1262 3498 ea,
1277 3455 1281 3470 ·
1296 3441 1359 3504 que
1383 3420 1476 3484 fuere
1500 3421 1669 3506 proposita
1692 3443 1802 3485 eoram
1824 3422 1914 3508 ipso,
1943 3421 2040 3486 nobis
2065 3431 2100 3486 et

442 3523 596 3587 fratribus
619 3524 740 3588 nostris
763 3522 942 3610 prudenter
964 3528 997 3586 et
1020 3522 1162 3587 fideliter
1177 3523 1355 3603 retulisset,
1379 3545 1438 3587 nos
1455 3545 1570 3588 causas
1588 3523 1733 3606 easdem,
1757 3525 1942 3610 exquibus
1967 3524 2099 3589 exstitit
2150 3547 2162 3585 a

443 3625 674 3712 appellatum²‚
704 3648 784 3712 quas
808 3626 901 3691 vobis
931 3648 1003 3690 cum
1032 3626 1194 3689 dictorum
1222 3626 1451 3710 inquisitorum
1480 3649 1639 3713 processu
1663 3628 1723 3693 sub
1747 3628 1838 3692 bulla
1860 3633 1972 3692 nostra
1994 3627 2099 3691 mitti-

444 3751 514 3793 mus
536 3729 741 3812 intcrclusas,
764 3730 940 3816 diligenter
963 3729 1080 3814 inspici
1103 3728 1270 3810 iacientes,
1295 3726 1485 3794 disefetioni
1501 3738 1611 3796 vestre
1634 3732 1668 3795 in
1685 3732 1806 3795 virtute
1822 3729 2013 3796 obedientie
2036 3731 2099 3796 sub

443 3832 662 3898 obtestatione
697 3833 798 3899 divini
833 3833 946 3898 iudicii
986 3853 1045 3918 per
1084 3832 1264 3918 apostolica
1307 3833 1428 3919 scripte
1461 3834 1609 3899 districte
1645 3834 1858 3922 precipiendo
1894 3832 2099 3914 mandamus,

443 3938 596 4022 quatinus
629 3937 657 4001 si
689 3937 795 4003 dictus
824 3937 1091 4022 archiepiscopus
1120 3935 1205 3999 infra
1226 3935 1308 3999 duos
1330 3956 1504 4001 mensesa
1534 3939 1724 4024 receptione
1747 3938 1951 4025 presentium
1973 3938 2099 4024 poterit
2175 4009 2177 4012 ,

443 4041 552 4106 lacere
575 4042 706 4128 plenam
735 4041 849 4122 fidem,
881 4039 966 4124 quod
995 4039 1154 4125 premisse
1179 4060 1277 4104 cause
1300 4040 1526 4124 gravaminum
1550 4063 1658 4106 coram
1680 4042 1817 4129 prelatis
1845 4040 2096 4126 inquisitoribus

444 4145 565 4209 fuerint
587 4146 754 4232 proposita
777 4166 838 4208 ιιοο
861 4143 1022 4223 admisse,
1055 4165 1093 4207 ae
1127 4145 1216 4229 ipsas
1247 4163 1363 4207 causas
1393 4165 1466 4208 esse
1490 4165 1585 4208 veras
1615 4167 1651 4210 se
1675 4144 1851 4209 obtulerit⁸
1872 4144 2098 4230 probaturum,

445 4255 479 4313 et
508 4249 675 4334 expressis
707 4249 815 4313 causis
848 4247 1039 4334 suspitionis
1069 4248 1164 4333 petiti
1200 4246 1313 4311 arbitri
1345 4253 1378 4311 et
1412 4250 1540 4333 negati,
1577 4270 1615 4314 ac
1650 4255 1783 4335 propter
1816 4248 1878 4313 hoo
1911 4248 1953 4312 ad
1982 4247 2098 4313 sedem

443 4351 661 4437 apostolicam
684 4351 902 4437 appellatum,
936 4359 969 4416 et
992 4372 1100 4416 coram
1124 4351 1218 4415 vobis
1243 4350 1378 4416 easdem
1401 4374 1516 4416 causas
1540 4353 1592 4416 vel
1617 4373 1729 4416 earum
1759 4352 1885 4436 aliquas
1908 4351 2099 4438 probaverit

446 4475 520 4520 esse
543 4476 653 4536 veras,
682 4476 741 4519 vos
771 4476 961 4541 processum
986 4453 1127 4519 eundem
1157 4455 1281 4518 nullum
1314 4475 1388 4519 esse
1418 4456 1549 4541 penitus
1582 4455 1757 4536 nuntietis,
1787 4461 1821 4520 et
1847 4453 1887 4519 de
1917 4475 2002 4519 novo
2030 4461 2099 4518 tam

446 4557 647 4643 superbiis,
681 4557 721 4622 de
745 4558 862 4643 quibus
886 4580 946 4643 per
968 4557 1138 4622 iamdictos
1161 4558 1372 4643 inquisitores
1396 4559 1523 4623 exstitit
1545 4559 1751 4644 inquisitum,
1782 4578 1879 4643 quam
1902 4579 2001 4645 super
2021 4558 2097 4623 aliis
2166 4583 2176 4614 a

447 4659 640 4725 excessibus
664 4661 731 4724 suis
754 4662 788 4725 in
811 4661 974 4746 prioribus
990 4661 1111 4725 nostris
1135 4660 1253 4725 litteris
1272 4661 1516 4746 comprehensis
1535 4661 1674 4726 sollicite
1690 4662 1905 4747 inquirentes,
1927 4662 2099 4746 negotium

448 4762 649 4828 sufficienter
675 4763 872 4828 instructum
901 4765 941 4829 ad
970 4786 1030 4829 nos
1062 4765 1122 4828 sub
1157 4765 1274 4848 sigillis
1304 4765 1423 4828 vestris
1451 4764 1594 4829 fideliter
1620 4765 1864 4846 transmittatis,
1897 4765 2099 4850 prefigentes
2173 4851 2174 4854 Ἴ

446 4867 510 4953 ipsi
532 4867 779 4953 archiepiscopo
803 4869 979 4932 terminum
1000 4868 1257 4954 peremptorium
1282 4873 1539 4953 competentem,
1563 4889 1625 4953 quo
1650 4874 1837 4953 compareat
1860 4888 1967 4932 coram
1991 4867 2099 4949 nobis,

446 4969 532 5056 quod
567 4971 687 5036 iustum
722 4971 820 5036 luerit
849 4978 1053 5058 recepturus.
1097 4969 1267 5055 Denique,
1298 4971 1524 5056 prenominato
1559 4970 1805 5057 archiepiscopo
1837 4971 1870 5034 in
1903 4970 2099 5056 probatione

446 5074 612 5140 deficienti
645 5075 847 5156 huiusmodi,
883 5075 967 5138 infra
1000 5075 1083 5139 alios
1117 5073 1198 5138 duos
1232 5094 1363 5138 menses
1395 5075 1562 5139 nominum
1594 5075 1728 5139 testium
1760 5081 1983 5160 receptorum,
2020 5081 2099 5140 ante

446 5177 702 5264 publicationem
731 5185 841 5242 tamen
872 5178 1033 5264 ipsorum,
1061 5179 1156 5264 copia
1184 5178 1241 5242 fiat
1269 5179 1320 5258 ei,
1349 5185 1386 5242 ut
1415 5179 1514 5243 liceat
1541 5177 1604 5242 sibi
1633 5177 1766 5244 obicere
1796 5177 2037 5243 rationabiliter
2058 5200 2099 5242 ac

446 5282 585 5368 probare
609 5283 740 5349 obiecta
762 5282 791 5346 si
813 5283 956 5348 voluerit
978 5282 1011 5346 in
1033 5304 1209 5369 personas,
1240 5283 1287 5347 ita
1309 5281 1396 5367 quod
1417 5288 1493 5368 post
1514 5282 1770 5368 publicationem
1794 5281 1938 5366 ipsorum
1962 5281 2100 5346 testium

550 5539 574 5610 ⁸)
591 5545 685 5597 obtsdit
702 5543 734 5594 Β.

551 5680 577 5750 1)
597 5680 639 5750 Os.
658 5697 685 5734 a.
704 5681 766 5734 459.
838 5678 866 5748 2)
887 5678 930 5747 Os.
948 5693 975 5733 n.
990 5681 1055 5733 530.
