4576 6390
428 373 492 436 472
1008 368 1057 422 EX
1076 366 1251 422 GREGORII
1268 367 1307 420 IX
1325 367 1506 423 REGISTRO

429 541 629 623 qnisitionem
651 544 760 606 contro
773 539 984 626 [Henricnm]
1005 540 1269 620 archiepiscopum
1288 541 1500 607 Colonienscm
1513 541 1761 622 prosequendam
1775 543 1970 607 necessariae
1991 544 2087 607 mini·

429 647 578 710 otrentur.
1457 683 1458 686 =
1703 646 1796 721 1234,
1818 643 1920 708 Mart.
1943 648 1997 710 27.

533 762 615 831 (ἔτερ.
633 759 684 814 IX
700 761 768 830 Req.
793 762 849 815 Vol.
868 760 921 825 IV,
940 765 1006 826 171;
1024 759 1088 814 Lib.
1110 759 1198 826 VIII,
1217 763 1243 812 8.

411 931 416 934 ’
454 927 737 1015 cenomansi
763 942 805 1012 et
831 939 858 1011 Ι.
886 937 1240 1010 Cathalannensi
1268 938 1594 1012 archidiaconis
1622 946 1661 1014 et
1689 939 1732 1013 G.
1760 942 1811 1015 de
1837 943 2061 1017 Lauduno

1030 1058 1243 1132 canonico
1271 1057 1489 1131 Remensi.
2150 1096 2162 1134 a

540 1210 622 1275 Cum
659 1210 736 1284 olim
770 1207 863 1272 vobis
901 1207 1070 1291 negotium
1103 1207 1324 1291 inquisitionis
1361 1215 1474 1272 contra
1506 1210 1729 1275 venerabilem
1767 1213 1902 1278 fratrem
1938 1219 2088 1277 nostrum

430 1361 470 1382 ..
500 1315 782 1400 archiepiscopum
814 1310 1044 1375 Oolouiensem
1078 1310 1139 1374 sub
1171 1317 1261 1375 certa
1290 1311 1396 1376 tonna
1425 1310 1615 1376 duxerimus
1652 1317 1936 1396 committendum,
1970 1338 2012 1380 ne
2044 1316 2088 1379 ob

431 1439 650 1505 expensarum
666 1416 833 1480 defectum
855 1414 1120 1499 prosecutionem
1144 1414 1247 1499 ipsius
1264 1415 1471 1499 contingeret
1493 1415 1654 1501 impediri,
1682 1417 1776 1482 vobis
1802 1418 1932 1484 dedisse
1949 1419 2089 1483 dicimur

430 1523 551 1586 nostris
582 1520 701 1585 litteris
728 1520 763 1583 in
792 1516 970 1597 mandatis,
1000 1523 1037 1581 ut
1060 1524 1125 1580 tam
1149 1518 1268 1582 dilecto
1292 1519 1359 1582 filio
1384 1567 1391 1582 .
1415 1568 1423 1583 .
1447 1518 1572 1583 decano
1597 1519 1806 1602 Coloniensi,
1839 1524 1896 1608 qui
1917 1523 2088 1606 negotium

432 1625 539 1711 ipsum
562 1623 789 1712 prosequitur,
820 1643 862 1686 ne
894 1628 1030 1706 cogatur
1052 1622 1192 1708 propriis
1216 1621 1389 1708 stipendiis
1412 1623 1581 1703 laborare,
1612 1645 1708 1709 quam
1733 1626 1826 1690 vobis
1851 1627 1884 1690 in
1907 1625 2087 1690 moderatis

432 1729 589 1813 expensis
612 1727 653 1791 ad
675 1726 943 1813 prosecutionem
972 1725 1097 1809 negotii
1127 1725 1326 1788 necessariis
1355 1726 1510 1790 laceretis
1533 1725 1574 1791 de
1602 1726 1699 1791 bonis
1724 1729 1865 1792 ecclesie
1889 1729 2089 1815 provideri¹.

432 1830 518 1904 Quia
547 1850 625 1894 vero
656 1831 690 1893 iu
724 1829 858 1893 dubium
889 1835 1075 1906 revocatur,
1104 1833 1212 1890 utrum
1246 1829 1460 1892 communiter
1489 1828 1529 1894 de
1560 1829 1655 1893 bonis
1682 1828 2024 1918 archiepiscopalibus
2055 1838 2090 1896 et

431 1933 565 2019 capituli
595 1933 727 1996 maioris
760 1932 900 1996 ecclesie
935 1951 976 1994 an
1011 1936 1136 1994 tantum
1168 1931 1272 2016 ipsius
1302 1931 1436 2017 capituli
1466 1933 1508 1996 sit
1537 1953 1620 1996 onus
1650 1955 1870 2019 expensarum
1900 1934 2090 1998 huiusmodi

432 2035 654 2114 subeundum,
678 2041 775 2121 prout
797 2034 907 2098 littere
930 2023 1043 2097 vestre
1066 2033 1161 2097 nobis
1186 2034 1344 2114 exhibite,
1370 2055 1450 2119 quas
1472 2035 1615 2120 benigne
1639 2037 1841 2121 recepimus,
1867 2037 2090 2116 continebant,

430 2160 490 2203 nos
514 2138 555 2203 de
585 2139 721 2202 fratrum
750 2143 937 2200 nostrorum
968 2135 1105 2199 consilio
1137 2137 1246 2200 taliter
1275 2136 1427 2202 duximus
1457 2138 1707 2224 providendum,
1738 2146 1775 2202 ut
1797 2139 1890 2204 vobis
1920 2140 1961 2205 de
1991 2141 2089 2204 bonis
2143 2159 2166 2196 u

430 2240 765 2328 archiepiscopalibus
788 2248 821 2304 ot
842 2237 950 2303 eidem
969 2237 1093 2302 deceno
1113 2237 1153 2302 de
1174 2238 1268 2302 bonis
1292 2241 1425 2304 maioris
1443 2241 1584 2305 ecclesie
1601 2263 1749 2327 expense
1766 2241 1807 2305 ad
1823 2243 2089 2328 prosecutionem

429 2345 554 2430 negotii
576 2343 763 2408 necessarie
785 2342 1018 2406 ministrentur.
1064 2341 1210 2427 Ideoque
1232 2343 1431 2420 mandamus,
1454 2345 1607 2428 quatinus
1632 2342 1717 2430 quod
1741 2366 1760 2408 a
1782 2345 1878 2409 nobis
1902 2366 2001 2432 super
2024 2344 2089 2408 hoc

432 2448 616 2512 ordinatum
638 2453 699 2528 est,
722 2446 851 2510 faciatis
868 2445 1005 2508 firmiter
1028 2443 1211 2518 observari;
1236 2445 1494 2520 contradictores
1518 2452 1581 2511 etc.
1627 2446 1724 2521 Quod
1748 2448 1775 2512 si
1799 2470 1864 2513 non
1887 2469 2002 2513 omnes
2025 2454 2089 2512 ete.

538 2569 615 2633 Dat.
637 2568 791 2633 Lateran.
814 2565 864 2630 VI
885 2564 959 2630 Kal.
983 2564 1119 2650 Aprilis,
1143 2586 1227 2628 anno
1252 2573 1378 2632 octavo.

1055 2790 1467 2800 Μ.

1215 2999 1301 3072 580.

544 3114 747 3208 Fridcricns
775 3139 989 3203 Romanornm
1022 3139 1190 3219 imperator
1219 3138 1263 3201 od
1295 3139 1459 3202 consilinm
1489 3140 1645 3204 lobannis
1679 3141 1865 3206 Sabinensis
1897 3143 2032 3223 episcopi
2062 3148 2094 3207 ct
2144 3174 2172 3212 πο

433 3248 524 3313 Petri
544 3245 581 3310 de
607 3243 731 3324 Conco,
763 3243 874 3308 Sancti
899 3243 1027 3324 Georqii
1048 3243 1092 3306 od
1124 3242 1232 3306 Vetnrn
1253 3243 1395 3305 Anrenm
1417 3243 1542 3308 diaconi
1564 3244 1756 3323 cardinatis,
1784 3247 1938 3326 nepotinm
1963 3246 2093 3310 illorum

433 3353 470 3416 dc
492 3350 699 3427 Lembordin,
727 3347 869 3412 moretoin
894 3346 1028 3410 Treoisii
1056 3349 1085 3408 et
1113 3345 1302 3410 Romaniota
1334 3350 1398 3410 torn
1424 3367 1519 3426 snper
1547 3349 1719 3411 detentione
1747 3347 1901 3428 repotinm
1930 3367 2026 3428 qnam
2054 3348 2093 3411 de

436 3454 617 3536 praeteritis
639 3451 813 3516 excessibus
829 3449 1010 3530 provisioni
1031 3449 1145 3510 somni
1160 3449 1323 3529 pontificis
1345 3453 1374 3511 et
1395 3450 1538 3514 ecclesiae
1560 3449 1722 3514 Romanae
1745 3450 1913 3516 conemittit.

1779 3555 1873 3631 1234,
1895 3552 2002 3632 April.

538 3642 620 3709 (ἔτερ.
638 3640 685 3692 ΙΧ
701 3639 766 3707 Req.
791 3638 847 3691 Vol.
866 3638 918 3700 IV,
937 3638 1004 3701 1765
1022 3634 1085 3688 Lib.
1110 3637 1189 3698 VIII,
1208 3638 1253 3688 47.
2144 3655 2171 3694 25

539 3726 781 3793 Ebisma-Fictor,
800 3724 868 3792 Περ.
887 3722 968 3777 mio.
987 3725 1029 3787 II,
1046 3738 1072 3773 n.
1091 3725 1174 3776 2042.

1054 3934 1465 3942 ——————-—-———

1219 4139 1306 4211 581.

543 4255 734 4366 (ireneias
759 4279 816 4344 IX
842 4299 932 4360 popo
958 4281 1128 4344 rectoribus
1155 4279 1310 4343 societatis
1336 4279 1545 4344 Lornborotioe
1573 4283 1718 4362 nnntcot,
1749 4284 1965 4366 imperatorem
1994 4286 2093 4347 totum

433 4389 605 4473 nepotinm,
638 4384 720 4466 qnod
747 4385 830 4447 inter
859 4383 961 4462 ipsum
988 4387 1018 4446 et
1044 4382 1182 4446 domines
1203 4381 1426 4462 Lnnbordioe,
1459 4384 1627 4449 Moechiae
1655 4391 1685 4449 ct
1704 4385 1912 4452 Romaniclae
1940 4390 2091 4464 uertertnr,

435 4489 631 4560 ordinationi
653 4488 795 4552 ecelesiae
817 4486 1022 4566 commisisse5
1043 4485 1175 4549 mandet
1199 4485 1247 4563 iis,
1269 4490 1305 4548 nt
1326 4489 1355 4550 st
1376 4487 1457 4551 idem
1480 4490 1586 4567 velint,
1608 4489 1663 4554 boe
1684 4490 1746 4554 sibi
1765 4491 1919 4554 intiment.

539 4659 620 4727 (ἕως.
640 4657 690 4711 IX
705 4656 775 4725 Req.
797 4656 855 4712 Vel.
874 4655 927 4723 IV,
944 4659 1011 4718 179‚·
1031 4655 1094 4710 Lib.
1115 4655 1202 4722 VIII,
1221 4659 1267 4710 58.
1750 4596 1845 4671 1234,
1865 4593 1949 4660 Mac.
1972 4596 2004 4655 4.
2146 4625 2174 4663 ω

854 4834 1123 4908 Rectoribus
1150 4833 1380 4907 societatis
1406 4835 1677 4911 Lombardie.

543 4983 722 5050 Prudentis
745 4990 854 5048 vestre
886 4982 1059 5070 scripsisse
1083 4984 1274 5062 recolimus,
1308 4984 1395 5068 quod
1424 4985 1465 5049 ad
1494 4985 1687 5072 petitionem
1711 4985 1871 5049 carissimi
1902 4986 1936 5049 in
1959 4984 2091 5050 Christo

433 5090 494 5155 filii
524 5089 627 5153 nostri
649 5087 826 5166 Friderici,
858 5087 1079 5151 Romanorum
1109 5087 1316 5174 imperatoris
1349 5109 1480 5174 semper
1503 5091 1634 5172 augusti
1658 5096 1738 5168 eta,
1769 5089 1824 5172 qui
1848 5109 1883 5151 se
1906 5093 2094 5174 promptum

434 5192 653 5280 beneplacitis
688 5191 828 5255 ecclesie
863 5197 896 5254 et
930 5197 1078 5276 paratum
1112 5189 1153 5253 ad
1188 5190 1424 5254 correctionem
1458 5192 1618 5272 omnium,
1657 5213 1720 5276 que
1754 5212 1814 5276 per
1847 5190 1979 5254 nuntios
2014 5211 2092 5253 suos
2146 5225 2173 5264 ,5

433 5301 625 5385 presumpta
647 5301 761 5359 contra
782 5294 919 5358 formam
942 5292 1055 5379 pacis²
1080 5294 1279 5369 existerent,
1312 5293 1517 5377 exponebat,
1551 5294 1634 5358 duos
1667 5316 1710 5358 ex
1732 5293 1886 5357 fratribus
1908 5292 2028 5356 nostris
2050 5291 2095 5356 ad

435 5399 506 5463 eius
529 5398 731 5484 presentiam
752 5398 973 5477 mitteremus,
1002 5397 1096 5462 vobis
1126 5395 1335 5484 postmodum
1363 5417 1426 5480 que
1457 5419 1555 5484 super
1584 5397 1754 5484 premissis
1783 5396 1855 5460 fieri
1886 5396 2094 5480 contingeret

1875 5553 1985 5564 ..m--

537 5658 564 5729 1)
585 5656 628 5729 os.
646 5673 673 5712 e.
693 5661 755 5714 529.
825 5659 853 5730 e>
871 5673 897 5714 n.
918 5660 978 5716 531.
