4524 6412
956 389 1004 443 EX
1022 387 1179 466 HONOR-Il
1197 388 1236 441 ΠΙ
1255 387 1434 441 REGIS'I'RO

1157 653 1241 725 330.

481 771 648 874 Litterae,
671 819 750 881 qnos
772 795 935 860 Honorias
957 794 1023 858 ΙΙΙ
1035 814 1127 873 popo
1148 791 1312 857 Fridcriec
1334 792 1548 854 ltonnnmrnrn
1570 791 1753 870 imperator-i
1776 791 1967 867 transmisit,
1990 793 2025 851 nt

371 903 540 968 secundnm
562 906 697 966 tenorem
718 921 827 965 mrum
845 917 955 980 pacem
975 917 1045 962 cant
1066 896 1207 960 societate
1229 895 1436 958 Lornbnrdioc
1454 895 1582 980 faceret.
1642 939 1647 950 .

472 1023 547 1076 Hon.
565 1023 620 1074 ΙΙΙ
634 1021 700 1088 aer.
718 1020 780 1078 nir.
801 1019 856 1084 XI,
875 1021 935 1072 444.

477 1107 677 1170 Winlrelnmnn,
696 1109 767 1162 Acta
783 1105 849 1174 imp.
867 1104 939 1158 incd.
954 1121 984 1174 p.
1003 1105 1067 1165 263,
1085 1119 1112 1155 n.
1131 1104 1197 1154 288.

371 1297 524 1372 Forma
545 1297 805 1388 litterarum,
830 1319 938 1390 quas
961 1295 1160 1369 dominus
1184 1294 1432 1368 Fridericus
1454 1295 1689 1386 imperator
1712 1295 1834 1368 debet
1858 1291 2035 1380 mittero

492 1419 751 1492 rectoribus
779 1417 1010 1492 societatis
1037 1415 1316 1502 Lombardie,
1344 1413 1533 1488 Marchie
1561 1421 1603 1488 et
1631 1413 1899 1488 Romaniole.

478 1548 673 1614 Fredericus
697 1555 760 1614 etc.
784 1548 937 1615 fidelibus
961 1550 1027 1612 suis
1051 1547 1231 1612 rectoribus
1255 1547 1422 1611 societatis
1444 1546 1653 1628 Lombardie,
1676 1546 1821 1611 Marchie
1850 1553 1884 1610 et
1906 1544 2026 1608 Roma·

372 1651 459 1716 niole
483 1658 516 1716 et
539 1652 599 1715 toti
622 1652 730 1718 eidem
761 1653 911 1717 societati
941 1652 1078 1735 gratiam
1108 1672 1199 1714 suam
1218 1657 1263 1721 ,et
1292 1650 1411 1714 bonam
1435 1651 1646 1714 voluntatem.
1692 1648 1834 1714 Causam
1864 1647 2026 1714 discordie

372 1775 477 1839 nuper
505 1755 591 1820 inter
625 1776 684 1819 nos
715 1761 749 1819 et
781 1776 840 1819 vos
876 1760 962 1832 orte,
997 1754 1073 1839 quia
1106 1753 1280 1817 videbatur
1310 1752 1578 1838 impedimentum
1608 1753 1725 1818 afferre
1757 1752 1890 1837 negotio
1925 1750 2025 1814 Terre

375 1857 516 1935 Sancte,
555 1857 589 1921 in
621 1857 827 1943 providentia
859 1863 893 1922 et
924 1856 1138 1943 dispositione
1172 1856 1293 1920 domini
1327 1877 1411 1941 pape
1449 1877 1487 1920 ac
1524 1857 1659 1920 fratrum
1694 1877 1825 1920 snorum
1859 1854 2027 1942 posuimus

374 1959 537 2026 absolute.
581 1959 704 2024 Eorum
728 1961 827 2046 igitur
849 1960 1035 2046 provisione
1067 1981 1166 2045 super
1192 1959 1255 2024 hoc
1284 1960 1414 2045 plenius
1446 1960 1630 2040 intellecta,
1661 1982 1720 2046 pro
1744 1960 1930 2024 reverentia
1950 1959 2029 2023 Iesu

374 2062 497 2128 Christi
527 2069 561 2128 ct
591 2064 694 2151 ipsius
723 2063 825 2129 Terre
858 2062 978 2128 Sancte
1009 2063 1141 2147 negotio
1172 2063 1264 2126 vobis
1294 2063 1457 2127 universis
1487 2069 1521 2127 et
1549 2063 1688 2148 singulis
1723 2063 1763 2128 de
1793 2063 1906 2127 innata
1933 2062 2028 2127 nobis

374 2167 551 2231 clementia
573 2167 769 2231 remittimus
793 2186 922 2230 omnem
946 2185 1134 2245 rancorem,
1158 2165 1429 2245 malivolentiam,
1452 2165 1588 2230 iniurias
1612 2173 1646 2230 et
1670 2167 1831 2246 offensas,
1856 2166 2028 2250 omniaque

374 2267 494 2349 banna,
517 2269 778 2349 constitutiones,
803 2269 984 2334 sententias
1008 2276 1043 2332 et
1065 2267 1303 2348 ordinamenta,
1327 2290 1389 2354 que
1414 2268 1549 2333 fecimus
1573 2269 1627 2344 vel
1649 2269 1864 2355 imposuimus
1887 2290 1947 2355 per
1969 2289 2029 2332 nos

373 2373 426 2437 vel
449 2372 640 2458 paralium,
663 2373 789 2436 aliusve
810 2393 869 2458 pro
885 2370 990 2452 nobis,
1008 2371 1158 2437 societati
1173 2377 1282 2436 vestre
1307 2392 1367 2435 seu
1386 2371 1486 2435 alicui
1501 2371 1541 2436 de
1562 2371 1720 2437 societate
1736 2371 1817 2458 ipsa,
1841 2371 2028 2436 civitatibus
2097 2397 2108 2432 s

266 2507 270 2512 ·
374 2481 409 2540 et
431 2476 581 2562 personis
605 2473 769 2555 eiusdem,
793 2481 827 2539 et
849 2495 1053 2560 quecumque
1077 2496 1120 2538 ex
1143 2475 1191 2539 eis
1214 2476 1267 2539 vel
1291 2475 1333 2538 ob
1356 2487 1396 2540 ea
1418 2481 1531 2540 secuta
1554 2484 1642 2556 sunt,
1671 2477 1802 2562 penitus
1824 2497 2029 2555 revocamus,

373 2584 407 2644 et
430 2579 619 2665 specialiter
646 2577 912 2642 constitutionem
942 2578 1061 2642 laetam
1089 2577 1129 2643 da
1162 2578 1269 2642 studio
1299 2585 1332 2644 et
1365 2579 1572 2643 studentibus
1594 2578 1761 2659 Bononia,
1792 2579 1964 2645 universos
1996 2585 2030 2642 ot

374 2682 538 2766 singulos,
562 2681 617 2766 qui
640 2681 811 2746 occasione
835 2679 973 2744 alicuius
997 2680 1218 2766 predictorum
1239 2681 1300 2745 lesi
1324 2681 1493 2760 videntur,
1517 2683 1729 2748 restituentes
1752 2683 1785 2746 in
1808 2683 1972 2767 integrum
1995 2682 2029 2744 in

375 2783 525 2848 omnibus
549 2790 582 2848 et
603 2805 664 2870 per
687 2783 796 2847 omnia
818 2804 877 2847 suo
902 2784 1001 2847 statui
1025 2791 1123 2869 atque
1147 2784 1250 2864 fame,
1282 2784 1478 2848 remittendo
1502 2783 1668 2848 infamiam
1691 2806 1821 2850 omnem
1845 2792 1879 2850 et
1900 2806 2028 2872 penam,

374 2907 437 2971 que
461 2893 573 2951 secute
597 2892 673 2950 sunt
696 2907 738 2950 ex
761 2886 870 2972 aliquo
894 2886 1129 2972 predictorum,
1159 2887 1205 2950 ita
1228 2887 1314 2972 qnod
1344 2909 1384 2952 ea
1407 2910 1469 2973 que
1493 2910 1553 2973 per
1576 2910 1633 2952 eos
1653 2888 1761 2952 medio
1785 2895 1933 2974 tempore
1955 2894 2030 2951 acta
2082 2929 2087 2936 -

374 2995 459 3071 sunt,
483 2987 775 3054 nonobstantibus
799 2989 1005 3076 supradictis,
1030 2989 1128 3053 robur
1151 2991 1330 3070 obtineant,
1355 2989 1441 3075 quod
1464 2991 1545 3055 alias
1570 2990 1751 3056 debuerant
1774 2990 1932 3056 obtinere.
1977 2989 2031 3052 Ad

375 3093 435 3158 hec
459 3092 624 3169 civitates,
647 3093 721 3157 loca
743 3100 777 3158 et
800 3115 958 3180 personas
981 3101 1107 3159 vestras
1131 3095 1306 3180 recipimus
1330 3095 1364 3158 in
1386 3102 1497 3159 nostre
1521 3096 1626 3180 gratie
1649 3095 1902 3182 plenitudinem,
1926 3102 1960 3159 et
1982 3095 2030 3159 eis

375 3194 540 3260 reddimus
563 3194 689 3259 firmam
711 3217 826 3282 pacem
850 3205 883 3262 et
906 3197 1093 3283 specialiter
1116 3197 1297 3261 marchioni
1320 3196 1442 3260 Montis
1466 3198 1589 3278 ferrati,
1612 3197 1809 3280 Mediolano,
1832 3198 2030 3276 Plecentie⁸,

375 3297 555 3379 Vercellis,
578 3297 744 3380 Bononie,
766 3298 942 3380 Faventia,
967 3299 1184 3380 Alexandria,
1208 3299 1366 3380 Taurino,
1389 3300 1520 3383 Laude,
1542 3301 1714 3387 Pergamo,
1738 3302 1862 3384 Brixia,
1885 3301 2030 3380 Mantua,

376 3401 520 3484 Verona,
542 3401 666 3483 Padue,
690 3402 876 3483 Vincentia,
900 3403 1060 3483 Tarvisio,
1084 3402 1212 3484 Creme,
1240 3403 1391 3467 Ferraria
1422 3411 1455 3468 et
1478 3404 1650 3469 comitibus
1673 3404 1714 3470 de
1737 3405 1916 3469 Blandrato
1939 3404 2029 3468 aliis·
2083 3437 2109 3474 rs

376 3525 439 3590 que
462 3506 544 3570 locis
568 3512 602 3572 et
623 3506 773 3593 personis
803 3504 1005 3590 quibuslibet
1036 3506 1204 3570 societatis
1235 3505 1393 3570 eiusdem.
1439 3507 1613 3573 Faciemus
1637 3509 1737 3572 etiam
1765 3509 1894 3573 restitui
1918 3513 2031 3593 captos

377 3609 548 3674 occasione
571 3609 718 3696 predicte
741 3607 904 3673 discordie
929 3629 1002 3672 curn
1026 3609 1122 3672 bonis
1152 3609 1238 3689 suis,
1269 3631 1307 3674 ac
1336 3610 1401 3674 alia
1428 3632 1491 3696 que
1522 3611 1694 3676 occasione
1723 3610 1908 3675 huiusmodi
1936 3617 2033 3696 capta

378 3717 454 3775 sunt
477 3712 530 3777 vel
552 3710 696 3776 detenta.
740 3711 880 3798 Insuper
902 3711 1061 3776 faciemus
1092 3712 1163 3776 fieri
1190 3719 1343 3798 patentes
1372 3714 1498 3778 litteras
1529 3735 1572 3778 ex
1599 3720 1692 3801 parte
1715 3715 1774 3779 filii
1795 3715 1914 3794 nostri,
1945 3713 2031 3799 quod

376 3836 492 3901 paoem
515 3821 548 3879 et
570 3814 776 3880 concordiam
799 3815 896 3879 istam
919 3820 1022 3878 ratam
1046 3821 1080 3880 et
1101 3816 1227 3879 firmam
1250 3815 1403 3896 habebit,
1437 3816 1589 3901 quodque
1614 3818 1760 3882 remittet
1782 3816 1877 3882 vobis
1901 3837 2030 3882 omnem

377 3939 556 3998 rancorem,
578 3918 844 3998 malivolentiam,
866 3919 1000 3983 iniurias
1017 3927 1051 3984 et
1074 3919 1227 3983 offensas.
1273 3918 1326 3982 Ad
1342 3921 1474 4005 plenam
1490 3928 1600 3985 autem
1620 3921 1847 3985 certitudinem
1862 3920 1959 3985 huius
1981 3921 2030 3986 rei
2081 3949 2108 3988 so

377 4027 550 4107 presentes
571 4021 699 4086 litteras
728 4022 820 4085 iuxta
847 4022 951 4108 ipsius
974 4021 1097 4086 domini
1120 4021 1224 4108 papeb
1245 4022 1487 4109 beneplacitum
1512 4023 1584 4088 fieri
1612 4024 1766 4089 iussimus
1790 4031 1824 4090 et
1851 4024 2032 4090 maiestatis

377 4131 488 4191 nostre
512 4125 640 4211 typario
663 4125 814 4209 insigniri
828 4127 849 4189 ¹.

485 4245 525 4309 In
548 4244 688 4310 eundem
710 4245 842 4310 modum
865 4245 965 4311 debet
988 4247 1088 4311 scribi
1111 4246 1241 4311 domino
1265 4266 1349 4332 pape
1372 4246 1483 4310 verbis
1507 4254 1734 4334 competenter
1756 4248 1901 4314 mutatis.

1167 4663 1251 4735 331.

491 4770 679 4865 Honoras
699 4800 767 4866 III
787 4822 876 4882 papa
897 4803 1066 4867 rectoribus
1096 4803 1250 4867 socmtntis
1271 4803 1480 4866 Lonrbnrdtne
1509 4802 1662 4877 declarat,
1691 4801 1773 4882 quod
1798 4803 1828 4864 si
1849 4801 2034 4866 Fridert'cas

378 4906 593 4972 Romanorum
614 4905 785 4986 imperator
806 4923 871 4968 non
900 4909 1056 4984 transeat,
1085 4906 1223 4970 transire
1249 4925 1313 4970 non
1339 4909 1505 4970 mereantur
1526 4907 1590 4966 400
1612 4904 1743 4984 auilites,
1775 4925 1851 4987 qnos
1878 4925 1938 4985 pro
1962 4904 2033 4969 snb
2084 4929 2111 4968 ss

378 5009 459 5075 sidio
484 5010 601 5076 Terrae
623 5009 759 5076 Sanan
780 5008 857 5072 dara
879 5007 1019 5074 debeant.
1701 5010 1795 5089 1227,
1819 5007 1893 5072 Ian.
1917 5008 1948 5075 5.

483 5129 557 5184 Hoc.
576 5131 631 5183 ΙΙΙ
644 5130 712 5201 Rep.
736 5129 793 5182 Vol.
818 5127 848 5195 V,
866 5132 921 5182 157
924 5146 935 5194 ,·
952 5127 1014 5183 Irib.
1033 5129 1088 5192 XI,
1107 5131 1166 5182 441.

483 5215 619 5280 Potttnst,
638 5215 707 5284 Bep.
725 5214 798 5268 Adri.
817 5214 843 5283 I,
863 5217 1087 5268 roera-aoror.

487 5461 509 5524 ¹)
525 5461 563 5512 ito
580 5460 613 5511 Β.
697 5459 720 5528 b)
738 5477 803 5528 papa
821 5460 889 5512 deest
907 5459 935 5510 ia
953 5459 986 5509 a.

483 5597 509 5664 1)
530 5595 575 5650 De
591 5597 630 5651 its
647 5595 677 5650 in
695 5595 795 5666 quibus
813 5597 880 5650 haec
898 5595 992 5664 sonno
1010 5601 1036 5649 et
1053 5594 1162 5650 litterae
1179 5611 1205 5648 α.
1223 5599 1302 5662 1227,
1321 5593 1402 5647 Febr.
1420 5597 1435 5646 1
1450 5609 1544 5664 popae
1562 5595 1587 5647 et
1604 5591 1770 5650 namnam
1786 5590 1887 5646 missac
1905 5591 1945 5664 [a.
1964 5594 2033 5662 340]
2086 5610 2113 5649 so

380 5681 522 5752 rimarunt,
540 5682 577 5751 cs.
602 5681 793 5736 Wintelmann
810 5681 828 5736 l.
846 5695 869 5734 c.
886 5687 942 5736 not.
