4576 6390
1022 420 1070 476 EX
1089 420 1264 476 cardoun
1282 421 1321 474 lx
1339 417 1519 474 REGIS'I'RO

977 708 985 726 .
1015 709 1024 728 .
1053 651 1264 743 episcopo
1291 649 1564 724 Placentino,

548 801 664 867 Doluit
687 810 720 868 et
735 803 825 868 dolet
847 803 997 880 ccclesia,
1020 801 1107 886 quod
1129 801 1334 865 inconsutilis
1356 801 1458 865 vestis
1478 799 1610 880 Christi,
1634 801 1686 866 cui
1707 821 1822 864 manus
1839 799 2105 884 crucifigentium

441 912 677 992 pepercerunt,
707 927 767 992 per
798 925 855 970 eos
884 905 1061 991 rumpitur,
1095 905 1150 989 qui
1184 925 1258 968 eum
1289 903 1322 966 in
1345 904 1502 967 membris
1526 903 1594 967 suis
1618 904 1737 968 iterum
1762 904 1967 990 crucifigunt.
2014 902 2105 967 Ecce

270 1025 329 1068 rsa.
344 1028 425 1076 roasa
442 1009 589 1094 reptilia,
620 1029 756 1094 quorum
779 1030 844 1073 non
868 1015 919 1072 est
941 1029 1114 1086 numerus,
1144 1029 1207 1092 qus
1231 1007 1309 1071 olim
1330 1007 1363 1070 in
1386 1008 1521 1092 pulvere
1544 1007 1731 1088 latitabant,
1761 1029 1845 1072 nuno
1870 1009 2050 1092 insurgunt
2073 1008 2105 1069 in

443 1111 528 1176 facie
562 1117 596 1176 et
630 1111 792 1176 catholice
825 1110 902 1176 fidei
936 1117 1066 1198 apertas
1101 1111 1238 1174 insidias
1272 1110 1459 1174 moliuntur.
1504 1110 1671 1175 Animalia
1706 1132 1833 1196 quoque
1868 1113 2006 1198 pusilla,
2040 1131 2104 1194 que

291 1213 425 1310 0133ὲρξῇ
444 1215 585 1279 latenter
607 1215 737 1280 vineam
759 1214 893 1278 Domini
921 1221 1160 1279 consueverant
1183 1214 1349 1292 demoliri,
1381 1235 1467 1278 nunc
1494 1235 1637 1279 messem
1661 1213 1725 1278 Dei
1754 1215 1880 1280 facibus
1913 1215 1957 1280 ad
1980 1214 2105 1279 caudas

284 1343 426 1392 rsuram.
444 1318 554 1403 ligatis
576 1324 729 1404 patenter
752 1324 944 1394 excurrunt;
976 1327 1009 1384 et
1036 1340 1101 1384 non
1132 1320 1216 1383 sicut
1243 1319 1369 1383 catulus
1400 1319 1505 1383 leonis
1534 1319 1568 1381 in
1591 1317 1710 1382 abditis
1740 1317 1906 1398 habitant,
1942 1325 1994 1383 set
2019 1319 2107 1382 sicut

298 1422 496 1488 lob.4o,1⁸.le0
520 1427 653 1507 paratus
677 1420 719 1484 ad
741 1421 875 1508 predam
898 1421 1038 1505 querunt
1061 1443 1142 1506 quos
1164 1421 1340 1502 devorent,
1374 1428 1533 1508 concepta
1562 1421 1683 1485 fiducia
1705 1422 1792 1506 quod
1815 1421 1968 1487 Iordanis
2001 1424 2038 1486 in
2069 1445 2105 1487 os

445 1526 559 1591 influat
581 1525 770 1592 eorundem.
817 1525 902 1590 Sane
927 1547 969 1590 ex
992 1532 1120 1590 tuarum
1142 1527 1323 1590 litterarum
1348 1533 1463 1592 tenore
1486 1527 1582 1591 nobis
1605 1527 1762 1604 innotuit,
1793 1524 1879 1610 quod
1902 1548 1978 1590 cum
2001 1525 2107 1591 frater

445 1629 484 1694 R.
515 1630 637 1694 ordinis
671 1630 807 1694 fratrum
835 1629 1082 1694 Predicatorum
1116 1629 1158 1694 ad
1191 1630 1424 1694 conterendum
1460 1637 1558 1716 caput
1585 1631 1765 1715 reptilium,
1799 1630 1915 1714 vulpes
1948 1629 2104 1713 parvulas

300 1750 428 1803 maara.
447 1731 622 1818 capiendas
655 1739 688 1796 et
716 1734 876 1816 rugientis
905 1734 1010 1797 leonis
1045 1735 1196 1798 maxillas
1225 1735 1259 1798 in
1287 1734 1380 1798 freno
1409 1732 1610 1798 cohibendas
1640 1739 1674 1796 et
1703 1753 1812 1811 camo,
1846 1753 1887 1796 ne
1917 1733 2107 1796 lacerarent

446 1836 584 1899 ulterius
607 1842 733 1900 vestem
758 1834 896 1915 Christi,
929 1837 1147 1921 personaliter
1173 1836 1376 1900 Placentiam
1406 1837 1619 1914 accessisset,
1650 1842 1683 1900 et
1713 1835 1865 1900 universo
1893 1835 2017 1921 populo
2041 1835 2105 1898 loci

447 1938 596 2003 eiusdem
619 1940 833 2003 communiter
855 1937 1014 2002 advocato
1038 1959 1076 2002 ao
1098 1939 1200 2003 verbo
1216 1938 1281 2003 Dei
1303 1938 1345 2002 ad
1368 1937 1608 2003 edificationem
1626 1939 1808 2002 animarum
1824 1939 1993 2024 proposito
2018 1938 2107 2002 inter

447 2063 514 2121 eos,
538 2041 678 2125 quedam
701 2092 709 2107 .
733 2090 741 2105 .
764 2042 919 2127 potestati
942 2040 1139 2106 Placentino
1163 2062 1261 2127 super
1283 2040 1494 2127 profligandis
1517 2041 1672 2105 hereticis
1696 2041 1910 2122 iniunxisset,
1933 2040 1974 2106 de
1998 2040 2106 2126 ipsius

446 2145 620 2230 potestatis
644 2145 853 2209 conniventia
875 2150 911 2208 ut
934 2144 1053 2208 dicitur
1077 2150 1110 2208 et
1133 2144 1244 2208 favore
1274 2143 1412 2208 heretici
1436 2151 1470 2208 et
1492 2143 1636 2208 fautores
1660 2143 1806 2229 ipsorum
1830 2143 1865 2207 in
1891 2149 1943 2224 te,
1976 2144 2105 2207 clerum

446 2247 675 2313 Placentinum
699 2255 732 2313 et
755 2247 878 2312 dictum
901 2248 1035 2312 fratrem
1049 2246 1088 2312 R.
1106 2253 1139 2312 et
1161 2248 1244 2312 alios
1267 2248 1441 2332 religiosos
1464 2248 1551 2311 viros
1569 2245 1746 2311 crudeliter
1766 2247 1939 2326 irruentes,
1964 2245 2108 2311 eundem

300 2359 346 2402 101³·
362 2364 428 2412 ωδ·
446 2350 579 2416 fratrem
605 2357 638 2415 et
661 2350 819 2436 quosdam
842 2352 924 2415 alios
949 2351 1120 2436 religiosos
1145 2350 1263 2435 gladiis
1287 2357 1321 2415 et
1343 2349 1507 2436 lapidibus
1530 2351 1759 2429 vulnerarunt,
1783 2355 1816 2414 et
1838 2354 1935 2434 prout
1958 2348 2109 2413 dolorem

447 2461 683 2539 conceperant,
714 2455 920 2539 iniquitatem
954 2455 1103 2540 protinus
1133 2460 1344 2541 pepererunt.
1389 2452 1499 2527 Quare
1529 2459 1564 2516 tu
1594 2459 1758 2536 tamquam
1790 2452 1913 2516 zelator
1942 2452 2109 2516 catholice

447 2556 523 2621 fidei
551 2557 716 2621 civitatem
747 2557 972 2623 Placentinam
1001 2557 1175 2622 interdicto
1207 2558 1432 2623 ecclesiastico
1457 2556 1642 2636 subiecisti,
1675 2563 1708 2620 et
1737 2577 1780 2620 ex
1807 2577 1847 2620 ea
1875 2554 1954 2618 dicti
1986 2554 2109 2618 fratres

448 2659 677 2726 Predicatores
701 2661 851 2746 protinus
875 2669 1035 2726 exeuntes
1057 2668 1274 2726 memoratum
1296 2661 1431 2734 fratrem
1453 2661 1493 2724 R.
1518 2660 1712 2725 semivivum
1736 2658 1854 2723 exinde
1879 2657 2107 2743 deportarunt.
2159 2707 2169 2718 .

451 2761 558 2849 Super
590 2785 653 2849 quo
685 2765 831 2829 universi
863 2766 952 2829 cives
982 2765 1046 2829 loci
1075 2765 1223 2829 eiusdem
1255 2764 1368 2828 doloro
1397 2763 1551 2828 commoti
1584 2762 1759 2826 nominatis
1789 2761 1882 2826 fratri
1904 2761 1944 2826 R.
1969 2767 2002 2824 et
2034 2761 2109 2824 aliis

449 2865 606 2931 fratribus
634 2865 802 2932 humiliter
831 2868 1071 2954 supplicarunt,
1106 2874 1142 2931 ut
1175 2888 1380 2952 nequaquam
1411 2865 1531 2931 exinde
1563 2865 1756 2930 recederent
1784 2872 1819 2929 et
1847 2863 2111 2929 satisfactionem

452 2990 550 3056 super
581 2990 722 3034 excessu
748 2971 908 3056 premisso
940 2970 1125 3056 reciperent
1147 2977 1392 3055 congruentem.
1437 2969 1561 3034 Verum
1587 2968 1693 3032 dictus
1717 2968 1875 3053 magister
1896 2967 1953 3048 R,
1985 2968 2046 3051 qui
2068 2966 2111 3030 ad

449 3071 610 3136 redditum
634 3072 784 3137 inclinari
807 3094 872 3137 non
896 3074 1018 3160 potuit,
1049 3074 1252 3138 antedictum
1276 3080 1474 3160 potestatem
1499 3079 1533 3137 et
1561 3073 1643 3136 alios
1674 3072 1770 3135 huius
1794 3070 1928 3135 sceleris
1953 3070 2110 3134 commis-

451 3197 542 3239 sores
566 3175 638 3261 capi
661 3183 695 3240 et
718 3175 858 3240 detineri
874 3179 1023 3263 precepit
1045 3199 1149 3262 usque
1173 3177 1214 3242 ad
1237 3185 1347 3243 nostre
1364 3177 1606 3262 beneplacitum
1623 3175 1814 3248 voluntatis;
1838 3175 1930 3238 cuius
1948 3172 2104 3237 mandato
2158 3197 2181 3236 ss

451 3279 530 3343 dicti
562 3278 652 3343 cives
685 3279 852 3345 humiliter
885 3281 1123 3366 obsequentes,
1159 3288 1356 3367 potestatem
1391 3287 1424 3344 et
1459 3280 1542 3344 alios
1574 3279 1690 3362 viginti
1724 3284 1862 3363 quatuor
1895 3277 1992 3341 huius
2025 3299 2102 3340 reos

451 3382 585 3447 sceleris
609 3382 792 3467 capientes,
824 3391 879 3450 tue
903 3386 1092 3450 interventu
1116 3371 1345 3448 sollicitudinis
1370 3384 1517 3469 captivos
1541 3383 1695 3446 carcerali
1720 3381 1869 3446 custodie
1892 3379 2101 3445 tradiderunt

449 3485 519 3549 Nos
554 3485 654 3568 igitur
686 3484 762 3550 fidei
797 3493 852 3552 tue
887 3488 993 3552 zelum
1029 3487 1137 3572 dignis
1171 3487 1206 3550 in
1238 3486 1380 3550 Domino
1417 3485 1568 3550 laudibus
1603 3483 1868 3568 commendantes
1903 3483 2110 3558 mandamus,

451 3587 740 3678 quatinusdiotos
774 3591 922 3676 captivos
958 3590 1083 3655 faciens
1119 3590 1180 3654 sub
1215 3596 1332 3655 exacta
1362 3611 1441 3653 cura
1475 3589 1615 3667 servari,
1651 3609 1693 3652 ne
1729 3588 1892 3652 evasionis
1928 3587 2112 3671 surripiant

450 3690 656 3772 facultatem,
680 3713 751 3772 eos,
776 3692 879 3757 donec
902 3693 962 3757 tibi
985 3693 1062 3779 quid
1086 3714 1184 3778 super
1206 3693 1267 3757 hoo
1291 3693 1387 3757 nobis
1410 3693 1541 3778 placcat
1565 3692 1799 3770 rescribamus,
1823 3689 1980 3754 custodiri
2004 3688 2109 3754 facias
2161 3712 2185 3750 a

451 3795 636 3879 diligenter,
660 3802 694 3860 et
715 3796 945 3861 nichilominus
968 3797 1108 3882 vigilans
1133 3798 1179 3861 sio
1202 3796 1392 3884 prudenter,
1424 3797 1470 3860 sic
1494 3796 1635 3860 sollicite
1659 3796 1790 3881 plebem
1814 3793 1875 3858 tibi
1897 3792 2110 3857 commissam

451 3897 632 3978 custodias,
666 3920 725 3980 ne,
754 3898 832 3963 dum
860 3901 915 3983 qui
947 3921 1025 3965 oves
1056 3907 1211 3987 putantur
1241 3907 1473 3966 convertantur
1501 3900 1536 3962 in
1565 3899 1679 3984 lupos,
1709 3919 1787 3962 oves
1817 3903 1890 3960 tuas
1922 3895 2053 3980 rapiant
2077 3903 2113 3960 ct

452 4001 643 4087 dispergant
654 4002 674 4065 ¹.
806 3995 813 4009 '

560 4121 637 4186 Dat.
661 4122 825 4206 Anagnis,
848 4121 962 4186 Idibus
987 4122 1151 4203 Octobris,
1175 4146 1261 4189 anno
1285 4124 1435 4210 septimo.

1074 4415 1485 4422 -——-—-—.---—-————

1241 4689 1325 4762 557.

567 4823 685 4916 Duce
715 4848 862 4931 epistolae
894 4847 1040 4930 Gregorii
1067 4847 1124 4911 IX
1148 4867 1251 4928 papae
1284 4848 1319 4925 1)
1347 4845 1391 4909 ad
1415 4845 1630 4931 mmmmm]
1661 4847 1875 4928 lantcravium
1907 4846 2114 4929 Tharinpiac,
2166 4881 2191 4920 a

456 4979 545 5040 qoem
562 4959 693 5037 proptor
714 4954 781 5018 cius
802 4953 990 5017 devotionem
1016 4971 1090 5033 erpo
1120 4951 1220 5015 sedem
1241 4951 1443 5030 apostolicam
1464 4949 1521 5014 sub
1539 4949 1728 5030 protectione
1751 4969 1812 5013 soa
1833 4949 1976 5030 suscipiat,
2009 4953 2049 5032 2)
2072 4951 2117 5014 ad

455 5060 657 5147 [Conradam
679 5056 739 5142 Π]
761 5057 936 5138 cyriscopum
957 5053 1255 5132 Hildcshcmcascm,
1288 5055 1339 5117 cai
1360 5053 1415 5118 hoc
1436 5053 1579 5130 nuntiat,
1607 5052 1830 5116 manducans
1857 5073 1927 5115 eam
1953 5053 2116 5116 molestari

449 5164 621 5246 permittat.

1651 5243 1745 5319 1233,
1771 5240 1836 5307 Oct.
1858 5243 1901 5304 20
1922 5243 1951 5304 ct
1972 5241 2025 5303 23.

561 5332 644 5405 (freq.
663 5333 713 5386 IX
730 5331 800 5402 Reg.
820 5329 879 5386 Vol.
899 5327 953 5398 IV,
972 5332 1022 5397 92;
1040 5328 1101 5384 Lib.
1125 5328 1191 5392 VII,
1211 5331 1265 5381 324
1282 5329 1307 5381 a
1325 5329 1389 5380 326.
2141 5343 2169 5383 40

1967 5485 2002 5492 —-

561 5608 587 5673 1)
606 5605 652 5660 De
669 5605 720 5658 hac
741 5620 772 5658 re
790 5605 826 5672 cs.
845 5604 926 5659 etiam
945 5603 1006 5658 Iob.
1025 5604 1058 5658 de
1077 5603 1182 5660 Massia
1201 5602 1249 5657 SS.
1267 5600 1392 5666 XVIII,
1414 5617 1444 5678 p.
1467 5604 1520 5654 454
1537 5573 1593 5653 aot.
1613 5602 1649 5670 **‚
1671 5606 1698 5654 et
1721 5600 1924 5672 ll'r'atelmaaa,
1948 5600 2019 5652 Aeto
2041 5599 2116 5671 Imp.

455 5695 528 5752 ised.
543 5710 575 5766 p.
595 5693 747 5758 513-516,
764 5706 790 5746 a.
812 5692 971 5752 635-639.
