4576 6390
412 389 487 450 ’434
744 414 746 418 ·
1003 381 1051 436 EX
1072 379 1248 436 GREGORH
1265 380 1304 434 IX
1322 379 1504 435 REGIS'I'RO

426 559 481 645 qui
503 557 641 623 Iudeum
664 578 738 622 cum
760 554 973 621 Madianitide
996 577 1062 620 uno
1083 555 1226 640 pugione
1250 552 1415 618 confodit?
1459 553 1526 618 Ubi
1550 559 1602 619 est
1624 555 1715 618 aelus
1738 551 1824 633 Elia,
1847 555 1903 640 qui
1926 553 2083 640 quadrin-

251 685 405 738 susanae.
425 667 542 748 gentos
567 667 600 726 et
622 660 860 746 quinquaginta
881 659 1060 746 prophetas
1083 657 1166 722 Baal
1188 657 1230 722 ad
1252 664 1430 722 torrentem
1455 655 1553 721 Oison
1577 655 1686 742 gladio
1708 657 1897 722 interemit?
1942 659 2010 723 Ubi
2033 665 2085 723 est

425 764 608 831 Mathathie
631 765 740 845 aelus,
771 763 863 828 cuius
887 763 977 828 furor
1000 761 1177 828 secundum
1200 763 1284 848 legis
1307 761 1463 826 iudicium
1486 761 1569 827 adeo
1593 769 1644 826 est
1667 782 1844 840 accensus,
1873 769 1910 827 ut
1931 765 2085 830 insiliens

252 897 271 936 ι.
281 891 337 934 use.
351 896 407 944 aas.
426 868 607 934 trucidaret
629 867 767 934 Iudeum
794 867 1020 932 immolantem
1051 864 1155 934 idolis,
1172 887 1272 952 super
1294 868 1408 929 aram?
1452 863 1519 929 Ubi
1547 871 1598 930 eat
1626 867 1803 931 auctoritas
1826 868 1932 950 Petri,
1964 869 2022 954 qui
2049 868 2085 932 in

321 997 372 1038 set.
386 1001 406 1040 ι.
426 972 589 1038 Ananiam
612 977 646 1036 et
670 955 875 1058 Saphiram,
891 991 950 1056 pro
981 991 1020 1035 eo
1049 968 1136 1054 quod
1159 967 1296 1055 Spiritui
1326 974 1439 1034 sancto
1462 969 1593 1034 mentiri
1620 991 1684 1034 non
1716 971 1909 1053 timuerunt,
1938 973 2083 1038 exarsit?

427 1075 542 1159 Certe,
573 1077 603 1140 si
624 1087 737 1141 contra
760 1076 843 1140 tales
866 1080 955 1140 terra
978 1078 1208 1158 consurgeret,
1240 1079 1273 1137 et
1296 1072 1486 1158 iniquitates
1509 1073 1655 1158 ipsorum
1680 1074 1744 1138 celi
1768 1073 1876 1140 sidera
1898 1077 2087 1141 revelarent

426 1186 460 1244 et
482 1180 732 1244 manifestarent
763 1200 876 1244 eorum
905 1177 1032 1243 scelera
1063 1177 1124 1241 toti
1154 1174 1293 1255 mundo,
1324 1183 1360 1241 ut
1387 1197 1453 1240 non
1484 1177 1589 1241 solum
1619 1176 1768 1243 homines
1800 1178 1858 1244 sed
1887 1179 1988 1245 etiam
2012 1181 2088 1266 ipsa

426 1283 592 1348 elementa
615 1283 823 1348 coniurarent
852 1282 885 1345 in
915 1301 1028 1346 eorum
1053 1278 1217 1344 excidium
1249 1285 1282 1344 et
1312 1279 1439 1343 ruinam
1462 1280 1618 1366 ipsosque
1643 1279 1792 1346 delerent
1814 1280 1854 1346 de
1877 1288 1965 1347 terre
1989 1283 2085 1362 facie,

426 1408 492 1451 uon
514 1392 688 1472 parcentes
712 1386 808 1452 sexui
830 1385 884 1450 vel
908 1385 998 1467 etati,
1022 1390 1059 1448 ut
1082 1390 1195 1449 essent
1218 1384 1343 1448 eunctis
1367 1384 1521 1468 gentibus
1545 1385 1579 1447 in
1602 1384 1813 1471 opprobrium
1838 1387 2085 1472 sempiternum,

252 1511 332 1554 rnen.
352 1515 408 1562 ara.
426 1490 507 1554 ultio
531 1489 572 1554 de
595 1490 676 1577 ipsis
700 1489 784 1554 sumi
807 1509 872 1553 non
894 1494 1009 1574 posset
1030 1487 1197 1552 sufficiens
1222 1487 1290 1552 sive
1315 1486 1423 1572 digna.
1470 1487 1637 1569 Ceterum,
1660 1488 1739 1554 licet
1761 1510 1879 1574 magna
1902 1490 1945 1553 sit
1967 1489 2086 1554 horum

299 1613 338 1658 us.
353 1618 409 1664 sar.
427 1593 653 1680 pestilentium
683 1592 834 1657 contritio
865 1591 955 1656 velut
988 1611 1094 1672 mare,
1129 1590 1272 1655 scientes
1303 1596 1413 1654 tamen
1445 1589 1532 1676 quod
1567 1612 1632 1656 non
1664 1599 1715 1656 est
1748 1592 1940 1656 abbreviata
1968 1613 2085 1656 manus

301 1713 410 1766 raras.
428 1695 580 1778 Domini,
612 1702 649 1760 ut
679 1698 806 1763 salvare
839 1717 904 1761 non
934 1697 1040 1783 possit
1069 1701 1102 1760 et
1134 1715 1319 1779 excoquere
1348 1694 1390 1759 ad
1422 1717 1540 1780 pamm
1569 1697 1708 1761 scoriam
1732 1696 1909 1762 eorundem
1932 1703 1967 1762 et
1989 1717 2086 1761 omne

429 1805 582 1863 stannum
604 1798 750 1880 auferre,
781 1797 1009 1885 compatiendo
1040 1821 1082 1863 ex
1110 1799 1224 1862 intimo
1257 1796 1364 1862 cordis
1395 1819 1494 1884 super
1517 1799 1711 1866 contritione
1736 1801 1882 1886 ipsorum
1906 1798 2086 1887 prevalida,

315 1918 470 1971 us.1,e.ne
492 1901 587 1966 nobis
610 1903 718 1966 valeat
740 1902 902 1989 imputari,
927 1901 1014 1988 quod
1038 1924 1109 1966 eam
1134 1902 1362 1987 circumligare
1387 1902 1624 1967 correctionum
1647 1903 1759 1970 fasciis
1782 1904 2029 1990 neglexerimus
2053 1909 2087 1967 et

428 2003 687 2069 mansuetudinis
711 2006 783 2071 oleo
801 2005 984 2086 confovere,
1008 2026 1047 2070 ac
1071 2012 1243 2092 sperantes
1261 2026 1400 2091 quoque,
1424 2012 1461 2069 ut
1484 2006 1551 2086 ille,
1575 2006 1630 2092 qui
1651 2008 1751 2071 etiam
1766 2008 1869 2072 iratus
1885 2028 1949 2072 uon
1965 2006 2087 2072 desinit

428 2109 596 2190 misereri,
626 2130 691 2173 non
714 2131 847 2196 semper
869 2109 1054 2175 continebit
1077 2131 1136 2174 sue
1160 2109 1292 2195 pietatis
1315 2109 1443 2173 viscera
1467 2130 1567 2196 super
1589 2131 1662 2192 eos,
1691 2111 1750 2176 sed
1773 2110 1813 2176 de
1836 2111 1966 2176 illorum
1987 2131 2089 2174 manu

429 2212 606 2278 transferet
635 2213 773 2278 calicem
803 2213 852 2278 ire
881 2234 956 2293 sue,
986 2212 1074 2277 circa
1104 2211 1341 2276 correctionem
1370 2233 1482 2276 eornm
1510 2213 1711 2298 providimus
1735 2214 1958 2279 laborandum.
2003 2211 2091 2286 Quia

255 2332 276 2372 ²·
296 2326 352 2370 nm.
369 2332 410 2381 aa·
430 2337 508 2381 vero
531 2317 565 2380 in
588 2337 644 2382 ore
666 2323 777 2381 vestro
806 2338 871 2381 non
902 2321 954 2382 est
976 2316 1113 2381 verbum
1135 2315 1270 2380 Domini
1294 2316 1481 2400 alligatum,
1512 2317 1583 2401 qui,
1615 2338 1654 2382 eo
1683 2316 1876 2384 infundente
1900 2317 2003 2403 gratie
2028 2337 2089 2381 sue

432 2419 571 2486 imbrem
593 2421 649 2506 qui
671 2420 727 2485 dat
750 2420 902 2486 omnibus
925 2420 1111 2501 affluenter,
1139 2425 1292 2506 potentes
1317 2420 1399 2484 estis
1423 2421 1458 2483 in
1481 2440 1581 2505 opere
1604 2443 1643 2485 ac
1667 2442 1832 2502 sermone,
1858 2421 2090 2486 discretionem

434 2530 578 2591 vestram
599 2543 763 2609 rogemus,
785 2544 956 2590 monemus
980 2530 1014 2588 et
1035 2523 1204 2588 hortamur
1225 2523 1259 2587 in
1281 2523 1433 2604 Domino,
1458 2523 1552 2587 acin
1574 2524 1804 2590 remissionem
1830 2525 1921 2590 vobis
1944 2523 2088 2608 iniungi-

271 2650 509 2704 larem.⁵1‚e.mus
531 2633 751 2714 peccatorum,
776 2627 928 2713 quatinus
952 2627 1088 2691 sumatis
1104 2627 1246 2691 resinam
1269 2626 1310 2691 ad
1331 2626 1545 2712 mitigandum
1562 2627 1709 2693 dolorem
1732 2635 1765 2692 et
1787 2629 1923 2693 vulnera
1945 2627 2091 2714 ipsorum

425 2717 593 2796 ¹sananda.
636 2730 700 2806 Ite,
722 2731 833 2817 angeli
855 2732 957 2817 pacis,
980 2729 1022 2795 ad
1038 2729 1261 2796 exhibendum
1284 2727 1397 2795 eorum
1420 2731 1517 2816 plage
1541 2731 1715 2812 medelam,
1739 2737 1774 2797 et
1795 2730 1836 2795 ad
1852 2731 2091 2796 correctionem

436 2856 550 2901 eorum
573 2833 724 2919 diligenti
748 2833 967 2899 sollicitudine
990 2855 1028 2898 ac
1052 2833 1192 2898 sollicita
1215 2832 1388 2918 diligentia
1409 2833 1578 2898 laboretis.
1623 2833 1717 2908 Quod
1741 2835 1770 2899 ai
1792 2834 1886 2916 forte,
1909 2841 1946 2898 ut
1967 2833 2091 2899 ferrum

436 2960 497 3025 per
527 2937 740 3003 monitionem
767 2944 910 3004 vestram
942 2937 1133 3004 extrahatur
1159 2936 1200 3002 de
1228 2938 1380 3018 vulnere,
1412 2959 1478 3002 non
1513 2939 1612 3003 fuerit
1640 2938 1784 3026 desuper
1814 2940 1862 3004 eis
1894 2938 2022 3020 datum,
2057 2943 2092 3003 et

429 3042 576 3128 ipsorum
612 3041 869 3127 computnrerint
903 3039 986 3106 adeo
1022 3041 1210 3122 cicatrices,
1251 3040 1338 3126 quod
1370 3041 1468 3128 plaga
1508 3042 1581 3126 ipsa
1617 3043 1710 3127 quasi
1745 3042 1877 3129 penitus
1913 3041 2092 3128 desperata
2143 3073 2156 3111 s

430 3144 596 3210 noluerint
618 3143 660 3208 ad
683 3145 790 3209 sinum
814 3143 927 3208 matris
944 3144 1086 3209 ecclesie
1109 3165 1213 3230 prona
1236 3151 1346 3210 mente
1370 3145 1489 3224 redire,
1513 3150 1638 3209 tantam
1661 3152 1695 3210 et
1717 3146 1817 3211 talem
1841 3146 2027 3211 cautionem
2049 3143 2091 3209 de

432 3247 645 3313 conversione
676 3269 737 3312 sua
770 3253 803 3314 et
836 3248 1081 3333 perseverentia
1117 3255 1338 3333 exponentes,
1371 3247 1458 3333 quod
1489 3247 1530 3313 de
1561 3247 1706 3314 recidivo
1734 3249 1881 3335 ipsorum
1909 3247 1950 3314 de
1980 3253 2091 3313 cetero

430 3353 619 3416 nullatenus
651 3351 694 3415 sit
721 3350 918 3433 verendum,
954 3352 1031 3437 quia
1059 3353 1092 3415 in
1122 3357 1190 3415 tem
1221 3350 1338 3436 grandi
1370 3358 1404 3416 et
1434 3353 1526 3436 gravi
1557 3352 1671 3417 morbo
1705 3352 1939 3419 recurrendum
1970 3358 2021 3417 est
2050 3351 2092 3416 ad
2142 3421 2148 3432 ,

430 3454 590 3520 validiora
617 3453 776 3536 remedia,
805 3456 862 3520 ubi
889 3455 1127 3521 medicamenta
1157 3457 1244 3520 levia
1271 3478 1336 3521 non
1367 3456 1560 3541 proficiunt,
1596 3463 1629 3521 et
1662 3457 1891 3544 apponendum
1913 3457 2035 3522 ferrum
2058 3461 2093 3521 et

431 3560 517 3646 ignis
533 3560 733 3640 vulneribus,
758 3582 821 3647 que
837 3560 1056 3626 fomentorum
1079 3581 1145 3624 non
1169 3561 1318 3626 sentiunt
1339 3558 1546 3641 medicinam,
1569 3560 1709 3647 putridis
1725 3561 1877 3625 carnibus
1899 3581 1940 3625 ne
1963 3566 2092 3645 partem

432 3665 594 3729 sinceram
627 3664 792 3728 attrahant
828 3663 1019 3749 amputatis,
1067 3661 1235 3728 advocetis
1275 3670 1388 3728 eontra
1427 3684 1502 3743 eos,
1542 3671 1784 3750 receptatores,
1825 3662 2017 3728 defensores
2058 3668 2093 3727 et

432 3769 577 3834 fautores
600 3768 745 3854 ipsorum
775 3767 954 3854 spiritualis
982 3773 1016 3831 et
1042 3766 1223 3832 materialis
1254 3766 1355 3852 gladii
1383 3772 1597 3852 potestatem,
1627 3768 1799 3832 universos
1824 3767 1947 3831 Christi
1976 3765 2092 3831 fideles

432 3878 603 3938 monentes
634 3870 790 3936 attentius
821 3876 855 3935 et
885 3869 1065 3935 efficaciter
1094 3869 1306 3948 inducentes,
1335 3875 1371 3934 ut
1394 3875 1594 3955 exurgentes
1618 3871 1652 3934 in
1675 3869 1872 3935 adiutorium
1896 3868 2019 3935 Christi
2042 3870 2093 3934 sui
2202 3899 2205 3904 ·

433 3981 546 4042 contra
568 3996 625 4040 eoa
639 3973 779 4038 viriliter
801 3994 837 4038 ae
861 3973 1043 4058 accingant.
1087 3972 1158 4037 Nos
1182 3973 1270 4037 enim
1293 3970 1333 4038 de
1358 3973 1593 4059 omnipotentis
1615 3972 1841 4038 misericordia
1864 3979 1898 4037 et
1920 3973 2092 4037 beatorum

432 4079 656 4167 apostolorum
678 4076 771 4142 Petri
794 4082 827 4140 et
848 4075 944 4139 Pauli
967 4076 1162 4140 auctoritate
1187 4075 1316 4150 conlisi,
1351 4096 1395 4139 ex
1417 4075 1475 4140 illa
1497 4096 1593 4161 quam
1616 4076 1711 4141 nobis
1734 4077 1811 4141 licet
1832 4075 1975 4161 indignis
1998 4075 2091 4142 Deus

432 4181 558 4269 ligandi
577 4189 674 4267 atque
698 4178 847 4246 solvendi
870 4179 1008 4243 contulit
1028 4185 1211 4266 potestate,
1243 4178 1394 4242 omnibus
1419 4200 1496 4244 vere
1519 4180 1744 4265 penitentibus
1768 4185 1803 4245 et
1830 4179 2006 4259 confessis,
2038 4178 2095 4263 qui

435 4287 541 4354 crucis
564 4291 731 4371 assumpto
756 4289 923 4348 caractere
947 4282 989 4347 ad
1013 4283 1193 4349 eorundem
1215 4281 1437 4348 hereticorum
1454 4283 1685 4348 exterminium
1708 4304 1743 4349 se
1767 4281 1980 4359 accinxerint,
2004 4281 2094 4346 illam

433 4388 672 4475 indulgentiam
694 4387 793 4474 idque
816 4386 1023 4473 privilegium
1048 4386 1233 4472 elargimur,
1257 4408 1320 4472 que
1336 4386 1572 4452 accedentibus
1595 4387 1629 4451 in
1646 4387 1748 4452 Terre
1766 4386 1887 4450 Sancte
1910 4384 2094 4450 subsidium

435 4493 668 4560 conceduntur.
713 4490 808 4563 Quod
830 4490 859 4555 si
881 4512 947 4556 non
970 4511 1084 4556 omnes
1108 4495 1170 4556 etc.

521 4604 598 4669 Dat.
621 4603 775 4668 Lateran.
796 4600 909 4670 Idibus
932 4603 1029 4684 Iunii,
1052 4624 1138 4668 anno
1162 4601 1313 4688 septimo.
1397 4699 1401 4708 Ι

1238 4790 1283 4856 Π.

633 4907 863 5002 episcopis
889 4931 969 5002 per
994 4908 1291 5000 Magantinam
1318 4906 1597 4999 provinciam
1624 4906 1891 4981 constitutis.

544 5044 621 5109 Vox
642 5044 677 5109 in
697 5043 802 5108 Rama
825 5050 887 5108 etc.
918 5042 952 5105 in
982 5040 1122 5107 eundem
1150 5042 1219 5107 fere
1244 5038 1376 5104 modum
1397 5047 1433 5104 ut
1456 5062 1555 5128 supra
1578 5041 1687 5106 verbis
1711 5045 1939 5126 competenter
1961 5037 2094 5102 mutatis

436 5171 558 5236 usque:
596 5147 825 5226 mandamus⁸,
865 5145 1017 5231 quatinus
1052 5145 1173 5230 singuli
1206 5150 1351 5210 vestrum
1391 5164 1450 5229 per
1484 5143 1633 5208 dioceses
1669 5164 1745 5208 suas
1783 5148 1896 5208 contra
1929 5140 2094 5228 predictos

543 5409 566 5475 ¹)
584 5409 631 5460 boc
648 5409 751 5460 certum
768 5408 797 5459 ιἰι
815 5406 836 5457 I
848 5423 902 5457 aon
917 5405 1059 5466 inveniam·
1082 5421 1163 5471 neque
1179 5405 1224 5456 ubi
1243 5405 1272 5456 ιἰι
1289 5403 1308 5455 1
1323 5406 1509 5472 scripturam:
1532 5405 1664 5456 hortamur
1680 5403 1708 5454 in
1725 5403 1836 5454 Domino
1858 5399 1954 5469 [aspra
1971 5401 2016 5452 lia.
2037 5398 2096 5466 20],

436 5497 515 5548 cerba
532 5496 609 5546 baius
625 5495 746 5562 epistolae
764 5491 933 5559 adiungendo
949 5500 1016 5556 snat,
1033 5492 1095 5558 pusio
1112 5491 1267 5559 ‘praemissa
1283 5491 1466 5558 indoqmaa’,
1491 5491 1522 5542 de
1539 5506 1592 5557 quo
1609 5490 1684 5556 infra
1701 5489 1807 5556 dicimr,
1822 5489 1937 5555 seposito
1954 5504 2008 5538 non
2025 5494 2094 5538 aret
2149 5505 2175 5547 ⁴5

440 5584 524 5646 Οιιαιιι
541 5583 572 5633 ob
590 5599 644 5634 rem
662 5580 820 5630 arbitramur
833 5595 943 5644 papam,
960 5579 1023 5630 sicut
1040 5579 1067 5630 ιἰι
1079 5576 1134 5629 ΙΙΙ
1142 5586 1166 5630 st
1177 5577 1229 5643 IV,
1241 5586 1302 5648 port
1312 5580 1395 5648 finem
1413 5596 1439 5628 ιι
1452 5577 1473 5628 Ι
1480 5578 1518 5629 ita
1529 5578 1688 5644 percantent:
1706 5577 1819 5652 Ideoque
1842 5574 1994 5634 fraternitati
2012 5579 2097 5630 vestm

436 5673 594 5735 mandamus,
611 5668 732 5736 quatinus
748 5673 792 5720 etc.
