4524 6412
406 371 468 442 2'84
787 435 789 438 ,
983 367 1031 430 nx
1050 367 1225 430 enaeonn
1242 369 1281 429 rx
1299 366 1480 429 nncrsrno

407 571 504 635 quem
525 554 575 614 tot
597 547 832 614 beneficiorum
854 546 1088 612 abundantiam
1111 547 1307 626 cumularat,
1336 547 1545 612 dissinurlans
1569 544 1714 627 interim,
1743 565 1784 610 ne
1808 544 1981 610 occasione
2005 542 2056 609 in·

408 659 508 716 venta
530 673 565 716 se
589 657 753 716 averteret
776 672 796 715 a
818 649 920 714 Terre
945 648 1064 714 Sancte
1089 649 1244 730 subsidio,
1270 650 1370 715 exilia
1393 650 1570 736 presulum,
1598 648 1818 734 spoliationes,
1850 647 2057 733 captivitates

408 762 442 820 et
463 755 599 830 iniurias
623 752 837 840 multiplices,
867 774 948 839 quas
980 753 1132 818 ecelesiis
1156 760 1190 818 et
1217 754 1382 839 religiosis
1406 761 1440 820 et
1461 753 1589 818 clericis
1610 752 1785 837 irrogavit,
1815 757 1849 816 at
1875 751 2056 816 obaudiens

408 858 560 944 querelas
583 857 780 943 multiplices
803 877 984 943 pauperum
1006 857 1212 943 popularium
1235 863 1269 922 et
1290 857 1449 921 nobilium
1471 855 1658 942 patrimonii
1682 853 1822 920 ecclesie
1846 855 2056 919 clamantium

291 975 336 1016 1³0-
351 977 392 1026 ut
410 969 523 1027 contra
544 961 662 1047 ipsum,
687 981 767 1045 quas
790 961 823 1023 in
846 958 1087 1052 auresudomini
1107 958 1252 1023 Sabaoth
1276 959 1439 1024 credimus
1462 959 1627 1024 introisse.
1672 957 1716 1022 Et
1739 959 1886 1042 quamvis
1908 957 2057 1022 Romana

410 1065 553 1131 ecclesia
574 1063 686 1130 doleat
707 1064 810 1128 filium
839 1069 931 1128 tanta
961 1062 1134 1127 educatum
1159 1062 1330 1147 diligentia
1352 1069 1385 1127 et
1407 1062 1650 1147 magnificentia
1673 1061 1865 1137 exaltatum,
1897 1082 1982 1125 nunc
2012 1061 2060 1125 sic

409 1169 518 1233 viliter
546 1168 616 1232 sine
645 1173 749 1232 marte
771 1168 909 1246 victum,
940 1167 1063 1252 absque
1086 1166 1182 1231 hoste
1205 1173 1417 1252 prostratum,
1451 1166 1484 1230 in
1511 1172 1601 1229 tante
1625 1163 1824 1230 confusionis
1848 1165 2059 1250 opprobrium

410 1279 477 1337 tam
505 1273 723 1357 ignominiose
753 1271 933 1350 deiectum,
962 1291 1027 1335 non
1056 1270 1163 1334 minus
1193 1270 1296 1354 gemit
1327 1269 1558 1334 exterminium
1586 1267 1753 1333 exercitus
1782 1266 1974 1349 Christiani,
2005 1269 2061 1353 qui

411 1398 476 1441 non
507 1376 713 1464 inimicorum
742 1375 861 1460 gladiis
892 1376 945 1439 vel
976 1375 1095 1438 virtute
1125 1373 1263 1452 defecit,
1295 1371 1354 1437 sed
1387 1372 1571 1437 calamitate
1599 1369 1679 1435 tam'
1694 1370 1874 1436 miserabili
1901 1377 1953 1436 est
1980 1392 2060 1436 con-

412 1486 571 1565 sumptus.
628 1478 739 1543 Gemit
762 1480 876 1560 etiam,
909 1478 994 1563 quod
1027 1500 1102 1564 pars
1131 1477 1263 1542 residua
1295 1478 1493 1542 bellatorum
1526 1477 1677 1562 exposita
1705 1476 1802 1540 maris
1838 1477 1991 1561 periculis
2027 1482 2061 1541 et

412 1581 564 1646 {luctibus
597 1588 830 1668 tempestatum
865 1583 989 1666 absque
1027 1581 1126 1660 duce,
1164 1587 1357 1667 preceptore
1392 1580 1445 1644 vel
1478 1580 1625 1666 principe
1661 1579 1791 1644 ducitur
1824 1600 1887 1664 quo
1922 1579 2063 1665 ignorat,

413 1684 578 1749 modicum
599 1685 786 1771 profectura
808 1684 1005 1749 utilitatibus
1029 1683 1131 1748 Terre
1156 1683 1292 1762 Sancte,
1322 1683 1440 1769 quibus
1464 1682 1574 1748 debite
1598 1683 1833 1748 consolationis
1856 1683 2008 1747 solatium
2030 1689 2065 1748 et

415 1794 596 1873 opportune
613 1788 838 1852 subventionis
853 1788 1021 1868 auxilium,
1045 1785 1300 1873 impedientibus
1323 1787 1388 1850 iam
1410 1787 1508 1850 maris
1523 1786 1691 1851 frementis
1713 1787 1867 1872 procellis
1889 1786 2064 1872 temporis-

364 1885 375 1900 ”
415 1911 477 1975 que
501 1891 668 1975 angustia,
691 1892 783 1956 iuxta
805 1897 916 1955 votum
938 1912 1003 1956 uon
1026 1911 1199 1977 possumus
1223 1890 1419 1955 ministrare.
1463 1890 1595 1975 Plangit
1617 1891 1752 1976 insuper
1774 1889 1939 1955 excidium
1961 1887 2064 1954 Terre

416 1993 547 2076 Sancte,
571 2015 668 2079 quam
690 2016 776 2059 nunc
800 1995 881 2079 cripi
905 1993 946 2058 de
969 2015 1172 2080 paganorum
1188 1994 1338 2058 manibus
1363 1993 1583 2079 sperabamus,
1607 2014 1703 2078 quam
1726 1993 1813 2073 olim,
1837 2000 1873 2057 ut
1895 1993 2063 2070 asseritur,

363 2179 366 2184 Ι
415 2104 645 2184 recuperasset
672 2097 836 2162 exereitus
861 2097 1066 2161 Christianus
1097 2119 1156 2183 per
1179 2097 1405 2162 concambium
1425 2095 1594 2168 Damiata,
1624 2097 1688 2160 nisi
1712 2097 1869 2161 aisemel
1892 2095 2066 2160 etiterum

416 2199 640 2285 imperialibus
662 2199 781 2265 fuisset
804 2200 922 2264 litteris
945 2200 1166 2264 interdictum.
1211 2200 1276 2274 Qui
1306 2201 1405 2265 etiam
1431 2220 1497 2264 non
1525 2199 1642 2263 fuisset
1664 2200 1837 2263 conclusus
1859 2198 1894 2261 iu
1916 2197 2066 2262 manibus

416 2323 627 2389 paganorum,
651 2303 680 2367 si
702 2304 869 2387 galearum
885 2303 1091 2389 imperatoris
1107 2297 1288 2367 subsidium
1310 2309 1387 2367 tunc
1409 2302 1535 2381 fuisset,
1557 2307 1593 2366 ut
1616 2323 1658 2367 ex
1680 2308 1773 2388 parte
1796 2322 1856 2366 sua
1870 2302 2067 2388 promissum

417 2407 573 2470 extiterat
603 2412 637 2471 et
662 2406 734 2470 fieri
760 2407 883 2492 potuit,
919 2406 1145 2488 subsecutum,
1177 2427 1237 2471 nec
1267 2405 1421 2470 Damiata
1448 2405 1594 2492 perdita,
1626 2425 1706 2491 que,
1735 2412 1772 2470 ut
1798 2406 1973 2486 asseritur,
2007 2424 2067 2470 suo

416 2508 536 2574 tradita
562 2509 677 2573 nuntio
707 2516 740 2573 et
769 2509 886 2594 aquilis
914 2510 1139 2596 imperialibus
1177 2510 1347 2594 insignita,
1382 2508 1498 2574 eadem
1525 2508 1578 2574 die
1609 2507 1785 2573 crudeliter
1813 2509 1980 2595 expoliata
2006 2529 2067 2594 per

417 2633 509 2693 suos,
540 2611 672 2678 deserta
699 2611 809 2677 viliter
841 2633 880 2676 ac
908 2613 1127 2696 ignominiose
1159 2635 1219 2699 per
1245 2614 1334 2700 ipsos
1364 2613 1426 2677 luit
1458 2610 1645 2677 infidelibus
1679 2611 1860 2677 restitutae
1913 2611 2069 2676 Recurrit

417 2717 518 2780 etiam
541 2714 583 2779 ad
605 2714 752 2780 rediviva
776 2715 933 2801 suspiria,
958 2722 992 2780 ct
1014 2718 1225 2782 amissionem
1247 2717 1462 2804 prescriptam
1484 2716 1635 2779 recolens
1657 2713 1825 2795 Damiata,
1847 2720 1896 2778 tot
1918 2715 2068 2779 laborum

418 2818 605 2903 angustias,
635 2822 686 2882 tot
709 2838 928 2903 expensarum
951 2817 1123 2905 dispendia
1145 2825 1179 2885 et
1201 2826 1250 2884 tot
1272 2825 1393 2883 mortes
1417 2817 1576 2898 fidelium,
1607 2823 1656 2882 tot
1685 2839 1843 2883 excursus
1872 2823 2068 2904 temporum,

419 2941 482 3005 que
505 2919 665 2985 inutiliter
686 2918 910 3002 defluxerunt,
942 2922 1084 2986 subortis
1107 2923 1251 2987 lacrimis
1274 2921 1396 2987 deflere
1419 2942 1484 2986 non
1508 2926 1631 3000 cessat,
1659 2919 1797 2985 necdum
1820 2927 1888 3000 est,
1911 2921 1966 3006 qui
1989 2942 2068 2985 con-

258 3039 337 3082 amen.
360 3024 545 3090 insolatur
567 3044 640 3088 eam
664 3045 706 3088 ex
730 3025 882 3089 omnibus
907 3026 990 3090 caris
1015 3027 1086 3091 eius
1110 3033 1144 3093 et
1165 3027 1334 3112 abstergat
1355 3026 1507 3090 lacrimas
1530 3047 1550 3089 a
1572 3024 1724 3090 maxillis.

259 3141 401 3194 satanae.
527 3124 609 3190 Cum
632 3146 710 3211 ergo
736 3149 801 3192 vox
826 3129 895 3194 eius
920 3130 983 3194 iam
1006 3131 1040 3194 in
1055 3130 1160 3196 Rama
1182 3130 1373 3204 insonuerit,
1398 3135 1432 3194 et
1452 3127 1578 3194 Rachel
1600 3129 1794 3192 non-solum
1815 3128 1901 3192 filios
1925 3127 1984 3193 sed
2006 3128 2069 3194 hec

420 3227 530 3294 omnia
551 3228 785 3295 irremediabili
813 3232 1047 3298 lamentatione
1071 3233 1234 3320 deploret,
1266 3233 1339 3318 quis
1367 3231 1512 3296 fidelium
1543 3253 1579 3296 se
1607 3252 1627 3296 a
1654 3231 1830 3316 gemitibus
1854 3239 1888 3296 et
1918 3231 2070 3318 suspiriis

421 3330 620 3395 continebit?
665 3331 747 3405 Quis
770 3333 911 3399 filiorum
927 3357 1065 3400 cernens
1089 3356 1246 3421 aquarum
1262 3335 1421 3421 profluvia
1442 3335 1555 3400 matris
1573 3335 1674 3400 oculis
1689 3334 1894 3421 prodeuntia,
1917 3335 2069 3399 lacrimas

420 3453 485 3497 non
508 3431 674 3499 effundet?
720 3437 802 3511 Quis
826 3439 939 3504 matris
969 3460 1033 3503 uon
1061 3439 1278 3525 compatietur
1306 3438 1483 3523 angustiis,
1515 3458 1576 3503 nec
1604 3438 1773 3503 immensis
1803 3439 1874 3503 eius
1902 3437 2070 3502 doloribus

420 3536 627 3602 condolebit?
672 3539 754 3613 Quis
787 3540 932 3606 fidelium
964 3549 1099 3632 propter
1132 3543 1193 3607 hoc
1226 3564 1291 3606 nou
1325 3541 1492 3606 ardentius
1527 3540 1779 3606 inflammabitur
1812 3539 1853 3605 ad
1886 3540 2070 3607 subsidium

421 3639 522 3704 Terre
547 3637 683 3720 Sancte,
715 3663 756 3708 ne
781 3642 968 3710 Christiana
993 3646 1145 3710 iuventus
1169 3667 1212 3711 ex
1234 3646 1399 3731 insperato
1423 3665 1501 3709 casu
1523 3650 1688 3730 prostrata
1709 3644 1841 3730 penitus
1865 3642 2015 3709 videatur
2038 3650 2071 3710 et

420 3743 637 3827 ignominiose
667 3747 774 3812 animo
803 3755 1032 3813 consternata?
1085 3748 1203 3814 Nonne
1231 3749 1293 3812 viri
1321 3747 1446 3826 cordati
1473 3753 1507 3813 at
1532 3747 1592 3810 filii
1618 3746 1695 3812 Iesu
1724 3747 1848 3811 Christi
1876 3746 1999 3813 debent
2030 3745 2071 3811 ad

422 3845 602 3912 subsidium
625 3848 727 3915 Terre
752 3849 872 3917 Sancte
895 3857 985 3916 tanto
1010 3852 1126 3916 fortius
1150 3852 1304 3932 animari,
1327 3857 1448 3937 quanto
1472 3849 1685 3935 ignominiam
1708 3851 1909 3936 geminatam
1931 3852 2070 3938 amplius

421 3952 581 4016 resultare
612 3955 817 4040 conspiciunt
844 3975 887 4019 ex
919 3956 1085 4043 insperata
1112 3956 1205 4020 ruina
1233 3956 1266 4018 in
1297 3962 1424 4041 patrem
1447 3959 1481 4019 et
1502 3953 1603 4033 filios,
1632 3955 1665 4018 in
1687 3953 1944 4040 Redemptorem
1971 3961 2069 4040 atque

422 4053 626 4140 redemptos,
655 4054 688 4120 in
712 4054 877 4122 Christum
906 4064 939 4124 et
964 4060 1121 4145 populum
1149 4058 1392 4123 Christianum?
1448 4057 1517 4121 Nos
1546 4057 1632 4123 enim
1662 4054 1751 4122 istud
1779 4059 1947 4143 negotium
1978 4063 2069 4122 tanto
2137 4079 2149 4116 a

423 4156 590 4223 ardentius
621 4180 789 4226 assumere
823 4161 1016 4226 affectamus
1053 4170 1086 4227 et
1117 4161 1318 4249 profundiori
1345 4161 1483 4225 consilio
1514 4160 1581 4225 alta
1613 4159 1812 4226 intendimus
1845 4161 1993 4226 remedia
2020 4160 2071 4224 inv

423 4261 552 4342 venire,
582 4270 702 4347 quanto
732 4265 836 4329 maior
867 4265 1026 4330 incumbit
1055 4265 1253 4346 necessitas,
1289 4270 1323 4329 et
1352 4283 1393 4328 ex
1427 4263 1539 4327 multis
1567 4263 1706 4327 conflata
1732 4263 1899 4328 doloribus
1926 4270 2072 4328 nostram

423 4362 557 4448 grandis
581 4367 734 4450 angustia
755 4374 901 4433 mentem
923 4367 1050 4454 premit.
1095 4367 1170 4432 Etsi
1192 4369 1279 4434 enim
1293 4367 1454 4431 Dominus
1477 4366 1599 4453 populo
1623 4387 1681 4430 suo
1705 4366 1868 4431 modicum
1892 4365 2073 4432 ostenderit

425 4487 460 4530 se
484 4467 612 4550 iratum,
636 4469 676 4534 de
700 4470 788 4535 illius
811 4492 908 4536 manu
931 4472 993 4536 hoc
1016 4479 1163 4558 tempore
1189 4471 1383 4535 sacrificium
1405 4490 1470 4533 non
1494 4474 1682 4554 acceptans,
1705 4469 1761 4555 qui
1776 4468 1984 4555 prudentiam
2007 4490 2072 4534 non

253 4585 406 4637 ananan.
426 4575 477 4633 est
499 4570 644 4635 imitatus
667 4571 813 4656 illorum,
843 4596 902 4661 per
931 4597 1012 4661 quos
1037 4577 1125 4640 salus
1148 4575 1182 4638 in
1204 4575 1308 4640 Israel
1332 4574 1403 4638 fieri
1426 4573 1611 4652 consueuit,
1643 4572 1786 4637 nondum
1809 4579 1918 4638 tamen
1941 4573 2069 4639 miseri-

426 4671 534 4738 cordie
557 4672 692 4739 Domini
715 4683 790 4740 sunt
818 4685 1010 4764 consumpte
1041 4699 1103 4743 nec
1131 4679 1202 4743 eius
1231 4677 1461 4741 miserationes
1489 4676 1619 4762 penitus
1648 4674 1849 4741 deiecerunt.
1895 4675 2072 4763 Speramus

425 4796 564 4860 namque
599 4777 632 4840 in
666 4778 891 4845 misericordia
919 4780 984 4845 Dei
1012 4781 1133 4860 nostri,
1166 4780 1253 4866 quod
1280 4779 1367 4843 viam
1395 4779 1490 4843 nobis
1521 4778 1687 4861 ostendet,
1722 4801 1781 4865 per
1814 4801 1911 4866 quam
1943 4781 1977 4844 in
2010 4780 2073 4844 hoc

425 4881 558 4966 negotio
592 4903 748 4969 prospere
780 4884 981 4970 gradiamur,
1013 4891 1046 4949 et
1076 4884 1163 4949 viros
1193 4881 1371 4948 secundum
1401 4902 1457 4946 eor
1485 4903 1579 4947 suum
1609 4883 1749 4948 ecclesie
1778 4873 1981 4968 designabit,
2018 4882 2074 4969 qni

425 4984 605 5072 precedant
626 4986 660 5051 in
683 4987 790 5052 cordis
811 4987 953 5074 puritate
977 5009 1015 5052 ac
1039 5007 1194 5052 manuum
1215 4984 1375 5050 munditia
1397 4985 1577 5050 exercitum
1601 4985 1831 5051 Christianum.

534 5089 743 5177 Quapropter
764 5090 1002 5156 fraternitatem
1026 5097 1168 5156 vestram
1198 5089 1408 5155 obsecramus
1435 5089 1468 5153 in
1495 5087 1654 5170 Domino,
1682 5109 1742 5174 per
1769 5089 1951 5175 apostolica
1979 5089 2073 5154 vobis

427 5194 550 5277 scripta
571 5192 785 5278 precipiendo
807 5193 1011 5274 mandantes,
1035 5195 1187 5279 quatinus
1209 5193 1273 5259 hec
1296 5193 1384 5258 clero
1408 5198 1441 5258 et
1463 5191 1595 5279 populis
1611 5192 1705 5257 vobis
1729 5191 1912 5257 commissis
1935 5191 2076 5256 fideliter

428 5301 651 5381 exponentes,
685 5317 723 5361 ac
751 5297 943 5363 inducentes
974 5297 1108 5363 eosdem
1139 5303 1175 5362 ut
1202 5294 1244 5361 ad
1271 5296 1333 5361 hac
1356 5295 1551 5382 exequenda
1573 5294 1727 5360 studeant
1749 5316 1827 5361 suos
1851 5296 1977 5360 animos
2000 5315 2074 5380 pre·

427 5420 558 5484 parare,
589 5400 679 5486 ipsos
706 5399 748 5465 ad
771 5401 997 5467 vindicandam
1029 5401 1180 5466 iniuriam
1203 5399 1282 5466 Iesu
1304 5398 1426 5464 Christi
1458 5399 1581 5464 sedulis
1612 5398 1896 5464 exhortationibus
1920 5397 2076 5476 invitetis,

532 5659 556 5726 1)
574 5658 611 5726 cs.
637 5658 825 5756 ll'ialrebnaan
843 5659 859 5712 1.
878 5675 898 5712 c.
914 5676 944 5728 p.
963 5663 1018 5712 170
1036 5643 1061 5712 el
1080 5663 1136 5712 171.
