4604 6420
832 392 1033 449 EPISTOLAE
1049 393 1239 450 SELEG'I'AE.
1274 393 1349 448 1231.

1051 690 1139 764 440.

374 799 565 910 Greomnns
593 827 650 892 IX
668 849 758 910 popo
784 827 950 894 Fndorr'co
971 827 1186 893 Rornanorum
1217 827 1401 908 imperatori
1427 827 1566 893 seramus
1593 829 1808 911 conqueritur,
1839 829 1923 912 qnod

263 932 373 996 contro
394 928 587 995 Lombordos
607 949 672 995 non
694 931 778 996 inens
799 931 909 996 ordine
930 931 985 996 sod
1005 931 1123 996 cirion
1138 934 1290 1012 potestate
1306 929 1468 1012 prooedm,
1499 950 1627 1012 cunque
1649 935 1764 1011 monet,
1794 936 1830 998 nt
1851 953 1920 998 orm

263 1033 307 1098 od
327 1033 608 1101 reconciliationem
623 1038 736 1116 partos
756 1053 832 1100 snos
853 1035 1052 1116 interponere
1074 1033 1227 1113 intendat,
1249 1033 1390 1099 conciliis
1410 1033 1479 1098 sais
1499 1035 1683 1117 coanmcnt.

407 1173 411 1180 *
861 1205 867 1216 ,
1557 1139 1652 1218 1231,
1675 1135 1759 1204 Mai.
1782 1141 1833 1204 18.

370 1205 453 1275 Gneo.
470 1205 520 1260 1X
536 1205 602 1276 Ray.
625 1205 683 1261 Vol,
701 1204 746 1275 11,
764 1207 812 1273 99,-
829 1203 892 1260 Lo.
916 1203 946 1275 V,
966 1207 1011 1260 76.

352 1400 598 1490 Friderico,
625 1400 794 1476 illustri
820 1400 1119 1475 Romanorum
1144 1401 1408 1492 imperatori
1435 1421 1612 1493 semper
1637 1407 1825 1496 angusto

312 1547 316 1550 ·
916 1526 958 1596 et
983 1521 1076 1614 regi
1100 1520 1265 1596 Sicilie.

270 1637 273 1644 ’
372 1652 447 1719 Νοιι
475 1661 528 1720 est
557 1653 756 1740 abigendum
786 1653 959 1719 consilium
988 1673 1049 1719 nec
1078 1651 1119 1719 de
1155 1653 1228 1740 ipso
1258 1653 1424 1720 ullatenus
1453 1651 1704 1739 ambigendum,
1737 1652 1825 1741 quod
1853 1653 1920 1722 fida

263 1757 487 1825 benivolentia
522 1757 674 1846 prevenit
711 1764 745 1824 et
778 1757 1016 1845 circumspecta
1051 1757 1135 1822 ratio
1172 1756 1364 1837 comitatur,
1401 1777 1463 1823 nec
1498 1763 1550 1823 est
1582 1757 1690 1823 minus
1724 1756 1920 1826 fiducialiter

263 1861 514 1948 acceptandum,
545 1861 631 1948 quod
654 1860 789 1926 offertur
809 1861 997 1926 ultroneum
1019 1881 1085 1925 non
1108 1867 1276 1944 exeomm,
1307 1860 1364 1926 ubi
1387 1861 1534 1926 sincerus
1557 1862 1759 1928 consulentis
1781 1863 1919 1930 affectus

263 1966 403 2030 consulti
426 1986 486 2031 seu
508 1962 701 2032 consulendi
722 1963 907 2050 profectum
923 1963 1158 2050 perspicaciter
1173 1963 1350 2050 previdens
1372 1983 1438 2028 non
1461 1964 1603 2048 quiescit
1625 1970 1677 2030 set
1699 1970 1817 2048 estuat,
1840 1986 1917 2032 vere

263 2068 407 2133 caritatis
430 2067 567 2154 placidis
591 2068 732 2133 stimulis
755 2068 929 2133 excitatus.
973 2067 1074 2132 Novit
1097 2066 1258 2153 siquidem
1289 2069 1361 2149 ille,
1390 2068 1446 2153 qui
1474 2067 1601 2153 fingens
1625 2067 1725 2134 corde
1746 2069 1916 2136 bominum
1929 2087 1988 2131 rsa.
2002 2094 2062 2142 aaa

262 2172 467 2258 singillatim,
492 2172 709 2258 cogitationes
732 2193 845 2238 eorum
869 2172 1030 2258 conspicit
1052 2172 1240 2253 universas,
1264 2171 1351 2258 quod
1375 2178 1496 2237 statum
1518 2171 1666 2259 imperii,
1689 2179 1746 2238 tne
1770 2172 1918 2238 sublimi-

261 2275 338 2340 tatis
361 2275 520 2341 honorem
543 2281 578 2340 et
600 2275 744 2360 quietem
774 2275 888 2362 populi
918 2275 972 2340 cui
1001 2296 1100 2362 prees
1129 2276 1244 2341 intimo
1274 2276 1423 2341 zelantes
1455 2274 1594 2355 affectu,
1624 2272 1703 2340 dum
1730 2277 1918 2342 continuem

199 2404 211 2441 ι
263 2383 447 2465 temporum
470 2383 712 2464 tempestatem,
735 2376 812 2442 dum
834 2378 994 2442 malitiam
1016 2377 1185 2444 hominum
1208 2386 1457 2445 excrescentem
1480 2383 1514 2444 et
1538 2378 1620 2443 alias
1644 2398 1753 2444 rerum
1775 2379 1918 2467 inexpli-

182 4499 206 4537 bb

180 5447 207 5486 40

262 2479 386 2546 oabiles
410 2479 671 2546 circumstantias
693 2479 828 2567 provide
852 2481 1052 2566 cogitamus,
1076 2482 1190 2560 saluti,
1213 2481 1462 2548 honorificentie
1487 2502 1525 2548 ec
1548 2480 1653 2566 quieti
1675 2488 1731 2549 tue
1755 2482 1918 2549 credimus

261 2581 437 2669 expedire,
468 2591 505 2649 ut
526 2582 568 2649 ad
591 2604 666 2650 eum
694 2583 820 2650 habens
850 2584 995 2648 inomni
1026 2582 1201 2651 devotione
1224 2591 1427 2673 respectum,
1460 2585 1513 2652 cui
1546 2605 1619 2652 cum
1648 2585 1833 2674 placuerint
1861 2585 2057 2658 siccamen.

260 2687 420 2770 bominis,
451 2688 551 2753 etiam
578 2687 727 2754 inimicos
756 2688 829 2753 eius
852 2687 1016 2754 convertit
1038 2686 1080 2752 ad
1102 2709 1234 2774 pacem,
1265 2690 1299 2754 in
1321 2687 1573 2756 mausuetudine
1602 2710 1704 2776 opera
1725 2695 1782 2754 tua
1802 2688 1916 2772 facies,

259 2797 296 2856 ut
319 2811 418 2877 super
433 2791 601 2856 hominum
616 2792 753 2877 gloriam
775 2792 817 2856 ab
841 2811 882 2857 eo
905 2790 1002 2877 dirigi
1025 2793 1192 2875 merearis,
1215 2793 1272 2878 qui
1287 2791 1429 2879 diligens
1446 2799 1637 2859 mansuetos
1656 2793 1747 2879 ipsos
1764 2793 1988 2880 provehitosu.
2005 2814 2070 2862 rue.

261 2895 294 2960 in
318 2898 436 2978 salute,
459 2918 520 2963 nec
544 2896 825 2983 longanimitatem
849 2901 949 2977 tuam,
973 2916 1037 2982 que
1059 2894 1161 2961 debet
1181 2917 1312 2982 semper
1333 2897 1368 2961 in
1390 2903 1524 2984 pectore
1546 2896 1707 2985 principis
1728 2894 1916 2984 principari,

260 2998 374 3065 seduci
401 3000 586 3089 permittas,
618 3007 655 3066 ut
685 2999 843 3065 iustitiam
869 3000 1073 3066 exacerbans
1101 3006 1135 3066 et
1162 2998 1370 3087 preiudicens
1394 3001 1547 3088 equitati,
1577 3009 1690 3068 contra
1712 2997 1916 3066 Lombardos

259 3123 324 3167 non
348 3104 428 3169 iuris
451 3103 564 3170 ordine
587 3110 638 3169 set
660 3103 777 3169 virium
799 3108 963 3190 potestate
985 3103 1157 3192 procedas,
1180 3103 1256 3189 quia
1277 3103 1374 3169 facile
1397 3103 1596 3186 crederetur,
1619 3103 1706 3191 quod
1731 3102 1773 3168 ad
1795 3102 1830 3168 id
1851 3123 1918 3167 non

260 3205 331 3272 sine
365 3207 469 3273 nostri
503 3207 630 3273 offensa
663 3229 706 3272 ex
737 3204 946 3294 precedentis
980 3205 1213 3293 indignationis
1247 3207 1463 3274 amaritudine
1502 3209 1699 3288 movereris,
1735 3215 1768 3273 et
1801 3207 1849 3272 sic
1882 3207 1916 3270 in

259 3310 526 3396 suggillationem
554 3317 644 3376 tuam
674 3317 707 3376 et
736 3317 882 3375 nostram
905 3311 1034 3396 linguas
1067 3331 1204 3377 acueres
1234 3309 1469 3393 detractorum,
1500 3334 1651 3380 necnon
1672 3312 1828 3393 heretici,
1862 3312 1917 3398 qui

259 3410 409 3478 videntes
432 3419 466 3479 et
495 3412 645 3479 dolentes
673 3413 935 3480 ecclesiasticum
962 3419 996 3478 et
1025 3414 1230 3502 imperialem
1262 3415 1369 3479 zelum
1399 3422 1512 3480 contra
1540 3435 1576 3481 se
1599 3415 1685 3480 iuste
1710 3435 1917 3496 succensum,

257 3517 426 3604 proprium
450 3518 684 3584 exterminium
715 3517 944 3600 reformidant,
980 3517 1257 3584 intermissionem
1279 3525 1416 3604 possent
1438 3539 1574 3604 sperare
1597 3519 1738 3604 quietis,
1771 3518 1915 3584 fidelium

258 3617 413 3686 desidiis*
434 3621 606 3701 delectati,
637 3626 674 3685 ut
696 3627 863 3686 taceamus
886 3622 965 3701 alie,
997 3641 1060 3708 que
1083 3621 1318 3687 inevitabiliter
1340 3622 1546 3688 imminentia
1567 3621 1697 3709 plenius
1720 3624 1793 3711 ipse
1818 3621 1916 3686 nosti.

257 3721 304 3788 Ut
325 3724 426 3809 igitur
446 3723 627 3810 imperialis
656 3723 816 3790 serenitas
849 3743 888 3788 eo
912 3723 1049 3809 gratiori
1077 3743 1141 3809 quo
1171 3723 1301 3788 clariori
1324 3725 1397 3790 luce
1420 3724 1623 3811 prefulgeat,
1655 3725 1781 3790 nullum
1802 3743 1916 3810 repre·

258 3826 425 3892 hensionis
456 3827 605 3892 nubilum
635 3827 820 3909 incursura,
851 3826 1081 3892 celsitudinem
1109 3832 1201 3892 tuam
1229 3813 1401 3913 rogamus,
1430 3847 1600 3893 monemus
1624 3833 1659 3894 et
1686 3827 1854 3892 hortamur
1882 3827 1916 3890 in

258 3929 416 4013 Domino,
447 3931 603 4018 quatinus
633 3951 758 3996 memor
781 3928 868 4016 quod
899 3932 1005 3997 maius
1033 3931 1172 4018 imperio
1202 3937 1254 3997 est
1280 3931 1412 4018 legibus
1441 3931 1635 3996 submittere
1664 3927 1915 4018 principatumb,

259 4055 333 4099 eum
362 4035 406 4099 ad
439 4034 740 4101 reconciliationem
775 4034 981 4100 intendamus
1017 4042 1151 4100 auctore
1181 4034 1324 4100 Domino
1354 4035 1530 4102 efficaciter
1561 4034 1772 4120 interponere
1804 4037 1916 4119 partes

259 4145 405 4210 nostras,
433 4139 555 4204 nostris
578 4138 724 4204 consiliis
747 4139 933 4224 aquiescas,
965 4139 1181 4226 rescripturus
1211 4139 1308 4204 nobis
1336 4140 1434 4227 plene
1457 4160 1496 4205 ac
1522 4138 1621 4225 plane
1651 4143 1708 4203 tue
1732 4155 1832 4223 super
1854 4135 1916 4199 hoo

257 4241 428 4306 arbitrium
450 4242 645 4324 voluntatis,
677 4247 712 4306 ut
741 4262 784 4306 ex
811 4248 868 4307 tuo
898 4263 1057 4329 responso
1082 4242 1241 4325 sciamus,
1274 4244 1413 4327 qualiter
1435 4242 1532 4309 nobis
1555 4244 1599 4308 sit
1628 4243 1662 4306 in
1684 4241 1818 4326 negotio
1839 4260 1915 4325 pro-

258 4344 452 4410 cedendum.

368 4468 456 4534 Data
478 4466 644 4549 Laterani,
668 4464 733 4530 XV
756 4463 830 4530 Kal.
855 4465 952 4549 Iunii,
974 4467 1184 4555 pontificatus
1207 4469 1311 4533 nostri
1338 4489 1424 4534 anno
1447 4466 1570 4553 quinto.

363 5045 555 5160 Geryones
576 5075 634 5142 IX
650 5097 739 5159 popo
759 5075 962 5146 Frn'dern'orm
983 5077 1198 5144 Rononorarn
1219 5077 1438 5158 imperatorem
1458 5077 1559 5160 repat,
1581 5077 1618 5139 nt
1638 5073 1817 5158 Royrcclda
1839 5077 1916 5139 nuto

257 5175 414 5258 qnondam
439 5178 581 5247 Gonrodi
601 5179 691 5247 cacis
713 5179 886 5264 sponaat,
909 5182 980 5249 licet
999 5181 1152 5246 irnmmito
1173 5180 1307 5246 monam
1328 5179 1561 5246 misericordiae
1581 5177 1763 5348 wien
1796 5282 1818 5342 ⁷

362 5346 447 5422 Grep.
465 5349 516 5404 IX
533 5349 603 5423 Bep.
622 5351 687 5406 Lib.
711 5350 740 5417 V,
759 5355 806 5407 80.
843 5351 963 5407 Eulimna
982 5367 1017 5406 ee
1034 5349 1473 5424 Rayn,Ann.eccl.o.1231,§
1492 5353 1517 5404 5.

361 5435 498 5504 manat,
516 5434 586 5506 Reo.
606 5439 688 5492 8749.

363 5679 385 5746 ¹)
403 5682 420 5732 ι’.
438 5698 459 5732 e.
477 5681 599 5733 discidiis.
681 5679 705 5748 ιι)
725 5683 869 5750 principatu
887 5683 918 5736 R.
