4304 6420
648 111 847 170 EPISTOLAE
864 113 1053 170 SELECTAE.
1090 113 1165 168 1224.
1676 115 1735 179 185

75 281 285 366 assignatum
309 306 346 350 sa
373 287 475 372 partis
504 286 640 352 adverse
670 286 778 352 nuntii
807 292 1052 371 presentarunt,
1079 283 1280 372 adquorum
1310 287 1493 374 simplicem
1520 286 1736 352 assertionem

75 385 180 451 iudex
211 385 415 453 abbatissam
444 389 591 454 iudicans
615 395 855 468 contumacem,
885 388 1038 464 eandem,
1066 389 1145 453 licet
1173 389 1290 454 fuisset
1316 410 1337 453 a
1365 391 1528 456 sententia
1549 389 1737 455 huiusmodi

76 490 287 576 appellatum
310 513 372 557 nec
395 491 436 557 de
453 493 591 558 obiectis
614 493 732 556 fuisset
753 491 926 578 probatum
945 491 1069 577 aliquid
1091 498 1206 557 contra
1228 514 1311 572 eam,
1334 493 1469 558 abbatia
1490 495 1563 581 ipsa
1585 494 1625 558 de
1647 494 1734 560 facto

75 613 141 678 per
163 595 365 659 sententiam
388 596 549 682 spoliavit,
574 602 608 660 et
629 594 794 660 mandavit
817 595 1001 674 conventui,
1024 596 1174 660 vassallis
1198 602 1231 660 et
1251 597 1522 661 ministerialibus
1544 596 1735 661 monasterii

77 695 257 780 sepedicti,
281 705 317 762 ut
336 699 477 762 absoluti
500 698 701 763 afidelitatis
725 706 759 762 et
779 697 967 762 obedientie
981 697 1105 780 debito,
1129 720 1192 784 quo
1208 700 1376 764 abbatisse
1398 700 1594 765 tenebantur
1617 699 1734 778 eidem,

74 798 120 862 ad
145 799 345 864 electionem
368 802 503 865 alterius
525 801 744 888 procederent
766 800 943 865 abbatisse.
990 800 1184 888 supradicta
1212 803 1311 886 igitur
1340 803 1465 867 intrusa
1487 803 1606 868 itemm
1629 803 1736 867 electa

73 909 207 968 temere
246 904 330 967 sicut
366 905 456 990 prius
494 912 527 969 et
564 903 848 968 amministrationi
887 923 922 967 se
961 903 1191 968 nichilominus
1228 905 1453 983 immiscente,
1491 905 1734 971 confirmatione

74 1007 263 1092 apostolice
287 1006 375 1072 sedis
399 1028 460 1072 nec
482 1008 594 1072 habita
621 1028 683 1071 nec
711 1007 830 1092 petita,
859 1004 991 1069 tandem
1021 1012 1201 1072 conventus
1231 1009 1332 1094 ipsius
1355 1009 1562 1088 monasterii,
1590 1014 1627 1072 ut
1649 1006 1736 1092 quod

75 1130 238 1195 perverse
262 1111 384 1176 facturn
406 1119 486 1192 erat,
509 1111 697 1198 perversius
719 1115 903 1184 tuerentur,
927 1115 1039 1173 eontra
1061 1109 1201 1175 eandem
1223 1111 1425 1176 abbatissam
1448 1110 1490 1176 ad
1511 1110 1736 1176 venerabilem

77 1212 218 1277 fratrem
253 1221 400 1279 nostrum
435 1213 645 1302 Olonradum]
680 1215 870 1300 episcopum
903 1212 1067 1297 quondam
1101 1212 1434 1292 Helberstadensem,
1472 1215 1575 1300 ipsius
1609 1214 1735 1278 intmse

76 1336 291 1399 germanum,
326 1325 360 1382 et
390 1318 534 1402 collegas
563 1318 634 1383 eius
663 1317 881 1402 inquisitionis
909 1317 1035 1379 litteras
1069 1338 1168 1402 super
1204 1316 1438 1403 dilapidatione
1471 1323 1504 1381 et
1540 1314 1735 1402 quibusdam

76 1419 155 1482 aliis
178 1419 328 1484 articulis
357 1441 376 1484 a
403 1420 482 1486 sede
511 1422 691 1508 apostolica
717 1421 947 1505 impetrarunt,
977 1419 1102 1483 nullam
1135 1442 1267 1506 prorsus
1290 1420 1449 1485 facientes
1472 1419 1670 1485 mentionem
1694 1418 1735 1483 de

76 1522 268 1588 deiectione
291 1523 456 1588 abbatisse
480 1523 625 1610 predicte
648 1525 701 1588 vel
726 1523 766 1587 de
790 1524 951 1588 electione
974 1523 1124 1598 alterius,
1148 1523 1188 1587 ad
1212 1545 1309 1608 quam
1332 1524 1379 1588 sic
1409 1530 1532 1588 temere
1556 1520 1735 1608 procedere

77 1631 336 1712 attemptarent,
368 1635 419 1692 set
441 1625 579 1692 eandem
603 1626 635 1690 S.
659 1627 861 1691 abbatissam
889 1647 999 1706 suam,
1026 1627 1105 1691 licet
1127 1628 1192 1691 iam
1216 1627 1326 1692 taliter
1349 1627 1413 1691 sibi
1436 1631 1604 1690 creassent
1626 1625 1735 1704 aliam,

80 1729 308 1814 appellantem
336 1737 433 1815 atque
456 1732 489 1794 in
512 1731 672 1818 prefatum
698 1729 889 1816 episcopum
913 1729 1039 1793 eteius
1063 1731 1207 1814 collegas
1231 1728 1391 1794 Silvester
1413 1730 1610 1804 monachus,
1638 1748 1735 1813 quem

79 1839 277 1918 procurator
305 1833 408 1918 ipsius
440 1832 605 1898 abbatisse
642 1833 683 1898 ab
717 1832 898 1919 apostolica
929 1831 1008 1896 sede
1038 1831 1209 1897 discedens
1244 1833 1459 1897 constituerat
1491 1835 1735 1918 procuratorem

82 1933 249 2014 eiusdem,
281 1935 520 2001 circumventus
543 1957 562 2001 a
584 1941 794 2022 procuratore
826 1935 926 2022 partis
955 1933 1092 1999 adverse
1116 1937 1296 2016 consensit,
1327 1936 1461 2020 ignarus
1492 1933 1638 1997 omnium
1659 1953 1735 2017 pre·

81 2035 245 2100 dictorum
269 2044 302 2102 et
325 2039 412 2122 quod
439 2039 606 2126 predictus
630 2039 805 2125 episcopus
829 2045 918 2102 esset
948 2039 1072 2102 intrusa
1103 2059 1182 2124 sepe
1206 2038 1292 2103 dicte
1315 2056 1501 2123 germanus.
1548 2034 1630 2099 (lum
1654 2053 1734 2118 ergo

80 2139 124 2203 ab
152 2141 201 2204 eis
230 2140 272 2204 ad
300 2143 407 2207 locum
435 2144 533 2208 citata
559 2163 624 2207 non
645 2150 767 2221 tutum,
798 2163 893 2207 suum
925 2150 1034 2207 tamen
1057 2149 1301 2228 procuratorem
1323 2141 1365 2206 ad
1392 2160 1506 2205 eorum
1536 2131 1736 2224 presentiam

83 2241 299 2322 destinasset,
323 2244 409 2309 idem
431 2252 623 2330 procurator
644 2251 681 2310 ut
704 2251 874 2330 suspectos
898 2245 1062 2308 recusavit
1084 2243 1233 2325 eosdem,
1261 2251 1330 2308 tum
1353 2244 1430 2328 quia
1452 2241 1537 2306 idem
1561 2241 1736 2327 episcopus

83 2353 167 2422 erat,
201 2353 239 2410 ut
268 2347 477 2412 iamdictam
501 2356 569 2429 est,
603 2349 727 2414 intrusa
759 2370 838 2434 sepe
869 2347 955 2412 dicte
984 2369 1174 2432 germanus,
1209 2359 1277 2413 tum
1309 2348 1385 2434 quia
1410 2344 1602 2411 manifestos
1633 2344 1736 2430 ipsius

82 2448 252 2513 abbatisse
284 2449 488 2515 adversarios
519 2458 552 2516 et
581 2452 707 2538 prefate
734 2452 858 2516 intrusa
890 2451 1173 2534 consanguinitate
1202 2452 1254 2517 vel
1290 2450 1510 2514 familiaritate
1545 2445 1736 2512 coniunctos

84 2551 241 2639 quosdam
273 2561 519 2640 assumpserant
558 2576 760 2630 assessores,
798 2562 895 2640 atque
928 2553 969 2617 ad
1003 2553 1267 2639 cognoscendum
1301 2553 1341 2617 de
1377 2553 1485 2618 causis
1520 2547 1735 2615 recusationis

85 2655 270 2720 huiusmodi
294 2678 481 2723 communes
509 2659 648 2723 arbitros
678 2659 755 2744 eligi
784 2658 979 2745 postulavit;
1008 2657 1154 2722 adiciens
1183 2659 1333 2746 insuper,
1364 2655 1451 2742 quod
1482 2653 1611 2720 etiamsi
1641 2671 1734 2716 rccu-

88 2760 222 2823 sationis
246 2781 344 2825 cause
367 2769 537 2847 prenotate
561 2769 746 2838 cessarent,
770 2762 942 2826 occasione
967 2767 1077 2825 tamen
1100 2761 1301 2842 litteramm,
1324 2781 1404 2846 quas
1427 2762 1636 2844 receperant,
1659 2746 1735 2841 pro·

88 2860 203 2927 cedere
229 2883 294 2926 non
324 2862 501 2944 debebant,
536 2886 575 2929 eo
605 2863 691 2949 quod
722 2885 899 2949 suppressa
928 2870 998 2929 erat
1027 2864 1194 2930 abbatisse
1223 2864 1363 2929 deiectio
1394 2884 1454 2949 per
1479 2861 1581 2925 laicos
1610 2864 1735 2923 temere

87 2971 278 3052 attemptata
302 2973 335 3031 et
358 2969 495 3033 intrusio
518 2967 733 3054 prepositisse
757 2967 921 3054 predictc;
954 2989 1016 3053 qne
1041 2969 1069 3032 si
1092 2988 1249 3054 expressa
1272 2968 1421 3048 fuissent,
1443 2965 1552 3030 littere
1576 2963 1647 3049 ipse
1670 2980 1737 3024 non

88 3076 197 3132 essent
213 3070 377 3134 ullatenus
394 3071 577 3157 impetrate.
621 3071 760 3135 Etcum
784 3092 863 3155 sepe
887 3070 992 3135 dictus
1009 3072 1184 3157 episcopus
1207 3077 1241 3135 et
1264 3071 1389 3155 college
1412 3067 1453 3132 ad
1470 3063 1735 3151 cognoscendum

88 3169 125 3234 de
157 3173 266 3236 causis
305 3175 520 3238 recusationis
556 3173 703 3261 predicte
741 3173 882 3238 arbitros
922 3173 1123 3259 denegarent
1161 3195 1222 3239 nec
1261 3173 1490 3260 exceptionem
1528 3168 1737 3234 admitterent

88 3281 307 3359 prenotatam,
336 3277 406 3361 ipse
430 3284 636 3362 procurator,
668 3275 781 3341 videns
805 3276 1005 3341 abbatissam
1029 3276 1166 3342 eandem
1189 3277 1363 3342 manifeste
1392 3272 1537 3360 gravari,
1566 3270 1636 3336 eius
1663 3269 1735 3331 vice

87 3398 123 3440 ac
145 3378 278 3442 nomine
310 3379 423 3443 sedem
446 3379 658 3465 apostolicam
682 3379 876 3464 appellavit,
905 3385 956 3444 set
983 3380 1047 3466 ipsi
1074 3380 1295 3466 appellatione
1326 3383 1512 3463 contempta
1538 3374 1573 3438 in
1602 3369 1735 3456 negotio

88 3501 259 3567 perperam
289 3481 504 3568 procedentes
532 3483 675 3547 tulerunt
704 3481 918 3569 depositionis
942 3483 1139 3547 sententiam
1162 3483 1195 3546 in
1219 3480 1374 3560 eandem,
1404 3485 1572 3544 cassantes
1596 3473 1734 3539 nichilo-

88 3583 191 3648 minus
214 3584 409 3649 electionem
439 3586 562 3650 intmse
593 3593 627 3650 et
654 3587 829 3651 conventui
852 3586 1036 3672 supradicto
1059 3587 1156 3650 aliam
1185 3585 1330 3670 eligendi
1356 3583 1521 3649 licentiam
1543 3578 1736 3654 tribuentes,

90 3708 222 3772 quorum
256 3695 406 3753 neutmm
434 3691 482 3754 eis
512 3689 619 3754 fuerat
648 3689 894 3764 demandatum;
930 3696 963 3754 et
990 3691 1036 3754 ita
1062 3691 1134 3776 ipse
1164 3696 1360 3762 conventus,
1392 3693 1429 3751 nt
1456 3684 1555 3749 factio
1581 3680 1737 3745 inchoata

90 3789 274 3854 iamdudum
298 3812 502 3876 quocumque
531 3791 627 3856 modo
656 3793 825 3856 sortiretur
855 3792 1022 3872 effectum,
1051 3792 1231 3878 predictam
1253 3793 1410 3856 intrusam
1433 3787 1530 3853 tertio
1555 3785 1736 3868 elegerunt.

90 3890 158 3964 Qus
180 3895 426 3960 confirmatione
448 3894 632 3960 huiusmodi
647 3896 818 3960 electionis
838 3916 899 3960 nec
918 3896 1031 3960 habita
1053 3917 1113 3960 nec
1128 3895 1232 3981 petita
1247 3889 1533 3959 amministrationi
1552 3886 1736 3952 temeritate

91 3996 184 4060 solita
206 4019 242 4062 se
269 3998 475 4076 immiscens,
504 3997 642 4083 quedam
671 3999 773 4084 ipsius
804 3999 994 4063 monasterii
1016 3999 1104 4063 bona
1130 3998 1315 4064 temeritate
1345 3996 1443 4062 simili
1470 3990 1640 4059 infeudare
1663 4007 1737 4074 pre-

91 4101 237 4186 sumpsit.
294 4099 403 4173 Quare
435 4101 603 4166 abbatissa
636 4099 804 4186 sepedicta
840 4102 1036 4188 supplicarit
1070 4103 1249 4182 instanter,
1283 4107 1319 4166 ut
1352 4105 1465 4165 contra
1498 4102 1547 4161 tot
1583 4101 1616 4159 et
1647 4099 1760 4157 tanta·

91 4203 277 4286 gravamina
300 4203 362 4267 sibi
391 4203 508 4268 adesse
540 4203 632 4266 iuxta
660 4203 758 4266 officii
787 4205 891 4268 nostri
919 4203 1065 4270 debitum
1094 4204 1312 4290 dignaremur.
1358 4202 1520 4276 Quocirca
1542 4195 1738 4262 fraternitati

93 4312 198 4370 vestre
223 4328 284 4393 per
305 4306 486 4391 apostolica
509 4307 631 4393 scripta
650 4305 851 4387 mandamus,
875 4309 1037 4393 quatinus,
1062 4309 1091 4373 si
1112 4308 1281 4395 premissis
1296 4305 1418 4371 veritas
1443 4304 1649 4388 suffragatur,
1672 4321 1738 4364 non

92 4408 240 4474 obstante
273 4410 365 4495 sique
394 4409 532 4474 forsitan
562 4409 671 4473 littere
705 4417 781 4474 sunt
810 4432 908 4497 super
937 4412 1179 4476 confirmatione
1218 4432 1276 4476 seu
1305 4409 1534 4475 observatione
1563 4426 1738 4492 processus

92 4510 276 4576 huiusmodi
305 4511 389 4576 infra
417 4518 546 4597 tempus
579 4511 794 4597 appellationi
820 4513 982 4599 prefixum
1004 4536 1024 4578 a
1047 4514 1125 4579 sede
1152 4513 1333 4600 apostolica
1359 4512 1546 4600 impetrate,
1575 4507 1738 4573 revocetis

92 4615 121 4680 in
142 4617 279 4694 irritum,
303 4615 454 4701 quicquid
477 4636 555 4702 sepe
573 4614 652 4679 dicti
668 4615 842 4702 episcopus
866 4623 900 4680 et
921 4618 1048 4703 college
1066 4619 1170 4705 ipsius
1192 4624 1267 4704 post
1283 4614 1537 4703 appellationem
1551 4608 1739 4675 huiusmodi

92 4723 212 4784 temere
235 4724 484 4806 attemptarunt,
513 4724 546 4783 et
576 4717 682 4782 electa
710 4718 783 4804 ipsa
813 4726 938 4783 remota
966 4741 1099 4805 prorsus
1129 4742 1149 4785 a
1180 4720 1339 4806 regimine
1362 4716 1511 4796 abbatie,
1542 4734 1621 4800 sepe
1650 4712 1738 4776 dicte

94 4821 256 4886 abbatisse
285 4821 449 4886 abbatiam
478 4842 551 4885 cnm
580 4820 730 4884 omnibus
759 4820 882 4885 iuribus
911 4823 997 4903 suis,
1027 4831 1094 4887 tam
1124 4823 1360 4911 temporalibus
1383 4840 1482 4906 quam
1504 4814 1738 4903 spiritualibus,

93 4926 269 4990 restituatis
293 4923 441 5004 eandem,
465 4931 499 4990 et
521 4924 680 4988 facientes
704 4924 735 4988 ei
759 4924 800 4988 ab
823 4925 895 5011 ipso
917 4933 1078 4990 conventu
1102 4933 1135 4990 et
1157 4925 1307 4992 omnibus
1331 4924 1417 4989 dicto
1440 4919 1639 4986 monasterio
1662 4917 1739 4982 sub-

93 5025 162 5092 ditis
186 5027 407 5108 obedientiam
431 5032 464 5092 et
486 5026 705 5092 reverentiam
727 5033 918 5092 consuetam
942 5034 975 5093 et
997 5028 1142 5093 debitam
1166 5028 1334 5108 exhiberi,
1361 5031 1395 5092 et
1418 5028 1575 5110 cogentes
1599 5023 1738 5087 electam

93 5130 224 5196 eandem
259 5129 301 5194 ad
334 5129 564 5214 resignandum
599 5130 663 5216 ipsi
696 5128 864 5195 abbatisse
899 5131 1068 5212 universa,
1111 5153 1173 5216 que
1206 5131 1308 5196 habet
1340 5128 1381 5194 de
1415 5127 1511 5193 bonis
1548 5122 1739 5189 monasterii

93 5233 263 5319 sepedicti,
293 5233 334 5298 de
357 5232 506 5319 dampnis
530 5239 563 5297 et
585 5232 711 5297 iniuriis
741 5231 849 5297 eidem
879 5233 1045 5299 abbatisse
1074 5257 1093 5299 a
1115 5233 1251 5320 prefatis
1275 5231 1440 5312 vassallis,
1470 5227 1739 5295 ministerialibus

95 5343 123 5400 et
144 5335 359 5422 complicibus
383 5335 570 5401 eorumdem
594 5335 695 5400 illatis
725 5335 853 5400 faciatis
878 5337 908 5401 ei
936 5358 1110 5425 congruam
1142 5337 1398 5402 satisfactionem
1421 5332 1583 5421 impendi;
1611 5335 1740 5397 contra·

187 5479 252 5534 Rau.
270 5477 350 5532 Pom.
367 5477 387 5532 1.
1501 5471 1536 5527 24
