4604 6420
766 383 968 439 EPISTOLAE
986 383 1176 440 SELEC'I'AE.
1212 384 1286 438 1233.

984 683 1071 756 508.

313 797 504 908 Gregorius
518 824 574 888 IX
591 843 677 904 papo
699 823 900 888 Frr'dcricam
923 823 1137 888 Barcanorum
1158 826 1373 904 imperatorem
1396 828 1504 902 moeret,
1527 827 1563 886 at
1583 822 1627 888 ad
1647 822 1859 904 worceredoru
1933 859 1935 864 ·

202 928 380 1010 superbiam
396 932 631 1008 protervorum,
660 928 716 1010 qai
737 928 880 993 ecclcsiae
901 931 930 991 ct
953 928 1078 1008 imperii
1099 928 1283 1010 dignitatem
1306 930 1469 1010 tepeant,
1502 926 1546 990 ad
1573 927 1640 991 loca
1666 927 1726 992 sibi
1755 927 1859 990 vicina

202 1032 271 1095 sine
293 1052 381 1095 mora
402 1051 434 1096 sc
456 1031 598 1117 conferat
620 1037 649 1096 et
669 1031 778 1113 impiis
799 1034 934 1096 resistat.
983 1031 1034 1117 Cf.
1057 1051 1089 1095 a.
1111 1035 1186 1096 488.
1507 1034 1600 1108 1233,
1623 1029 1717 1095 Febr.
1739 1035 1770 1096 3.

307 1149 1007 1221 Qfflmmfflmfflnm

138 1254 149 1292 o
305 1237 443 1305 Pottbast,
461 1235 529 1307 Rep.
548 1239 631 1290 9082.

250 1429 489 1519 Friderice,
516 1429 819 1504 Romanorum
845 1430 1104 1521 imperatori
1131 1452 1307 1523 semper
1333 1435 1539 1524 augusto,
1568 1431 1811 1505 Ierusalem

497 1533 498 1536 Ἴ
768 1556 811 1625 et
837 1551 984 1625 Sicilie
1011 1551 1101 1642 regi
1127 1550 1304 1624 illustri.

311 1700 386 1775 Qua
407 1699 482 1780 fide,
505 1721 569 1786 qua
585 1699 762 1765 devotione
786 1698 881 1764 matri
905 1698 1045 1765 ecclesie
1067 1699 1202 1779 debeas,
1226 1700 1272 1764 fili
1295 1698 1477 1776 karissime,
1501 1699 1718 1785 complacere,
1742 1723 1856 1767 cense-

183 1826 274 1869 mus
311 1804 481 1889 indignum
523 1803 690 1888 explicare
731 1803 871 1882 litteris,
910 1823 983 1868 cum
1022 1801 1083 1866 tibi
1119 1803 1161 1867 sit
1194 1802 1329 1868 evidens
1369 1802 1605 1889 multiplicibus
1646 1807 1857 1890 argumentis.

126 1925 151 1963 ¹0
203 1909 385 1974 Recursum
407 1907 508 1993 igitur
530 1905 571 1970 ad
595 1905 843 1992 exprimendam
868 1906 1057 1970 instantiam
1084 1907 1294 1972 necessitatis
1324 1905 1496 1987 habentes,
1519 1927 1592 1972 cum
1617 1930 1709 1995 spem
1732 1909 1857 1976 firmam

203 2018 237 2078 et
270 2032 420 2078 securam
457 2009 609 2076 fiduciam
643 2010 839 2092 habeamus,
874 2008 959 2095 quod
995 2018 1069 2074 tum
1103 2015 1235 2095 reputes
1270 2031 1333 2096 que
1369 2011 1562 2095 contingunt
1597 2013 1754 2094 ecclesie,
1789 2015 1857 2080 sive

203 2115 335 2180 sinistre
361 2116 415 2181 rel
443 2135 602 2202 prospere
631 2111 820 2192 rideantur,
851 2110 1081 2177 celsitudinem
1113 2119 1201 2178 tuam
1231 2132 1399 2198 rogamus,
1432 2133 1603 2178 monemus
1631 2119 1666 2179 et
1692 2115 1859 2182 hortamur

202 2218 376 2299 attentius,
408 2219 559 2305 quatinus
589 2216 769 2304 prudenter
796 2215 970 2281 attendens
998 2216 1085 2301 quod
1115 2217 1186 2281 sine
1216 2216 1335 2281 iniuria
1364 2217 1421 2280 filii
1445 2223 1550 2283 mater
1571 2224 1715 2303 nequeat
1736 2218 1858 2305 impro-

202 2321 318 2386 borum
341 2320 489 2406 nequitia
511 2321 670 2400 lacessiri,
693 2321 869 2407 presertim
892 2341 966 2384 cunr
989 2318 1030 2385 ad
1054 2320 1157 2385 instar
1179 2319 1340 2407 lampadis
1360 2326 1513 2386 contente
1535 2321 1658 2387 lumine
1680 2323 1858 2387 relucentis

127 2445 150 2484 u
204 2424 253 2488 illi
274 2423 398 2489 bonore
421 2430 534 2489 mutuo
557 2423 702 2490 debeant
724 2422 869 2504 radiare,
899 2422 941 2488 ad
963 2421 1193 2511 deponendam
1216 2423 1403 2511 superbiam
1425 2429 1668 2511 protervorum,
1692 2425 1747 2510 qui
1770 2426 1860 2491 velut

202 2534 351 2614 amentes
392 2528 503 2594 effecti
545 2535 612 2592 tam
649 2527 791 2593 ecclesie
829 2548 925 2612 quam
962 2527 1091 2614 imperii
1129 2526 1324 2612 dignitatem
1358 2533 1393 2593 et
1431 2533 1589 2593 conantur
1627 2528 1785 2616 impetere
1825 2535 1860 2595 et

203 2631 455 2721 dampnabiliter
477 2631 623 2717 cogitant
646 2630 856 2710 conculcare,
890 2651 949 2715 spe
973 2630 1037 2694 sibi
1058 2631 1228 2716 proposita
1251 2629 1337 2716 qnod
1360 2631 1476 2696 celesti
1499 2630 1618 2696 virtute
1641 2632 1695 2696 rel
1717 2630 1859 2697 humana

203 2737 351 2824 potentia
383 2755 496 2802 eornm
531 2741 674 2821 nequeat
707 2734 808 2800 elatio
843 2733 928 2798 deici
959 2734 1013 2798 rel
1046 2733 1213 2820 protervia
1244 2734 1393 2812 vacuari,
1428 2732 1469 2798 ed
1501 2735 1575 2799 loca
1605 2741 1717 2800 nostre
1750 2735 1858 2800 vicina

203 2839 371 2926 presentie
401 2845 434 2905 te
463 2838 613 2905 conferas
644 2837 715 2902 sine
750 2857 857 2918 mora,
894 2842 930 2901 ut
961 2837 1119 2901 resistens
1147 2836 1256 2924 impiis
1287 2836 1424 2902 dextera
1453 2837 1666 2925 triumphanti
1695 2837 1857 2904 fatuorum

204 2943 323 3007 faciem
355 2941 535 3028 ignominia
568 2941 713 3029 repleas,
747 2946 780 3005 et
812 2946 848 3005 tu
882 2939 917 3004 in
952 2939 1110 3004 extremis
1143 2945 1230 3006 terre
1264 2941 1471 3028 prepotentie
1502 2941 1598 3006 titulo
1629 2941 1671 3006 ad
1704 2948 1793 3008 tuam
1825 2948 1859 3007 et

204 3046 317 3111 matris
350 3045 488 3132 gloriam
517 3044 731 3130 refulgescas.
774 3043 900 3110 Verum
924 3043 1001 3129 quia
1024 3043 1208 3109 huiusmodi
1236 3046 1363 3130 negotii
1385 3045 1525 3130 qualitas
1548 3045 1685 3111 alieuius
1709 3045 1857 3133 excepti·

203 3149 275 3215 onis
297 3149 500 3215 obstaculum
521 3169 587 3214 non
605 3147 758 3222 admittit,
781 3149 932 3212 volumus
951 3153 988 3212 ut
1007 3147 1108 3228 illam,
1132 3148 1231 3212 etiam
1255 3149 1281 3212 si
1306 3170 1349 3213 ex
1368 3148 1612 3216 imminentibus
1635 3149 1694 3214 tibi
1715 3149 1857 3236 negotiis

204 3273 402 3338 consurgere
424 3253 590 3332 rideatur,
619 3252 653 3316 in
675 3250 819 3317 medium
844 3272 909 3315 non
932 3249 1109 3336 producas,
1134 3257 1185 3315 set
1206 3256 1351 3316 nostram
1374 3258 1408 3316 et
1431 3258 1520 3317 tuam
1543 3274 1686 3340 exurgas
1708 3252 1858 3318 iniuriam

203 3357 381 3439 vindicare,
404 3356 545 3421 sciturus
569 3354 654 3442 quod
678 3355 706 3421 si
729 3354 840 3420 divina
862 3355 1010 3441 potentia
1032 3354 1065 3418 in
1087 3355 1208 3419 virtute
1231 3361 1288 3420 tua
1310 3375 1432 3420 cornua
1453 3356 1651 3443 confregerit
1673 3354 1860 3423 huiusmodi
1877 3363 1936 3406 aa.
1951 3366 2011 3414 ²⁴›11

129 3483 155 3524 a
209 3461 434 3548 superborum,
459 3461 538 3527 satis
563 3466 638 3526 sunt
662 3457 812 3547 expediri
834 3459 945 3524 facilia
968 3480 1031 3545 que
1054 3459 1119 3523 tuis
1143 3465 1302 3546 apparent
1325 3460 1539 3546 beneplacitis
1562 3460 1679 3526 aliena.

314 3580 390 3647 Dat.
413 3582 577 3670 Anagnie,
599 3581 652 3647 111
674 3581 759 3647 Non.
781 3581 878 3647 Febr.
901 3601 987 3646 auno
1011 3587 1118 3647 sexto.

823 3827 975 3834 ——---.·-.-.
982 3828 1176 3835 ...ψ-.--η
1180 3828 1212 3834 .-
1218 3829 1233 3834 .-

987 4067 1074 4140 509.

313 4177 504 4290 Greporias
525 4207 581 4274 IX
595 4229 686 4288 papa
715 4209 961 4288 conpositionem
983 4208 1066 4272 iuter
1087 4205 1300 4291 [Sipafrrdam
1329 4206 1410 4292 ΙΙΙ]
1436 4207 1700 4290 arctiopacqam
1721 4209 1858 4291 Mopaa·

206 4312 308 4376 tinam
329 4315 359 4376 et
382 4310 562 4377 Coaradara
585 4311 799 4394 formariam
821 4311 1016 4393 iberiapiae
1038 4311 1194 4392 iuniorem
1215 4330 1309 4390 super
1330 4313 1433 4376 castro
1454 4310 1491 4375 dc
1512 4311 1659 4378 Hileberc
1680 4313 1858 4398 [Hritipca-

205 4415 309 4500 ber9],
339 4414 425 4480 villis
452 4417 482 4478 et
513 4414 590 4478 aliis
619 4414 711 4479 rrbas
740 4414 896 4479 mediante
923 4417 1074 4498 mapistro
1099 4413 1243 4481 Conrado
1270 4413 1308 4479 de
1329 4414 1488 4498 Marbarp
1513 4415 1723 4481 amicabiliter
1744 4415 1857 4480 irritam

128 4546 154 4587 so
205 4521 379 4600 confloreat.
1508 4522 1602 4598 1233,
1624 4519 1718 4585 Febr.
1741 4522 1773 4586 d.

309 4637 392 4708 Grep.
411 4639 460 4694 IX
478 4639 547 4708 Rep.
569 4637 628 4694 Vol.
646 4639 709 4706 111,
727 4643 778 4706 86;
797 4638 859 4694 uio.
881 4639 930 4704 VI,
949 4643 1015 4696 236.

307 4726 443 4794 Poetae,
461 4725 531 4796 Ray.
550 4728 634 4780 eost.

670 4975 679 4992 .
708 4975 717 4992 .
745 4917 1087 5010 archiepiscopo
1120 4915 1393 5009 Maguntino.

313 5068 365 5133 lla
385 5089 448 5155 que
472 5066 591 5134 iudicio
613 5068 666 5134 vel
688 5066 864 5133 concordia
886 5073 949 5132 eto.
972 5086 1091 5152 usque:
1117 5066 1321 5134 communiri.
1361 5063 1555 5131 Preseutate
1580 5064 1741 5152 siquidem
1764 5065 1858 5131 nobis

128 5200 152 5238 a
206 5180 262 5238 tue
284 5172 499 5238 fraternitatis
520 5173 630 5238 littere
654 5173 876 5252 continebant,
900 5171 985 5258 qnod
1010 5192 1083 5236 cum
1106 5170 1228 5235 dudum
1250 5171 1336 5235 inter
1357 5176 1391 5235 te
1414 5191 1452 5235 ac
1476 5168 1619 5234 nobilem
1642 5169 1747 5234 virum
1771 5167 1857 5234 Cen-

205 5276 320 5343 radum
342 5275 547 5362 langravium
570 5275 750 5361 Thuringie
773 5275 936 5340 iuniorem
960 5295 1060 5361 snper
1082 5280 1191 5338 castro
1214 5273 1255 5338 de
1278 5273 1450 5353 Hileberc,
1472 5271 1570 5352 villis,
1593 5271 1859 5358 possessionibus

205 5387 240 5447 et
262 5379 360 5446 rebus
388 5380 462 5444 aliis
493 5379 601 5465 gravis
625 5377 790 5444 discordia
810 5379 990 5464 instigante
1015 5377 1148 5442 humani
1172 5378 1304 5462 generis
1332 5376 1463 5442 inimico
1494 5372 1629 5440 suborta
1650 5373 1784 5456 fuisset,
1814 5374 1860 5438 ita

943 5553 1015 5562 ...ο-
1215 5551 1294 5558 *—

309 5674 333 5743 ·)
351 5685 395 5728 tue
412 5677 444 5728 B.
