4576 6390
439 395 507 458 498
1019 392 1067 446 EX
1085 391 1261 448 ennoean
1280 393 1319 447 IX
1338 391 1518 448 arelauno

443 586 571 630 cramus
594 566 627 629 in
650 564 781 629 domino
796 564 875 629 Iesu
893 564 1035 646 Christo,
1058 566 1092 628 in
1115 565 1342 632 remissionem
1365 566 1425 630 tibi
1447 565 1674 652 peccaminum
1696 566 1919 650 iniungentes,
1943 565 2100 651 quatinus

441 667 621 754 prudenter
643 668 819 732 advertens
841 688 937 752 quam
962 669 1004 732 sit
1030 668 1091 733 tibi
1114 667 1322 748 honorabile,
1353 690 1449 754 quam
1473 668 1621 746 salubre,
1653 670 1682 732 si
1705 669 1770 733 celi
1793 689 1905 754 regem
1930 690 1989 755 pro
2014 675 2099 732 tem·

438 773 544 858 porali
565 771 750 837 devotionis
773 772 932 857 obsequio
958 772 1018 835 tihi
1041 772 1221 836 constituas
1245 771 1284 835 ad
1308 772 1450 836 dandum
1472 773 1640 837 felicitatis
1663 772 1810 838 bravium
1834 771 2032 856 obligatum,
2057 769 2099 833 ad

440 873 690 938 subventionem
713 876 854 940 ecclesie
884 881 916 939 te
941 874 1074 939 studeas
1097 876 1315 956 communire,
1343 877 1390 940 ita
1412 882 1472 942 etc.
1497 897 1617 962 usque:
1649 876 1852 948 reflorescat;
1887 876 2001 960 sieque
2030 874 2098 948 fiat,

440 976 528 1060 quod
551 997 594 1041 ex
622 978 684 1041 hoc
712 977 814 1043 tibia
844 978 921 1043 sede
948 979 1129 1064 apostolica
1156 979 1325 1064 plenitudo
1353 980 1474 1044 favoris
1502 985 1536 1043 et
1563 979 1669 1065 gratie
1699 999 1737 1043 ac
1766 977 1898 1043 tandem
1920 977 2097 1064 proveniat
2161 1007 2173 1044 a

443 1079 669 1145 retributionis
693 1082 853 1167 premium
876 1083 1087 1168 sempiterne.

547 1199 623 1264 Dat.
646 1201 785 1282 Perusii,
808 1201 840 1266 V
862 1200 935 1266 Kal.
960 1201 1120 1266 Decemb.
1142 1202 1351 1288 pontificatus
1373 1203 1476 1268 nostri
1500 1224 1584 1267 anno
1608 1208 1734 1267 octavo.

546 1321 586 1385 In
610 1321 750 1387 eundem
772 1321 904 1387 modum
928 1320 1003 1386 duci
1024 1321 1233 1387 Karinthie².

545 1423 631 1490 Item
654 1425 765 1489 comiti
788 1425 931 1511 palatino
954 1423 1041 1489 Reni
1065 1431 1098 1489 et
1120 1424 1196 1489 duci
1218 1423 1404 1490 Bowari02.

545 1527 630 1591 Item
653 1528 822 1611 langravio
846 1527 1025 1612 Thuringie
1049 1534 1083 1592 et
1104 1528 1248 1613 palatino
1272 1528 1383 1592 comiti
1407 1526 1582 1592 Saxonia³.
1608 1513 1610 1538 l

546 1629 631 1694 Item
654 1631 834 1694 marchioni
857 1630 1017 1695 Miscensi
1041 1637 1075 1695 et
1096 1631 1416 1717 Landospergensi⁴.

547 1732 632 1797 Item
654 1734 897 1798 marchionibus
920 1733 1306 1819 Brandeburgensibus⁵‚
1329 1740 1366 1798 ut
1387 1735 1472 1798 alter
1494 1754 1607 1798 eorum
1631 1734 1753 1798 veniat.

547 1834 631 1900 Item
655 1835 730 1901 duci
753 1837 897 1902 Saxonis
910 1840 933 1900 ⁸.

545 1937 631 2002 Item
653 1940 798 2026 palatino
822 1941 934 2005 comiti
957 1931 1194 2025 Tuingensi⁸⁷.

546 2040 632 2105 Item
655 2042 767 2105 comiti
789 2042 926 2107 Ascarie
939 2043 963 2120 ⁸,
986 2043 1043 2127 qui
1064 2044 1176 2107 veniat
1198 2045 1251 2108 vel
1275 2043 1383 2107 mittat
1404 2042 1507 2106 tilium
1531 2063 1635 2106 suum.

546 2143 633 2208 Item
655 2141 731 2208 duci
753 2145 1000 2230 Lotharingie⁹.

545 2245 632 2312 Item
654 2248 836 2313 marchioni
858 2246 899 2314 de
921 2247 1086 2315 Badcn²⁰.

546 2348 633 2415 Item
655 2351 730 2416 duci
752 2351 792 2416 de
815 2350 1001 2417 Lemburch
1016 2352 1054 2416 ²².

547 2453 633 2518 Item
656 2454 774 2519 iuniori
796 2454 870 2520 duci
892 2455 1071 2520 Brabantie
1087 2455 1126 2518 ²².

545 2557 631 2622 Item
653 2558 766 2622 comiti
785 2558 1011 2623 Hollandie²³.

547 2659 633 2724 Item
657 2661 768 2725 comiti
792 2661 1019 2727 cernensibss.

549 2761 636 2826 Item
659 2763 769 2827 comiti
792 2763 832 2827 de
856 2762 1004 2827 Gelre¹⁵.

549 2864 635 2928 Item
657 2865 768 2929 comiti
792 2864 996 2946 Clevensi¹⁸,
1018 2872 1056 2930 ut
1077 2866 1189 2929 veniat
1211 2866 1264 2930 vel
1287 2865 1389 2929 filium
1413 2886 1508 2929 suum
1531 2866 1648 2930 mittat.

548 2965 635 3031 Item
660 2968 771 3031 comiti
794 2967 834 3032 da
858 2968 1152 3048 Hennenberch¹⁷‚
1175 2974 1213 3032 ut
1233 2968 1345 3032 veniat
1367 2969 1421 3032 vel
1444 2967 1547 3032 tilium
1570 2990 1665 3032 suum
1687 2971 1805 3035 mittat.

464 3071 468 3078 ’
547 3069 634 3134 Item
657 3071 768 3135 comiti
791 3070 1004 3151 Tirolensi²⁸‚
1028 3079 1064 3136 ut
1085 3072 1206 3136 veniat.

548 3172 633 3237 Item
657 3174 768 3237 comiti
790 3173 831 3238 de
855 3173 1010 3239 uorzess.

546 3274 632 3340 Item
656 3277 835 3341 marchioni
857 3277 1004 3343 Moravie
1018 3279 1057 3344 ²⁰.

546 3377 631 3443 Item
653 3381 723 3465 regi
746 3380 923 3445 Boemie²¹
946 3381 1038 3446 fratri
1062 3381 1211 3447 eiusdem
1234 3381 1443 3462 marchionis,
1466 3389 1503 3447 ut
1525 3383 1581 3448 det
1604 3385 1635 3449 ei
1659 3384 1841 3450 subsidium
1864 3386 1898 3449 in
1920 3387 2093 3452 militibus.

1058 3626 1469 3636 ———-—-——-—

1220 3853 1307 3926 609.

545 3957 736 4068 Grcporims
758 3985 812 4049 IX
831 4007 918 4066 papa
947 3989 1054 4053 abbati
1081 3995 1111 4053 et
1138 3995 1302 4084 conventui
1331 3995 1514 4057 enoaasterie'
1543 3997 1579 4057 e're
1602 3994 1698 4058 Salsa
1727 3995 1857 4058 innovat
1882 3995 2093 4077 pm’ea’lcpieem,

437 4087 519 4166 'quod
549 4087 706 4152 Iohannes
730 4088 799 4152 XV
824 4111 912 4170 papa
947 4092 991 4155 ad
1020 4095 1348 4182 preceaAdalhee'dac
1380 4097 1589 4176 imperatrices
1622 4097 1719 4161 eedem
1747 4097 1935 4160 monasterio
1963 4117 1994 4163 a.
2017 4097 2093 4178 995,

437 4188 546 4268 April.
570 4193 591 4252 4
613 4193 810 4257 concesserat.
1734 4199 2002 4278 1231110130.

541 4305 622 4375 Grec.
640 4309 690 4362 IX
706 4307 774 4378 Rep.
800 4309 856 4363 Vol.
875 4310 928 4374 IV,
947 4315 1110 4378 ear-23&
1130 4314 1191 4368 Lib.
1213 4314 1300 4378 VIII,
1320 4319 1380 4370 311.

543 4395 696 4463 Scledpfle'm
715 4396 801 4449 Alaat.
822 4396 889 4466 dipl.
909 4403 926 4451 t.
946 4398 971 4462 Ι,
985 4415 1015 4468 p.
1035 4403 1104 4467 1395
1120 4400 1157 4467 cs.
1177 4401 1257 4467 luffe',
1275 4399 1342 4471 Περ.
1360 4405 1441 4455 2952.

439 4638 473 4655 ..
494 4585 645 4662 abbati
670 4595 712 4662 et
734 4594 978 4666 conventui
1001 4597 1260 4670 monasterii
1282 4595 1325 4669 in
1344 4596 1500 4670 Salsa²²
1518 4598 1862 4690 Argentinensis
1885 4600 2089 4675 diocesis,

545 4734 598 4798 Ex
620 4743 712 4822 parte
736 4744 847 4802 vestra
870 4740 931 4804 luit
952 4743 1047 4806 nobis
1070 4742 1237 4807 humiliter
1261 4746 1493 4831 supplicatum,
1517 4754 1554 4810 ut
1574 4747 1782 4832 priuilegium
1806 4769 1826 4811 a
1848 4748 1955 4813 felicis
1979 4771 2089 4814 recor·
2146 4787 2173 4826 ,5

440 4835 580 4901 dationis
603 4836 749 4905 Iohanne
782 4862 867 4926 papa
888 4842 1124 4930 predecessore
1153 4852 1264 4910 nostro
1289 4850 1488 4914 monasterio
1511 4857 1620 4914 vestro
1649 4873 1841 4916 concessum
1870 4873 1955 4938 pene
1985 4854 2091 4918 multa

541 5095 563 5160 ⁸)
581 5098 704 5164 Tuinger'r
722 5099 754 5150 R.
840 5101 863 5166 ¹')
882 5105 981 5153 Samari
999 5102 1032 5155 R.

538 5231 565 5298 1)
585 5232 750 5286 Bemlrardo
768 5237 809 5288 II.
861 5235 890 5302 2)
910 5234 1005 5290 Oltam*
1023 5241 1064 5291 ΙΙ.
1111 5240 1139 5307 3)
1159 5240 1282 5296 Hearieo
1299 5243 1405 5312 Ruspe.
1452 5246 1480 5313 4)
1499 5246 1630 5300 Hmrico.
1683 5246 1711 5314 t)
1731 5247 1855 5302 lomene·
1872 5255 1897 5304 et
1916 5250 2010 5304 Ottom'
2027 5255 2088 5306 III.

434 5318 462 5385 6)
482 5316 600 5372 Alberto.
669 5320 810 5387 l)1deat
832 5322 1000 5392 Ilehe'npeerei
1017 5324 1142 5394 liudolfo
1159 5330 1200 5380 ΙΙ,
1260 5330 1288 5397 8)
1308 5331 1438 5385 Henrieo.
1502 5334 1529 5399 2)
1548 5333 1692 5386 Matthaeo
1711 5337 1752 5387 ΙΙ,
1812 5335 1855 5403 10)
1874 5335 2034 5390 amnne
2055 5337 2088 5394 V.

434 5403 478 5471 ll)
498 5403 621 5458 Heme'co
640 5408 659 5458 l
663 5408 690 5459 V.
772 5408 815 5477 12)
834 5408 956 5462 Hmrieo
976 5413 1016 5464 ΙΙ.
1097 5411 1141 5479 13)
1167 5412 1201 5467 Ut
1219 5413 1326 5468 videtur
1344 5417 1490 5470 Florentio
1508 5422 1528 5472 Ι
1532 5421 1560 5484 V,
1578 5420 1627 5488 qai
1644 5425 1733 5472 temen
1751 5421 1805 5474 Iul.
1823 5425 1858 5474 19
1873 5429 2000 5477 mortuas
2019 5427 2089 5479 erat.
2143 5437 2172 5476 ee

434 5489 478 5556 14)
502 5487 537 5541 Ut
554 5489 664 5543 videtur
682 5491 803 5546 Hemrieo
820 5494 912 5547 commi
928 5494 1061 5550 Seirenei.
1146 5498 1190 5564 15)
1213 5499 1306 5552 Ottcm'
1323 5503 1365 5554 ΙΙ.
1445 5503 1489 5570 16)
1513 5503 1677 5558 Theoderico
1701 5507 1729 5560 V.
1807 5507 1852 5575 11)
1872 5509 2003 5579 Boppoae'
2026 5511 2091 5564 VII.

436 5575 481 5641 18)
499 5573 614 5628 Alberto
632 5579 691 5629 ΙΙΙ.
768 5579 811 5645 19)
832 5579 1000 5633 Meimhcrdo
1018 5583 1076 5634 III.
1158 5581 1203 5651 20)
1222 5584 1392 5659 Premyetco.
1471 5588 1516 5660 21)
1540 5589 1706 5650 Wereeealao.
1779 5593 1826 5666 22)
1846 5595 1915 5666 Sele,
1932 5597 1968 5648 ab
1986 5597 2091 5669 oppido

435 5659 575 5732 Hcpenaa
593 5661 633 5716 ad
650 5663 783 5719 artemam
801 5669 826 5718 et
844 5666 1054 5737 septentrionem
1071 5666 1161 5723 eitam.
1221 5733 1225 5742 ἱ
