4560 6420
773 363 973 420 summonte
990 364 1179 421 amacura.
1213 366 1288 420 1241.
1798 375 1859 436 727

205 535 371 625 Ilgyptiis,
395 539 538 625 expositi
562 513 682 604 iudicib
698 540 891 605 Pharaonis.
937 539 1071 605 Utinam
1094 540 1219 626 Moysis
1238 560 1354 604 manus
1377 541 1560 626 accederet,
1585 543 1677 608 cuius
1701 543 1860 629 obsequio

208 664 266 707 suo
290 644 422 708 Israelis
447 644 580 707 arbitrio
603 642 796 708 redderetur
818 644 859 708 ad
883 645 980 708 solita
1004 645 1237 710 sacrificiorum
1265 645 1421 710 libamina
1443 647 1561 712 votivis
1590 647 1754 712 mentibus
1779 649 1859 712 otie-

206 746 320 811 renda!
358 747 512 812 Ceterum
535 748 682 812 recolere
706 748 807 812 libeat
830 749 972 814 ecclesie
997 749 1161 834 surgentis
1185 748 1371 829 exordium,
1400 749 1477 835 quid
1505 771 1564 836 pro
1594 751 1708 836 patriis
1731 751 1860 836 legibus

205 856 334 935 patrum
357 851 543 915 constantia
564 852 707 937 pertulit,
731 851 808 937 quid
831 853 1032 938 apostolicus
1055 853 1157 934 labor,
1182 853 1258 938 quid
1278 859 1456 938 martyrum
1472 854 1656 940 triumphus
1679 855 1858 942 exceperit.

142 957 153 994 ⁵
206 952 238 1016 N
239 974 277 1017 ec
294 952 489 1040 prudentum
504 953 709 1036 feminarum,
722 955 842 1040 quibus
857 963 972 1022 nature
989 956 1144 1020 mollities
1161 957 1294 1042 negavit
1309 957 1491 1039 audaciam,
1504 959 1680 1024 transeatis
1697 959 1860 1044 exempla,

205 1077 267 1141 que
297 1057 376 1121 satis
409 1056 563 1123 roborare
594 1080 702 1144 genua
736 1059 858 1124 debilia
887 1065 1042 1146 poterunt
1076 1067 1109 1126 et
1139 1060 1318 1147 potabilem
1353 1061 1491 1126 reddere
1522 1062 1658 1126 calicem
1686 1063 1858 1148 passionis,

199 1159 338 1244 ingenio
374 1160 528 1247 prudenti
563 1163 734 1247 recognita
768 1169 801 1227 et
832 1162 966 1227 Domini
996 1163 1098 1248 digito
1133 1165 1166 1228 iu
1203 1162 1310 1228 cordis
1345 1163 1464 1229 tabulis
1499 1172 1643 1230 exarata.
1699 1166 1861 1240 Quocirca

205 1264 429 1334 sinceritatem
462 1272 605 1330 vestram
641 1287 794 1350 rogamus
828 1273 861 1330 et
893 1266 1062 1331 hortamur
1089 1269 1123 1331 in
1151 1266 1311 1349 Domino,
1345 1274 1506 1353 quatenus
1541 1270 1681 1336 ecclesie
1717 1291 1859 1352 causam,

205 1373 386 1461 apostolice
411 1370 499 1435 sedis
523 1369 685 1449 iniuriam,
709 1391 771 1456 que
796 1377 908 1435 contra
930 1371 980 1435 fas
1005 1378 1038 1436 et
1060 1371 1207 1436 debitum
1231 1371 1330 1437 variis
1352 1379 1492 1437 vexatur
1513 1373 1674 1438 molestiis
1697 1380 1731 1440 et
1754 1375 1859 1441 laces-

129 1471 154 1510 ¹⁰
206 1478 289 1542 situr
311 1475 463 1555 offensis,
488 1474 585 1539 solita
607 1472 783 1539 dovotione
807 1481 1000 1560 pensantes,
1023 1475 1077 1561 pie
1100 1475 1231 1555 matris,
1255 1496 1318 1561 que
1341 1496 1400 1539 vos
1424 1477 1549 1563 recepit
1571 1475 1614 1540 ad
1635 1476 1738 1542 ubera
1760 1498 1860 1563 super
1877 1505 1915 1547 aa.
1929 1507 1997 1556 aus

204 1581 348 1664 benigna
370 1599 479 1662 genua
501 1576 711 1658 blandiendo,
735 1578 782 1642 eis
805 1599 885 1662 quas
908 1577 1056 1642 toleratis
1080 1578 1241 1662 angustiis
1264 1579 1454 1664 proponatis
1470 1579 1635 1661 affectum,
1657 1585 1694 1645 ut
1709 1581 1858 1668 probatio

203 1691 312 1748 vestre
336 1681 427 1762 tidei,
458 1703 521 1768 que
551 1681 631 1746 satis
661 1701 740 1744 auro
769 1681 941 1767 pretiosior
962 1681 1144 1758 invenitur,
1177 1680 1297 1746 habeat
1320 1703 1393 1747 cum
1415 1684 1630 1770 temptatione
1653 1692 1858 1772 proventum,
1881 1696 1900 1736 t
1910 1691 2031 1745 c01·¹⁰·¹³·

155 1820 163 1829 ·
205 1809 267 1853 nec
299 1784 422 1872 aliquid
456 1792 618 1872 tyrannus
653 1785 812 1867 inveniat,
848 1783 934 1870 quod
972 1784 1102 1849 sinistra
1139 1785 1408 1871 interpretatione
1445 1788 1591 1852 notabile
1629 1795 1684 1853 aut
1724 1789 1858 1874 dignum
1981 1841 1985 1848 .

207 1892 373 1957 existimet
407 1891 475 1954 suis
510 1889 789 1954 diffamationibus
823 1888 1049 1969 inserendum,
1086 1897 1174 1954 certa
1206 1891 1278 1976 spei
1307 1889 1460 1955 fiduciam
1486 1890 1648 1973 habituri,
1683 1891 1769 1977 quod
1798 1913 1858 1979 pro

130 1985 156 2026 ¹⁵
207 1984 553 2073 liberationevestra‚
581 1993 726 2078 quinimo
755 2000 868 2057 nostra
892 1993 1081 2059 contusione
1106 1993 1266 2074 tollenda,
1295 1995 1365 2058 vias
1387 1994 1568 2081 querimus,
1598 1993 1744 2060 remedia
1767 1995 1857 2078 cogi-

203 2106 329 2178 tamus,
353 2098 535 2182 impensam
559 2095 814 2161 sollicitudinem
837 2097 958 2162 nostris
982 2096 1154 2162 desideriis
1178 2104 1394 2182 coequautes,
1424 2097 1471 2161 sic
1494 2097 1581 2183 quod
1603 2119 1665 2163 nec
1687 2096 1728 2162 de
1752 2097 1857 2182 negli-

203 2201 316 2288 gentia
340 2199 509 2265 mordendi
533 2199 632 2286 digne
657 2202 880 2265 concurrimus
905 2223 966 2267 nec
988 2200 1028 2266 de
1051 2202 1192 2266 filiorum
1215 2202 1378 2266 oblivione
1407 2203 1558 2282 notandi,
1589 2203 1652 2266 nisi
1674 2204 1758 2267 sorte
1781 2201 1858 2266 visi-

203 2304 293 2370 tandi
321 2303 438 2368 raritas
470 2303 665 2368 calumniam
694 2304 832 2386 habeat,
866 2326 929 2390 que
959 2304 1053 2369 nobis
1081 2305 1192 2370 invitis
1222 2305 1263 2371 dc
1294 2307 1418 2370 viarum
1444 2305 1637 2371 difficultate
1665 2305 1858 2392 procedens,

205 2409 289 2473 votis
311 2407 432 2472 nostris
456 2413 489 2472 ct
512 2408 631 2472 vestris
655 2408 767 2489 obvia,
790 2409 878 2473 iusta
900 2416 1011 2496 potest
1034 2410 1248 2475 excusatione
1274 2409 1420 2486 defendi;
1448 2432 1509 2475 nec
1539 2411 1625 2474 enim
1649 2431 1668 2475 a
1689 2410 1858 2475 laboribus

205 2533 342 2599 corpora
371 2517 575 2577 nec'manus
604 2513 647 2576 ab
674 2513 806 2577 auxiliis
834 2512 1049 2593 deducemus,
1078 2512 1183 2578 donec
1214 2514 1247 2577 in
1275 2514 1393 2578 vestris
1424 2515 1632 2579 consolemur
1659 2514 1857 2601 aspectibus,

205 2615 416 2680 exulantibus
440 2615 516 2679 filiis
540 2617 642 2702 patris
666 2615 840 2682 desideriis
863 2616 1035 2682 restitutis.
1088 2615 1223 2680 Utinam
1254 2623 1288 2680 et
1310 2638 1369 2682 sus
1392 2618 1475 2703 legis
1499 2624 1533 2682 et
1554 2618 1664 2703 gentis
1687 2618 1859 2683 miserator

204 2720 374 2798 Dominus,
400 2718 491 2783 cuius
515 2725 567 2784 cst
589 2740 724 2804 gressus
748 2719 902 2804 dirigere,
925 2717 1179 2784 misericorditer
1202 2719 1403 2785 recordetur!

312 2838 389 2905 Dat.
414 2839 524 2904 Later.
548 2838 582 2903 II
604 2839 680 2905 Kal.
704 2841 791 2927 Aug.
815 2863 900 2906 anno
923 2842 997 2908 XV.

126 2508 151 2546 ‘2⁰

823 3102 1235 3110 -—-—-———--.—.---.

988 3381 1075 3456 828.

311 3495 502 3608 Gregorius
529 3525 586 3590 IX
606 3546 697 3606 papa
720 3524 895 3589 Iaaacases
917 3523 1088 3602 collaudat,
1114 3522 1197 3604 quod
1211 3526 1285 3603 post
1306 3519 1448 3585 materni
1470 3537 1561 3584 cusos
1583 3518 1801 3583 macritatem
1822 3519 1857 3581 ia

126 3639 151 3680 ²⁵
203 3627 372 3693 altitudine
397 3629 563 3712 palearum
589 3633 619 3694 ct
639 3629 769 3692 nauium
797 3627 842 3692 acl
862 3627 1056 3692 ulciscendus
1076 3627 1219 3693 ecclcsiae
1247 3626 1388 3689 iniurias
1413 3627 1585 3706 ccurpact,
1611 3623 1799 3704 nuntiatque
1825 3641 1858 3687 se

201 3731 407 3818 [liebertum]
433 3733 654 3814 patriarcham
688 3731 1012 3818 Hierosolymitaaum
1046 3731 1090 3796 cul
1128 3751 1178 3797 cos
1206 3749 1269 3812 pro
1300 3729 1444 3794 ecclcsm
1475 3727 1607 3809 caputiis
1636 3724 1857 3807 promovendis

202 3834 369 3902 destinare.
1493 3835 1588 3910 1241,
1611 3831 1695 3914 Aac.
1718 3833 1769 3894 16.

307 3955 391 4029 Greq.
402 3957 451 4011 IX
459 3957 530 4028 Ray.
547 3957 604 4012 Vct.
618 3957 688 4027 VII,
700 3960 751 4025 595
768 3959 800 4012 ia
812 3957 965 4028 appendice
974 3957 1036 4013 Lib.
1046 3957 1096 4010 XI
1100 3955 1181 4012 Vaut
1191 3971 1218 4010 a.
1230 3959 1283 4009 781
1300 3957 1612 4022 commemoraremus.
1622 3953 1693 4014 806,-
1710 3952 1782 4022 ofin.
1793 3951 1856 4002 824.

314 4163 461 4251 Experte
501 4163 685 4229 devotionis
719 4171 752 4229 ct
786 4163 922 4251 probate
957 4162 1138 4228 constantie
1173 4163 1287 4227 civitas
1317 4160 1493 4228 Ianucnsis
1532 4160 1579 4225 sic
1614 4182 1745 4248 semper
1778 4181 1857 4246 erga

128 4281 155 4320 ³⁰
206 4267 388 4333 Romanam
412 4251 587 4334 eccleiiun
611 4269 749 4334 sinceris
772 4267 943 4334 affectibus
967 4266 1101 4347 iervuit,
1130 4267 1176 4330 sic
1200 4266 1408 4331 immaculata
1429 4265 1507 4330 fidei
1529 4265 1671 4351 puritate
1693 4265 1742 4329 illi
1764 4265 1857 4330 affuit

204 4371 414 4451 inconcusse,
443 4379 478 4436 ut
507 4372 640 4437 honoris
668 4373 739 4436 eius
763 4372 901 4436 solatrix
924 4368 1055 4435 assidua
1076 4391 1112 4434 se
1135 4369 1239 4457 ipsius
1262 4369 1430 4453 obsequiis
1453 4369 1683 4456 oportunitatis
1707 4375 1855 4455 tempore

203 4481 394 4540 reverenter
416 4475 573 4539 obtulerit
595 4482 628 4538 et
650 4475 691 4539 sd
715 4474 951 4562 experiendum
974 4493 1106 4539 suarum
1130 4473 1345 4558 quantitatem
1375 4472 1493 4536 virium
1520 4493 1579 4557 pro
1610 4471 1725 4537 eadem
1755 4493 1854 4536 exur-

203 4578 327 4643 rexerit
343 4579 500 4660 animosa,
518 4599 580 4664 que
597 4579 716 4664 iugiter
727 4579 860 4645 maioris
877 4578 1059 4644 affectionis
1075 4577 1290 4663 conceptione
1306 4575 1479 4642 fecundior
1493 4576 1655 4642 uberioris
1671 4575 1854 4642 devotionis

203 4681 327 4747 fructus
350 4682 468 4748 afferre
492 4682 667 4769 probatur,
696 4682 773 4747 dum
796 4683 918 4748 vexillo
946 4681 1112 4748 fidelitatis
1136 4682 1292 4768 explicito
1315 4681 1429 4767 previa
1453 4679 1640 4745 civitatibus
1662 4681 1798 4766 reliquis
1821 4680 1855 4745 in

128 4799 153 4838 ³⁵
206 4785 398 4869 obsequium
421 4786 602 4871 apostolico
626 4785 712 4850 sedis
736 4786 886 4869 quotiens
910 4783 1045 4871 expedit
1066 4784 1218 4849 ardenter
1240 4805 1425 4866 occurrens,
1449 4789 1483 4848 et
1506 4804 1582 4848 suos
1605 4783 1693 4848 illius
1713 4785 1855 4850 servitiis

203 4889 356 4954 humeros
380 4889 566 4954 indefessos
589 4890 725 4976 exponit
748 4896 781 4954 et
803 4889 953 4954 civitates
985 4889 1075 4975 ipsas
1104 4889 1146 4954 ad
1176 4888 1411 4974 promptiorem
1441 4887 1589 4953 eiusdem
1618 4887 1707 4952 sedis
1732 4887 1856 4952 excitat

203 4992 407 5057 famulatum.
457 4993 544 5059 Saue
577 4994 718 5080 receptis
747 5015 853 5080 nuper
879 4993 997 5058 litteris
1021 4994 1161 5058 vestris¹
1184 5013 1295 5058 aarum
1323 4999 1438 5057 tenore
1466 4990 1652 5072 didicimus,
1682 4989 1769 5076 quod
1792 4990 1855 5054 etsi

202 5097 353 5161 moderni
385 5119 480 5162 casus
508 5097 690 5164 adversitas
720 5099 829 5184 gravis
857 5097 979 5163 doloris
1007 5098 1141 5163 aculeos
1171 5096 1323 5162 cordibus
1352 5095 1470 5160 vestris
1499 5093 1659 5174 infixerit,
1692 5113 1765 5158 cum
1794 5115 1855 5158 nec

202 5200 285 5265 levis
309 5201 435 5265 offensa
458 5201 600 5267 ecclesie
623 5203 718 5266 matri
734 5208 843 5267 vestre
866 5208 981 5286 posset
1003 5201 1125 5282 inferri,
1148 5201 1225 5287 quin
1240 5201 1349 5266 filialis
1364 5200 1399 5264 in
1414 5199 1508 5264 vobis
1525 5197 1691 5264 lederetur
1705 5198 1854 5280 affectus,

126 5317 153 5356 ⁴⁰
206 5326 248 5368 ex
270 5304 333 5369 hoc
357 5311 466 5371 tamen
491 5312 605 5371 contra
627 5306 730 5393 ipsius
754 5306 894 5371 ecclesie
917 5305 1067 5370 inimicos
1091 5306 1207 5393 spiritu
1238 5302 1453 5370 accendimini
1481 5302 1622 5383 fortiori,
1653 5308 1854 5387 exurgentes

204 5407 238 5472 in
260 5407 433 5473 altitudine
457 5410 625 5494 galearum
648 5415 682 5475 et
704 5408 842 5474 navibus
866 5407 1013 5496 pluribus
1029 5409 1168 5493 aliisque
1184 5409 1271 5474 vasis
1289 5408 1330 5473 ad
1345 5405 1570 5472 ulciscendum
1585 5427 1702 5492 graves
1719 5405 1853 5471 iniurias

307 5666 334 5746 l)
355 5665 398 5734 t’s.
414 5681 441 5719 o.
461 5669 522 5728 813.
