4596 6406
450 371 512 433 652
1026 363 1074 420 EX
1093 363 1269 421 usneonn
1287 361 1326 419 IX
1344 359 1526 420 REGIS'PRO
1622 355 1623 358 ’

450 541 660 628 susceptione
685 546 797 605 sancte
821 540 989 625 religionis
1012 539 1198 604 abstractus
1221 539 1256 602 in
1278 538 1379 602 divini
1402 538 1522 603 amoris
1545 536 1751 602 altitudinem
1767 539 1944 604 evolasset.
1982 537 2114 604 Noster

449 647 550 730 igitur
573 645 738 710 detractor
761 645 968 730 respondeat,
992 644 1069 730 quid
1093 665 1137 708 ex
1159 643 1220 707 hoc
1243 644 1339 708 nobis
1363 649 1396 707 et
1419 641 1526 707 eidem
1550 643 1707 728 episcopo
1730 643 1852 727 poterit
1875 644 2052 730 imputari,
2082 644 2112 707 si

449 748 618 813 Placentia
641 749 727 813 inter
753 754 881 834 patres,
910 749 1015 827 filios,
1043 748 1175 828 affines,
1203 748 1467 832 consanguineos
1491 755 1524 812 et
1547 768 1721 831 germanos
1743 747 1894 818 ‚ordinato
1918 748 2109 828 concordia,

449 873 488 916 eo
512 860 666 938 presente
691 862 724 915 et
746 858 950 938 protestante
975 850 1062 937 quod
1092 850 1124 915 id
1156 852 1255 915 salvis
1279 852 1402 914 honore
1426 857 1460 914 et
1482 850 1608 914 iuribus
1631 850 1760 936 imperii
1783 857 1816 914 et
1838 852 2050 936 imperatoris
2074 860 2111 914 et

450 955 674 1038 quorumlibet
705 957 841 1020 aliorum
874 956 982 1034 fieret,
1010 955 1301 1020 consumationem
1335 953 1495 1040 accepit¹.
1551 952 1737 1025 Quinimmo
1771 953 1857 1017 idern
1891 954 2111 1042 blasphemus

448 1059 612 1144 intelligat
646 1059 709 1123 sibi
743 1058 784 1123 ad
818 1058 984 1122 infamiam
1025 1060 1141 1124 merito
1177 1059 1341 1144 reputari,
1384 1058 1471 1143 quod
1512 1078 1586 1122 cum
1623 1056 1663 1121 ad
1701 1057 1805 1142 ipsius
1846 1064 1880 1122 et
1912 1059 2109 1122 nuntiorum

451 1183 583 1226 suorum
616 1163 805 1226 instantiam
828 1161 1051 1226 venerabilem
1074 1160 1206 1226 fratrem
1232 1161 1485 1228 ..Ostiensem
1520 1161 1712 1246 episcopum
1746 1166 1779 1224 et
1810 1159 1965 1225 dilectum
1998 1155 2107 1226 filiuni

447 1273 575 1329 nostros
599 1265 636 1332 Τ.
659 1266 747 1329 tituli
771 1264 890 1328 Sancte
914 1264 1038 1328 Sabine
1067 1265 1296 1351 presbyterum
1327 1265 1526 1330 cardinalem
1562 1285 1620 1351 pro
1650 1283 1731 1349 paee
1760 1263 1852 1326 iuxta
1883 1263 2025 1328 formam
2049 1287 2109 1330 ac-

453 1375 616 1455 ceptatam
647 1369 688 1432 ab
723 1367 848 1432 eisdem
883 1368 1005 1432 nuntiis
1038 1367 1124 1432 inter
1152 1369 1358 1433 Lombardos
1399 1376 1433 1434 et
1473 1369 1645 1454 imperium
1682 1366 1888 1431 reformanda
1917 1367 1960 1431 ad
1990 1378 2108 1455 partes

449 1472 655 1537 misissemus
685 1471 850 1552 easdem²,
882 1471 986 1550 idern,
1021 1471 1119 1537 dictis
1153 1472 1272 1557 legatis
1294 1473 1412 1558 petita
1447 1472 1668 1558 etampliora
1701 1470 1879 1560 adimplere
1913 1473 2040 1556 paratis
2069 1480 2106 1536 et

451 1574 574 1639 delusis
599 1576 709 1654 nobis,
741 1575 1007 1639 reformationem
1029 1577 1120 1661 pacis
1143 1597 1202 1661 per
1224 1577 1314 1663 ipsos
1337 1577 1443 1640 noluit
1465 1582 1648 1661 acceptare.
1694 1573 1782 1638 Ecce
1805 1594 1890 1637 nune
1914 1575 2109 1660 intelligite,

448 1679 589 1764 qualiter
617 1679 747 1765 imperii
775 1680 847 1742 iura
878 1680 1151 1743 conculcavimus.
1210 1678 1264 1742 Ex
1298 1679 1468 1766 premissis
1498 1677 1673 1757 advertite,
1706 1677 1847 1762 qualiter
1875 1677 1928 1740 hic
1957 1699 1977 1740 a
2008 1679 2109 1742 nohis

450 1782 551 1845 fuerit
583 1781 775 1868 impeditus,
809 1781 865 1866 qui
891 1782 990 1866 longo
1021 1788 1053 1847 et
1076 1783 1166 1846 inani
1196 1783 1309 1847 labore
1334 1805 1411 1846 suos
1436 1790 1469 1847 et
1492 1803 1624 1846 suorum
1648 1781 1801 1845 humeros
1825 1778 1971 1844 decrevit
1993 1782 2108 1866 potius

452 1887 588 1963 conteri,
613 1907 709 1970 quam
732 1907 850 1972 passus
879 1887 1027 1951 extiterit
1056 1908 1116 1972 per
1138 1908 1198 1950 nos
1222 1887 1293 1950 iura
1315 1886 1444 1972 imperii
1467 1885 1648 1951 reformari.
1692 1883 1850 1947 Preterea
1872 1883 1978 1964 idem,
2002 1885 2108 1949 illatis

452 1990 592 2053 ecclesie
630 2010 695 2053 non
740 1996 914 2054 contentus
952 1990 1116 2069 iniurius,
1155 1989 1232 2054 data
1269 1988 1463 2075 quibusdam
1499 1988 1678 2053 rebellibus
1715 1988 1835 2050 nostris
1873 2009 1938 2050 non
1975 1988 2109 2052 modica

449 2113 575 2155 summa
599 2093 753 2178 pecunie,
785 2092 981 2158 seditionem
1005 2101 1119 2158 contra
1141 2115 1200 2158 nos
1223 2093 1257 2157 in
1281 2092 1371 2158 Urbe
1393 2091 1526 2157 molitus
1548 2093 1672 2178 plurios
1694 2111 1912 2170 commovere,
1941 2098 1977 2154 ut
2007 2092 2108 2155 nobis

449 2203 483 2258 et
505 2195 658 2260 fratribus
690 2196 811 2260 nostris
834 2217 854 2259 a
877 2196 955 2260 sede
989 2205 1100 2262 nostra
1129 2198 1272 2284 repulsis
1304 2204 1337 2261 et
1364 2217 1523 2261 concusso
1555 2195 1660 2281 capite
1691 2194 1784 2275 fidei,
1812 2193 1898 2278 quod
1933 2195 2111 2280 superedi-

448 2297 558 2362 ficavit
588 2296 767 2378 Dominus,
801 2300 943 2385 impulsu
975 2301 1045 2364 eius
1074 2300 1111 2364 ll.
1135 2305 1246 2365 rueret
1274 2300 1406 2380 leviori,
1435 2298 1619 2362 Ferrariam
1649 2303 1683 2362 et
1711 2296 1868 2382 quasdam
1891 2297 1973 2360 alias
1998 2304 2108 2362 terras

449 2402 589 2466 ecclesio
624 2403 658 2465 in
691 2402 890 2466 Lombardis
926 2410 1040 2467 contra
1081 2404 1298 2468 iuramentum
1337 2404 1512 2490 prestitum
1557 2409 1679 2466 temere
1716 2402 1853 2466 veniens
1897 2404 2109 2488 occupavit³.

451 2503 557 2590 Super
581 2526 644 2590 quo
669 2511 703 2568 et
726 2504 798 2568 aliis
822 2525 881 2568 nos
904 2505 1043 2569 credens
1067 2505 1214 2570 detinere
1243 2505 1352 2570 uerbis
1382 2506 1549 2584 inanibus,
1577 2504 1681 2569 dictos
1704 2504 1970 2569 Panormitanum
1994 2507 2106 2571 archi·

449 2607 638 2693 episcopum
662 2615 696 2671 et
718 2608 801 2671 alios
824 2609 956 2673 nuntios
981 2631 1058 2674 suos
1083 2631 1157 2674 cum
1180 2609 1299 2673 litteris
1323 2608 1364 2672 de
1388 2609 1554 2674 credentia
1573 2607 1614 2671 ad
1631 2613 1775 2672 nostram
1792 2607 1885 2672 duxit
1900 2611 2107 2693 presentiam

449 2709 660 2794 delegandos.
711 2709 837 2783 Quibus
868 2713 1083 2778 offerentibus
1112 2713 1207 2777 nobis
1238 2713 1497 2778 satisfactionem
1525 2733 1624 2798 super
1646 2711 1880 2797 premissorum
1903 2711 2106 2776 offensarum

448 2813 677 2878 emendatione
702 2814 879 2895 verbalem,
902 2821 979 2880 ante
1003 2823 1135 2901 etpost
1158 2816 1303 2902 ipsorum
1327 2836 1347 2879 a
1370 2816 1460 2880 curia
1482 2823 1594 2879 nostra
1616 2835 1781 2879 recessum
1804 2820 1925 2877 terram
1949 2814 2106 2880 Sardinie

449 2921 483 2978 et
515 2913 659 2978 Massam
692 2914 856 2980 Lunensis
892 2916 1033 2982 diocesis
1068 2939 1247 3004 occupare,
1281 2917 1322 2982 ad
1353 2918 1536 2982 Romanam
1568 2918 1771 3004 pertinentes
1806 2918 1996 2995 ecclesiam,
2037 2941 2105 2982 non

449 3018 615 3098 omittens,
639 3018 710 3105 ipso
735 3018 831 3100 facto,
855 3041 896 3084 ne
920 3021 1006 3084 ultra
1028 3022 1100 3086 eius
1118 3028 1369 3107 expectaremus
1393 3022 1639 3101 correctionem,
1663 3019 1804 3102 edocuit,
1827 3041 1865 3084 ae
1887 3042 1952 3084 non
1975 3020 2103 3087 debere

447 3120 546 3185 fidem
570 3121 633 3186 sihi
654 3123 707 3186 vel
732 3123 800 3186 suis
823 3125 946 3188 nuntiis
970 3123 1121 3189 adbiberi
1144 3125 1254 3211 operis
1279 3124 1445 3189 evidentia
1467 3123 1712 3191 demonstravit.
1765 3123 1818 3186 Ex
1846 3145 1909 3208 quo
1936 3122 1969 3187 id
1994 3126 2105 3188 solum

448 3225 482 3288 in
506 3225 709 3290 conscientia
733 3248 792 3290 sua
815 3227 942 3310 legens,
966 3227 1053 3313 quod
1077 3249 1134 3292 cor
1156 3229 1227 3292 eius
1252 3226 1292 3292 ad
1316 3227 1552 3291 conterendum
1566 3227 1725 3292 eeclesias
1741 3233 1775 3289 et
1791 3227 1986 3291 catholicam
2001 3228 2104 3292 fidem

447 3327 610 3414 dirigitur,
633 3328 674 3394 de
698 3331 803 3412 nobis,
827 3331 944 3416 quibus
968 3353 1004 3396 se
1027 3332 1093 3396 iam
1116 3352 1320 3416 quocumque
1344 3330 1467 3395 fraudis
1485 3331 1607 3395 vellere
1625 3331 1788 3395 occultare
1804 3351 1870 3394 non
1891 3337 2011 3416 potest,
2035 3354 2104 3396 non

448 3432 609 3496 immerito
638 3433 840 3520 suspicatur,
870 3434 957 3520 quod
980 3434 1082 3520 ipsius
1112 3435 1295 3521 potentiam
1324 3433 1485 3498 habentos
1520 3434 1606 3497 iusta
1636 3435 1763 3498 ratione
1792 3441 1993 3521 suspectam,
2026 3457 2102 3500 cum

448 3537 565 3600 melius
590 3537 731 3602 sitente
755 3544 885 3622 tempus
909 3559 1080 3602 occurrere
1111 3559 1208 3622 quam
1236 3544 1312 3624 post
1339 3538 1463 3601 inflicta
1485 3538 1620 3601 vulnera
1649 3536 1829 3601 remedium
1858 3539 2022 3619 invenire,
2058 3539 2102 3603 ad

447 3639 642 3704 avertendas
666 3662 798 3704 suorum
822 3661 1056 3726 progressuum
1079 3641 1213 3705 semitas
1237 3640 1380 3705 officium
1403 3641 1579 3726 legationis
1603 3640 1690 3704 dieto
1722 3642 1872 3705 notario*
1895 3642 2101 3706 commiseri-

446 3764 535 3818 mus;
564 3744 619 3828 qui
647 3765 854 3829 nequaquam
882 3745 975 3808 iuxta
1001 3745 1105 3830 ipsius
1133 3743 1349 3830 suspitionem
1378 3743 1411 3808 id
1437 3743 1588 3824 fecimus,
1620 3750 1671 3809 set
1697 3749 1734 3808 ut
1756 3765 1818 3830 per
1841 3765 1915 3808 cum
1938 3744 2102 3810 bellorum

447 3847 606 3928 cladibus,
630 3848 811 3912 animarum
834 3869 1070 3934 corporumque
1094 3847 1250 3934 periculis
1274 3848 1407 3912 obviare
1430 3869 1613 3935 possemus.

553 3969 606 4033 Ex
629 3971 799 4056 premissis
822 3970 923 4054 igitur
946 3976 979 4034 et
1002 3970 1076 4034 aliis
1098 3978 1306 4056 nequeuntes
1323 3971 1363 4036 de
1380 3971 1482 4057 ipsius
1507 3971 1709 4035 correctione
1734 3990 1866 4056 sperare
1890 3976 1923 4032 et
1945 3968 2100 4035 dolentes

445 4094 506 4137 nos
539 4073 609 4137 eius
641 4073 911 4159 promissionibus
945 4074 1065 4138 totiens
1097 4073 1200 4137 fuisse
1233 4072 1384 4155 delusos,
1418 4073 1580 4161 prefatum
1610 4073 1647 4138 F.
1676 4072 1718 4137 de
1748 4073 1884 4136 fratrum
1912 4079 2100 4136 nostrorum

446 4178 583 4240 consilio
616 4176 781 4240 sententia
815 4178 1164 4242 excommunicationis
1198 4177 1352 4242 duximus
1389 4177 1626 4252 innodandum;
1653 4176 1710 4262 qui
1739 4197 1933 4261 quamquam
1965 4198 2008 4241 ex
2035 4176 2100 4241 hoc

445 4279 607 4364 perditum
645 4282 850 4346 intellectum
884 4300 1052 4344 resumere
1085 4287 1119 4344 et
1149 4301 1259 4344 coram
1287 4278 1361 4344 Deo
1396 4280 1504 4366 potius
1536 4279 1701 4344 humiliari
1729 4279 1881 4354 deberet,
1916 4300 1956 4343 eo
1986 4287 2100 4344 tamen

445 4384 585 4468 amplius
609 4384 684 4449 inde
707 4384 830 4464 furens,
854 4403 917 4468 quo
940 4383 1005 4447 iam
1029 4405 1121 4448 suam
1145 4384 1372 4450 confusionem
1395 4405 1577 4469 agnoscens
1599 4391 1732 4448 veretur
1746 4382 1873 4462 fortius,
1896 4389 1933 4446 ut
1955 4383 2098 4447 ecclesie

303 4519 350 4560 nn.
364 4524 432 4566 m,
448 4487 681 4551 obstetricante
705 4508 803 4552 manu
827 4487 985 4551 educatur
1008 4488 1143 4552 coluber
1165 4495 1342 4568 tortuosus,
1364 4509 1424 4552 nos
1448 4509 1491 4552 ex
1513 4509 1653 4574 persone
1670 4492 1781 4550 nostre
1801 4486 1926 4550 meritis
1944 4486 2098 4571 indignos

445 4610 597 4653 asserens
622 4590 768 4675 qualibet
790 4590 889 4654 officii
912 4591 1106 4657 auctoritate
1129 4592 1275 4678 papalis,
1305 4613 1366 4677 per
1395 4611 1454 4656 nos
1483 4590 1629 4678 predicta
1657 4589 1753 4674 ligari
1776 4590 1939 4654 sententia
1960 4591 2096 4656 minime

444 4692 592 4776 potuisse
617 4694 685 4756 suis
709 4701 963 4780 presumptuose
987 4695 1106 4760 litteris
1130 4695 1267 4770 asserit;
1291 4702 1325 4760 et
1347 4717 1417 4775 nos,
1440 4697 1494 4780 qui
1510 4695 1713 4780 temporibus
1728 4696 1849 4758 nostris
1865 4695 2098 4780 patrimonium

446 4795 586 4859 ecclesie
618 4817 679 4881 per
712 4797 850 4882 gratiam
878 4796 941 4862 Dei
971 4819 1036 4863 non
1062 4799 1226 4863 modicum
1260 4799 1503 4886 amplissimus,
1538 4819 1637 4882 super
1667 4797 1902 4884 dilapidatione
1935 4797 2096 4864 bonorum

445 4899 758 4980 ecelesiasticorum,
782 4899 967 4966 inordinato
990 4902 1271 4989 dispensationum
1295 4924 1471 4990 processu,
1495 4903 1685 4989 receptione
1708 4924 1877 4966 munerum
1902 4908 1936 4966 et
1958 4903 2096 4968 avaritie

444 5003 569 5067 vilitate
592 5003 775 5088 redarguit,
799 5024 837 5068 ac
861 5013 975 5070 eontra
998 5027 1072 5071 eum
1095 5028 1138 5070 ex
1161 5007 1235 5084 illo,
1259 5007 1346 5093 quod
1369 5005 1601 5071 contrahendis
1624 5005 1740 5070 inter.
1764 5056 1771 5071 .
1795 5011 1927 5092 neptem
1949 5012 2096 5069 nostram

446 5112 480 5169 et
502 5106 685 5172 Henrieum
708 5110 891 5174 naturalem
915 5110 986 5174 eius
1009 5109 1112 5173 lilium
1135 5111 1344 5196 sponsalibus
1372 5111 1509 5197 petitum
1535 5110 1697 5174 subtraxit
1719 5131 1900 5192 assensum,
1922 5111 2094 5195 provocari

443 5208 526 5272 falso
557 5211 731 5296 confingit;
764 5211 846 5276 illud
878 5213 1023 5297 apertius
1051 5214 1229 5295 mentiens,
1262 5213 1347 5299 quod
1377 5212 1572 5278 Lombardis
1608 5220 1722 5279 contra
1754 5235 1828 5279 eum
1860 5219 1894 5276 at
1922 5213 2097 5298 imperium

550 5503 572 5569 ¹)
591 5479 691 5554 ihiuriis
709 5480 760 5555 sion
778 5513 915 5557 contentus
933 5505 981 5568 B.,·
997 5509 1054 5560 rade
1071 5527 1160 5576 cupro.

547 5658 573 5724 1)
594 5656 638 5725 Of.
656 5673 684 5709 n.
704 5659 765 5709 699.
819 5659 847 5726 2)
867 5660 911 5727 Cf.
928 5676 955 5714 a.
976 5665 1030 5714 704
1049 5666 1074 5714 ct
1093 5667 1248 5717 ror-709.
1302 5663 1330 5730 3)
1352 5661 1395 5731 Os.
1412 5667 1508 5717 n.741.
1561 5663 1588 5731 4)
1609 5660 1823 5732 SeitGreycrio
1840 5661 1874 5717 dc
1892 5662 1987 5720 Monte
2005 5663 2097 5736 rouro.
