4596 6406
800 393 999 448 EPlS'l'OLAE
1017 393 1207 451 SELEC'I'AE.
1240 398 1315 452 1237.
1826 405 1885 470 iili

236 567 421 632 huiusmodi
455 567 578 653 nogotii
611 587 654 631 cx
686 588 877 654 quacunque
908 588 1008 632 causa
1034 570 1146 651 modo,
1178 572 1264 657 quod
1296 580 1421 638 avertat
1450 574 1627 658 Dominus,
1662 583 1888 664 postponatur,

235 671 269 735 id
290 671 395 757 possit
417 671 584 736 imminere
606 672 754 757 periculi,
778 671 865 758 quod
887 671 943 736 vix
965 673 997 736 in
1021 681 1188 758 posterum
1211 675 1322 739 multis
1345 675 1512 742 laboribus
1535 680 1661 764 poterit
1677 680 1812 747 aboleri.

346 792 422 857 Dat.
445 798 481 855 ut
504 812 612 878 supra.

346 913 385 976 In
409 912 549 978 eundem
571 912 702 978 modum
727 963 735 977 .
760 962 768 977 .
789 915 946 998 potestati
971 921 1003 978 et
1026 915 1162 980 consilio
1185 915 1422 985 Alexandrino.

174 1055 185 1093 5
346 1015 385 1080 In
408 1015 546 1080 cundem
570 1016 700 1081 modum
725 1067 733 1082 .
756 1067 764 1082 .
788 1018 943 1102 potestati
968 1025 1000 1082 et
1022 1019 1143 1104 populo
1165 1019 1371 1089 Novariensi.

344 1119 384 1184 In
407 1120 546 1185 eundem
569 1121 701 1186 modum
725 1171 733 1187 .
758 1171 765 1186 .
789 1121 944 1207 potestati
969 1129 1000 1186 et
1024 1123 1159 1188 consilio
1181 1123 1357 1191 Brixiensi.

343 1224 382 1288 In
406 1223 546 1289 eundem
569 1224 700 1290 modum
725 1275 732 1290 .
757 1275 765 1290 .
788 1225 945 1310 potestati
968 1233 1000 1290 st
1023 1228 1158 1293 oonsilio
1181 1227 1395 1296 vercellensi.
1425 1305 1431 1316 ⁶

344 1328 383 1392 In
407 1328 548 1393 eundem
570 1328 701 1392 modurn
726 1379 733 1394 .
759 1380 766 1394 .
789 1331 946 1414 potestati
970 1339 1002 1394 et
1026 1333 1160 1398 coasilio
1184 1333 1387 1400 Placentino.

345 1431 384 1496 In
408 1432 547 1497 eundem
570 1432 702 1497 modum
727 1483 734 1497 .
758 1483 766 1498 .
789 1435 944 1519 potestati
968 1444 1001 1499 et
1024 1436 1158 1501 consilio
1181 1436 1393 1504 Bononiensi.

347 1536 386 1600 In
410 1536 548 1601 eundem
572 1535 704 1601 modum
729 1587 737 1602 .
761 1587 769 1601 .
792 1539 949 1624 potestati
972 1546 1004 1603 et
1027 1540 1162 1604 consilio
1186 1538 1362 1607 Laudensi.

342 1639 382 1704 In
405 1641 544 1705 eundem
568 1639 699 1704 modurn
724 1690 731 1704 .
756 1690 764 1705 .
788 1642 942 1726 potestati
966 1649 999 1706 ct
1022 1643 1157 1707 consilio
1182 1643 1339 1712 Cumano.

342 1743 381 1808 ln
405 1745 545 1809 cundem
569 1744 700 1808 modum
726 1795 733 1810 .
757 1795 765 1809 .
789 1747 944 1830 potestati
968 1752 1001 1810 et
1023 1747 1158 1812 consilio
1181 1747 1372 1815 Faventino.

343 1849 382 1912 In
406 1847 545 1913 eundem
568 1846 699 1911 modum
723 1897 731 1912 .
755 1898 763 1912 .
786 1850 942 1933 potestati
965 1857 998 1913 ot
1021 1851 1155 1916 consilio
1168 1850 1345 1917 Mantuano
1362 1874 1482 1939 usqae:
1504 1861 1732 1938 procuratores
1749 1853 1885 1920 idoneos

235 1975 293 2040 pro
322 1953 472 2018 manibus
499 1952 659 2031 habeatis,
686 1953 731 2015 ita
754 1952 953 2017 sufficienter
981 1961 1043 2018 ste.
1066 1975 1184 2039 usquc:
1217 1957 1355 2020 sollicite
1385 1956 1560 2042 provisuri,
1594 1964 1630 2021 ut
1662 1965 1819 2043 quantum
1852 1959 1885 2023 in

162 2093 186 2131 ῃ,
238 2057 331 2121 vobis
366 2064 426 2138 ost,
461 2078 559 2142 super
592 2056 652 2119 lriis
687 2057 857 2141 provenire
885 2057 993 2120 valeat
1027 2057 1114 2142 quod
1144 2066 1312 2144 optamus,
1336 2081 1409 2124 curn
1432 2061 1610 2125 timendum
1634 2062 1675 2125 sit
1698 2071 1759 2127 otc.
1782 2083 1885 2147 usque

236 2161 269 2224 iu
292 2161 400 2225 finem.

1022 2635 1107 2707 709.

346 2747 536 2858 &reparas
557 2772 612 2838 IX
627 2795 716 2855 papa
737 2771 944 2857 [liayasaldo]
965 2773 1108 2871 aaran,
1128 2772 1265 2839 Ostiensi
1285 2779 1314 2838 ct
1338 2774 1506 2861 Tt[omae]
1522 2775 1702 2860 presbytao
1724 2775 1884 2842 cardinali

237 2877 383 2956 mandat,
411 2883 447 2942 at
467 2877 630 2942 uniames
644 2898 706 2958 per
728 2875 965 2956 Mnrbardc'am,
993 2877 1166 2970 coarctatam
1190 2877 1386 2943 Teratsinam
1412 2884 1442 2944 et
1463 2879 1684 2946 Rmanmhm
1704 2879 1885 2944 constitutos

236 2982 397 3060 inducant,
418 3002 458 3046 ae
477 3002 624 3063 acerram
645 2982 730 3045 inter
750 3000 782 3044 se
803 2978 905 3060 [acne
921 2984 1140 3061 praesamant.
1282 2977 1283 2982 ’
1521 2987 1615 3064 seta,
1636 2983 1721 3050 Mai.
1743 2987 1796 3049 31.

159 3125 186 3164 ω
341 3100 422 3172 Gneo.
442 3102 491 3156 IX
507 3101 575 3173 Περ.
593 3101 657 3156 Lib.
676 3101 733 3168 XI,
751 3105 797 3155 80.
833 3101 916 3155 Hosio
934 3102 1087 3172 epistolam,
1109 3119 1191 3170 qnam
1209 3101 1301 3172 naar.
1319 3101 1392 3158 Ana.
1410 3103 1471 3156 eccl.
1488 3121 1514 3158 a.
1533 3108 1607 3158 1237
1622 3108 1639 3170 §
1656 3109 1672 3158 1
1688 3109 1882 3168 conmemorat,

235 3189 332 3244 &aas
352 3205 387 3242 ea
403 3187 521 3252 savioli,
549 3189 622 3243 Ana.
641 3187 758 3258 Bolopn.
777 3190 796 3242 t.
814 3187 883 3251 ΙΙΙ,
903 3189 943 3252 II,
966 3204 997 3257 p.
1021 3191 1088 3256 169,
1111 3204 1139 3242 a.
1162 3191 1215 3242 616
1236 3194 1261 3243 et
1282 3187 1346 3242 Call.
1364 3189 1488 3258 Lapcrte
1513 3189 1553 3246 dn
1573 3190 1648 3246 Tleil
1668 3207 1715 3261 op.
1733 3189 1879 3245 Hntllard·

234 3275 383 3340 Bctlrallea,
401 3275 419 3328 l.
436 3291 457 3329 e.
475 3277 494 3328 t.
516 3273 549 3341 V,
564 3291 593 3344 p.
614 3278 660 3338 78,
679 3272 814 3343 quilinio.
833 3273 1045 3343 easan'pserant.
1572 3269 1573 3272 ’

337 3360 473 3430 Potane,
494 3359 563 3431 aeq.
581 3363 683 3414 roasa.

337 3577 559 3670 Episcopo
586 3575 785 3649 Ostiensi
813 3580 856 3648 et
881 3573 962 3648 Th.
990 3574 1112 3648 tituli
1139 3575 1300 3649 Sancte
1327 3576 1494 3651 Sabine
1522 3579 1782 3670 presbytero

629 3695 872 3786 cardinali,
899 3695 1151 3788 apostolice
1182 3696 1303 3770 sedis
1329 3696 1496 3790 legatis.

341 3847 547 3913 Prosentium
571 3845 664 3912 vobis
687 3847 879 3911 auctoritate
902 3844 1105 3926 mandamus,
1121 3851 1282 3931 quatenus
1298 3846 1458 3910 universis
1480 3845 1709 3932 potestatibus,
1726 3847 1880 3930 consiliis,

233 3951 414 4017 rectoribus
438 3958 471 4015 et
492 3951 643 4036 populis⁸
668 3950 833 4014 civitatum
865 3971 923 4014 seu
950 3949 1096 4013 locorum
1119 3969 1178 4034 per
1200 3947 1440 4032 Lombardiam,
1469 3950 1647 4015 marchiam
1678 3949 1882 4016 Tervisiaam

234 4062 267 4120 ct
288 4054 515 4120 Romaniolam
538 4054 721 4118 constitutis
745 4052 924 4118 districtius
947 4053 1095 4118 inhibere
1119 4054 1249 4135 curetis,
1269 4053 1356 4140 quod
1370 4055 1454 4120 inter
1477 4076 1511 4120 se
1528 4055 1723 4120 adinvicem
1740 4055 1882 4142 aliquam

233 4180 383 4246 guerram
404 4158 514 4223 tacere
538 4180 602 4223 non
625 4167 830 4245 presumant;
854 4158 1107 4224 contradictores
1131 4164 1164 4221 et
1186 4156 1326 4222 rebelles
1349 4179 1600 4243 percensuram
1623 4158 1879 4225 ecelesiasticam

158 4303 184 4340 ,0
235 4263 456 4349 appellatione
478 4263 661 4349 postposita
684 4262 933 4347 compescendo.

340 4384 416 4450 Dat.
438 4383 587 4464 Vitorbii,
610 4383 644 4447 ΙΙ
667 4383 835 4448 Kalendas
859 4383 955 4465 Iunii,
977 4383 1184 4468 pontificatus
1208 4381 1309 4446 nostri
1332 4402 1417 4448 anuo
1440 4381 1500 4448 ΧΙ.

853 4631 861 4636 .,
871 4627 1262 4636 .-..-.-.--..-.....--.......--ι

1017 4855 1102 4930 710.

341 4971 531 5084 Graecias
552 4997 608 5064 lX
621 5019 714 5080 papa
734 4995 873 5063 Henrico
894 4997 932 5062 de
952 4995 1085 5062 &vello
1111 4997 1281 5062 senescalco
1306 4995 1467 5078 imperiali
1492 4997 1527 5060 ia
1548 4993 1718 5060 Provincia
1738 4993 1880 5074 nunciat,

230 5107 266 5169 nt
297 5126 319 5170 a
355 5104 565 5169 molestatione
600 5101 793 5187 [Iohannis]
826 5099 1050 5182 crdmpsscopi
1085 5103 1115 5164 et
1150 5101 1292 5166 eaesae
1321 5099 1519 5166 Arelatensis
1549 5098 1693 5176 desae
1733 5098 1876 5180 alioquin

232 5207 431 5296 [Amidam
452 5206 512 5292 ΙΙ]
533 5207 707 5288 apiacam
727 5204 969 5270 Nemaascnsem
991 5225 1060 5270 eant
1081 5203 1125 5269 ad
1148 5205 1181 5269 id
1201 5205 1430 5286 eonnpalsaram
1450 5221 1522 5268 essa

156 5339 181 5377 ³⁵
338 5396 422 5466 arsy.
440 5397 489 5452 rx
506 5395 576 5468 aa.
599 5395 657 5452 aa.
679 5394 877 5464 asra-aa
898 5393 1033 5460 xr,1s1.
1540 5308 1634 5386 1237,
1656 5307 1740 5390 Aoq.
1761 5307 1792 5371 δ’

337 5483 473 5550 comat,
492 5484 562 5556 aeq.
581 5487 680 5540 rosea.

340 5627 376 5633 —
563 5624 908 5632 -.—---....-..-—-—
920 5623 1021 5630 -.—.-—-
1030 5625 1039 5627 -
1159 5619 1774 5628 -.—.-—-—-—-—-—----——-—u——n

330 5731 353 5796 ¹)
372 5731 407 5782 H.
418 5731 450 5784 B.
456 5749 465 5792 ,¹
482 5732 616 5800 prepositis
635 5729 696 5781 Sao.

1624 5817 1673 5876 'll'
