4576 6390
1009 381 1057 436 EX
1076 379 1251 434 aunaouu
1269 382 1308 435 [x
1326 379 1506 436 REGIS'I'RO

1219 731 1305 803 550.

540 865 731 976 &reportas
753 892 809 956 IX
826 911 915 972 popo
935 887 1136 954 Fridorioom
1157 885 1373 950 Romanorum
1401 885 1619 966 imperatorem
1641 889 1749 964 ropot,
1779 903 1818 946 aa
1846 883 1903 948 aab
1921 885 2095 963 praetexta

430 998 654 1063 hoereticorum
673 995 789 1077 fideles,
820 993 875 1074 qui
895 992 976 1074 forto
998 991 1102 1070 ipsam
1122 989 1319 1067 offenderint,
1346 987 1466 1068 perdat,
1498 987 1533 1050 id
1553 987 1636 1068 qaod
1656 988 1722 1050 ianr
1744 1005 1808 1050 mom
1830 987 1898 1050 simo
1919 986 2094 1049 maltorum

430 1101 579 1168 scandolo
601 1098 758 1165 ocemcrit.
1819 1149 1820 1152 ,

1740 1175 1923 1253 1233,1ol.
1948 1174 2001 1238 15.

536 1304 617 1373 (ἔτερ.
637 1304 686 1364 IX
703 1302 772 1373 ch.
797 1301 853 1355 Vol.
872 1298 925 1368 IV,
946 1302 1067 1365 70-7r;
1086 1297 1149 1351 [rib.
1171 1297 1319 1360 111me
1363 1296 1470 1350 Pcrtaia'
1487 1295 1627 1365 eacrrtplar
1644 1295 1831 1365 supplevimus
1852 1311 1887 1348 ea
1904 1293 1998 1368 Rapa.
2019 1293 2093 1347 Ana.

433 1391 740 1459 metamaucus.
846 1417 847 1420 ,

536 1475 673 1540 Poltltost,
693 1472 762 1543 Rep.
781 1475 860 1526 9261.

518 1722 761 1810 Frideric0,
789 1719 1090 1792 Romanorum
1117 1717 1375 1809 imperatori
1402 1738 1575 1808 semper
1602 1721 1809 1808 augusta,
1836 1717 2002 1792 illustri

951 1839 1196 1912 Ierusalem
1224 1845 1265 1912 et
1292 1837 1443 1911 Sicilie
1471 1837 1574 1930 regi.
1941 1831 1945 1838 ’

541 1992 595 2056 Ad
628 1989 855 2076 extirpandum
888 1990 1067 2054 hereticam
1099 1987 1140 2052 de
1172 2007 1272 2070 regno
1305 1986 1419 2051 Sicilie
1449 1987 1660 2072 pravitatem,
1692 1993 1728 2050 ut
1760 1987 1917 2052 abstersis
1952 1987 2092 2074 perfidie

435 2097 583 2174 maculis,
607 2094 723 2178 quibus
740 2093 882 2156 latenter
897 2090 1045 2156 eiusdem
1068 2091 1162 2175 regni
1177 2096 1289 2176 partes
1312 2090 1420 2174 alique
1436 2091 1651 2168 maculantur,
1674 2089 1708 2152 in
1731 2089 1787 2154 illo
1811 2091 1887 2154 fidei
1904 2091 2096 2155 Christiane

435 2201 559 2285 puritas
577 2198 787 2282 refulgascat,
810 2203 844 2260 te
868 2216 950 2281 opus
967 2215 1086 2258 novum
1103 2194 1323 2280 assumpsisse
1340 2193 1452 2257 retulit
1468 2193 1676 2278 gratitudinis
1694 2194 1814 2280 pagina
1829 2215 1925 2278 quam
1941 2194 2063 2258 misisti
2074 2197 2096 2260 ¹.

434 2303 559 2366 Verum
583 2322 657 2366 cum
680 2321 738 2386 pre
762 2298 888 2362 cunctis
912 2297 1068 2383 operibus
1097 2296 1129 2360 id
1154 2307 1283 2382 gratum
1306 2297 1437 2360 domino
1461 2297 1640 2381 gratiarnm
1663 2303 1697 2361 et
1718 2297 1813 2362 nobis
1838 2299 1936 2384 etiam
1961 2305 2096 2384 repnte·
2147 2293 2148 2296 '

434 2429 523 2487 mus,
556 2424 694 2488 cumque
725 2401 822 2466 idad
845 2402 893 2465 tui
916 2401 1058 2465 nominis
1082 2399 1241 2466 accedere
1264 2401 1402 2485 gloriam
1425 2400 1651 2486 multipliciter
1673 2421 1905 2485 agnoscamus,
1937 2400 2097 2485 gaudium

435 2533 479 2576 ex
500 2510 563 2573 hoc
586 2506 710 2593 grande
728 2505 929 2590 concipimus
953 2510 986 2568 et
1008 2503 1069 2567 tibi
1092 2503 1238 2589 plenarie
1262 2525 1326 2566 non
1351 2503 1503 2567 inmerito
1521 2503 1775 2588 congaudemus,
1797 2505 1903 2589 parati
1924 2504 1965 2568 ad
1988 2504 2095 2590 pestis

435 2621 502 2678 tarn
532 2612 649 2676 nocive
681 2609 868 2694 contagium
897 2607 1096 2672 abolendum
1131 2608 1253 2692 ubique
1288 2614 1343 2672 tue
1376 2607 1561 2671 celsitudini
1594 2607 1717 2671 Christi
1751 2607 1870 2673 virtute
1902 2609 2099 2694 preambula

435 2722 583 2804 prestare
619 2713 837 2801 patrocinium
871 2719 1076 2797 oportunum.
1131 2710 1276 2775 Evidens
1311 2709 1441 2795 quidem
1476 2732 1519 2774 ex
1552 2711 1629 2790 hoc,
1664 2711 1711 2774 fili
1739 2711 1929 2792 karissime,
1965 2712 2098 2796 signum
2194 2791 2196 2794 Ι

437 2819 581 2899 elicitur,
613 2815 699 2901 quod
723 2817 757 2878 in
780 2814 883 2878 divini
907 2814 1106 2878 exaltatione
1128 2814 1270 2877 nominis
1294 2820 1351 2877 tua
1373 2813 1558 2877 sublimitas
1582 2801 1793 2879 delectetur.¹
1820 2813 1886 2878 Sed
1909 2815 2005 2899 quiaa
2029 2816 2097 2880 fer-

436 2922 528 2987 venti
551 2919 714 2985 desiderio
744 2917 856 2981 multis
884 2917 1087 3003 temporibus
1116 2917 1359 3002 expectamusb,
1391 2916 1477 3001 quod
1500 2916 1675 2981 verborum
1697 2917 1971 3004 pulchritudinem
1996 2918 2098 2984 decor

438 3045 573 3111 operum
603 3026 812 3107 sequeretur,
848 3040 887 3083 eo
919 3019 1006 3104 quod
1035 3021 1133 3084 arbor
1160 3041 1203 3084 ex
1230 3020 1390 3085 fructibus
1421 3020 1565 3084 formosa
1595 3021 1704 3105 potius
1733 3042 1830 3105 quarn
1858 3043 1901 3085 ex
1923 3021 2096 3086 frondibus

438 3132 624 3205 censeatur,
648 3124 879 3190 excellentiam
904 3129 994 3187 tuam
1009 3145 1162 3210 rogamus
1187 3131 1220 3188 et
1238 3124 1451 3189 'obsecramus
1476 3125 1509 3188 in
1525 3123 1655 3188 domino
1672 3125 1750 3189 Iesu
1767 3123 1909 3206 Christo,
1932 3133 2097 3209 quatenus

439 3230 620 3318 prudenter
643 3228 835 3306 attendens,
868 3227 955 3312 quod
977 3249 1020 3293 ex
1042 3229 1141 3292 melle
1164 3229 1257 3292 favus
1279 3227 1411 3292 laudem
1435 3227 1618 3292 dulcedinis
1642 3234 1676 3292 el
1706 3249 1748 3291 ex
1770 3249 1879 3292 messe
1903 3250 2000 3314 seges
2023 3230 2097 3316 pla-

438 3341 534 3400 cente
558 3333 689 3397 titulum
713 3331 883 3412 sortiatur,
915 3330 1099 3395 devotionis
1123 3331 1239 3411 verba,
1269 3353 1332 3416 que
1357 3353 1436 3417 sepe
1459 3332 1524 3396 tuis
1548 3326 1667 3396 litteris
1692 3337 1914 3418 exponuntur,
1944 3333 1991 3396 ita
2016 3355 2097 3397 con·

438 3439 560 3503 formes
596 3435 750 3522 operibus
783 3429 958 3510 bofiitatis,
996 3433 1084 3517 quod
1117 3435 1150 3497 in
1185 3440 1260 3498 actu
1293 3434 1492 3499 fructificent
1524 3440 1558 3498 et
1591 3441 1624 3499 te
1661 3436 1804 3499 celorum
1835 3436 1906 3520 regi
1937 3457 1975 3500 ac
2006 3443 2097 3502 terre

438 3539 640 3628 principibus
658 3537 848 3624 cunctisque
864 3536 1027 3614 fidelibus,
1051 3543 1088 3600 ut
1110 3537 1279 3601 excelsum
1296 3537 1445 3622 potentia
1467 3536 1659 3623 principem,
1683 3537 1729 3600 ita
1751 3538 1871 3602 virtute
1894 3540 2097 3606 constituant

438 3644 696 3731 preminentem;
731 3643 812 3706 alias
846 3647 957 3706 autem
991 3662 1107 3727 parum
1141 3639 1337 3704 arbitramur
1370 3641 1465 3720 utile,
1503 3639 1589 3726 quod
1625 3640 1735 3705 studet
1768 3641 1888 3705 litteris
1925 3640 2096 3708 dictatoris

438 3747 623 3813 facunditas
654 3746 831 3832 explicare.
883 3743 1009 3808 Taliter
1040 3744 1140 3828 igitur
1173 3743 1280 3807 cordis
1314 3743 1436 3807 adorna
1470 3743 1662 3807 thalamum
1683 3744 1817 3829 pietatis
1848 3745 2032 3830 insignibus
2062 3753 2098 3811 et

438 3851 579 3926 meritis,
608 3850 737 3914 illustra
761 3849 879 3913 solium
906 3848 991 3912 bone
1016 3847 1245 3934 splendoribus
1269 3847 1465 3928 voluntatis,
1495 3855 1549 3922 ut,
1580 3855 1612 3912 te
1637 3849 1846 3914 severitatem
1869 3851 1903 3913 in
1925 3849 2037 3914 abdito
2061 3857 2097 3915 et

437 3956 472 4019 in
494 3954 665 4040 procinctu
696 3952 904 4017 clementiam
937 3951 1124 4030 obtinente,
1155 3951 1262 4015 letitie
1294 3973 1426 4016 causam
1459 3973 1501 4016 ex
1532 3958 1564 4016 te
1598 3953 1748 4017 subiecta
1776 3952 1889 4038 populi
1919 3953 2096 4018 multitudo

440 4057 603 4144 concipiat
633 4062 667 4120 et
696 4056 753 4118 illa
781 4061 814 4119 te
850 4055 990 4140 propitio
1018 4054 1052 4117 in
1083 4054 1310 4140 prosperitatis
1341 4055 1447 4140 gratia
1478 4055 1677 4120 reflorescat.
1723 4054 1777 4120 Sic
1807 4056 1913 4132 enim,
1947 4077 2020 4120 cum
2051 4057 2096 4120 sit

440 4181 531 4224 amor
565 4159 685 4223 civium
720 4158 978 4244 inexpugnabile
1012 4159 1269 4236 munimentum,
1305 4157 1520 4238 desiderium,
1555 4157 1642 4243 quod
1673 4157 1830 4222 adversus
1863 4160 2097 4224 exterminium

440 4263 611 4350 pravitatis
641 4263 788 4327 heretice
818 4261 1016 4347 concepisti,
1046 4283 1203 4347 processu
1231 4282 1389 4347 prospero
1420 4268 1553 4326 auctore
1576 4261 1649 4326 Deo
1674 4261 1769 4346 dirigi
1796 4262 1918 4347 poterit
1940 4268 1974 4328 et
2000 4263 2096 4328 finiri.

439 4367 676 4432 Verumtamen
706 4364 855 4451 expedit,
888 4365 973 4429 siout
1003 4365 1146 4429 divinam
1175 4367 1313 4450 gratiam
1345 4371 1378 4430 et
1405 4365 1551 4430 favorem
1579 4365 1693 4428 matris
1723 4365 1864 4429 ecclesie
1887 4365 1937 4429 vis
1960 4366 2097 4431 uberius

441 4469 635 4556 promereri,
659 4468 747 4554 quod
770 4468 1072 4548 sub-hereticorum
1091 4476 1255 4556 pretextu,
1278 4489 1415 4554 quorum
1439 4467 1559 4532 dudum
1584 4468 1684 4553 aliqui
1707 4489 1765 4553 pro
1780 4468 1984 4534 firmamento
2007 4469 2097 4552 fidei,

440 4578 477 4637 ut
499 4573 637 4652 asseris,
670 4570 824 4636 incendio
848 4577 923 4635 sunt
946 4571 1127 4650 commissi,
1159 4570 1293 4651 fideles,
1327 4571 1383 4655 qui
1412 4571 1495 4634 forte
1522 4577 1613 4634 tuam
1645 4569 1875 4635 celsitudinem
1898 4572 2096 4637 offendendo

441 4697 506 4740 non
528 4675 666 4740 heretici
689 4674 748 4739 sed
771 4681 918 4739 errantes
940 4675 973 4738 iu
997 4676 1122 4758 aliquo,
1145 4675 1351 4762 impatientia
1373 4681 1569 4761 procurante
1593 4675 1838 4759 gravaminum,
1863 4681 1939 4739 sunt
1961 4676 2098 4754 inventi,

440 4780 530 4843 nullo
562 4777 658 4842 modo
688 4783 841 4863 pereant,
873 4785 910 4842 nt
936 4777 1062 4864 pridem
1090 4779 1186 4844 nobis
1217 4779 1404 4844 dolentibus
1437 4780 1614 4863 multisque
1644 4777 1845 4843 merentibus
1876 4799 1941 4843 non
1970 4779 2098 4863 absque

441 4882 551 4946 divine
574 4880 755 4945 maiestatis
771 4881 905 4958 offensa,
930 4881 1084 4945 scandalo
1102 4881 1247 4946 fidelium
1264 4882 1459 4968 populorum
1483 4887 1516 4944 et
1537 4881 1718 4966 imperialis
1736 4880 1931 4945 detrimento
1955 4882 2098 4946 nominis

441 4987 475 5049 in
497 4985 546 5049 tui
567 4984 736 5071 presentia
752 4983 949 5070 perierunt²,
974 5007 1047 5070 que,
1072 4986 1099 5049 si
1122 4985 1172 5049 fas
1196 4987 1238 5050 sit
1260 4986 1396 5051 verbum
1418 5005 1600 5071 proponere
1623 4985 1766 5070 pietatis,
1789 4983 1933 5048 debebat
1949 4983 2099 5049 delendis

444 5089 594 5177 perfidis,
626 5109 692 5152 non
722 5086 897 5173 perdendis
926 5087 1076 5152 fidelibus
1106 5088 1270 5174 deputari,
1300 5095 1336 5153 ut
1368 5089 1416 5153 sic
1441 5087 1617 5152 Christiani
1640 5087 1750 5173 potius
1773 5094 1941 5174 promotor
1967 5088 2098 5174 imperii

546 5417 569 5486 ⁸)
588 5420 649 5487 quia
665 5421 775 5471 ferventi
792 5445 826 5457 -
844 5420 930 5472 Sicilie
947 5420 1066 5471 dicereris
1084 5437 1115 5471 ac
1132 5419 1218 5488 Rapa.
1297 5419 1321 5486 ⁵)
1339 5427 1504 5488 expectantes
1522 5420 1606 5488 Itopa.

546 5573 572 5640 1)
591 5588 619 5626 a.
639 5574 704 5625 538.
782 5570 810 5638 9)
832 5533 994 5637 Osst'lrrm.
1013 5569 1082 5640 Ray.
1104 5572 1197 5626 Coton.
1216 5589 1242 5626 o.
1261 5576 1346 5627 1233:
1366 5573 1469 5626 Eodem
1486 5573 1542 5627 lere
1561 5575 1687 5642 tempore
1705 5573 1740 5628 et.
1753 5571 1869 5626 rebelles
1887 5572 2048 5642 imperatori
2069 5575 2101 5631 in
2123 5595 2125 5597 ·

441 5657 539 5713 Sicilia
557 5659 586 5711 et
603 5656 633 5711 in
651 5655 800 5712 Germania
816 5655 943 5712 infinitus
961 5674 1091 5713 numerus
1108 5651 1252 5716 hominu'm
1271 5662 1300 5716 et
1317 5659 1408 5716 multa
1424 5659 1516 5716 menia
1534 5659 1662 5716 incendio
1681 5658 1831 5732 perierunt.
