4494 6426
691 321 891 378 nrmroasn
908 323 1097 382 snnncrsn.
1133 327 1208 382 reae.
1439 291 1449 308 “
1720 330 1780 394 137

125 489 163 555 In
188 492 350 558 Calabria.
513 495 553 560 In
584 496 725 561 eundem
755 496 886 561 modum
919 501 1074 586 scriptum
1105 507 1156 566 est
1186 550 1193 565 .
1224 549 1231 565 .
1262 501 1464 567 Cusentino²
1494 511 1527 568 et
1557 552 1564 567 .
1594 551 1601 566 .
1629 501 1781 591 Regino²

610 601 882 688 archiepiscopis,
914 651 921 666 .
947 651 954 667 .
978 603 1219 670 Bissinisncnsi
1246 612 1280 670 et
1310 606 1530 672 ..Militensi
1560 608 1736 695 episcopis.

124 714 162 779 In
184 716 288 782 Terra
309 718 459 782 Laboris.
516 719 554 783 In
577 721 718 785 eundem
740 722 871 786 modum
896 722 1102 810 ..Capuano
1127 732 1160 790 et
1182 773 1189 788 .
1211 773 1218 788 .
1243 725 1486 811 Neapolitano³
1512 728 1780 816 archiepiscopis,

612 873 619 887 .
644 875 651 889 .
675 824 863 890 Theanensi
886 833 919 892 et
943 875 950 890 .
975 874 983 892 .
1008 827 1126 892 Sancte
1151 829 1280 913 Agathe
1305 830 1479 917 episcopis.

125 941 164 1005 In
188 941 313 1008 Sicilia.
521 945 559 1011 In
593 946 732 1010 eundem
764 946 896 1011 modum
924 995 932 1013 .
956 997 964 1012 .
992 949 1251 1014 Panormitano*
1279 957 1312 1014 et
1343 999 1382 1015 ..
1410 949 1643 1018 Messanensi⁶
1671 953 1777 1018 archi·
1822 987 1825 994 ·

612 1051 788 1139 episcopis,
813 1100 820 1115 .
845 1052 1031 1118 .-Pactensi
1054 1060 1087 1118 et
1109 1103 1116 1118 .
1142 1102 1149 1118 .
1173 1054 1393 1142 Agrigentino
1417 1056 1590 1145 episcopis.

746 1317 1157 1328 -—-——--——-——.

908 1560 991 1634 196.

232 1667 421 1764 Honorius
436 1700 504 1765 ΙΙΙ
511 1721 600 1780 papa
615 1699 778 1785 P[elapio]
793 1701 970 1766 Albaucnsi
984 1701 1122 1782 episeopo
1144 1702 1259 1781 scribit,
1282 1722 1314 1767 se
1332 1702 1482 1784 colloquio
1500 1723 1570 1767 eum
1584 1700 1783 1786 F[riderieo]

125 1803 340 1867 Romanorum
362 1805 546 1884 insperatam
567 1803 716 1892 derebus
734 1802 999 1868 TerraeSauetac
1020 1803 1125 1868 babilo
1146 1805 1238 1869 alirvd
1258 1805 1444 1886 colloquium
1465 1805 1639 1871 incivitate
1660 1805 1783 1869 Verona

125 1909 209 1970 eirea
222 1905 337 1986 festum
360 1907 441 1970 beati
455 1907 598 1970 Martini
612 1906 709 1990 [Nou
727 1907 787 1990 11]
808 1907 972 1985 indixisse,
993 1907 1037 1970 asi
1057 1907 1139 1988 quad
1153 1907 1327 1972 Iohannem
1349 1927 1447 1988 repam
1464 1905 1784 1994 Hierosolymitauum

125 2013 154 2072 ct
175 2011 278 2090 ipsum
300 2009 465 2093 Pelapium
494 2011 616 2088 invitet,
650 2011 678 2074 si
705 2011 831 2090 possint
862 2011 930 2074 siue
961 2010 1075 2074 clamne
1106 2033 1127 2074 a
1158 2010 1257 2074 Terra
1287 2009 1407 2074 Saucia
1435 2010 1554 2096 abessa·
1582 2011 1783 2078 Frislemeum

125 2112 254 2194 insuper
277 2113 447 2192 iuvenisse,
469 2112 551 2194 quod
578 2113 638 2176 iter
660 2118 846 2193 arrepturus·
868 2115 910 2177 sit
932 2114 1077 2189 termino,
1108 2133 1198 2193 quem
1226 2114 1290 2177 sive
1313 2113 1348 2176 iu
1364 2113 1527 2192 praedicto
1549 2113 1698 2194 colloquio
1719 2112 1782 2176 siue

125 2217 208 2280 circa
232 2220 359 2296 temptes,
381 2237 441 2296 quo
463 2215 648 2297 colloquium
669 2215 821 2280 indictum
844 2217 894 2294 sit,
919 2216 982 2296 ipsi
1000 2215 1237 2298 praefipendum
1259 2216 1393 2282 duxerit.

1396 2323 1491 2398 1222,
1513 2319 1620 2401 April.
1642 2319 1695 2384 25.

227 2438 301 2492 Heu.
320 2441 374 2492 III
393 2437 463 2508 Rep.
492 2439 548 2492 Vct.
571 2441 631 2504 ΙΙΙ,
655 2441 726 2506 232;
749 2437 812 2493 Lib.
842 2439 895 2504 VI,
923 2442 986 2494 355.
1038 2440 1144 2494 Pertaii
1166 2440 1306 2510 exemplar
1328 2439 1517 2510 supplevimus
1539 2455 1573 2493 ea
1594 2437 1687 2508 Repu.
1709 2437 1780 2492 Anu.

269 2529 321 2578 ⁰22
379 2529 460 2579 s-.

126 2526 185 2578 ‘⁶⁶‘
204 2528 365 2674 “attari
384 2528 452 2680 at.
470 2614 550 2667 ,aa

353 2822 395 2895 P.
423 2822 669 2896 Albancnsi
698 2823 931 2914 episcopo,
958 2822 1210 2914 apostolice
1232 2822 1354 2895 sedis
1381 2823 1543 2915 legato.

233 2971 374 3035 Celestis
395 2971 531 3036 altitudo
551 2973 680 3037 consilii
697 2995 739 3037 cx
753 2973 828 3051 hiis,
852 2994 915 3058 que
938 2973 1025 3036 mala
1039 2973 1201 3052 videntur,
1225 2973 1311 3037 bona
1333 2973 1424 3037 novit
1447 2972 1568 3037 elicere
1592 2969 1781 3036 et'adversa

126 3071 265 3136 feliciter
287 3073 321 3136 in
343 3094 501 3160 prospera
524 3081 733 3140 commutare.
784 3075 878 3140 Licet
901 3076 1002 3161 igitur
1024 3097 1159 3161 gravem
1184 3076 1342 3140 iacturam
1366 3081 1398 3140 et
1421 3074 1545 3160 grande
1569 3072 1781 3160 obprobrium

66 3207 74 3235 ·.
127 3175 158 3238 in
186 3176 335 3261 partibus
369 3178 593 3242 transmarinis
632 3199 736 3264 nuper
770 3200 887 3264 passus
920 3179 1018 3244 fuerit
1052 3181 1192 3266 populus
1225 3179 1428 3243 Christianus
1467 3184 1500 3242 et
1534 3177 1674 3242 inimicis
1705 3175 1781 3240 fidei

125 3279 275 3344 videatur
296 3280 392 3344 nimis
415 3302 570 3367 prospere
594 3283 811 3363 successisse,
844 3303 1014 3368 speramus
1041 3289 1151 3347 tamen
1180 3283 1213 3346 in
1243 3303 1298 3363 eo,
1330 3282 1363 3345 in
1391 3281 1483 3346 euius
1511 3279 1634 3346 ditione
1665 3285 1782 3344 cuncta

126 3388 199 3446 sunt
222 3383 331 3468 posita
354 3389 387 3448 ct
411 3385 502 3448 cuius
525 3406 622 3450 nemo
645 3393 755 3471 potest
777 3387 932 3452 resistere
950 3387 1118 3464 voluntati,
1142 3385 1226 3472 quod
1250 3385 1399 3472 permisit
1422 3383 1540 3448 cadere
1564 3405 1658 3449 suum
1682 3403 1779 3447 exer-

60 3505 61 3508 ’
126 3487 234 3566 citum,
258 3491 295 3549 ut
310 3496 497 3572 resurgeret
514 3489 638 3568 fortior,
663 3497 696 3554 et
718 3511 836 3575 passus
860 3497 911 3554 est
928 3489 1076 3554 infideles
1099 3490 1190 3574 erigi,
1214 3496 1250 3553 ut
1265 3490 1397 3573 gravius
1414 3486 1653 3552 alliderentur².
1699 3485 1781 3549 Cum

126 3589 211 3653 enirn
234 3589 427 3654 karissimus
452 3593 483 3655 in
507 3592 637 3656 Christo
659 3593 746 3658 iilius
769 3601 883 3658 noster
904 3594 942 3658 F.
965 3593 1187 3657 Romanorum
1210 3594 1389 3678 imperator
1412 3611 1542 3676 semper
1564 3594 1722 3674 augustus
1746 3593 1780 3653 et

69 3737 77 3749 .
127 3715 184 3758 rex
209 3692 340 3772 Sicilie,
372 3693 493 3759 dudum
516 3696 549 3760 in
572 3699 679 3761 animo
706 3703 836 3782 gereret
866 3696 906 3761 ad
935 3697 1163 3761 liberationem
1193 3694 1363 3759 intendere
1391 3693 1492 3759 Terre
1524 3692 1662 3769 Sancte,
1693 3710 1780 3754 nunc

126 3802 259 3882 propter
282 3819 393 3863 casum
416 3801 471 3883 qui
495 3800 616 3864 accidit
637 3800 737 3885 digno
760 3799 872 3865 dolore
896 3807 1063 3886 permotus
1088 3805 1122 3863 ct
1144 3799 1307 3862 animatus
1324 3797 1479 3861 divinitus
1503 3795 1544 3861 ad
1558 3791 1780 3859 ulciscendam

126 3905 247 3963 tantam
276 3900 426 3980 iniuriam
451 3900 573 3966 Christi
603 3910 637 3968 et
663 3904 778 3989 populi
807 3903 999 3980 Christiani,
1039 3908 1129 3966 tanto
1158 3901 1339 3966 ferventius
1368 3898 1409 3964 ad
1438 3897 1471 3962 id
1499 3920 1535 3963 sc
1563 3901 1717 3983 preparat
1747 3902 1781 3959 et

126 4004 288 4090 accingit,
330 4012 450 4088 quanto
487 4006 593 4091 ipsum
632 4006 770 4094 predicti
804 4028 898 4072 casus
936 4005 1118 4070 adversitas
1155 4011 1188 4070 et
1227 4005 1298 4092 ipsa
1337 4001 1518 4088 indignatio
1551 3998 1780 4064 vehementius

126 4108 290 4172 animavit.
335 4107 486 4193 Denique
510 4130 568 4174 nos
593 4117 626 4174 et
646 4110 780 4197 ipsc,ad
804 4110 836 4174 id
852 4110 1050 4174 unanimiter
1065 4109 1284 4188 intendentes,
1309 4107 1439 4172 celebre
1457 4104 1654 4189 colloquium
1676 4122 1781 4189 nuper
1895 4101 1900 4114 '

127 4209 321 4274 habuimus⁸
344 4213 532 4299 specialiter
553 4236 612 4300 pro
629 4215 762 4299 negotio
778 4220 968 4294 memorato,
992 4219 1025 4278 et
1041 4219 1117 4300 post
1132 4213 1251 4277 multos
1268 4217 1425 4276 tractatus
1443 4231 1542 4295 super
1563 4207 1625 4271 hoe
1640 4205 1781 4289 diligen·

126 4315 251 4379 tissime
286 4315 416 4381 habitos
452 4316 581 4382 demum
615 4317 822 4383 concorditer
849 4317 1068 4404 disposuimus
1103 4314 1192 4381 aliud
1223 4315 1420 4400 colloquium
1454 4313 1487 4377 in
1518 4309 1716 4376 Lombardia
1746 4309 1780 4372 in

127 4417 257 4483 civitate
280 4418 414 4484 Verona
445 4422 531 4485 circa
558 4421 678 4487 testum
705 4422 794 4487 beati
822 4422 956 4486 Martini
984 4421 1167 4507 proximum
1195 4419 1380 4498 celebrare,
1411 4418 1446 4480 in
1475 4435 1538 4500 quo
1569 4434 1629 4478 nos
1652 4413 1779 4498 etipse

127 4521 305 4608 imperator
338 4526 556 4610 personaliter
589 4547 661 4591 esse
698 4525 905 4590 decrevimus
934 4524 1076 4588 Domino
1107 4529 1289 4603 annuente,
1325 4526 1358 4585 et
1391 4518 1432 4584 sd
1465 4517 1546 4583 illud
1576 4515 1780 4582 Christianos

127 4626 300 4712 principes,
323 4633 389 4690 tam
409 4628 650 4692 ecclesiasticos
673 4649 770 4714 quam
790 4628 981 4708 mundanos,
1004 4649 1042 4692 sc
1061 4627 1176 4692 fideles
1193 4627 1285 4706 alios,
1309 4644 1389 4708 quos
1413 4620 1570 4709 expedire
1587 4619 1779 4700 videbimus,

129 4749 325 4808 convocare,
353 4737 389 4794 ut
419 4733 604 4816 prosecutio
635 4732 715 4796 dicti
736 4733 876 4817 negotii,
909 4730 995 4818 quod
1018 4731 1223 4795 Christianos
1253 4729 1357 4813 tangit
1389 4726 1571 4791 comuniter
1600 4718 1780 4802 universos,

128 4853 199 4896 curn
229 4831 469 4898 deliberatione
498 4835 531 4898 in
565 4842 656 4900 tanto
686 4838 818 4922 negotio
847 4837 1034 4901 necessaria
1069 4834 1252 4912 ordinetur,
1287 4839 1320 4898 ct
1349 4830 1494 4896 universi
1526 4835 1559 4892 et
1593 4827 1713 4911 singuli
1740 4845 1780 4889 eo

128 4936 231 5021 magis
253 4937 421 5022 proprium
443 4937 550 5022 ipsum
573 4940 741 5024 negotium
758 4946 957 5026 reputantes,
982 4960 1045 5023 quo
1068 4959 1141 5003 cum
1165 4937 1309 5024 ipsorum
1328 4934 1464 5001 consilio
1488 4938 1521 4997 et
1542 4929 1780 4996 deliberatione

128 5038 313 5103 ordinatum
342 5039 458 5116 luerit,
492 5039 532 5105 ad
561 5040 641 5106 illud
668 5041 930 5128 prosequendum
959 5043 1075 5106 fortius
1107 5041 1300 5105 animentur.
1361 5037 1445 5102 Cum
1473 5037 1572 5121 igitur
1604 5031 1646 5096 ad
1673 5033 1780 5118 ipsum

129 5143 345 5230 colloquium,
382 5143 416 5206 in
449 5164 513 5228 quo
548 5149 614 5207 tam
648 5143 687 5208 de
728 5145 830 5230 ipsius
866 5145 1073 5231 imperatoris
1108 5143 1262 5229 passagio
1297 5161 1393 5227 quam
1428 5137 1468 5204 de
1506 5135 1578 5201 aliis
1612 5134 1780 5219 negotium

65 5265 84 5302 v
129 5245 393 5332 contingentibus
424 5244 628 5312 decrevimus
657 5249 787 5334 plenius
819 5247 983 5326 ordinare,
1012 5247 1188 5312 invitemus
1217 5244 1425 5311 karissimum
1453 5241 1487 5305 in
1521 5239 1651 5304 Christo
1679 5237 1781 5302 tilium

969 5407 1282 5417 --.—..-.—-.-.-.--—

231 5505 255 5574 ¹)
272 5507 411 5559 allidentur
428 5507 460 5558 B.

233 5623 382 5690 1)Lacae.
417 5623 445 5692 2)
463 5623 600 5680 Laudent.
636 5627 664 5695 3)
684 5628 775 5683 Petro.
810 5629 839 5698 4)
857 5627 993 5682 Berardo.
1030 5627 1057 5694 5)
1077 5625 1213 5681 Berarde.
1252 5625 1279 5691 6)
1302 5621 1416 5686 Verulis.
1434 5619 1783 5691 spurcissimorum.

249 5733 311 5782 ltro.
329 5731 409 5782 Pons.
428 5732 447 5782 Ι.
1540 5722 1574 5775 18
