4448 6420
447 383 507 446 180
1036 377 1084 433 nx
1101 376 1258 434 HONORII
1276 375 1316 431 III
1334 373 1514 432 nectarae

446 553 639 617 Christianis
667 553 708 617 de
738 552 924 629 occidente,
958 558 995 616 ut
1025 552 1066 616 ad
1095 551 1323 616 liberationem
1359 551 1463 616 sancti
1494 551 1635 637 sepulcri
1670 571 1706 616 se
1739 550 1882 616 debeant
1911 569 2097 637 preparare,

446 657 551 742 gavisi
574 677 685 720 sumus
701 677 799 741 quam
824 656 1009 742 plurimum,
1034 662 1067 719 et
1091 655 1175 720 scire
1198 675 1256 720 vos
1281 654 1442 734 volumus,
1465 653 1552 738 quod
1575 676 1650 718 eum
1674 676 1772 740 super
1794 655 1856 720 boo
1877 655 2097 740 receperimus

445 766 590 824 vestrum
614 759 811 839 mandatum,
834 759 940 844 parati
964 780 1075 823 sumus
1099 779 1172 822 enm
1196 763 1264 822 toto
1288 758 1428 822 exfortio
1452 763 1563 822 nostro
1586 757 1627 821 ad
1643 756 1901 823 Christianorum
1918 757 2099 823 subsidium

444 863 624 949 proficisci;
654 869 687 928 et
720 884 782 948 ego
813 863 845 925 in
877 864 1009 949 propria
1032 883 1173 948 persona
1196 867 1330 947 paratus
1354 883 1424 926 sum
1448 863 1481 925 in
1505 881 1693 926 succursum
1717 861 1818 926 Terre
1843 861 1963 926 Sancte
1986 861 2097 924 venire

446 987 520 1030 cum
544 966 758 1052 quadraginta
780 966 913 1030 milibus
929 966 1136 1048 bellatorum,
1160 966 1217 1030 ubi
1240 966 1334 1030 vobis
1357 967 1526 1051 placuerit.
1570 965 1656 1029 Nam
1678 965 1846 1046 noveritis,
1870 965 1957 1051 quod
1981 987 2042 1050 ego
2066 971 2099 1029 et

446 1070 539 1132 multi
560 1070 701 1136 barones
725 1070 853 1135 nobiles
876 1069 917 1136 de
942 1076 1029 1134 terra
1052 1076 1164 1134 nostra
1187 1069 1392 1154 suscepimus
1416 1089 1555 1133 crucem.
1601 1068 1652 1132 De
1677 1075 1787 1133 cetero
1803 1091 1955 1154 rogamus
1980 1069 2100 1134 sancti-

445 1177 547 1237 tatem
577 1181 734 1251 restram,
772 1173 858 1258 quod
889 1174 1026 1236 mittatis
1055 1172 1321 1237 benedictionem
1347 1179 1490 1236 vestram
1521 1193 1620 1257 super
1646 1193 1706 1235 nos
1734 1179 1768 1236 et
1796 1181 1916 1237 terram
1945 1179 2100 1250 nostram,

446 1283 482 1340 ut
511 1299 583 1341 cum
615 1277 846 1341 benedictione
874 1282 984 1340 vestra
1014 1283 1047 1340 et
1077 1276 1182 1360 gratia
1205 1275 1315 1338 divina
1342 1295 1457 1339 secure
1485 1276 1648 1361 possimus
1675 1276 1781 1361 prelia
1801 1275 1935 1340 Domini
1958 1275 2100 1361 preliari.

445 1381 557 1446 Latori
584 1381 788 1469 presentium
819 1380 926 1445 David
959 1386 1071 1445 saneto
1095 1381 1180 1467 patri
1210 1387 1243 1446 ct
1266 1381 1424 1467 episcopo
1458 1386 1569 1444 nostro
1594 1379 1734 1444 credatis
1765 1387 1918 1462 tanquam
1948 1379 2045 1442 nobis
2068 1379 2101 1441 in

445 1485 526 1564 hiis,
561 1505 623 1569 que
653 1505 695 1549 ex
726 1491 819 1570 parte
849 1489 962 1548 nostra
991 1485 1156 1548 sanctitati
1186 1490 1295 1548 vestre
1326 1482 1457 1548 duxerit
1489 1481 1711 1567 proponenda.
1761 1481 1872 1567 Nepos
1895 1503 1989 1546 mous
2013 1481 2098 1545 filius

447 1589 555 1652 fratris
578 1589 653 1667 mei,
678 1587 788 1652 Sanxa
804 1588 945 1666 nomine,
969 1586 1117 1652 dominus
1142 1587 1326 1671 quindecim
1343 1607 1533 1671 magnarum
1549 1586 1725 1665 civitatum,
1749 1585 1904 1648 inclinato
1927 1586 2037 1669 capita
2060 1584 2099 1647 ad

447 1690 549 1777 pedes
571 1690 716 1776 postulat
738 1691 1002 1756 benedictionem
1024 1697 1179 1756 vestram.

1068 1934 1479 1942 ...μ-ψ-

1230 2157 1317 2231 a53.

558 2268 746 2362 Honorius
778 2295 846 2361 III
870 2317 957 2377 papo
991 2294 1230 2381 masmana]
1267 2297 1516 2379 Georyranornm
1548 2298 1675 2379 reginae
1704 2297 1797 2378 fidem
1834 2319 1909 2381 erpa
1944 2300 2098 2364 ecelesiam

448 2403 626 2467 Romanam
647 2405 676 2465 et
691 2403 784 2481 piam
806 2399 993 2463 desideriam
1011 2421 1072 2480 pro
1095 2400 1277 2465 liberatione
1301 2401 1418 2464 Terrae
1439 2401 1574 2466 Sanctae
1596 2401 1743 2465 laudibus
1764 2403 1901 2482 c.etoitit;
1924 2405 2054 2468 rann-tint
2072 2405 2099 2468 ei

446 2507 646 2572 Fneenmm
668 2503 883 2569 Romancrrem
905 2505 1120 2584 imperatorem
1143 2526 1164 2568 a
1184 2506 1262 2586 sesto
1284 2506 1386 2568 sancti
1402 2504 1559 2569 Iohannis
1580 2505 1732 2586 baptistae
1749 2507 1896 2585 monimo
1918 2507 1963 2569 ad
1982 2527 2097 2570 aeneam

447 2630 545 2674 annm
566 2608 679 2693 [1225‚
701 2607 775 2671 Ian.
791 2607 853 2690 24]
875 2608 1085 2670 transituram
1107 2627 1179 2685 csse,
1202 2628 1328 2689 eamque
1349 2608 1508 2672 certiorem
1525 2607 1608 2692 sarcit
1630 2609 1666 2672 de
1687 2609 1883 2689 crept-issima
1908 2610 2099 2691 indesinentia

447 2712 668 2794 mergentis
690 2715 718 2774 et
739 2711 881 2774 omnibns
905 2709 1020 2774 Terrae
1043 2709 1178 2775 Sanctae
1200 2733 1285 2792 opem
1306 2713 1479 2793 serentibus
1501 2731 1651 2776 concessa.
1741 2715 1834 2790 1221,
1856 2713 1943 2777 Mai.
1966 2716 2017 2778 12.

550 2831 623 2884 Han.
642 2831 701 2884 III
721 2829 788 2896 Rea.
815 2829 871 2882 Vol.
891 2827 943 2892 IV,
968 2831 1117 2896 189‚190;
1140 2830 1202 2882 Lib.
1227 2829 1315 2893 VIII,
1343 2834 1404 2883 434.
1450 2831 1554 2884 Pertaii
1576 2831 1713 2899 caanplar
1740 2832 1927 2900 suppleremus
1953 2851 1988 2887 ea
2011 2834 2098 2904 Rnyn.

448 2923 522 2972 Ana.
541 2917 601 2971 ecci.
619 2933 645 2970 a.
664 2919 775 2980 1224,§
799 2915 925 2969 {tl—22(

551 3003 688 3067 Pottbaat,
707 3001 776 3071 Bep.
797 3005 874 3054 7242.

867 3194 913 3267 R.
940 3194 1109 3268 illustri
1136 3195 1285 3287 regine
1314 3194 1679 3288 Georgianorum.

556 3344 626 3410 Tne
650 3344 835 3410 screnitatis
859 3344 985 3408 litteras
1004 3344 1188 3409 devotionis
1212 3344 1310 3410 odore
1333 3346 1448 3432 plenas
1471 3351 1609 3432 paterna
1632 3345 1836 3431 benignitate
1860 3347 2045 3432 recepimus
2067 3352 2097 3410 et

450 3469 561 3514 earum
596 3448 829 3512 continentiam
862 3447 1086 3512 intelleximus
1122 3446 1306 3533 diligenter.
1367 3449 1410 3512 let
1443 3448 1574 3533 quidem
1608 3450 1744 3513 multum
1780 3449 1887 3534 gavisi
1922 3470 2034 3513 sumus
2067 3450 2098 3512 in

448 3550 590 3614 Domino
626 3572 724 3637 super
758 3550 946 3632 devotione,
979 3573 1075 3636 quam
1107 3551 1210 3616 habes
1239 3551 1279 3616 ad
1308 3573 1367 3616 nos
1396 3558 1429 3616 et
1460 3552 1500 3616 ad
1529 3551 1711 3616 Romanam
1740 3553 1914 3618 ecclesiam
1965 3559 2097 3617 matrem

449 3653 709 3718 Christianorum
723 3653 866 3717 omnium
885 3659 918 3717 et
933 3656 1134 3739 magistram,
1153 3660 1187 3718 ct
1203 3676 1300 3740 super
1314 3656 1369 3740 pio
1385 3653 1560 3736 desiderio,
1585 3655 1672 3741 quod
1687 3655 1789 3720 habes
1806 3655 1847 3719 de
1863 3653 2097 3720 deliberatione
2139 3677 2147 3713 r

448 3756 550 3821 Terre
576 3755 713 3846 Sancte,
743 3757 776 3820 in
806 3778 871 3842 qua
900 3755 1049 3821 dominus
1079 3757 1174 3822 Iesus
1199 3757 1348 3823 Christus
1376 3758 1530 3844 dignatus
1565 3767 1617 3824 est
1646 3759 1780 3824 humani
1811 3760 1943 3844 generis
1975 3759 2100 3846 operari

448 3860 604 3939 salutem,
627 3859 761 3925 tradens
783 3861 881 3925 morti
904 3861 1009 3925 crucis
1032 3860 1192 3924 ineffabili
1214 3861 1338 3946 pietate
1364 3883 1399 3926 se
1422 3862 1545 3947 ipsum,
1568 3870 1605 3926 ut
1627 3884 1731 3948 genus
1755 3862 1933 3927 humanum
1957 3885 1977 3927 a
1999 3869 2099 3928 morte

447 3969 607 4050 perpetua
623 3963 788 4027 liberaret.
835 3962 942 4050 Super
957 3969 1061 4027 morte
1083 3969 1191 4027 autem
1209 3963 1297 4028 clare
1314 3966 1470 4028 memorie
1488 4012 1495 4027 .
1513 4013 1520 4027 .
1538 3965 1645 4028 fratris
1668 3966 1725 4046 tui,
1749 3965 1838 4049 regis
1855 3963 2099 4042 Georisnomm,

448 4066 508 4130 tibi
538 4072 674 4153 patemo
709 4067 872 4152 compassi
901 4088 1012 4131 sumus
1044 4066 1182 4147 affectu,
1225 4087 1262 4130 aa
1297 4067 1330 4130 in
1362 4089 1400 4131 co
1429 4066 1669 4151 subsequenter
1699 4070 1819 4152 gavisi,
1850 4069 1937 4154 qnod
1967 4069 2099 4155 pacifice

448 4169 577 4232 obtines
600 4190 736 4254 regnum
769 4171 856 4250 eius,
890 4171 973 4234 sicut
1003 4169 1096 4233 nobis
1127 4190 1186 4255 per
1216 4170 1305 4254 ipsas
1333 4170 1460 4234 litteras
1490 4170 1665 4250 intimasti,
1695 4179 1845 4256 optantes
1868 4179 1905 4236 ut
1927 4173 2038 4250 Deus,
2069 4174 2099 4236 in
2143 4192 2153 4229 r
2188 4177 2210 4192 ⁴

448 4272 540 4335 cuius
564 4293 663 4337 manu
686 4279 762 4337 sunt
783 4273 854 4336 iura
870 4293 1044 4358 regnorum
1069 4279 1101 4337 ct
1124 4293 1236 4357 regna,
1259 4279 1291 4337 te
1315 4294 1353 4336 ac
1376 4279 1466 4337 tuum
1483 4294 1619 4357 regnum
1643 4274 1676 4337 in
1700 4295 1759 4338 sua
1780 4274 1844 4338 fide
1868 4297 1906 4338 ac
1930 4275 2100 4340 devotione

447 4383 545 4460 atque
573 4377 608 4440 in
638 4376 734 4440 bonis
764 4377 914 4442 omnibus
944 4377 1122 4463 amplificet
1150 4383 1183 4440 ct
1210 4384 1392 4442 conservet.
1446 4376 1520 4440 Etsi
1543 4378 1629 4441 enirn
1653 4377 1806 4442 absentes
1831 4379 1933 4442 simus
1958 4401 2100 4466 corpore,

431 4485 619 4565 ,presentes
642 4486 753 4545 tamen
784 4481 919 4567 spiritu,
948 4487 981 4546 te
1010 4502 1047 4545 ac
1078 4480 1160 4544 alios
1185 4479 1389 4545 Christianos
1413 4479 1508 4565 regni
1531 4481 1577 4545 tui
1603 4480 1708 4545 cordis
1733 4482 1835 4546 oculis
1858 4483 2039 4563 intuemur,
2070 4490 2101 4548 et

447 4581 650 4646 delectamur
672 4581 705 4645 in
728 4582 810 4665 fide,
841 4605 938 4668 quam
960 4585 1090 4649 habetis
1121 4585 1154 4647 in
1177 4581 1307 4647 domino
1330 4583 1409 4648 Iesu
1432 4583 1578 4664 Christo,
1608 4585 1659 4648 cui
1689 4606 1728 4649 eo
1758 4585 1830 4671 ipso
1858 4592 1910 4650 est
1938 4587 2102 4672 acceptior

448 4682 528 4748 fides
552 4691 671 4764 vestra,
697 4686 782 4771 quod
807 4709 878 4752 eam
903 4689 1040 4752 serratis
1065 4689 1098 4751 in
1121 4687 1228 4752 medio
1251 4687 1430 4752 infidelium
1452 4690 1631 4769 nationum,
1654 4689 1842 4772 intorques
1866 4689 1985 4753 lucetis
2010 4690 2099 4774 quasi
2146 4709 2157 4744 r

449 4788 581 4852 lucerne
618 4789 650 4852 in
684 4790 848 4872 tenebris,
884 4799 917 4856 et
953 4790 1109 4856 redoletis
1144 4791 1237 4876 quasi
1268 4791 1338 4854 lilia
1371 4793 1457 4856 inter
1490 4793 1615 4877 spinas,
1650 4791 1846 4877 reportaturi
1882 4792 1960 4856 fidei
1993 4800 2100 4857 vestre

448 4890 701 4956 desiderabilem
734 4893 848 4972 tinem,
883 4895 1022 4958 salutem
1055 4900 1237 4958 vestrarum
1271 4893 1426 4959 videlicet
1460 4897 1650 4966 animarum.
1710 4894 1849 4980 Propter
1888 4895 1975 4980 qnod
2014 4903 2100 4960 tuam

283 5016 359 5059 naal.
372 5019 437 5068 raca
449 4995 658 5060 exhortamur
697 4997 730 5060 in
767 4995 909 5061 Domino
951 4996 1196 5079 celsitudinem,
1235 5004 1271 5062 ut
1314 5005 1404 5062 certa
1446 4998 1487 5063 dc
1526 4999 1743 5085 promissione
1784 4997 1907 5062 Christi
1947 4999 2100 5064 dicentis:

449 5097 512 5179 Qui
544 5099 737 5180 confitebitur
770 5120 817 5163 me
851 5121 953 5165 coram
986 5100 1177 5179 bominibus,
1216 5100 1380 5181 confitebor
1417 5105 1447 5165 ct
1481 5122 1534 5183 eqo
1568 5121 1636 5164 earn
1669 5121 1773 5164 eoram
1804 5105 1896 5181 patre
1930 5123 2012 5180 meo,
2048 5101 2101 5184 qni

446 5204 491 5264 est
522 5202 558 5264 in
592 5202 682 5280 celim
718 5203 751 5265 in
782 5203 988 5268 confessione
1024 5224 1062 5267 ac
1097 5203 1192 5268 laude
1224 5204 1328 5268 saneti
1360 5205 1500 5268 nominis
1535 5205 1604 5268 eius
1637 5205 1767 5268 tirmusn
1798 5203 1991 5290 stabilisque
2025 5227 2097 5291 per·
2150 5251 2153 5254 -

447 5305 544 5367 sistas
588 5311 620 5369 et
661 5303 701 5368 ad
742 5306 985 5390 persistendum
1026 5307 1059 5369 in
1103 5329 1142 5371 ea
1186 5307 1334 5371 subditos
1378 5315 1452 5372 tuos
1493 5309 1644 5392 exemplo
1688 5313 1801 5372 sancte
1845 5310 2099 5373 conversationis

446 5409 597 5489 inducas,
633 5415 670 5473 ut
699 5415 774 5495 post
811 5411 907 5475 huius
937 5411 1122 5474 transitorio
1154 5411 1219 5474 vite
1251 5411 1475 5474 inevitabilem
1505 5413 1628 5475 exitum
1656 5431 1721 5474 una
1749 5432 1822 5478 cum
1854 5411 1935 5498 ipsis
1966 5433 2099 5496 ragnum

549 5669 571 5738 ¹¹)
589 5672 626 5720 ita
645 5671 729 5739 Itayre.
