4448 6420
812 399 1012 454 urisrouan
1029 399 1218 456 SELECTAE.
1256 402 1330 455 1226.
1840 409 1896 470 23¹

245 569 394 646 pecora-irc
427 571 633 648 quamtulam
666 572 793 636 solveret
828 595 865 638 ac
896 574 1023 637 irrtcrt'm
1055 573 1141 654 filios
1174 592 1247 637 sum
1279 572 1399 637 obsides
1431 574 1535 652 daret,
1568 575 1608 639 ab
1642 577 1697 641 boc
1728 579 1902 644 iuramento

245 670 387 736 obsolvit.
434 670 538 752 ΟΜ.
561 677 770 738 301et302.

1435 784 1529 862 1226,
1552 782 1626 847 Ian.
1647 787 1692 850 26
1713 789 1742 848 et
1761 785 1815 851 25.

351 859 425 914 uon.
444 861 501 914 ιιι
516 860 586 931 neq.
611 861 666 916 ru.
692 862 720 922 ν.
738 867 808 930 1ar,·
825 863 889 918 no.
909 865 945 929 x,
965 868 1026 919 aro.

183 957 195 992 o
350 945 487 1012 Pottltast,
506 947 576 1018 Ray.
596 951 668 1002 7594
685 954 710 1002 et
728 951 812 1003 7593.

800 1129 857 1204 W.
885 1130 1055 1205 illustri
1081 1131 1174 1223 regi
1200 1131 1343 1206 Dacie.

354 1278 475 1345 Petitio
506 1284 563 1342 tua
593 1278 687 1343 nobis
718 1279 866 1344 exhibita
893 1279 1097 1358 continebat,
1129 1278 1216 1364 quod
1246 1300 1318 1344 eum
1342 1279 1506 1345 Henricus
1537 1300 1648 1344 comes
1677 1278 1718 1344 de
1748 1280 1900 1360 Zueric.⁸,

248 1384 409 1448 vassallus
433 1388 522 1460 tuus,
557 1387 589 1445 te
614 1382 758 1467 cepisset
781 1388 815 1447 et
837 1388 966 1447 teneret
990 1383 1113 1447 carceri
1135 1384 1371 1469 mancipatum,
1402 1404 1422 1447 a
1453 1389 1486 1448 te
1510 1384 1727 1448 iuramentum
1751 1384 1900 1463 extorsit,

249 1486 334 1572 quod
365 1487 395 1551 ei
424 1487 570 1550 solveres
598 1484 758 1569 quandam
785 1507 850 1550 non
880 1485 1039 1550 modicam
1069 1487 1209 1572 pecunie
1239 1486 1456 1571 quantitatem
1483 1507 1521 1549 ac
1550 1485 1680 1550 interim
1710 1487 1795 1551 lilios
1827 1493 1899 1551 tuos

248 1590 380 1656 obsides
405 1591 436 1655 ei
458 1588 564 1654 dares.
603 1587 712 1662 Quare
735 1587 830 1653 nobis
853 1589 1021 1654 humiliter
1044 1590 1254 1675 supplicasti,
1286 1595 1323 1653 ut
1352 1610 1425 1654 cum
1448 1588 1639 1676 adimpletio
1662 1590 1901 1676 promissionis,

248 1716 312 1781 qua
341 1693 399 1759 diu
426 1698 501 1757 ante
531 1692 715 1778 captionem
744 1699 833 1756 tuem
861 1699 894 1756 ts
923 1694 1151 1779 sollempniter
1181 1693 1345 1778 obligaras
1379 1692 1419 1756 ad
1448 1691 1630 1756 subsidium
1653 1692 1755 1758 Terre
1779 1691 1898 1758 Sancte

249 1797 420 1883 magnifice
444 1794 713 1882 impendendum,
746 1815 805 1880 per
828 1794 889 1859 hoe
913 1795 1111 1882 impediatur
1134 1797 1281 1874 omnino,
1310 1801 1344 1860 et
1366 1795 1453 1860 dicte
1476 1796 1616 1882 pecunie
1639 1796 1803 1880 quantitas
1826 1802 1899 1860 tuas

249 1902 423 1967 facultates
447 1898 587 1964 excedat
609 1919 647 1962 ao
671 1919 729 1983 per
752 1896 814 1962 hoo
831 1899 984 1984 compelli
1004 1919 1072 1964 non
1095 1899 1218 1964 debeas
1242 1899 1283 1963 ad
1300 1899 1499 1963 solutionem
1522 1896 1680 1979 eiusdem,
1705 1918 1780 1962 eum
1802 1919 1899 1965 nemo

248 2003 289 2070 ad
319 2003 522 2090 impossibile
555 2001 598 2066 sit
633 2001 817 2086 cogendus,
853 2001 1004 2086 idemque
1038 2003 1256 2067 iuramentum
1292 2024 1310 2066 a
1339 2008 1373 2066 te
1401 2001 1500 2066 luerit
1532 2022 1593 2088 per
1619 2007 1742 2068 metum
1774 2004 1899 2069 etvini

249 2107 454 2173 manifestam
483 2104 668 2171 extortumb
692 2125 730 2169 eo
761 2125 820 2191 per
850 2105 911 2170 hoc
940 2105 981 2170 ad
1011 2107 1274 2171 observationem
1304 2126 1369 2170 non
1398 2106 1539 2170 tenearis
1564 2104 1726 2186 eiusdem,
1757 2127 1830 2171 cum
1859 2128 1899 2173 ea

248 2233 311 2298 que
334 2212 366 2275 vi
389 2218 538 2275 metusve
562 2229 661 2274 eausa
682 2208 764 2272 liunt
787 2229 853 2272 non
877 2208 1020 2274 debeant
1043 2230 1117 2274 esse
1141 2215 1227 2288 rata,
1256 2208 1427 2294 dictusque
1450 2229 1560 2273 comes
1590 2215 1623 2274 te
1646 2210 1804 2296 capiendo
1828 2211 1898 2275 vin·

248 2315 355 2380 culum
377 2312 546 2379 fidelitatis
570 2311 754 2397 abruperit,
779 2318 913 2398 propter
935 2311 1021 2398 quod
1043 2312 1141 2377 fidem
1165 2333 1297 2377 servare
1321 2333 1386 2376 non
1408 2313 1531 2377 teneris
1555 2310 1680 2390 eidem,
1704 2334 1779 2377 cum
1800 2311 1898 2378 fidem

246 2440 311 2483 non
335 2417 477 2482 servanti
500 2415 581 2480 fides
604 2436 670 2479 non
685 2412 805 2478 debeat
821 2415 999 2496 observari,
1024 2423 1057 2481 te
1081 2437 1101 2480 a
1122 2415 1269 2502 predicto
1286 2417 1468 2480 iuramento
1491 2414 1532 2480 ad
1549 2417 1708 2482 cautelam
1725 2417 1896 2482 absolvere

247 2523 467 2609 dignaremur.
512 2519 581 2583 Nos
605 2519 704 2604 igitur
726 2527 860 2608 propter
880 2521 1125 2605 prcassignatas
1152 2542 1284 2600 causas,
1314 2526 1347 2585 et
1370 2521 1445 2605 quis
1467 2520 1659 2606 prophetica
1680 2541 1761 2586 voes
1784 2541 1898 2586 monc-

247 2646 319 2689 mur
341 2624 522 2689 dissolvere
546 2623 773 2708 colligationes
796 2623 974 2709 impietatis
997 2628 1031 2686 et
1053 2623 1227 2688 fasciculos
1251 2622 1485 2709 deprimentes,
1507 2644 1546 2688 ao
1569 2622 1734 2689 dimittere
1757 2645 1814 2689 eos
1838 2625 1894 2710 qui
1908 2643 1946 2687 ns.
1960 2647 2014 2694 aa.

247 2728 404 2792 confracti
427 2734 503 2792 sunt
524 2727 656 2807 liberos,
680 2735 714 2791 et
735 2748 818 2792 onus
841 2747 937 2790 omne
953 2725 1150 2812 dirumpere,
1172 2733 1205 2790 te
1229 2747 1249 2790 a
1271 2726 1453 2792 iuramento
1477 2725 1676 2791 absolvimus
1699 2727 1745 2791 sic
1769 2732 1898 2791 extorto

248 2837 282 2897 et
304 2831 392 2895 omni
416 2851 466 2912 eo,
491 2829 577 2914 quod
600 2851 642 2894 ex
665 2830 737 2916 ipso
759 2829 905 2894 noscitur
928 2849 1001 2893 esse
1027 2835 1186 2910 secutum,
1209 2850 1283 2893 curn
1299 2829 1516 2894 iuramentum
1531 2829 1712 2915 iniquitatis
1734 2830 1898 2894 vinculum

249 2953 411 2999 essenon
441 2933 562 2997 debeat
593 2940 644 2998 set
672 2933 796 2998 iustitie
822 2933 1071 2998 firmamentum.
1116 2933 1155 2997 ln
1178 2933 1274 2998 huius
1298 2941 1407 3000 autem
1434 2933 1651 2999 absolutionis
1674 2934 1899 2999 testimonium

247 3043 420 3125 presentes
442 3037 569 3102 litteras
593 3043 648 3102 tue
672 3037 837 3103 devotioni
854 3037 1014 3127 duximus
1038 3036 1274 3104 concedendas.

354 3173 431 3240 Dat.
453 3174 606 3240 Lateran.
630 3174 680 3239 VI
704 3174 779 3240 Kal.
802 3175 889 3256 Iulii,
913 3173 1011 3262 [enno
1034 3173 1173 3262 decimo]
1182 3186 1203 3240 ⁰.

353 3312 392 3377 In
415 3312 556 3378 eundem
585 3311 717 3377 modum
744 3313 900 3398 seriptum
932 3319 982 3377 est
1012 3361 1020 3376 .
1045 3363 1051 3377 .
1080 3315 1236 3400 episeopo
1260 3311 1445 3378 Verdcnsi¹
1475 3317 1509 3376 et
1535 3357 1542 3374 .
1568 3359 1575 3376 .
1602 3310 1714 3376 abbati
1737 3309 1778 3376 de
1801 3309 1896 3376 Luna

246 3415 428 3481 Verdensis
451 3414 593 3481 diocesis
621 3436 741 3501 usque:
770 3415 952 3496 observari,
982 3416 1092 3480 verbis
1122 3422 1347 3504 competenter
1379 3415 1528 3494 mutatis,
1557 3415 1663 3500 ipsum
1692 3420 1726 3479 et
1753 3414 1899 3500 prelatos

246 3519 407 3584 vassallos
439 3520 510 3584 eius
540 3540 561 3582 a
589 3517 736 3604 predicto
764 3519 946 3584 iuramento
974 3518 1015 3583 ad
1043 3521 1206 3585 cautelam
1234 3520 1408 3585 absolvere
1436 3517 1656 3604 dignaremur.
1700 3517 1770 3583 Nos
1798 3517 1900 3602 igitur

247 3631 309 3690 otc.
333 3630 369 3688 ut
392 3643 491 3709 supra
513 3642 635 3707 usque:
659 3623 908 3686 firmamentum.
951 3621 1098 3708 Ideoque
1121 3623 1329 3704 mandamus,
1352 3621 1503 3708 quatinus
1526 3621 1648 3686 dictum
1671 3621 1839 3700 comitem,
1862 3625 1901 3683 ut

248 3727 385 3816 prelatis
417 3726 496 3791 dicti
531 3726 618 3811 regis
653 3725 802 3790 vassallis
835 3727 980 3791 remittat
1016 3727 1202 3792 huiusmodi
1235 3729 1428 3805 iuramenta,
1460 3726 1621 3791 moneatis
1654 3724 1833 3811 prudenter
1865 3730 1899 3788 et

250 3832 427 3897 efficaciter
450 3829 626 3908 inducatis,
649 3829 756 3914 ipsum
778 3826 819 3892 ad
842 3829 890 3908 id,
914 3830 943 3894 si
967 3831 1099 3894 monitis
1123 3832 1333 3916 acquiescere
1357 3851 1423 3894 non
1445 3829 1621 3908 curaverit,
1645 3847 1899 3914 percensuram

250 3935 506 4000 ecclesiasticam
530 3931 751 4019 appellatione
774 3932 957 4016 postposita
980 3933 1218 4019 compellendo.

355 4067 430 4134 Dat.
453 4070 607 4134 Lateren.
632 4067 698 4133 VII
720 4066 796 4135 Kal.
818 4068 904 4152 Iulii,
927 4092 1012 4136 anno
1035 4071 1077 4136 X.

1029 4743 1116 4819 305.

359 4877 547 4971 Honoras
576 4906 640 4973 ιιι
665 4928 752 4988 papa
779 4907 816 4972 a
843 4905 1028 4971 samsona
1061 4907 1091 4968 u
1117 4903 1154 4968 a
1182 4901 1388 4966 aaronem
1415 4901 1580 4967 courum
1606 4905 1635 4966 a
1656 4901 1837 4982 praeposo
1862 4898 1899 4961 a

170 5035 197 5073 ss
250 5005 438 5093 Spcinslrort
458 5009 596 5089 modat,
621 5013 657 5073 ut
676 5010 714 5075 de
734 5010 877 5075 melione
898 5009 1032 5090 episcopi
1053 5006 1296 5088 Rutispoucnsis
1317 5005 1494 5087 inquirant.

1555 5125 1650 5201 1226,
1672 5121 1736 5187 lot.
1759 5123 1811 5185 13.

351 5216 426 5270 non.
444 5217 499 5268 111
513 5213 582 5284 neq.
605 5214 662 5268 vor.
687 5213 716 5279 v,
734 5215 803 5276 raa·
821 5212 884 5268 nu
902 5213 940 5278 x,
960 5215 1023 5267 aaa.

354 5492 377 5560 ¹)
395 5496 488 5548 Zueric
501 5493 534 5546 R.
615 5491 638 5559 ΙἿ
652 5499 769 5545 exortum
787 5492 819 5544 B.
901 5493 922 5558 ο)
940 5509 1007 5545 enno
1024 5492 1122 5544 docimo
1139 5489 1208 5542 dccet
1223 5489 1252 5540 in
1269 5488 1301 5540 B.

350 5667 376 5732 1)
395 5665 484 5722 Iconi.
