4596 6406
1020 395 1067 450 EX
1086 395 1261 451 GREGORII
1279 395 1318 451 lX
1337 393 1518 451 nnalsrno

1223 695 1309 770 lbi.
1377 701 1380 708 '

545 807 767 920 Berenparia
787 837 899 920 regina
924 836 1077 904 Oastellae
1098 842 1127 903 et
1154 839 1252 905 Teleti
1269 840 1421 924 Grepemo
1443 839 1500 905 IX
1513 820 1620 922 papae
1636 861 1699 922 pre
1720 840 1928 906 exuberantia
1950 841 2108 907 bonitatis

438 964 513 1026 erpa
540 962 572 1008 se
598 945 628 1006 ct
651 942 756 1023 fitium
782 961 874 1006 seeum
892 943 1016 1024 pretias
1038 943 1119 1025 epit,
1147 944 1236 1025 etque
1261 948 1369 1008 notum
1394 945 1475 1026 facit
1502 945 1550 1011 W.
1573 943 1715 1009 abbatem
1744 944 1856 1012 Sancti
1876 945 2032 1010 Facundi
2062 943 2109 1008 ad

438 1047 539 1112 sedem
560 1046 762 1129 apostaticam
783 1045 972 1111 accedentem
994 1046 1023 1110 ei
1045 1047 1212 1128 quaedam,
1240 1067 1320 1129 qnae
1347 1048 1462 1114 titteris
1490 1047 1703 1114 concinendam
1724 1049 1877 1127 noluerit,
1904 1049 2108 1130 fiducialiter

438 1150 671 1215 declaraturum
693 1168 766 1215 esse.
815 1149 863 1230 Of.
886 1169 919 1216 n.
943 1152 1015 1216 760.
1764 1154 1857 1231 1239,
1879 1150 1955 1216 Dec.
1980 1152 2011 1214 5.

545 1271 628 1340 Grcp.
647 1270 695 1324 IX
717 1270 787 1340 Rep.
806 1270 870 1324 Lib.
889 1269 974 1338 XIV,
992 1274 1037 1324 40.
1074 1268 1835 1342 Edimnseutiapn.dnn.eecl.a.1239,§43-dt.

707 1463 883 1538 Littera
910 1462 1069 1556 regine
1099 1462 1299 1537 Castelle
1327 1464 1380 1537 ad
1407 1409 1633 1538 dominum
1660 1485 1829 1556 papam.

550 1613 763 1678 Sanctissimo
791 1613 875 1698 patri
905 1632 943 1676 ae
972 1611 1103 1677 domino
1132 1611 1309 1696 Gregorio,
1340 1612 1450 1678 divina
1476 1613 1684 1699 providentia
1710 1620 1919 1679 sacrosancte
1947 1614 2104 1680 Romane

439 1717 580 1783 ecclesie
611 1739 738 1782 summo
765 1717 929 1802 pontifici,
962 1714 1180 1801 Berengaria,
1212 1715 1277 1781 Dei
1303 1717 1409 1800 gratia
1440 1717 1556 1801 regine
1579 1716 1725 1783 Castells
1749 1724 1782 1783 et
1804 1716 1943 1800 Toleti¹,
1976 1719 2102 1806 pedum

439 1822 553 1886 oscula
574 1821 747 1885 beatorum
771 1842 843 1884 curn
867 1821 1053 1886 reverentia
1075 1820 1168 1885 filiali
1190 1827 1256 1885 tam
1280 1820 1393 1885 debita
1409 1842 1506 1906 quam
1529 1821 1658 1886 devota.
1703 1821 1768 1886 Pro
1790 1822 1964 1907 multiplici
1980 1825 2103 1908 gratia,

439 1946 537 2011 qnam
560 1947 603 1991 ax
631 1927 735 1990 multa
764 1931 874 1990 vestre
905 1924 1121 1989 exuberantia
1150 1924 1306 1988 bonitatis
1338 1945 1400 2008 ego
1430 1930 1464 1989 et
1494 1924 1581 1988 tilius
1611 1946 1704 1988 meus
1734 1946 1753 1988 a
1783 1927 1956 1992 sanctitate
1988 1933 2102 1992 vestra
2156 1940 2181 1978 ¹⁰

444 2036 511 2093 tam
534 2051 614 2115 sepe
640 2031 840 2116 recepimus,
870 2051 932 2095 nee
960 2030 1065 2116 petita
1096 2027 1263 2094 multoties
1291 2035 1342 2094 set
1370 2028 1495 2110 oblatu,
1531 2028 1664 2114 dignum
1694 2028 1818 2094 ducens
1848 2030 1889 2095 ad
1919 2032 2103 2118 gratiarum

439 2138 555 2201 saltem
578 2135 724 2200 actiones
739 2155 924 2220 assurgere,
948 2133 1108 2220 condigne
1131 2153 1270 2218 nequeo,
1294 2132 1371 2197 dum
1387 2154 1467 2218 erga
1483 2152 1535 2197 me
1555 2138 1588 2197 et
1604 2154 1697 2198 meos
1712 2140 1856 2198 vestram
1874 2134 2103 2220 dignationem

441 2240 591 2321 attendo,
623 2238 700 2303 dum
729 2260 832 2326 penso
862 2245 971 2303 vestre
1000 2237 1291 2323 promptitudinem
1313 2238 1463 2324 pietatis3
1497 2236 1584 2323 quod
1608 2237 1740 2322 quidem
1763 2239 1886 2325 gratius
1909 2239 1990 2303 mihi
2015 2239 2102 2304 ieret

438 2346 537 2411 rebus
562 2345 693 2411 efficere
718 2365 815 2431 quam
837 2344 948 2409 verbis
970 2349 1028 2407 aut
1050 2343 1167 2407 litteris
1191 2342 1371 2408 declarare.
1417 2342 1476 2406 Set
1500 2342 1575 2426 quia
1597 2341 1637 2405 ad
1661 2363 1798 2428 presens
1822 2341 1909 2428 quod
1932 2343 2007 2408 volo
2031 2365 2100 2408 nou

437 2450 547 2528 valeo,
578 2470 643 2514 non
671 2455 805 2535 propter
828 2448 969 2533 aliquem
993 2448 1100 2512 cordis
1125 2447 1291 2512 delectum
1313 2454 1370 2511 aut
1392 2468 1501 2512 rerum
1522 2447 1737 2532 indigentiam
1760 2447 2014 2530 mundanarum,
2045 2454 2099 2513 set
2154 2457 2178 2495 ¹⁵

438 2552 642 2641 expectando
671 2552 779 2639 potius
807 2557 916 2617 vestre
950 2551 1195 2637 beneplacitum
1224 2551 1419 2631 voluntatis,
1453 2571 1512 2636 pro
1547 2556 1595 2614 tot
1624 2551 1794 2616 beneficiis
1822 2557 1934 2637 grates
1966 2552 2100 2617 interim

437 2657 538 2723 reddo
562 2662 671 2722 vestre
695 2653 912 2741 magnitudini
936 2659 1075 2738 quantas
1098 2675 1248 2740 possum,
1276 2654 1482 2718 maiestatem
1505 2659 1650 2719 vestram
1680 2655 1757 2719 totis
1781 2656 1900 2720 mentis
1922 2656 2100 2722 affectibus

437 2760 656 2849 implorando,
687 2767 724 2824 ut
752 2760 844 2822 iuxta
870 2757 1053 2823 devotionis
1081 2758 1253 2838 affectum,
1276 2779 1374 2843 quam
1397 2779 1459 2843 ego
1491 2764 1524 2822 et
1552 2759 1638 2824 filius
1662 2779 1756 2824 meus
1780 2779 1860 2844 erga
1882 2781 1940 2824 νοε
1965 2781 2102 2845 semper

436 2864 610 2929 habuimus
635 2872 668 2929 et
690 2863 870 2941 habemus,
900 2863 1021 2949 aliquid
1048 2863 1128 2928 mihi
1155 2863 1308 2949 dignetur
1337 2865 1489 2945 innuere,
1520 2863 1604 2948 quod
1629 2870 1738 2928 vestre
1761 2863 1922 2928 uoluntati
1946 2863 2098 2944 sedeam,

436 2969 535 3033 immo
557 2967 710 3054 quiequid
735 2973 842 3031 vestre
870 2968 1030 3053 placuerit
1059 2969 1240 3050 sanctitati,
1271 2969 1364 3032 iuxta
1391 2974 1536 3032 vestrum
1565 2966 1809 3053 beneplacitum
1841 2987 1901 3053 per
1928 2968 2040 3032 omnia
2063 2974 2099 3033 at
2150 2971 2178 3011 ²⁰

437 3073 470 3136 in
506 3071 657 3135 omnibns
691 3070 931 3156 exequendum.
984 3070 1059 3135 Hoc
1093 3078 1204 3137 autem
1233 3071 1320 3158 apud
1349 3071 1587 3158 benignitatem
1618 3077 1761 3136 vestram
1795 3070 1997 3135 reticendum
2027 3093 2098 3136 non

439 3174 548 3256 eredo,
572 3173 659 3260 quod
684 3175 760 3260 quia
783 3175 876 3239 vobis
900 3196 964 3240 non
989 3177 1095 3240 scribo
1118 3176 1338 3261 frequentius,
1362 3196 1428 3239 non
1451 3196 1494 3239 ex
1515 3175 1631 3238 minori
1654 3174 1827 3239 devotione
1850 3174 2018 3260 provenit,
2043 3181 2099 3240 set

438 3285 572 3365 propter
602 3278 833 3344 verecundiam
862 3299 958 3364 quam
989 3279 1152 3343 contraxit
1183 3300 1283 3344 sexus
1312 3278 1474 3343 femineus
1503 3299 1523 3341 a
1551 3284 1682 3359 natura,
1719 3285 1753 3342 at
1783 3278 2000 3358 reverentiam
2029 3299 2098 3364 que

437 3382 575 3448 debetur
602 3383 723 3447 vicario
753 3383 832 3448 Iesu
854 3382 975 3447 Christi
983 3406 991 3458 ;
1019 3384 1110 3448 novit
1138 3384 1224 3449 enim
1247 3382 1425 3464 Dominus,
1461 3380 1548 3468 quod
1577 3382 1655 3446 dum
1685 3383 1805 3448 mentis
1834 3382 1937 3447 oculis
1963 3382 2096 3468 papalis

436 3485 620 3552 claritatem
642 3488 771 3552 intueor
792 3488 952 3574 puritatis,
976 3487 1096 3552 mentis
1116 3488 1270 3552 intuitum
1286 3487 1380 3572 quasi
1395 3486 1526 3572 quidam
1542 3486 1650 3571 fulgor
1665 3487 1855 3552 reverberat
1870 3484 1912 3549 ad
1928 3485 2096 3552 scribendi

435 3587 637 3656 desiderium
659 3592 906 3673 retardandum,
924 3598 963 3658 'et
986 3599 1120 3677 stupore
1144 3591 1383 3678 comprehensa
1403 3590 1642 3676 quodammodo
1670 3589 1952 3677 presumptionem
1973 3597 2097 3675 reputo

281 3711 425 3764 uacuare.
439 3701 635 3782 attemptare
660 3697 777 3761 saltem
792 3697 895 3762 rastri
917 3702 1053 3782 tangere
1077 3697 1238 3761 fimbriam
1253 3696 1452 3762 vestimenti.
1489 3695 1727 3761 Verumtamen
1743 3701 1865 3781 quanto
1889 3694 2097 3780 frequentius
2124 3729 2127 3735 ·

436 3806 563 3865 vestras
586 3800 714 3866 litteras
736 3801 919 3886 reciperem
948 3806 1005 3865 aut
1032 3801 1237 3883 mandatum,
1270 3807 1362 3866 tanto
1398 3800 1522 3885 gratius
1554 3799 1639 3864 foret
1670 3798 1749 3864 mihi
1777 3806 1812 3864 et
1841 3804 1933 3862 tanto
1962 3799 2098 3884 plenius

436 3925 509 3970 mee
543 3905 718 3970 satisfieret
749 3905 919 3970 voluntati.
977 3904 1072 3968 Nune
1102 3910 1212 3970 autem
1241 3910 1352 3990 gratm
1380 3903 1521 3968 Domino
1551 3901 1676 3984 refero,
1707 3903 1784 3987 quia
1816 3903 2097 3988 opportunitatem

436 4007 544 4073 habeo
566 4030 627 4095 per
648 4008 872 4074 venerabilem
899 4028 939 4072 ae
968 4007 1123 4073 dilectum
1146 4008 1202 4074 W.
1226 4009 1380 4073 abbatem
1405 4006 1516 4071 Sancti
1540 4003 1704 4087 Facundi,
1735 4006 1840 4069 virum
1862 4004 2034 4092 providum
2060 4012 2097 4072 et
2150 4017 2179 4056 ³⁰

436 4112 624 4193 discretum,
648 4113 702 4198 qui
725 4112 805 4177 alias
829 4117 900 4176 arat
921 4110 964 4176 ad
986 4118 1131 4177 vestram
1154 4114 1356 4200 presentium
1372 4131 1576 4190 accessurus,
1601 4109 1751 4194 quedam,
1775 4130 1838 4193 que
1860 4109 1977 4174 litteris
2003 4130 2097 4174 cam-

436 4215 591 4280 mendare
615 4215 718 4296 nolui,
754 4236 870 4280 secure
900 4237 938 4280 ac
966 4216 1160 4281 fiducialiter
1188 4215 1392 4299 declarandi,
1425 4215 1479 4301 qui
1499 4235 1550 4278 ea
1578 4215 1728 4280 licentius
1752 4215 1845 4278 vobis
1869 4235 2036 4300 exponere
2062 4222 2099 4280 et

436 4319 637 4383 voluntatem
660 4325 806 4383 nostram
829 4320 927 4384 latius
950 4320 1072 4406 poterit
1094 4322 1235 4406 aperire.
1310 4341 1312 4346 ’

544 4438 667 4503 Datum
689 4439 821 4525 Burgis,
844 4440 876 4505 V
898 4439 952 4506 die
976 4439 1136 4506 Decemb.

1058 4685 1470 4694 ——-———-—.—

1223 4946 1310 5022 763.

530 5059 720 5174 Graecus
748 5088 804 5155 rx
822 5111 915 5174 papa
943 5087 1151 5176 [Herculeo]
1174 5089 1379 5172 panarium
1405 5087 1624 5171 accerume
1654 5088 1763 5154 senui
1797 5105 1829 5155 se
1857 5089 1887 5155 e
1913 5089 1958 5157 aa
1986 5113 2098 5174 prees
2152 5117 2179 5159 a

434 5194 569 5282 B[etae]
606 5197 765 5279 Unpariae
795 5201 826 5260 et
856 5193 1054 5280 cutonem]
1080 5192 1296 5260 Rutbenerum
1324 5213 1430 5277 repam
1456 5193 1633 5276 indulgere,
1663 5197 1700 5257 nt
1723 5197 1889 5275 postquam
1924 5195 1968 5260 ad
1992 5197 2097 5262 sedem

435 5302 636 5382 apostoticam
656 5303 717 5365 iter
739 5300 927 5381 arripuerit,
955 5299 995 5364 ab
1016 5299 1345 5365 excommunicationis
1371 5298 1509 5377 vincula,
1539 5317 1600 5379 quo
1621 5297 1787 5362 Fridetico
1808 5299 1888 5362 dieta
1910 5299 2097 5380 imperatori

538 5561 561 5629 ·)
579 5565 621 5615 a.

469 5755 476 5764 ,
541 5703 565 5769 l)
585 5702 678 5754 Mater
698 5700 870 5756 Fmdinandi
887 5703 963 5772 repis
982 5704 1049 5756 emt.
1117 5773 1120 5779 Ι
