4604 6420
786 393 986 460 misnense
1004 405 1193 460 suaseras.
1227 407 1302 460 1232.
1511 377 1516 382 ‘'
1811 413 1870 475 401

220 576 306 663 quod
322 577 407 641 viam
433 576 636 641 rectitudinis
652 576 867 644 abhorrentes
883 576 925 642 ad
945 579 1083 663 gratiam
1101 579 1324 645 conversionis
1345 582 1530 646 accelerent
1546 583 1598 645 rel
1622 581 1655 647 in
1676 582 1874 648 contusionis

219 681 348 745 foveam
372 679 588 760 deducantur,
621 679 707 765 quod
729 683 885 747 universa
913 681 1037 747 familia
1061 680 1291 768 Redemptoris
1314 683 1541 769 prosperitatis
1565 684 1768 751 incrementa
1798 708 1874 771 por-

222 783 338 868 cipiat,
376 789 410 848 ct
440 790 508 848 tam
539 785 765 850 ecclesiastica
799 807 895 871 quam
930 785 1141 872 imperatoria
1173 785 1316 871 dignitas
1353 784 1476 852 honore
1513 787 1623 853 votivo
1660 789 1808 874 proficiat
1842 795 1875 854 st

221 886 393 972 fulgescat.
439 885 593 951 (letarum
615 887 681 952 alia
703 909 763 974 per
786 909 849 973 que
872 888 1057 975 predictum
1080 889 1248 974 negotium
1275 910 1432 976 prospere
1455 898 1662 976 procuretur,
1686 892 1874 958 memoratis

156 1016 168 1052 s
223 989 472 1076 archiepiscopo
495 995 529 1054 et
551 990 706 1076 episcopo
737 992 935 1056 excellentie
965 997 1020 1055 tue
1050 991 1270 1056 commisimus
1302 990 1492 1072 reseranda,
1523 993 1641 1077 quibus
1670 993 1769 1061 fidem
1798 1016 1873 1080 pro·

220 1093 335 1180 pitiam
357 1091 497 1173 tribuas,
529 1099 563 1158 et
587 1099 719 1160 auctore
743 1093 816 1159 Deo
845 1095 903 1158 illa
933 1093 1111 1158 efficaciter
1134 1094 1254 1179 exequi
1281 1115 1346 1159 non
1377 1100 1573 1181 postponas,
1604 1097 1778 1183 presertim
1802 1117 1874 1161 cum

221 1195 281 1260 tibi
304 1215 402 1280 super
424 1195 594 1282 premissis
618 1196 797 1282 principio,
827 1195 936 1286 medic
959 1203 992 1261 ct
1021 1197 1085 1261 fine
1115 1193 1295 1260 secundum
1319 1197 1461 1262 ecclesie
1485 1197 1659 1262 consilium
1682 1196 1875 1285 procedenti

221 1297 488 1386 proposuerimus
513 1298 555 1363 de
578 1298 714 1362 fratrum
737 1305 923 1364 nostrorum
946 1299 1084 1364 consilio
1107 1299 1248 1385 prebere
1272 1299 1454 1380 consilium,
1478 1300 1638 1366 auxilium
1661 1309 1695 1367 et
1718 1301 1873 1367 favorem.

329 1417 405 1484 Dat.
427 1418 590 1504 Anagnis,
612 1419 680 1483 VII
703 1418 781 1485 Idus
804 1419 963 1486 Decemb.
986 1440 1070 1484 anuo
1097 1425 1203 1485 sexto.

843 1665 1254 1674 W

1004 1891 1091 1963 498.

146 2053 171 2091 n
329 2000 519 2113 Gregorius
542 2031 598 2096 IX
613 2051 702 2112 papa
726 2031 865 2117 I[nttac]
887 2029 1130 2096 accretionissac
1152 2029 1315 2095 Misncnsi
1336 2030 1490 2114 indulget,
1520 2035 1556 2094 ut
1581 2031 1612 2116 st
1633 2034 1719 2094 tarra
1740 2031 1805 2094 viri
1825 2030 1877 2094 sni

220 2133 419 2219 B[cpponis]
440 2135 559 2199 canitis
580 2135 617 2198 dc
639 2133 825 2218 Henncbcrg
847 2139 876 2199 ct
907 2134 1086 2217 burcgravii
1113 2131 1379 2216 Wircrlrnrgcnsis
1411 2133 1575 2198 interdicto
1605 2137 1815 2214 supponatur,
1847 2135 1877 2196 ci

220 2238 311 2302 ticeut
333 2239 499 2304 summissa
520 2259 588 2303 accc
609 2239 720 2303 diviua
741 2239 867 2305 audire.
1543 2238 1636 2314 1232,
1658 2233 1733 2302 Dec.
1757 2239 1789 2300 8.

326 2358 408 2429 Grrg.
426 2359 476 2413 IX
492 2359 557 2429 Rag.
580 2357 638 2414 Vol.
656 2359 718 2424 111,
739 2364 791 2428 58,·
809 2359 872 2414 nto.
897 2358 945 2426 VI,
964 2361 1022 2412 194.

563 2553 708 2628 Nobili
734 2555 915 2628 mulieri
942 2553 969 2625 l.
998 2551 1322 2626 marchionissa
1349 2551 1591 2627 Misnensi¹.

147 2751 170 2788 1,
330 2705 524 2772 Deuotionis
548 2710 603 2769 tue
627 2702 778 2790 precibus
807 2703 969 2783 inclinati,
1000 2707 1036 2765 ut
1064 2701 1092 2764 si
1123 2707 1243 2766 terram
1267 2699 1387 2766 nobilis
1414 2700 1476 2765 viri
1498 2700 1536 2764 Β.
1559 2700 1722 2765 burcravii
1743 2699 1806 2764 riri
1829 2698 1877 2764 tui

221 2811 263 2877 ob
288 2811 417 2897 culpam
443 2809 549 2895 ipsius
580 2807 721 2894 supponi
748 2807 924 2892 contigerit
954 2804 1178 2871 ecclesiastico
1210 2802 1401 2884 interdicto,
1434 2804 1532 2868 liceat
1559 2804 1621 2869 tibi
1649 2827 1710 2892 per
1739 2802 1876 2868 clericos

220 2917 366 2980 locorum
395 2912 437 2978 ad
467 2918 499 2977 te
529 2911 615 2976 dotis
647 2911 774 2976 ratione
804 2911 1022 2996 spectantium
1052 2907 1226 2973 interdicto
1251 2907 1388 2974 durante
1412 2908 1587 2974 summissa
1609 2929 1709 2985 voce,
1742 2928 1875 2974 excom-

221 3017 395 3083 municatis
427 3022 462 3082 et
492 3014 674 3081 interdictis
698 3014 858 3094 exclusis,
889 3012 1001 3078 audire
1032 3011 1158 3090 divina,
1187 3011 1264 3104 dum
1295 3017 1406 3086 tamen
1436 3033 1569 3077 oausam
1605 3010 1777 3077 interdicto
1809 3030 1875 3074 non

221 3120 367 3200 dederis,
396 3119 591 3185 auctoritate
622 3117 682 3182 tibi
710 3118 914 3203 presentium
943 3115 1160 3200 indulgemus.
1206 3113 1297 3179 Nulli
1320 3119 1398 3199 crgo
1428 3119 1540 3180 nostre
1564 3113 1788 3180 concessionis
1812 3117 1876 3178 etc.

145 3265 174 3305 ,ο
226 3225 262 3291 Si
285 3225 357 3311 quis
380 3229 490 3290 autem
514 3229 576 3288 etc.

331 3343 406 3410 Dat.
429 3343 592 3428 Anagnie,
615 3341 665 3408 VI
686 3340 766 3406 Idus
788 3340 947 3408 Decemb.
971 3361 1056 3406 anno
1080 3345 1186 3405 sexto.

845 3585 1256 3594 --—---——-——---—---—-—--·--

1009 3810 1097 3884 499.

331 3921 522 4034 Gregorius
543 3951 599 4016 lX
620 3971 710 4032 gupa
730 3949 917 4035 [Gnidotto]
942 3951 1080 4030 episcopo
1101 3947 1284 4011 Mantuano
1304 3946 1334 4007 ct
1354 3942 1462 4023 priori
1489 3941 1527 4006 dc
1548 3942 1715 4008 Mercurio
1738 3941 1878 4018 inundat,

224 4059 260 4119 nt
280 4054 610 4120 cammmunicationr's
630 4054 816 4120 scatentium
837 4073 858 4115 u
881 4052 1085 4137 S[inibatda]
1110 4049 1291 4130 presbytero
1318 4046 1479 4111 cardinali
1505 4045 1542 4109 in
1563 4045 1702 4109 homines
1723 4044 1820 4108 castrt
1840 4043 1878 4107 dc

226 4157 312 4222 Lava
344 4179 404 4239 pro
437 4179 471 4222 co
497 4158 746 4240 prmrutgatanr,
777 4155 861 4238 guod
893 4155 1117 4220 mmastarium
1149 4152 1187 4216 de
1216 4149 1303 4215 Lara
1334 4147 1552 4232 gravaverint,
1582 4149 1641 4228 por
1674 4146 1877 4212 Briaicnscm

149 4293 175 4333 n
226 4261 370 4326 diocesim
389 4261 549 4343 prrblicuri
565 4261 703 4347 famant.
1522 4253 1617 4330 1232,
1639 4249 1714 4319 Deo.
1739 4255 1789 4318 16.

330 4381 411 4448 Grvg.
429 4381 478 4435 IX
494 4381 562 4452 Reg.
585 4382 642 4436 Vol.
660 4381 723 4450 111,
743 4384 794 4448 65,·
812 4379 875 4434 In'b.
899 4379 947 4442 VI,
964 4381 1026 4433 224.

434 4633 444 4651 .
474 4631 483 4650 .
511 4577 724 4670 episcopo
750 4576 996 4649 Mantuano
1025 4578 1067 4648 et
1093 4629 1103 4647 .
1133 4629 1143 4647 .
1170 4567 1312 4664 priori
1339 4569 1391 4644 de
1417 4565 1672 4642 Mercaria⁵²

812 4694 1054 4770 Mantuane
1086 4691 1294 4767 diocesis.

336 4847 566 4933 Conqusrente
596 4845 677 4910 olim
709 4844 807 4910 nobis
838 4842 958 4910 dilecto
994 4843 1062 4908 lilio
1095 4841 1280 4906 ..abbate
1310 4837 1501 4903 monasterii
1532 4835 1573 4902 de
1604 4835 1718 4902 Leno³
1748 4835 1790 4900 ad
1819 4857 1880 4900 nos

150 4989 177 5027 ³0
228 4952 317 5015 nullo
341 4950 448 5016 medio
470 4949 665 5036 pertinentis
686 4948 782 5014 nobis
802 4949 953 5029 innotuit,
976 4944 1062 5034 quod
1081 4945 1231 5010 homines
1248 4942 1347 5009 castri
1370 4939 1411 5007 de
1427 4939 1519 5005 Leno
1533 4938 1720 5004 Brixiensis
1738 4937 1880 5004 diocesis

228 5053 261 5118 in
283 5053 403 5140 profati
426 5051 614 5118 monasterii
637 5052 854 5139 preiudicium
878 5057 912 5118 et
939 5070 1117 5136 gravamen
1140 5052 1335 5134 presumunt
1357 5046 1391 5110 in
1415 5040 1531 5110 eodem
1555 5049 1662 5108 castro
1685 5042 1879 5108 auctoritate

227 5157 360 5243 pro'pria
382 5156 550 5238 consules,
582 5155 755 5223 consilium
786 5164 821 5224 et
850 5156 1010 5222 officiales
1040 5153 1122 5218 alios
1152 5151 1294 5236 eligere,
1327 5146 1426 5215 edere
1450 5149 1572 5212 statuta
1594 5167 1668 5226 sua,
1699 5165 1880 5210 convocare

331 5449 354 5516 ι)
373 5449 520 5503 nmis.
561 5429 564 5438 “

331 5585 357 5652 1)
375 5584 463 5652 Iutta,
481 5583 568 5640 vidua
584 5583 743 5640 invadata
758 5585 927 5640 marchionis
939 5581 1100 5645 amaon,
1117 5597 1143 5636 a.
1161 5581 1231 5634 1224
1249 5576 1383 5649 Bapponr'
1400 5576 1493 5631 condi
1509 5575 1542 5631 dc
1560 5573 1724 5644 Hmnetcrg
1740 5575 1884 5644 mutant.

153 5686 178 5728 ss
230 5671 258 5739 2)
277 5671 326 5726 Ec
343 5670 480 5725 occidente
497 5671 547 5726 civ.
566 5671 708 5727 Mantuae.
779 5671 807 5739 3)
825 5671 855 5726 Ε
872 5669 984 5726 meridie
1001 5671 1051 5723 cic.
1069 5667 1198 5722 Briniae.

331 5770 394 5822 Rue.
412 5770 492 5822 Poxr.
511 5771 530 5822 1.
1644 5755 1677 5810 51

539 5855 542 5882 Ι
