4576 6390
762 393 961 452 EPISTOLAE
979 397 1168 454 subactas.
1204 398 1280 453 1234.
1791 408 1853 470 495

196 559 255 624 lilii
285 560 471 648 adoptionis
502 563 610 631 divine
639 568 680 632 ad
710 568 902 654 obsequium
931 570 1009 635 Iesu
1033 571 1171 648 Christi,
1203 570 1426 639 dissensiones
1452 581 1509 637 ct⁸
1532 575 1608 640 lites
1638 575 1671 640 in
1699 577 1790 662 pacis
1821 583 1855 640 et

197 663 383 729 dilectionis
412 666 526 731 federa
552 678 806 754 commutantes,
842 673 1006 738 credendo
1037 674 1173 738 firmiter
1201 674 1286 758 quod
1320 677 1348 739 si
1377 698 1455 740 vcro
1494 677 1636 742 confessi
1668 679 1788 743 fuerint
1821 686 1854 743 et

198 771 402 854 compuncti,
426 771 515 836 felici
539 775 732 839 commercio
755 775 922 841 laboribus
945 777 1029 857 suis,
1052 777 1107 863 qui
1131 777 1194 840 cito
1218 785 1403 860 transeunt,
1427 787 1574 846 eternam
1597 783 1743 868 requiem
1766 805 1852 847 mer·

198 871 366 937 cabuntur.

305 994 381 1059 Dat.
403 995 542 1076 Perusii,
566 998 630 1062 XV
653 998 727 1063 Kal.
751 999 911 1066 Deccmb.
933 1001 1142 1086 pontificatus
1165 1003 1268 1066 nostri
1291 1024 1377 1068 anno
1400 1010 1527 1069 octavo.

305 1114 344 1179 In
368 1116 511 1181 eundem
534 1118 664 1182 modum
687 1141 748 1206 per
770 1119 916 1184 diversas
940 1121 1134 1208 provincias.

306 1216 345 1281 In
369 1219 510 1284 eundem
532 1222 601 1286 fere
632 1221 763 1286 modum
786 1223 1043 1310 archiepiscopis
1067 1231 1236 1290 eteorum
1261 1227 1478 1311 suffraganeis
1503 1251 1563 1314 per
1585 1229 1755 1295 universas
1777 1251 1853 1315 pro-

199 1323 332 1402 vincias,
356 1330 391 1388 ut
415 1324 569 1391 inducant
592 1326 740 1392 subditos
764 1349 850 1410 suos,
874 1328 960 1414 quod
983 1329 1147 1415 accipiant
1170 1331 1298 1416 signum
1323 1332 1439 1395 erucis.

820 1591 1231 1600 m*

976 1836 1063 1910 606.

309 1941 499 2053 Greporius
516 1972 571 2037 IX
586 1994 676 2053 porro
697 1973 813 2038 decurro
834 1978 863 2038 et
883 1974 1063 2040 scholastico
1082 1976 1264 2040 Trcucreusi
1287 1977 1426 2054 allambit,
1449 1982 1484 2041 ut
1505 1999 1585 2059 quac
1606 1979 1641 2041 c'u
1655 1981 1853 2060 penerel-ibus

201 2074 314 2140 litteris
336 2076 569 2154 conticeantur,
603 2075 723 2141 Christi
747 2077 893 2158 fidelibus
916 2082 1075 2158 asportant
1104 2097 1212 2160 cosque
1233 2079 1277 2146 ud
1304 2099 1483 2144 succursum
1508 2081 1623 2146 Terrae
1646 2083 1781 2148 Snuclac
1803 2085 1853 2146 in-

197 2177 329 2258 ducout;
347 2199 443 2260 porro
465 2181 507 2244 iis
526 2180 690 2259 praecepit,
712 2199 751 2244 uc
773 2180 851 2262 quid
864 2184 994 2261 practer
1014 2183 1129 2245 ciclum
1150 2187 1179 2246 et
1201 2183 1269 2246 aliu
1291 2185 1469 2247 neccssaria
1490 2185 1652 2265 rccipiunt.

1494 2290 1587 2367 1234,
1609 2288 1689 2353 Nou.
1711 2292 1765 2355 22.

303 2368 383 2434 Grep.
403 2368 452 2422 IX
468 2367 535 2437 Ray.
560 2368 616 2421 Vol.
634 2368 654 2421 1
660 2368 688 2434 V,
705 2372 867 2437 aso-asu
884 2369 948 2424 Lib.
972 2369 1057 2436 VIII,
1077 2374 1138 2426 316.

302 2453 437 2523 Potthost,
455 2454 522 2523 Rep.
541 2459 621 2509 9769.

543 2706 551 2722 .
581 2651 782 2724 ‚decano
813 2657 854 2724 ct
882 2706 891 2724 .
921 2708 929 2726 .
958 2650 1197 2725 scolastico
1229 2651 1506 2726 Treverensi.

305 2799 401 2863 Pium
426 2805 459 2864 et
482 2806 631 2863 sanctum
653 2801 872 2886 propositum,
903 2800 988 2885 quod
1016 2800 1057 2866 de
1081 2802 1296 2867 subventione
1321 2802 1423 2868 Terre
1448 2800 1567 2867 Sancte
1598 2824 1657 2889 pro
1688 2805 1851 2868 communi

200 2905 305 2968 salute
328 2903 401 2967 Deo
424 2904 604 2990 inspirante
629 2905 839 2990 concepimus
862 2911 896 2970 et
918 2904 1097 2991 producere
1122 2907 1299 2990 satagimus
1323 2904 1364 2970 ad
1388 2906 1551 2986 effectum,
1575 2928 1618 2971 ex
1640 2907 1850 2993 generalibus

198 3006 338 3070 litteris²
361 3007 513 3093 poteritis
528 3004 700 3072 advertere
724 3008 908 3074 manifeste.
954 3008 1037 3073 Cum
1060 3030 1139 3093 ergo
1163 3008 1203 3073 de
1228 3010 1417 3074 sinceritate
1442 3030 1480 3073 ac
1496 3010 1716 3076 sollicitudine
1739 3018 1850 3075 vestra

200 3132 354 3196 geramus
384 3111 538 3176 fiduciam
574 3114 755 3198 pleniorem
782 3135 906 3199 vosque
936 3120 1125 3200 reputemus
1157 3112 1292 3178 idoneos
1326 3113 1367 3177 ad
1397 3112 1598 3198 fungendum
1626 3137 1685 3201 pro
1719 3113 1850 3178 Christo

121 3228 133 3267 ε’
200 3215 374 3299 legationis
398 3216 505 3280 officio
529 3218 560 3280 in
586 3217 646 3282 hac
671 3239 779 3296 causa,
803 3216 1012 3282 devotionem
1035 3225 1178 3282 vestram
1202 3239 1364 3302 rogamus,
1388 3239 1558 3282 monemus
1583 3227 1616 3283 et
1639 3219 1849 3284 obsecramus

197 3318 231 3381 in
247 3317 399 3399 Domino,
422 3341 483 3406 per
505 3321 685 3407 apostolica
707 3321 800 3386 vobis
825 3321 947 3407 scripta
969 3320 1116 3384 districte
1139 3319 1352 3407 precipiendo
1375 3320 1568 3385 mandantes
1592 3323 1680 3386 etin
1703 3323 1848 3386 remissi-

200 3441 295 3485 onem
331 3423 556 3507 peccaminum
588 3425 812 3508 iniungentes,
846 3426 999 3510 quatinus
1034 3424 1165 3488 accensi
1200 3425 1271 3488 zelo
1306 3423 1383 3487 fidei
1414 3422 1600 3488 Christiane
1636 3425 1793 3510 portetisb
1816 3425 1850 3489 in

198 3522 382 3589 humilitate
419 3525 525 3591 cordis
559 3533 591 3591 et
624 3528 770 3612 corporis
802 3529 937 3592 verbum
973 3528 1079 3591 crucis
1116 3535 1149 3590 et
1183 3526 1225 3590 ad
1260 3525 1485 3590 vindicandam
1515 3527 1666 3590 iniuriam
1694 3526 1849 3591 crucifixi

200 3626 314 3692 fideles
339 3627 453 3714 ipsius,
476 3636 574 3715 prout
595 3630 628 3693 in
651 3631 862 3715 generalibus
884 3631 1003 3695 litteris
1020 3631 1215 3709 continetur,
1240 3650 1317 3694 cura
1333 3629 1475 3694 sollicita
1498 3634 1531 3692 et
1553 3635 1705 3693 accurata
1727 3629 1849 3692 solliei-

122 3751 141 3790 ιν.
200 3732 312 3796 tudine
335 3730 513 3814 inducatis,
544 3740 749 3819 exponentes
772 3731 949 3818 diligenter
978 3740 1012 3798 et
1039 3734 1217 3798 efficaciter
1238 3732 1408 3814 universa,
1441 3754 1503 3818 que
1526 3732 1567 3796 ad
1600 3732 1849 3797 subventionem

123 5321 150 5360 ⁴0

199 3834 301 3899 Terre
327 3834 446 3900 Sancte
476 3837 509 3900 in
533 3837 658 3902 eisdem
682 3838 801 3902 litteris
824 3837 977 3903 videbitis
1001 3835 1254 3923 comprehensa,
1285 3858 1347 3921 que
1371 3857 1390 3900 a
1415 3836 1508 3900 vobis
1531 3836 1680 3906 volumus
1703 3835 1849 3901 studiose

199 3938 314 4001 notari.
357 3937 403 4002 Ut
425 3946 535 4003 autern
559 3962 695 4026 operum
718 3940 922 4005 exhibitione
947 3940 1135 4004 monstretis
1158 3960 1216 4002 vos
1241 3945 1371 4024 portare
1396 3939 1428 4001 in
1451 3937 1603 4002 cordibus
1626 3938 1744 4002 vestris
1768 3939 1849 4023 stig-

199 4047 287 4106 mata
308 4041 387 4107 Iesu
411 4041 547 4123 Christi,
578 4043 725 4107 districtc
748 4044 964 4130 precipimus,
988 4044 1140 4127 quatinus
1164 4042 1377 4106 excuciantes
1401 4041 1442 4106 ab
1466 4042 1553 4105 omni
1576 4062 1710 4106 munere
1733 4062 1849 4106 manus

199 4151 325 4209 vestras
348 4167 409 4210 nec
433 4146 556 4231 aliquid
571 4153 682 4232 preter
696 4146 818 4211 victum
841 4152 874 4210 et
896 4146 961 4210 alia
982 4146 1172 4210 necessaria
1188 4146 1386 4231 recipientes
1409 4166 1430 4210 a
1452 4165 1625 4229 quoquam,
1648 4145 1726 4229 quin
1750 4145 1849 4209 etiam

201 4248 369 4314 moderate
394 4257 560 4314 sumentes
584 4250 645 4314 hec
669 4250 784 4314 eadem
807 4256 841 4315 et
863 4249 1026 4330 modeste,
1055 4250 1088 4314 in
1111 4249 1335 4314 evectionibus
1359 4248 1618 4334 quaternarium,
1642 4247 1674 4312 in
1698 4249 1849 4334 personis

200 4354 363 4416 senarium
388 4374 559 4417 numerum
582 4353 702 4437 singuli
726 4359 870 4418 vestrum
894 4353 1081 4416 nullatenus
1105 4351 1285 4430 excedatis,
1308 4353 1355 4415 ita
1378 4351 1510 4416 modum
1533 4357 1631 4436 atque
1655 4351 1849 4416 modestiam

200 4456 233 4519 in
256 4456 320 4520 hiis
343 4457 483 4542 aliisque
507 4462 694 4536 servantes,
724 4465 760 4521 ut
783 4457 816 4520 in
838 4457 931 4520 vobis
955 4455 1056 4521 nichil
1079 4456 1339 4542 reprehensibile
1363 4457 1472 4520 valeat
1494 4455 1651 4536 inveniri,
1682 4476 1742 4541 per
1764 4455 1850 4540 qnod

200 4558 432 4624 offendiculum
461 4560 585 4624 credito
608 4559 702 4624 vobis
726 4560 899 4644 evangelio
922 4560 1117 4646 prebeatur;
1143 4567 1373 4646 promoventes
1399 4581 1438 4623 eo
1463 4557 1571 4622 studio
1594 4579 1632 4622 ac
1661 4558 1851 4642 evigilantis

200 4684 332 4726 causam
356 4663 494 4744 Christi,
522 4671 558 4726 ut
579 4664 756 4727 multorum
780 4668 814 4727 et
838 4683 1028 4747 magnorum
1052 4661 1249 4743 bonorum0,
1277 4683 1339 4747 que
1363 4660 1403 4726 de
1427 4663 1501 4747 ipsa
1523 4660 1686 4726 credimus
1708 4682 1848 4749 proven-

200 4773 284 4847 tura,
300 4766 477 4852 participes
493 4766 655 4830 existatis.
694 4765 729 4829 Si
746 4764 822 4850 quid
838 4772 948 4830 autom
965 4786 1025 4851 pro
1041 4764 1142 4829 Terre
1160 4765 1280 4829 Sancte
1297 4785 1453 4828 succursu
1468 4766 1568 4830 luerit
1583 4765 1677 4830 vobis
1694 4765 1850 4843 oblatum,

199 4869 326 4933 faciatis
349 4869 430 4933 illud
451 4868 538 4956 apud
560 4870 701 4954 aliquem
717 4869 906 4953 religiosum
928 4869 1036 4932 locum
1053 4868 1199 4934 studiose
1224 4869 1349 4955 reponi,
1373 4869 1587 4952 significaturi
1609 4870 1705 4932 nobis
1729 4869 1762 4932 in
1785 4869 1850 4932 fine

200 4974 277 5038 anni
299 4995 489 5061 processum
513 4981 547 5038 et
569 4973 752 5059 profectum
776 4972 1005 5038 sollicitudinis
1029 4980 1154 5052 vestre,
1184 4980 1220 5038 ut
1243 4994 1442 5059 cognoscere
1465 4973 1632 5035 valeamus
1655 4969 1742 5056 apud
1769 4993 1850 5055 quos

200 5077 407 5164 profeceritis
439 5077 473 5140 in
499 5077 650 5164 personis
680 5081 735 5140 aut
766 5077 865 5142 rebus
897 5073 938 5140 ad
966 5075 1030 5140 hoc
1060 5078 1202 5142 salutare
1233 5077 1401 5162 negotium
1424 5074 1608 5160 deputatis,
1638 5080 1850 5159 nostrumque

200 5181 295 5246 vobis
317 5180 561 5266 beneplacitum
585 5178 814 5261 rescribamus,
838 5179 994 5244 docentes
1018 5180 1157 5262 qualiter
1179 5180 1214 5243 in
1237 5187 1336 5244 antea
1356 5177 1534 5266 procedere
1556 5176 1717 5240 debeatis.

309 5300 385 5365 Dat.
409 5301 548 5380 Perusii,
571 5299 603 5364 X
625 5299 700 5364 Kal.
723 5299 859 5364 Decem.
883 5299 1091 5385 pontificatus
1115 5300 1220 5364 nostri
1242 5321 1327 5363 anno
1351 5305 1476 5362 octavo.

307 5561 329 5626 ⁸)
347 5569 373 5614 et
391 5561 458 5612 deest
475 5579 518 5627 ap.
537 5561 574 5611 nl.
656 5561 680 5626 b)
696 5561 735 5611 itu
751 5562 862 5613 corruit
879 5559 1009 5622 Peruiw
1026 5559 1149 5628 porrectis
1166 5558 1198 5609 R.
1278 5559 1299 5624 e)
1317 5558 1434 5609 laborum
1452 5557 1484 5608 a.

304 5680 330 5748 1)
347 5694 374 5733 u.
393 5679 458 5736 ⁶05.
