4596 6406
445 387 508 454 606
1017 387 1064 444 ΕΧ
1083 385 1313 444 cannosum
1332 385 1511 443 REGIS'I'RO

445 561 589 627 tudinem
613 563 852 628 multiformiter
881 565 1057 646 recreavit,
1084 564 1125 629 de
1160 563 1306 628 inefabili
1331 563 1453 648 pietate
1481 564 1636 649 providit,
1663 567 1699 626 ut
1722 561 1796 648 quia
1825 561 1896 647 ipso
1920 561 1963 625 ad
1987 560 2092 626 Patris

445 667 582 752 gloriam
604 668 761 734 redeunte
783 668 992 734 tenebrarum
1016 670 1167 754 princeps
1190 668 1300 732 multis
1329 676 1399 732 erat
1421 667 1669 752 temptationum
1702 667 1823 731 aculeis
1845 673 1980 730 renatos
2003 666 2092 730 fonte

446 770 650 856 baptismatis
681 772 887 854 turbaturus,
920 773 1075 836 vicarium
1107 773 1141 836 in
1175 779 1262 837 terra
1285 772 1483 856 relinqueret
1506 779 1540 836 et
1565 771 1720 857 singulari
1743 777 1906 856 potestate
1929 769 2093 856 preditum

447 881 481 940 et
506 875 724 940 remediorum
751 877 955 942 multitudine
983 876 1180 961 preminenti
1209 875 1374 955 dotatum,
1408 875 1497 938 ouius
1528 883 1560 939 et
1589 881 1780 954 ceterorum,
1804 895 1886 960 quos
1910 874 2093 959 apostolice

447 963 579 1064 pretulit
612 980 808 1045 excellentia
845 980 1027 1064 dignitatis,
1067 977 1283 1043 sollicitudine
1323 978 1469 1063 vigilanti
1509 998 1576 1063 pax
1615 977 1685 1042 orbi
1725 983 1809 1042 terre
1849 977 1944 1042 tieret
1985 985 2018 1042 et
2051 976 2093 1041 ad

313 1083 511 1147 Het›r·1‚³·celi
544 1083 755 1169 perveniendi
788 1083 926 1168 patriam
961 1083 1059 1168 plena
1088 1083 1289 1168 possibilitas
1321 1083 1519 1167 proveniret.
1571 1081 1666 1145 Nunc
1688 1101 1764 1146 vero
1792 1080 1878 1146 idem
1909 1081 2029 1146 sedens
2052 1081 2095 1145 ad

449 1186 618 1252 dexteram
645 1188 826 1252 maiestatis
848 1187 904 1250 dat
926 1209 985 1273 per
1009 1209 1081 1270 eos,
1109 1188 1163 1273 qui
1186 1187 1397 1272 dispositione
1428 1186 1536 1249 divina
1567 1192 1641 1249 sunt
1669 1185 1710 1248 ad
1742 1206 1860 1270 sponse
1883 1186 2095 1271 precellentis

451 1290 659 1375 obsequium,
683 1291 834 1357 videlicet
868 1298 979 1357 sancte
1013 1293 1125 1356 matris
1161 1290 1317 1370 ecclesie,
1352 1289 1515 1375 deputati,
1544 1295 1580 1352 nt
1601 1289 1747 1352 doctrina
1779 1289 1933 1352 virtutum
1968 1292 2096 1354 cunctis

450 1393 603 1458 reddatur
637 1395 741 1458 amica
773 1394 940 1476 fidelibus,
972 1416 1038 1481 pax
1068 1395 1191 1460 eisdem
1220 1393 1372 1458 adveniat
1403 1399 1437 1458 et
1466 1392 1633 1455 incumbat
1654 1391 1847 1456 desiderium
1871 1397 2097 1480 consequendi

450 1498 575 1582 premia
597 1519 821 1584 supernorum.
865 1498 952 1563 Hinc
976 1506 1036 1581 est,
1060 1498 1146 1584 quod
1169 1519 1242 1562 cum
1265 1496 1459 1560 Lombardie
1482 1497 1647 1581 provincia
1669 1495 1765 1560 fuerit
1788 1497 1881 1560 nobis
1905 1497 2096 1563 dolentibus

451 1600 572 1664 dudum
601 1602 633 1666 in
661 1602 784 1667 dissidii
812 1604 987 1667 constituta
1009 1602 1209 1682 discrimine,
1243 1622 1342 1686 quare
1379 1601 1473 1686 plura
1507 1620 1602 1685 quam
1637 1598 1752 1664 deceat
1786 1601 1950 1685 explicare
1978 1603 2097 1668 litteris

452 1704 609 1770 accidisse
631 1707 778 1791 pericula
793 1706 1014 1792 dinoscuntur,
1037 1727 1108 1788 nos,
1133 1708 1215 1771 sicut
1239 1706 1429 1771 confidimus
1452 1705 1537 1768 illius
1560 1704 1771 1790 inspiratione
1788 1705 1919 1789 spiritns
1939 1707 2098 1788 faciente,

452 1809 507 1894 qui
530 1811 651 1874 sanctis
674 1810 763 1875 dedit
785 1811 943 1896 apostulis
970 1811 1125 1874 mundum
1151 1832 1250 1896 posse
1279 1810 1418 1894 dirigere
1447 1809 1480 1872 in
1513 1815 1615 1873 status
1645 1809 1781 1894 gloriam
1804 1808 1971 1892 salutaris,
1997 1813 2098 1898 digne

452 1913 664 1999 providimus,
691 1923 727 1979 ιιι
755 1914 796 1978 ad
822 1915 926 2000 ipsam
949 1915 1149 2000 provinciam
1172 1915 1254 1980 duos
1278 1914 1318 1979 de
1341 1913 1540 1998 dignioribus
1569 1913 1722 1977 membris
1753 1914 1911 1994 ecclesie,
1940 1916 2098 1981 videlicet

452 2016 673 2084 venerabilem
688 2018 821 2084 fratrem
836 2019 1062 2104 ..episcopum
1071 2018 1258 2085 Ostiensem
1282 2026 1315 2083 et
1338 2017 1492 2082 dilectum
1515 2017 1616 2081 filium
1632 2023 1777 2081 nostrum
1792 2017 1852 2083 Th.
1869 2019 1955 2082 tituli
1972 2019 2097 2086 Sancte
2163 2048 2174 2084 ι

453 2121 575 2186 Sabine
590 2121 818 2208 presbyterum
835 2123 1043 2204 cardinalem,
1060 2144 1196 2208 quorum
1218 2123 1357 2208 publicis
1373 2142 1490 2186 vacare
1514 2120 1664 2186 laudibus
1681 2121 1877 2206 superfluum
1894 2130 2097 2209 reputamus,

454 2245 610 2290 concesso
634 2226 695 2290 sibi
711 2227 744 2290 in
760 2223 967 2307 Lambardia,
984 2226 1128 2290 marchia
1143 2226 1324 2309 Tarvisina,
1340 2225 1533 2289 Romaniola
1556 2232 1588 2289 et
1611 2225 1982 2310 partibusVenetiarum
1999 2230 2099 2315 plene

453 2329 626 2414 legationis
650 2329 773 2410 officio,
796 2331 1012 2411 mitteremus,
1049 2339 1218 2416 sperantes
1249 2337 1285 2393 nt
1311 2351 1373 2415 quo
1396 2330 1524 2414 plenius
1555 2329 1645 2413 ipsos
1667 2327 1730 2393 Dei
1760 2331 1920 2414 sapientia
1943 2332 2100 2397 virtutum

453 2432 634 2518 insignibus
657 2432 789 2498 dotasse
812 2433 999 2514 dinoscitur,
1023 2455 1061 2498 eo
1085 2455 1147 2520 que
1172 2442 1246 2499 sunt
1269 2435 1381 2498 salutis
1399 2441 1431 2498 et
1454 2434 1555 2518 gratie
1575 2432 1701 2496 facilius
1718 2439 1751 2497 et
1766 2433 1892 2498 felicius
1909 2445 2100 2521 operentur.

453 2535 622 2622 Rogamus
656 2538 765 2622 itaque
799 2537 1043 2602 universitatem
1078 2546 1220 2604 vestram
1260 2545 1292 2603 et
1326 2537 1493 2600 hortamur
1530 2537 1562 2599 in
1595 2535 1724 2599 domiuo
1762 2535 1839 2600 Iesu
1875 2536 2005 2603 Christo
2039 2563 2102 2627 per
2152 2571 2162 2606 ·.

454 2640 634 2725 apostolica
656 2641 776 2725 scripta
798 2641 1002 2721 mandantes,
1026 2643 1177 2725 quatinus
1200 2663 1259 2728 per
1282 2662 1383 2727 opera
1397 2640 1602 2726 gratitudinis
1625 2639 1789 2724 explicare
1814 2640 1952 2722 solliciti,
1976 2651 2103 2728 quanta

454 2743 547 2808 vobis
577 2744 662 2807 cirea
688 2742 796 2808 Deum
826 2745 868 2808 sit
895 2745 971 2810 fidei
1002 2747 1124 2832 puritas
1153 2767 1191 2808 ac
1222 2745 1403 2810 devotionis
1432 2744 1601 2808 sinceritas
1633 2764 1712 2828 erga
1739 2743 1851 2808 sedem
1884 2749 2101 2831 apostolicam

455 2848 617 2912 continuis
643 2848 819 2912 honoribus
842 2870 902 2934 per
923 2848 1067 2914 fidelium
1090 2850 1331 2914 multitudinem
1356 2849 1578 2928 attollendam,
1601 2849 1728 2934 legatos
1752 2849 1901 2930 eosdem,
1925 2853 1957 2915 in
1981 2854 2102 2938 quibus

455 2971 630 3036 personam
659 2956 802 3015 nostram
833 2953 934 3038 recipi
956 2954 1104 3019 volumus
1127 2960 1160 3019 et
1188 2954 1279 3018 filiali
1301 2954 1483 3018 reverentia
1505 2954 1712 3038 pertractari,
1735 2955 1827 3037 quasi
1850 2956 1940 3039 pacis
1963 2957 2103 3041 angelos

456 3053 573 3119 devote
608 3075 645 3117 ac
678 3053 801 3126 ilariter
836 3055 1061 3139 admittentes,
1095 3059 1206 3144 ipsost
1232 3058 1318 3122 omni
1350 3079 1413 3143 quo
1442 3058 1538 3121 scitis
1559 3063 1593 3121 et
1622 3058 1761 3143 potestis
1790 3057 1912 3124 honore
1944 3063 2102 3146 prosequi

457 3157 597 3222 sollicita
618 3157 787 3244 diligentia
809 3163 998 3245 procuretis,
1035 3171 1068 3228 et
1102 3163 1163 3227 sibi
1194 3184 1292 3248 super
1320 3162 1382 3226 hiis
1411 3181 1472 3246 que
1502 3161 1543 3224 ad
1570 3161 1726 3226 honorem
1753 3159 1816 3224 Dei
1844 3168 1877 3228 et
1899 3163 2041 3229 ecclesie
2064 3187 2104 3228 ac

456 3262 616 3327 libertatis
640 3264 861 3329 ecclesiastice
884 3265 1007 3330 faciunt
1028 3267 1284 3347 incrementum,
1314 3287 1375 3330 nec
1402 3287 1467 3329 non
1495 3265 1536 3328 ad
1559 3286 1599 3330 ea
1620 3287 1680 3351 per
1702 3286 1764 3352 que
1794 3272 1898 3330 status
1920 3267 2047 3352 imperii
2071 3273 2106 3333 et

457 3367 611 3451 precipue
636 3365 721 3432 dicte
745 3368 909 3452 provincie
932 3371 1043 3434 valeat
1066 3371 1239 3436 salubriter
1261 3371 1401 3435 faciente
1424 3369 1564 3433 Domino
1592 3370 1774 3449 reformari,
1799 3390 1837 3432 ac
1865 3390 1964 3455 super
1993 3374 2105 3457 pravi-

457 3470 534 3532 tatis
561 3470 704 3535 heretice
736 3472 871 3536 maculis
904 3472 1073 3538 abolendis
1103 3481 1136 3540 et
1165 3474 1266 3539 Terre
1296 3473 1416 3538 Sancte
1446 3473 1593 3557 negotio,
1627 3473 1712 3558 quod
1743 3475 1789 3538 eis
1812 3482 1902 3538 tanto
1927 3477 2106 3559 specialius

458 3573 696 3658 procurandum
720 3575 950 3658 commisimus,
975 3584 1095 3662 quanto
1119 3577 1160 3640 ad
1182 3578 1420 3663 promotionem
1436 3576 1522 3640 illius
1538 3597 1598 3640 nos
1621 3597 1679 3660 pre
1696 3577 1820 3641 cunctis
1841 3579 1946 3642 teneri
1961 3579 2103 3645 viventi-

458 3676 520 3741 bus
550 3684 755 3763 reputamnr,
779 3679 955 3745 efficaciter
978 3680 1168 3756 intendatis;
1200 3681 1310 3745 scituri
1334 3678 1420 3765 qnod
1442 3700 1501 3765 per
1523 3678 1585 3742 hoc
1614 3687 1646 3743 et
1674 3680 1811 3764 gratiam
1835 3702 1976 3767 superne
2000 3683 2105 3749 bene-

459 3779 607 3846 dictionis
630 3783 775 3868 aquiritis
798 3791 832 3848 et
853 3806 913 3849 nos
932 3785 1025 3850 vobis
1048 3806 1113 3849 non
1135 3785 1297 3849 modicum
1319 3783 1361 3847 ad
1384 3783 1544 3867 condigne
1567 3784 1788 3849 retributionis
1812 3788 1971 3871 premium
1988 3789 2105 3854 lauda-

457 3885 567 3949 biliter
588 3886 750 3972 obligatis.
795 3887 949 3973 Alioquin
974 3891 1179 3971 sententiam,
1199 3911 1296 3976 quam
1318 3888 1381 3975 ipsi
1402 3888 1536 3952 tulerint
1558 3888 1590 3951 in
1606 3889 1758 3970 rebelles,
1781 3898 1884 3953 ratam
1908 3891 2106 3960 habebimus

459 3994 493 4052 et
515 3987 671 4054 faciemus
695 3998 826 4056 anctore
849 3992 921 4058 Deo
945 3995 1175 4060 inviolabiliter
1198 3992 1374 4058 observari.
1721 3981 1728 3996 ’

566 4110 642 4176 Dat.
665 4112 844 4178 Interamn.
866 4113 919 4178 III
942 4115 1016 4180 Kal.
1039 4116 1243 4196 Decembris,
1267 4135 1352 4178 anno
1376 4111 1513 4177 decimo.

565 4231 605 4297 In
635 4234 774 4299 eundem
799 4234 930 4299 modum
958 4237 1208 4319 marchionibus,
1233 4236 1415 4317 comitibus,
1442 4235 1672 4320 potestatibus,
1703 4237 1843 4302 consiliis
1867 4245 1900 4302 et
1923 4242 2105 4305 communi-

459 4337 581 4402 tatibus
604 4359 663 4422 per
684 4337 923 4420 Lombardiam,
947 4341 1124 4405 marchiam
1147 4341 1348 4406 Tarvisinarn
1372 4347 1404 4404 et
1426 4339 1653 4404 Romaniolam
1679 4343 1871 4407 constitutis.

1242 5019 1327 5095 705.

570 5162 824 5278 Gregorinle
834 5213 922 5274 papa
935 5190 1102 5278 [Niceten]
1117 5191 1257 5276 Ripensi,
1280 5193 1500 5280 [Hermanno]
1518 5195 1705 5276 Tmpatensi
1726 5195 1937 5283 ctchnrico]
1955 5199 2109 5270 Ositiensi

462 5300 611 5382 episcopis
630 5297 801 5380 significat,
828 5316 861 5361 se
886 5296 1036 5378 rracrpistro
1057 5301 1086 5362 ct
1111 5297 1267 5378 fratribus
1289 5298 1410 5362 ordinis
1431 5298 1668 5363 Tantone'cornm
1684 5303 1913 5380 praeceptorem
1935 5307 1965 5365 et
1983 5302 2108 5389 fratres

462 5405 593 5470 militine
616 5401 737 5488 Christi
766 5401 803 5466 dc
825 5401 961 5465 Licetne
989 5421 1057 5465 cnm
1087 5403 1228 5467 cirinthus
1254 5402 1342 5466 bonis
1362 5401 1515 5466 uniendos
1541 5402 1668 5466 duxisse
1690 5406 1719 5466 ct
1739 5404 1899 5481 statuisse,
1928 5410 1964 5469 nt
1992 5408 2057 5489 ipsi
2079 5415 2108 5475 et
2162 5428 2190 5466 n
2269 5435 2271 5438 ·

569 5664 591 5734 ¹¹)
609 5675 635 5718 et
651 5667 720 5734 ipsos
739 5665 771 5716 a.
