4604 6420
392 383 455 447 350
971 367 1020 423 EX
1037 365 1212 424 Gunuouu
1230 363 1269 419 IX
1287 361 1467 420 REGIS'I'RO

470 603 718 692 thederico,
749 599 915 674 illustri
943 597 1244 670 Romanorum
1271 593 1530 685 imperatori
1557 613 1733 684 semper
1758 601 1965 686 augusto,

1084 714 1175 806 regi
1200 713 1360 786 Sicilie.

501 870 696 938 Serenitatis
720 874 776 934 tue
799 867 927 932 litteras
951 865 1047 930 solita
1069 860 1274 946 benignitate
1296 861 1499 947 recepimus,
1523 866 1557 926 et
1580 883 1642 948 que
1666 863 1916 930 continebantur
1938 866 1972 931 in
1995 866 2044 932 cis

394 977 578 1043 notavimus
609 973 794 1058 diligenter.
839 969 924 1035 Nam
954 969 1038 1033 siout
1065 988 1108 1031 cx
1136 971 1252 1030 tenore
1281 965 1474 1049 collegimus
1506 965 1698 1047 earundem,
1731 967 1950 1034 referentibus
1983 968 2045 1033 tibi

394 1077 589 1163 quibusdam
611 1075 795 1141 iustitiariis
819 1074 883 1139 tuis
915 1072 1002 1137 circa
1028 1077 1139 1156 partes
1161 1068 1294 1155 Aprutii
1317 1069 1502 1134 constitutis
1531 1074 1564 1134 te
1590 1069 1713 1133 asseris
1741 1071 1927 1158 accepisse,
1957 1071 2045 1158 quod

395 1202 566 1248 commune
589 1179 800 1258 Erculanum,
823 1175 939 1241 fideles
962 1174 1077 1256 nostri,
1108 1171 1249 1259 quedam
1271 1171 1370 1237 feuda
1392 1172 1485 1256 regni
1508 1172 1556 1236 tui
1579 1171 1726 1238 detinere
1751 1174 1961 1256 contendunt,
1983 1197 2046 1241 nec

395 1284 590 1372 permittunt
613 1283 712 1348 etiam
729 1280 863 1346 servitia
885 1279 974 1344 curie
998 1285 1054 1342 tue
1078 1275 1191 1341 debita
1206 1275 1332 1341 eisdem
1348 1275 1531 1340 iustitiariis
1548 1274 1706 1357 exhiberi,
1729 1277 1959 1344 nichilominus
1981 1280 2048 1344 alia

396 1387 536 1473 quedam
557 1386 658 1452 feuda
680 1385 722 1450 ad
745 1404 882 1469 regnum
905 1383 1013 1469 ipsum
1037 1380 1219 1467 spectantia
1241 1377 1466 1456 destruentes,
1498 1378 1740 1464 propterquod
1763 1380 1835 1445 iura
1857 1386 1891 1447 et
1913 1382 2048 1447 servitia

396 1490 457 1554 tibi
473 1489 585 1556 debita
600 1487 845 1554 subtrahuntur.
891 1484 998 1559 Quare
1014 1506 1035 1548 a
1049 1483 1143 1548 nobis
1159 1481 1339 1568 imperialis
1355 1481 1554 1546 excellentia
1567 1482 1765 1567 postulabat,
1787 1491 1825 1548 ut
1839 1485 2048 1551 insolentiam

398 1591 587 1657 huiusmodi
602 1591 807 1672 cohibentes,
831 1589 1013 1654 faceremus
1029 1586 1089 1651 tibi
1106 1606 1249 1670 congrue
1266 1584 1418 1650 satisfieri
1440 1583 1481 1649 de
1498 1583 1683 1666 subtractis,
1706 1593 1739 1651 et
1754 1585 1879 1652 eisdem
1894 1586 2047 1654 fidelibus

400 1697 521 1760 nostris
538 1696 675 1760 firmiter
690 1693 840 1774 inhiberi,
863 1699 900 1756 ut
922 1691 963 1756 de
988 1701 1097 1755 cetero
1121 1688 1240 1754 similia
1262 1709 1327 1752 non
1345 1693 1545 1773 presumant.
1589 1687 1714 1754 Verum
1730 1689 1867 1775 predicti
1883 1691 2049 1756 iustitiarii

398 1797 446 1861 tui
468 1798 548 1861 talia
570 1797 721 1862 ecclesiis
744 1804 777 1862 ct
805 1795 955 1882 personis
978 1793 1210 1860 ecclesiasticis
1234 1799 1267 1856 et
1289 1792 1363 1856 aliis
1385 1790 1538 1856 fidelibus
1561 1793 1680 1898 nostris
1703 1792 1859 1859 Esculani
1881 1794 2049 1860 districtus

399 1899 544 1984 irrogare
578 1898 746 1976 dicuntur,
781 1919 844 1984 que
876 1918 949 1962 cum
976 1897 1120 1982 graviter
1154 1895 1267 1959 oculos
1296 1893 1404 1959 divine
1434 1894 1615 1960 maiestatis
1645 1895 1829 1978 offendant,
1859 1919 1924 1963 non
1953 1898 2050 1965 decet

399 2001 605 2086 imperialem
625 2000 909 2067 mansuetudinem
927 2001 1099 2078 sustinere,
1123 2019 1184 2063 nec
1206 2019 1265 2062 nos
1289 2018 1462 2082 possumus
1486 1997 1520 2061 in
1542 1998 1702 2083 patientia
1724 2000 1875 2066 tolerare.
1920 2000 2049 2089 Depre·

400 2102 518 2168 dantur
541 2105 628 2169 enim
652 2104 827 2184 ecclesias,
861 2103 993 2189 capiunt
1016 2103 1171 2182 clericos,
1202 2107 1314 2187 captos
1338 2121 1420 2165 ausu
1444 2101 1604 2186 sacrilego
1628 2102 1813 2168 carceribus
1836 2105 1985 2188 tradunt,
2016 2113 2049 2172 et
2117 2133 2128 2168 a

400 2207 506 2272 adhuc
529 2206 721 2272 Bertoldum
745 2207 901 2272 clericum
923 2204 1071 2270 detinent
1099 2204 1255 2268 carcerali
1278 2201 1427 2269 custodie
1450 2203 1684 2289 mancipatum3
1718 2204 1868 2272 homines
1898 2211 2050 2295 spoliant,

400 2316 434 2374 et
455 2316 505 2374 tot
527 2315 562 2375 et
584 2316 675 2376 tanta
701 2310 748 2375 ibi
771 2309 978 2374 committunt
1006 2307 1168 2387 enormia,
1197 2307 1283 2393 quod
1311 2306 1412 2372 iidem
1440 2305 1554 2372 fideles
1588 2306 1691 2371 nostri
1713 2308 1770 2372 vix
1791 2319 1929 2395 possunt
1952 2314 2052 2378 etiam

399 2414 576 2500 respirarc;
604 2420 638 2478 et
660 2420 697 2478 ut
718 2413 796 2478 dicti
819 2412 985 2477 iustitiarii
1009 2412 1256 2478 excusationem
1283 2411 1427 2476 habeant
1451 2410 1485 2474 in
1509 2410 1671 2497 peccatis,
1700 2430 1773 2474 cum
1796 2412 1963 2480 offendant
1985 2423 2051 2481 tarn

401 2516 564 2600 graviter,
588 2537 624 2582 se
647 2518 774 2602 fingunt
797 2515 955 2596 offensos,
978 2521 1014 2579 ut
1036 2521 1069 2578 te
1094 2515 1121 2578 si
1143 2522 1282 2600 possunt
1304 2520 1484 2600 provocent
1505 2513 1547 2577 ad
1571 2514 1738 2579 offensam.
1782 2515 1878 2582 Licet
1899 2525 2010 2585 autem
2033 2543 2053 2586 a

400 2617 552 2685 fidelibus
576 2620 699 2685 nostris
722 2618 782 2684 tibi
806 2639 844 2683 ac
868 2618 932 2683 tuis
955 2618 1116 2705 premissa
1138 2618 1208 2683 fieri
1231 2639 1296 2682 non
1320 2616 1501 2698 credamus,
1525 2618 1602 2703 quia
1623 2624 1732 2682 tamen
1755 2640 1821 2683 non
1844 2628 1895 2686 est
1916 2623 2051 2689 intenti·
2104 2646 2111 2662 ··

401 2723 473 2786 onis
502 2727 612 2787 nostre
642 2723 704 2786 iuri
735 2728 769 2787 et
797 2722 913 2786 honori
944 2729 1000 2786 tuo
1031 2723 1065 2786 in
1093 2722 1201 2807 aliquo
1225 2721 1391 2808 derogari,
1423 2743 1482 2807 per
1504 2721 1726 2794 rencrabilem
1749 2721 1884 2789 fratrem
1905 2733 2054 2793 nostrum

403 2874 411 2888 .
435 2873 442 2889 .
466 2825 658 2910 episcopum
678 2823 915 2890 Belvacenscm
927 2826 949 2906 ¹,
972 2824 1117 2890 marchia
1132 2825 1338 2890 Anconitane
1361 2844 1399 2888 ac
1423 2822 1559 2888 ducatus
1583 2823 1753 2910 Spoletani
1774 2835 1948 2912 rectorem,
1972 2851 2053 2916 que·

403 2947 542 3012 cumque
565 2927 600 2990 in
619 2927 835 3012 preiudicium
856 2934 947 2992 tuum
963 2935 1154 3015 presumpta
1177 2935 1253 2992 sunt
1275 2927 1317 2992 ab
1341 2927 1475 3006 eisdem,
1498 2927 1646 3014 plenarie
1662 2929 1861 3016 precipimus
1878 2932 2055 3002 emendari.

405 3027 457 3093 Tu
479 3049 569 3110 nero,
594 3030 640 3093 fili
663 3031 847 3112 karissime,
871 3031 919 3096 sie
942 3031 1110 3120 emendari
1126 3030 1227 3095 facias
1250 3050 1312 3116 que
1335 3052 1356 3095 a
1377 3031 1547 3116 premissis
1567 3031 1748 3097 iustitiariis
1764 3039 1841 3098 sunt
1855 3044 2055 3124 presumpta,

405 3131 492 3217 quod
514 3131 657 3197 divinam
680 3135 784 3200 evites
801 3135 969 3218 offensam,
993 3142 1027 3200 et
1048 3135 1097 3200 illi
1119 3142 1186 3199 tam
1202 3137 1369 3200 voluntate
1391 3155 1489 3220 quam
1511 3135 1640 3201 actione
1661 3141 1815 3221 satagens
1839 3140 2055 3225 complacere,

405 3233 461 3318 qui
489 3235 614 3300 exaltat
641 3236 725 3301 sibit
746 3237 893 3324 placidos
922 3239 957 3302 in
981 3238 1135 3319 salutem,
1166 3238 1294 3303 unicam
1325 3259 1479 3324 sponsam
1506 3239 1578 3304 eins
1609 3248 1851 3312 sacrosanctam
1881 3245 2055 3309 ecclesiam

405 3335 547 3401 videaris
570 3339 698 3405 sincero
721 3341 829 3406 animo
851 3341 1016 3422 uenerari,
1047 3347 1081 3404 et
1114 3361 1173 3427 per
1195 3339 1256 3405 hoc
1280 3341 1419 3426 gratiam
1441 3341 1474 3405 iu
1497 3343 1644 3428 presenti
1667 3349 1701 3408 et
1722 3344 1860 3428 gloriam
1882 3345 1942 3410 tibi
1966 3368 2054 3412 com-

406 3459 502 3524 pares
524 3439 558 3504 in
582 3439 701 3523 futuro,
723 3464 848 3528 nosque
872 3442 1080 3508 devotionem
1103 3448 1194 3507 tuam
1216 3445 1379 3529 possimus
1403 3445 1520 3509 merito
1544 3445 1783 3513 commendare.

514 3557 600 3624 Data
621 3560 772 3626 Lateran.
795 3561 879 3626 VIII
902 3561 981 3628 Idus
1004 3563 1124 3646 Martii,
1147 3565 1356 3652 pontificatus
1380 3565 1483 3644 nostri
1506 3586 1591 3631 anno
1615 3571 1739 3651 quarto.

1026 3805 1437 3815 —--—-.--—a—-—-

1184 4030 1272 4104 435.

517 4137 707 4250 Graecos
728 4165 784 4230 rx
809 4185 895 4246 papa
916 4166 1083 4252 [namt]
1111 4168 1297 4236 Vestrae·
1322 4175 1352 4236 er
1372 4172 1536 4257 [emus]
1559 4174 1726 4240 sumne
1747 4176 1898 4257 orsam
1918 4177 2058 4256 maram,
2111 4209 2138 4248 ,ο

408 4267 444 4326 ut
463 4263 508 4328 od
527 4268 759 4348 requisitionem
780 4267 895 4334 iudicis
918 4269 1092 4356 Hadriaci]
1114 4272 1151 4336 de
1173 4271 1289 4340 Suessa
1311 4275 1351 4340 ab
1373 4277 1559 4357 imperatore
1580 4278 1616 4340 iu
1637 4275 1860 4342 Lombardiam
1882 4280 2062 4344 transmissi

408 4364 500 4430 tuate
521 4368 656 4449 formam
677 4371 834 4435 cautionis
855 4371 993 4438 hommes
1015 4374 1052 4440 de
1073 4374 1266 4442 Lomburdia
1287 4379 1395 4443 iurare
1413 4377 1549 4463 faciunt.
1679 4383 1772 4458 1231,
1797 4380 1898 4444 Mart.
1920 4382 1974 4447 25.

514 4486 595 4554 Grec.
613 4487 663 4540 IX
678 4487 745 4558 Περ.
766 4488 826 4544 Vol.
844 4489 888 4556 11,
908 4495 960 4560 655
979 4493 1041 4572 Lib.
1065 4494 1095 4559 V,
1112 4499 1137 4550 2.

515 4570 649 4642 Potttraot,
667 4572 732 4641 Περ.
751 4576 836 4630 8685.

804 4772 1079 4851 vercellensi
1106 4783 1150 4853 et
1176 4779 1398 4890 Brixiensi
1426 4780 1667 4873 episcopis.

520 4915 602 4982 Oum
625 4917 762 4985 formam
785 4923 946 4988 cautionis
970 4925 1148 4990 secundnm
1176 4948 1272 5012 quam
1301 4929 1407 4994 iurare
1431 4928 1554 4995 debent
1575 4929 1725 4995 homines
1747 4929 1945 4998 Lombardie
1968 4934 2062 5000 vobis

410 5015 600 5086 duxerimus
635 5025 937 5108 transmittendam,
972 5033 1006 5092 et
1035 5028 1228 5096 karissimus
1265 5032 1298 5096 in
1329 5031 1459 5097 Ohristo
1490 5031 1576 5096 filius
1611 5040 1725 5100 noster
1750 5033 1803 5115 R,
1839 5034 2062 5101 Romanorum

410 5121 586 5207 imperator
613 5147 743 5213 semper
775 5135 935 5214 augustus
971 5136 1005 5195 et
1032 5153 1093 5198 rex
1121 5133 1252 5218 Sicilie,
1290 5134 1445 5201 dilectum
1477 5136 1580 5202 filium
1610 5137 1648 5202 Τ.
1678 5137 1821 5203 iudicem
1851 5137 2062 5224 Suessanum,

1874 5315 1954 5325 ο--

517 5413 540 5483 “)
557 5418 607 5470 sibi
624 5420 760 5476 comeare
776 5423 890 5488 videbar
907 5428 941 5493 cf.
961 5425 1003 5479 Pa.
1022 5431 1115 5493 149,4.

409 5637 445 5691 M
514 5553 538 5618 l)
557 5552 704 5696 illatorum,
723 5558 773 5628 qui
794 5564 925 5624 a.1230‚
949 5561 1022 5630 Sept.
1044 5567 1082 5617 25
1102 5570 1193 5620 rector
1213 5565 1724 5635 hcrumterrorumcomtitutusest;
1750 5569 2062 5636 calceamentum.
2115 5589 2143 5627 ro

443 5639 507 5692 anat
525 5645 543 5694 t.
563 5643 582 5693 Ι
597 5643 621 5708 I,
635 5658 665 5711 p.
705 5647 750 5700 93.
