4560 6420
105 2009 129 2050 lb

104 2528 131 2568 20

861 361 1169 417 snnrnsusuvuu.
1504 439 1508 446 .
1774 369 1835 431 735

182 537 290 602 iurare
314 536 402 624 apud
417 535 577 602 Venetiae
601 537 634 600 iu
657 537 825 623 presentia
847 537 935 602 illius
958 537 1012 602 vel
1035 538 1176 616 illorum,
1200 536 1252 601 cui
1275 537 1328 602 vel
1350 537 1468 623 quibus
1491 537 1554 604 hoc
1578 535 1729 606 dominus
1750 562 1838 628 papa

182 640 316 706 duxerit
340 638 656 720 commmittendum,
687 639 878 707 fidelitatem
908 641 1039 706 domino
1062 661 1148 728 pape
1172 639 1333 727 Gregorio
1357 647 1391 706 et
1419 643 1667 710 successoribus
1690 644 1781 710 suis·
1804 652 1838 711 et

183 745 324 824 ecclesie
347 743 506 825 Romane,
529 750 563 810 et
585 742 671 830 quod
694 766 760 809 non
783 754 880 811 arunt
902 745 935 810 in
958 747 1062 828 dicto,
1085 745 1182 825 lacto,
1206 745 1343 810 consilio
1366 744 1419 810 vel
1443 766 1618 828 consensu,
1640 753 1676 814 ut
1700 748 1756 812 illc
1780 749 1833 834 cui

182 847 343 934 regnumb
376 847 558 934 predictum
593 848 692 912 luerit
722 848 896 913 adomino
930 869 1017 935 papa
1045 855 1079 913 et
1108 847 1251 913 ecclesia
1279 846 1430 913 Romana
1457 850 1667 916 commissum
1700 857 1736 917 'et
1763 851 1836 917 cius

184 973 394 1018 successores
422 951 562 1041 perdant
585 953 685 1016 vitam
714 953 768 1017 vel
790 952 972 1018 membrum
1003 959 1059 1017 aut
1082 952 1253 1038 capiantur
1281 953 1368 1016 mala
1390 953 1542 1041 captione
1566 975 1626 1020 seu
1649 957 1837 1022 ammittant

181 1063 320 1137 terram,
355 1056 512 1136 honores,
546 1054 724 1140 dignitates
755 1062 813 1120 aut
835 1056 899 1120 alia
922 1055 1010 1120 bona
1038 1076 1112 1136 sua,
1145 1076 1208 1140 que
1231 1049 1400 1120 habebunt
1422 1055 1456 1122 in
1478 1078 1581 1143 regno
1604 1059 1743 1144 prelato.
1792 1058 1837 1123 Et

180 1162 304 1226 facient
331 1161 430 1226 etiam
454 1160 558 1225 semel
585 1160 693 1224 iurare
717 1179 831 1223 omnes
854 1157 1014 1238 Venetos,
1037 1158 1093 1244 qui
1116 1178 1203 1222 nunc
1227 1157 1376 1223 habitant
1397 1160 1451 1226 vel
1473 1160 1669 1227 habitabunt
1691 1162 1725 1228 in
1748 1163 1831 1230 locis

182 1264 318 1345 eisdem,
342 1271 375 1329 et
398 1285 512 1330 omnes
533 1263 615 1327 alios
640 1260 882 1328 cohabitatores
907 1282 1019 1327 eorum
1042 1259 1130 1347 apud
1146 1260 1262 1326 eadem
1285 1263 1359 1327 loca
1379 1262 1573 1330 fidelitatem
1588 1264 1720 1330 domino
1743 1287 1829 1352 pape

182 1369 343 1455 Gregorio
367 1376 401 1434 et
428 1367 674 1433 successoribus
710 1368 779 1432 eius
809 1373 843 1431 et
873 1364 1012 1445 ecclesie
1041 1365 1211 1445 Romane⁰
1241 1366 1274 1430 in
1302 1365 1396 1431 eius‘i
1424 1367 1479 1432 vel
1510 1387 1623 1434 eorum
1652 1369 1829 1455 presentia,

183 1473 235 1538 cui
262 1474 315 1537 vel
344 1472 463 1558 quibus
485 1471 549 1537 hoc
576 1471 676 1536 suerit
698 1489 718 1534 a
739 1469 871 1536 domino
894 1490 980 1557 papa
1001 1470 1223 1534 commissum.
1269 1469 1391 1536 Postea
1415 1492 1495 1537 vcro
1518 1471 1575 1537 illc
1598 1473 1652 1538 vel
1679 1473 1745 1554 illi,
1780 1474 1835 1558 qui

181 1600 239 1664 pro
262 1583 410 1663 tempore
433 1584 588 1664 preerunt
611 1597 670 1663 per
693 1575 797 1640 dictos
821 1575 939 1640 ducem
962 1581 995 1640 at
1018 1595 1205 1648 commune,
1233 1579 1267 1641 et
1290 1595 1403 1639 omnes
1426 1574 1564 1640 illitam
1587 1575 1710 1642 Veneti
1733 1597 1831 1663 quam

181 1681 252 1763 alii,
285 1681 340 1767 qui
367 1679 516 1744 habitant
547 1681 601 1746 vel
623 1680 818 1746 habitabunt
847 1680 881 1745 in
903 1680 984 1745 locis
1007 1679 1159 1766 prelatis,
1198 1678 1307 1745 iurent
1329 1677 1524 1745 fidelitatem
1547 1679 1638 1762 duci,
1673 1680 1832 1748 fidelitate

181 1785 303 1851 domini
326 1806 410 1873 pape
433 1790 467 1850 et
490 1785 629 1864 ecclesie
652 1784 799 1864 Romane
823 1785 856 1849 in
879 1784 1031 1871 omnibus
1055 1789 1088 1849 et
1111 1806 1171 1871 per
1193 1785 1302 1850 omnia
1325 1805 1456 1870 semper
1480 1785 1580 1849 salva.

288 1887 374 1954 Item
404 1889 625 1975 promittimus
649 1909 709 1976 per
731 1889 977 1976 stipulationem
1009 1895 1043 1955 ct
1066 1889 1277 1954 convenimus
1300 1889 1431 1954 nomine
1460 1895 1494 1954 et
1516 1889 1589 1954 vice
1613 1886 1834 1974 predictorum

182 1992 274 2058 ducis
298 1998 332 2058 ct
355 1992 536 2057 communis
561 1992 669 2056 omnia
685 1991 872 2078 supradicta
893 1993 926 2056 in
950 1992 1082 2056 statutis
1099 1992 1169 2058 sive
1185 1992 1363 2079 quaternis,
1387 1992 1555 2078 inquibus
1579 1990 1835 2057 consuetudines

181 2095 324 2161 civitatis
348 2095 564 2161 venetiarum
587 2095 765 2176 habentur,
789 2116 870 2180 quas
894 2095 1052 2179 quilibet⁰
1080 2095 1148 2160 dux
1170 2096 1353 2160 iuramento
1378 2117 1510 2161 servare
1534 2100 1683 2176 tenetur,
1708 2116 1833 2181 ponere

180 2221 241 2265 nec
266 2221 305 2264 ea
329 2199 405 2265 inde
422 2198 545 2276 delere,
570 2205 603 2266 ct
626 2200 713 2286 quod
736 2199 813 2282 dux,
838 2199 891 2284 qui
907 2220 993 2263 nunc
1017 2205 1078 2281 est,
1103 2204 1136 2265 et
1159 2199 1297 2286 quilibet
1319 2199 1404 2263 alius
1426 2198 1504 2279 dux,
1527 2199 1582 2284 qui
1604 2220 1663 2285 pro
1687 2204 1835 2284 tempore

180 2303 290 2383 fuerit,
314 2309 461 2390 tempore
486 2303 657 2368 electionis
681 2325 740 2383 sue
760 2303 881 2368 iurabit
902 2324 937 2368 se
955 2303 1063 2367 omnia
1078 2303 1226 2389 predicta
1245 2309 1279 2368 ct
1296 2301 1442 2388 singulas
1462 2302 1599 2368 firmiter
1619 2307 1835 2369 servaturum.

288 2406 361 2488 Hec
395 2415 505 2473 autam
540 2409 649 2472 omnia
674 2407 822 2494 predicta
855 2413 889 2472 et
921 2407 1051 2492 singula
1078 2407 1257 2471 iuravimus
1288 2405 1330 2471 ad
1365 2413 1480 2471 sancta
1506 2405 1572 2470 Dei
1601 2405 1773 2490 evangelia
1802 2405 1835 2470 in

182 2510 354 2575 animabus
383 2509 603 2597 predictorum
633 2509 727 2576 ducis
751 2517 784 2575 et
808 2510 988 2576 communis
1016 2508 1201 2590 attendere,
1226 2509 1406 2596 adimplere
1437 2515 1470 2575 et
1492 2509 1629 2574 firmiter
1657 2509 1834 2574 observare

181 2621 215 2681 et
237 2615 327 2680 nullo
351 2622 499 2702 tempore
524 2616 762 2681 contravenire.

214 2781 215 2786 ,
288 2719 398 2784 Tener
420 2726 528 2784 autem
557 2720 726 2784 literarum
757 2719 997 2807 procurationis
1022 2725 1055 2784 et
1077 2716 1287 2804 syndicatus,
1318 2737 1455 2803 quarum
1475 2721 1527 2782 est
1549 2716 1662 2782 habita
1685 2715 1836 2804 superius

181 2823 317 2901 mentio,
342 2823 418 2887 talis
441 2828 505 2887 est:

288 2923 358 2990 Nos
380 2924 520 2991 lacobus
543 2925 728 3012 Teupulus,
761 2923 825 2988 Dei
854 2925 960 3010 gratia
980 2924 1216 3005 venetiarum,
1245 2923 1411 3004 Dalmatie
1441 2929 1539 3009 atque
1569 2924 1724 3005 Obroatis
1758 2922 1835 3004 dux,

184 3030 335 3094 domiuus
359 3035 473 3116 quarte
497 3031 599 3117 partis
624 3037 657 3094 et
679 3029 813 3110 dimidie
836 3029 936 3094 totius
960 3029 1089 3115 imperii
1111 3027 1289 3110 Romauie,
1314 3033 1348 3094 et
1371 3028 1544 3093 consilium
1568 3028 1753 3094 ordinatum
1775 3049 1836 3115 pcr

182 3154 354 3199 commune
384 3133 525 3199 civitatis
549 3133 765 3198 venetiarum
788 3133 936 3220 presenti
965 3132 1085 3219 scripto
1114 3132 1256 3198 latemur
1286 3153 1347 3196 nos
1376 3130 1497 3197 vidisse
1534 3138 1568 3196 et
1600 3132 1668 3217 legi
1701 3130 1835 3196 audisse

182 3245 291 3325 pacta,
325 3237 561 3324 promissiones
595 3243 629 3302 et
663 3238 914 3318 conventiones,
945 3257 1008 3322 quc
1038 3234 1188 3300 dominus
1210 3235 1393 3321 Phylippus
1416 3232 1653 3300 Vicedomiuus
1685 3239 1833 3321 potestas

181 3340 393 3406 Ianuensium
416 3339 559 3422 decreto,
583 3341 777 3405 auctoritate
802 3347 835 3404 et
857 3339 1065 3426 beneplacito
1089 3339 1218 3404 consilii
1240 3337 1414 3404 Ianuensis
1437 3339 1517 3404 fecit
1540 3345 1574 3404 et
1596 3339 1736 3404 firmavit
1761 3359 1836 3403 cum

183 3445 338 3529 magistro
361 3444 509 3510 Berardo
533 3443 733 3509 subdiacono
756 3451 791 3509 et
813 3445 942 3509 notario
965 3443 1089 3508 domini
1113 3465 1215 3530 pape,
1245 3441 1424 3530 apostolice
1455 3441 1543 3507 sedis
1567 3443 1687 3507 nuncio
1710 3440 1836 3506 adhoc

183 3548 373 3633 specialiter
404 3546 584 3630 destinato,
618 3550 822 3635 recipieutc⁸
845 3547 977 3613 nomine
1007 3552 1040 3613 et
1067 3547 1137 3612 vica
1170 3547 1294 3612 domini
1324 3566 1409 3632 pape
1439 3551 1473 3610 et
1503 3546 1644 3626 ecclesie
1675 3545 1835 3624 Romane,

182 3673 282 3738 super
317 3653 421 3738 galeis
453 3660 487 3720 et
520 3654 659 3719 navibus
693 3652 858 3718 armandis
893 3659 927 3716 ct
958 3650 1161 3717 destinandis
1194 3651 1229 3714 in
1256 3670 1394 3734 regnum
1419 3646 1531 3728 Sicilie
1563 3668 1635 3712 cum
1666 3647 1834 3730 militibus,

181 3753 348 3842 peditibus
381 3762 415 3822 et
446 3755 624 3822 balistariis
657 3763 690 3822 et
718 3757 791 3821 aliis
821 3757 1020 3822 necessariis
1049 3755 1090 3820 ad
1122 3755 1230 3842 ipsum
1257 3773 1395 3839 regnum
1427 3751 1651 3838 occupandum
1680 3757 1714 3816 et
1736 3772 1836 3838 super

181 3879 263 3946 pace
291 3879 357 3923 non
390 3859 563 3924 tractanda
595 3882 656 3925 nec
690 3859 844 3926 facienda
870 3881 943 3925 cum
966 3857 1143 3924 Frederico
1174 3855 1260 3922 dicto
1291 3855 1490 3943 imperatore
1514 3855 1585 3920 sine
1608 3856 1778 3920 voluntate
1802 3861 1836 3920 at

182 3983 342 4049 expressa
359 3963 493 4029 licentia
509 3962 633 4029 domini
648 3984 733 4051 pape
757 3971 790 4029 et
808 3984 905 4050 super
928 3961 1122 4048 quibusdam
1146 3961 1230 4042 aliis,
1254 3961 1337 4025 sicut
1358 3960 1420 4039 hec
1443 3960 1553 4026 omnia
1568 3959 1602 4024 in
1617 3961 1835 4025 instrumento

187 4066 336 4132 coniecto
365 4089 424 4154 per
452 4089 584 4133 manum
608 4067 749 4133 Ursonis
777 4067 896 4133 notarii
919 4066 1115 4132 Ianucnsis¹
1137 4066 1268 4152 plenius
1298 4064 1499 4140 continetur;
1529 4069 1564 4129 et
1592 4060 1634 4127 ad
1656 4061 1835 4142 tractanda,

183 4168 374 4252 ordinanda,
398 4171 618 4257 promittenda
641 4178 675 4238 et
698 4170 893 4259 complenda
916 4172 1026 4237 omnia
1047 4169 1235 4258 supradicta
1262 4174 1296 4234 et
1318 4167 1360 4233 ad
1382 4169 1448 4234 alia
1471 4190 1533 4255 que
1557 4168 1644 4233 circa
1666 4167 1835 4253 negotium

183 4273 384 4339 occurrerint
418 4273 569 4340 facienda
603 4297 662 4362 pro
695 4275 791 4340 nobis
826 4282 860 4340 et
892 4281 1005 4339 nostro
1040 4273 1204 4338 communi
1236 4294 1310 4339 cum
1345 4272 1476 4337 domino
1512 4291 1598 4359 papa
1630 4276 1665 4336 et
1693 4270 1836 4336 ecclesia

182 4377 332 4442 Romana
365 4377 452 4443 viros
486 4378 627 4444 nobilles
662 4384 696 4443 et
726 4377 885 4444 discretos
914 4378 1076 4458 Romeum
1100 4376 1273 4452 Quirinum
1306 4382 1339 4442 et
1362 4375 1567 4462 Stephanum
1590 4372 1835 4439 Badouariumh

183 4479 298 4546 fideles
322 4489 452 4546 nostros
472 4489 701 4569 procuratores
725 4489 759 4548 et
785 4482 937 4569 syndicos
958 4488 1088 4547 nostros
1112 4487 1146 4546 et
1169 4481 1273 4544 nostri
1296 4480 1476 4545 communis
1499 4479 1690 4558 statuimus,
1718 4476 1836 4543 dantes

184 4583 233 4650 ais
264 4585 445 4672 plenariam
473 4593 673 4672 potestatem
704 4585 854 4651 firmandi
877 4608 936 4674 per
957 4607 1076 4673 penam
1106 4591 1141 4650 et
1163 4585 1399 4670 obligationem
1428 4584 1589 4649 bonorum
1613 4583 1716 4648 nostri
1746 4605 1835 4648 com·

182 4688 290 4752 munis
325 4694 359 4754 et
393 4688 520 4754 iurandi
556 4691 589 4755 in
625 4690 734 4754 anima
756 4696 868 4754 nostra
897 4689 938 4755 de
969 4687 1171 4774 complendis
1203 4693 1236 4752 ct
1259 4686 1427 4754 servandis
1451 4687 1602 4753 omnibus
1626 4685 1835 4774 supradictis,

183 4791 403 4877 promittendo
426 4815 486 4858 nos
510 4795 603 4857 firma
626 4801 659 4858 et
675 4800 746 4857 rata
768 4793 892 4858 habere
916 4813 975 4878 pro
998 4791 1094 4857 nobis
1117 4797 1152 4857 et
1172 4781 1284 4856 nostro
1308 4793 1484 4873 communi,
1508 4813 1712 4878 quecumque
1737 4791 1836 4857 iidem

182 4879 411 4984 procuratores
435 4905 469 4962 et
492 4897 619 4984 syndici
642 4920 717 4963 cum
739 4897 871 4963 domiuo
888 4917 974 4984 papa
997 4903 1031 4961 et
1054 4897 1194 4961 ecclesia
1208 4895 1358 4960 Romana
1380 4917 1480 4982 super
1495 4895 1666 4982 premissis
1682 4895 1837 4960 duxerint

286 5187 311 5254 ⁸)
329 5190 365 5244 H.
384 5191 427 5257 13,
444 5191 502 5254 Bl.,·
518 5193 575 5244 sius
592 5191 644 5243 Pr.
731 5189 757 5256 b)
776 5191 834 5254 Pa·
850 5193 965 5260 regimen
983 5193 1018 5246 H.
1037 5192 1080 5259 B,
1097 5193 1140 5246 131.
1231 5192 1255 5259 ⁰)
1273 5193 1310 5246 Η.
1328 5189 1647 5256 B.,·1tommisP1,Bz.
1734 5187 1760 5256 d)
1779 5189 1838 5251 Pr,-

184 5276 262 5328 huius
280 5276 316 5327 H.
333 5277 383 5338 B.,·
405 5278 481 5330 cuins
498 5277 557 5339 Bt.‚·
573 5279 690 5346 sortasse
708 5279 783 5331 cuius
800 5279 829 5330 ia
846 5279 983 5346 orclrctypo
1002 5281 1101 5346 lepimr,
1118 5281 1187 5345 quod
1204 5280 1241 5332 Η.
1261 5278 1293 5332 Β.
1310 5288 1334 5332 ct
1351 5279 1392 5330 Pr
1409 5267 1582 5330 terraemot.
1691 5272 1716 5339 ο)
1735 5275 1771 5326 Η.
1789 5275 1839 5336 Β.,·

183 5363 311 5415 habentur
327 5365 457 5430 quoslibet
473 5363 523 5428 Pr,
539 5364 583 5415 ΒΖ.
705 5362 725 5430 s)
744 5365 780 5415 H.
799 5364 841 5429 B,
859 5364 910 5432 Pr,
931 5369 960 5427 2,·
986 5373 1013 5418 et
1029 5367 1133 5434 singula
1151 5367 1219 5419 dccet
1236 5367 1280 5419 ΒΖ.
1403 5363 1430 5431 Β)
1449 5363 1622 5430 11.B.‚Pr,·
1643 5364 1775 5432 recipienti
1792 5362 1836 5414 Bl.

183 5445 210 5513 s)
229 5447 265 5498 u.
278 5447 321 5513 a,
339 5447 396 5512 rs·
413 5449 569 5502 suasum
587 5448 648 5510 m,-
664 5451 817 5502 suanum
834 5449 878 5502 cz.
1183 5435 1184 5438 '
1299 5477 1303 5482 .

288 5547 314 5644 ll
331 5603 357 5640 a
377 5589 457 5652 1239,
476 5587 531 5642 Iul.
543 5590 593 5652 26,·
610 5587 672 5643 lvio.
690 5589 745 5644 iar.
762 5589 879 5662 reipubl.
898 5589 1035 5646 amaena.
1053 5589 1110 5660 tl,
1127 5589 1177 5646 col.
1196 5592 1359 5660 980—982;
1376 5589 1476 5666 foedas
1490 5589 1546 5648 Oct.
1565 5597 1594 5652 ιι
1612 5605 1631 5642 a
1649 5583 1838 5644 lascessitus

182 5671 306 5738 {protem
324 5675 373 5754 est,
391 5673 458 5736 idid.
477 5674 528 5744 col,
547 5677 705 5742 asc-985.
