4538 6426
410 399 451 460 52
1000 391 1048 446 EX
1066 390 1222 445 HONOllII
1241 389 1280 445 Ill
1298 389 1478 446 REGISTRO

407 566 545 646 paterii
568 569 746 644 statuentes,
768 586 837 630 eaor
860 564 922 644 ipsi
943 563 984 627 iis
1006 583 1102 645 usquc
1125 563 1167 626 od
1185 562 1366 626 doooooioro
1386 564 1511 643 firmam
1528 567 1665 644 troopoor
1689 563 1862 627 hisdiebus
1886 564 2064 628 iaroooriot

410 669 589 748 obsorooro‚·
610 669 741 734 moodot
763 669 814 746 iis,
837 671 872 730 at
893 667 947 730 troo
966 668 1102 748 tirmiter
1124 666 1291 730 observent.
1718 668 1811 744 1218,
1833 667 1898 731 Iul.
1923 671 1973 733 12.

513 787 586 840 Hoo.
605 788 663 840 III
676 787 742 855 Ray.
761 786 824 839 Lib.
843 786 887 850 11,
906 789 983 839 1264.

515 873 650 937 Potttost
669 873 737 942 Rea.
757 876 838 926 5871.

1145 1029 1328 1101 Eisdem.

520 1182 641 1247 Misere
659 1181 855 1247 conditionis
873 1182 1019 1246 existunt
1034 1178 1226 1265 perditionis
1244 1178 1303 1241 filii
1318 1177 1450 1262 reprobi
1466 1178 1661 1259 Placentini,
1684 1179 1739 1264 qui
1754 1179 1870 1244 baculo
1886 1182 2064 1245 arundineo

247 1291 525 1349 astes-raassontra
552 1285 729 1350 Dominum
763 1287 956 1366 innitentes,
985 1285 1017 1347 in
1044 1282 1338 1347 Mediolanensium
1371 1282 1524 1367 superbia
1558 1290 1715 1347 consueta
1747 1293 1871 1369 ponunt
1901 1285 2063 1368 fiduciam,

412 1410 510 1474 supra
532 1410 568 1452 sc
591 1398 765 1474 querentes
787 1390 820 1452 in
843 1390 980 1453 aliorum
1004 1387 1121 1451 iniuria
1144 1386 1287 1470 gloriari.
1326 1383 1424 1449 Certe
1444 1405 1508 1448 non
1528 1386 1574 1449 sic
1590 1386 1751 1450 dictorum
1767 1386 2063 1452 Mediolanensium

411 1492 629 1576 arrogantiam
652 1493 805 1556 immitari
829 1492 996 1572 deberent,
1019 1497 1055 1553 ut
1079 1489 1253 1554 iuramenti
1269 1488 1362 1552 nobis
1386 1497 1491 1574 nuper
1513 1489 1652 1553 exhibiti
1668 1498 1780 1554 essent
1801 1513 1934 1576 prorsus
1958 1491 2061 1572 obliti,

412 1601 524 1658 contra
546 1593 684 1659 dilectos
706 1595 791 1659 lilios
815 1593 1053 1658 Cremonenses
1073 1599 1105 1656 et
1121 1591 1318 1655 Parmenses
1342 1590 1506 1655 hostiliter
1522 1591 1745 1678 procedendo,
1763 1594 1880 1678 quibus
1899 1595 2062 1658 iniuncxi-
2131 1605 2133 1608 ’

413 1719 496 1777 mus,
519 1704 691 1783 postquam
715 1699 835 1762 nostris
858 1698 1046 1761 iuraverunt
1073 1695 1208 1760 obedire
1239 1693 1415 1776 mandatis,
1449 1702 1486 1759 ut
1516 1718 1607 1760 arma
1639 1704 1752 1761 contra
1785 1697 1859 1760 illos
1891 1719 1994 1781 usque
2023 1696 2064 1760 ad

413 1799 660 1884 quadriennium
683 1822 748 1865 non
770 1807 953 1873 moverent;
987 1805 1037 1863 set
1061 1800 1089 1862 si
1112 1799 1209 1862 etiam
1233 1798 1437 1884 respicerent
1466 1819 1483 1863 c
1507 1799 1628 1880 vicino,
1656 1820 1775 1863 nomen
1797 1798 1932 1864 Domini
1955 1801 2063 1864 saltim

413 1924 487 1967 sero
510 1904 729 1987 requirerent,
753 1903 849 1968 etad
872 1902 964 1966 illum
991 1903 1143 1966 intuitum
1166 1902 1311 1986 ipsorum
1339 1902 1504 1986 erigerent
1527 1903 1749 1983 tenebrosum,
1779 1924 1853 1967 cum
1884 1924 1996 1967 eorum
2031 1911 2064 1966 et

412 2005 705 2071 Mediolanensium
728 2008 761 2070 in
785 2006 902 2091 quibus
926 2004 1092 2069 confidunt
1115 2005 1303 2090 superbiam
1330 2027 1403 2069 aum
1431 2006 1612 2090 ignominia
1635 2006 1843 2091 corripuerit,
1872 2005 2064 2091 dederitque

412 2108 591 2173 humilibus
607 2111 655 2174 eis
671 2109 900 2174 resistentibus
916 2108 1066 2192 gratiam,
1089 2107 1135 2170 ita
1153 2113 1189 2170 ut
1209 2127 1283 2170 cum
1299 2107 1362 2192 ipsi
1379 2107 1551 2172 crederent
1571 2109 1680 2174 omnia
1697 2108 1847 2194 redigere
1863 2109 1896 2172 in
1919 2110 2062 2173 cinerem

413 2218 446 2275 et
473 2211 632 2292 favillam,
661 2211 812 2276 viderunt
842 2218 876 2275 et
903 2210 1107 2288 doluerunts,
1139 2208 1227 2294 quod
1257 2231 1370 2274 eorum
1406 2212 1607 2297 arrogantia,
1641 2211 1821 2298 indignatio
1851 2219 1884 2276 et
1912 2212 2066 2297 superbia

414 2321 466 2378 est
487 2316 585 2400 longe
609 2316 748 2400 amplius
773 2335 868 2400 quam
892 2314 1037 2399 ipsorum
1060 2332 1126 2376 non
1147 2311 1410 2376 erubescentium
1432 2314 1597 2379 tortitudo.
1642 2316 1744 2380 Porro
1769 2315 1916 2400 quamvis
1940 2314 2065 2400 sperari

413 2419 556 2503 potuerit
579 2425 613 2483 et
634 2419 812 2482 verisimile
835 2416 1011 2496 videretur,
1034 2422 1071 2480 ut
1094 2417 1157 2502 ipsi
1179 2417 1234 2501 qui
1257 2417 1290 2480 in
1314 2438 1426 2481 eorum
1451 2419 1605 2505 episcopo
1627 2420 1766 2504 gratiam
1789 2440 1809 2482 a
1832 2419 1926 2483 nobis
1950 2439 2066 2482 sense-

300 2537 302 2546 ’
413 2527 489 2585 runt
510 2522 696 2608 specialem,
731 2543 827 2606 quam
861 2520 1010 2585 obtinere
1038 2520 1184 2584 aielicis
1206 2520 1441 2586 recordationis
1469 2519 1687 2610 I[nnccentio]
1713 2543 1798 2609 papa
1831 2520 2065 2607 predecessore

413 2630 524 2688 nostro
548 2625 678 2689 minime
701 2625 884 2706 valuerunt,
907 2623 1060 2688 mandata
1082 2630 1194 2688 nostra
1216 2645 1282 2688 non
1304 2625 1589 2711 parvipenderent,
1615 2647 1721 2710 neque
1746 2647 1804 2690 nos
1829 2631 1862 2690 et
1883 2625 2066 2689 Romanam

414 2726 589 2791 ecclesiam
611 2725 653 2790 ad
667 2726 867 2791 iracundiam
883 2735 1106 2814 provocarent,
1130 2748 1304 2812 numquam
1320 2734 1431 2792 tamen
1448 2735 1624 2814 tepuerunt
1645 2750 1718 2793 cum
1735 2728 1891 2814 predictis
1905 2727 2066 2791 Mediola-

413 2828 570 2893 nensibus
593 2831 746 2915 persequi
770 2830 984 2910 Christianos,
1007 2831 1060 2894 vel
1087 2831 1196 2895 verius
1219 2831 1326 2916 ipsum
1353 2830 1536 2906 Christum;
1567 2832 1623 2917 qui
1650 2833 1749 2896 etiam
1772 2832 1850 2896 licet
1872 2831 1905 2895 in
1929 2828 2067 2915 expedi-

414 2932 503 2996 tione
526 2932 629 3018 ipsius
652 2933 693 2996 ab
717 2933 843 2998 oriente
866 2955 970 3019 usque
1000 2933 1040 2996 ad
1069 2933 1274 2998 occidentem
1296 2941 1383 2998 totus
1405 2933 1474 2998 fere
1503 2941 1660 3019 urgeatur
1682 2936 1822 3020 populus
1847 2933 2065 3009 Christianus,

415 3040 527 3099 erecta
549 3040 659 3100 tamen
681 3037 808 3101 cervice
831 3044 945 3101 contra
966 3036 1143 3100 Dominum
1160 3036 1368 3117 incedentes,
1391 3059 1477 3102 nunc
1504 3045 1617 3102 contra
1639 3038 1803 3124 predictos
1828 3037 2068 3102 Cremonenses

415 3144 448 3202 et
470 3138 667 3203 Parmenses
685 3160 759 3203 cum
775 3139 898 3204 eisdem
915 3139 1216 3205 Mediolanensibus
1235 3142 1376 3226 superbo
1397 3142 1492 3204 oculo
1515 3146 1548 3205 et
1565 3141 1744 3205 insatiabili
1762 3139 1859 3204 corde
1884 3139 2066 3204 exercitum
2121 3187 2148 3226 ω

415 3261 589 3326 preparare
612 3243 775 3326 nituntur,
805 3265 840 3308 se
863 3265 937 3309 reos
961 3244 1096 3329 periurii
1123 3245 1254 3330 publice
1280 3250 1481 3326 statuentes,
1511 3265 1584 3307 cum
1614 3245 1678 3330 ipsi
1707 3243 1846 3330 quodam
1873 3241 2068 3329 proditionis

415 3363 537 3427 genere
568 3344 808 3412 Cremonenses
844 3355 877 3412 et
906 3347 1101 3412 Parmenses
1139 3348 1371 3434 prevenientes
1401 3347 1551 3428 eosdem,
1590 3347 1637 3412 eis
1668 3368 1772 3432 usque
1802 3346 1844 3411 ad
1873 3345 2069 3412 decennium

415 3447 540 3512 firmam
562 3455 733 3534 treuguam
756 3451 819 3516 hiis
843 3450 960 3516 diebus
984 3452 1163 3517 iuraverint
1186 3451 1368 3516 observare.
1407 3452 1502 3516 Unde
1519 3453 1595 3536 quia
1613 3451 1712 3516 nichil
1728 3450 1816 3515 aliud
1836 3456 1896 3515 etc.
1914 3457 1951 3512 ut
1971 3469 2070 3533 supra

415 3571 537 3634 usque:
562 3554 798 3638 aggravandas,
822 3555 970 3620 volentes
989 3563 1145 3635 rectores,
1162 3555 1369 3620 consiliarios
1389 3561 1451 3620 etc.
1470 3577 1586 3641 usque:
1609 3555 1767 3630 nuntiari;
1792 3559 1825 3618 et
1844 3574 1886 3618 ne
1903 3553 1959 3618 alii
1979 3553 2069 3616 cives

414 3652 599 3719 Placentini
623 3658 868 3722 exeusationem
892 3659 1022 3723 valcant
1045 3679 1174 3723 sumere
1198 3659 1399 3745 inpeccatis
1424 3666 1485 3723 etc.
1508 3681 1631 3744 usque:
1659 3659 1824 3722 civitatem
1853 3657 2069 3740 illarumque
2122 3699 2148 3738 3,

414 3754 615 3823 Placentinis
643 3761 812 3825 societatis
840 3760 952 3826 federe
983 3770 1058 3826 sunt
1086 3763 1218 3826 astricte
1249 3770 1311 3827 etc.
1335 3783 1457 3847 usque:
1489 3763 1679 3848 alligamus,
1710 3761 1765 3847 qui
1797 3759 1838 3826 de
1868 3759 2069 3824 Placentinis

414 3859 556 3944 aliquem
588 3865 848 3950 presumpserint
881 3865 915 3930 in
948 3871 1146 3951 potestatem
1175 3885 1343 3930 assumere
1374 3865 1427 3930 vel
1450 3871 1621 3930 rectorem.
1675 3864 1769 3928 Bona
1792 3884 1921 3949 quoque
1949 3869 2011 3927 etc.
2034 3868 2071 3925 ut

415 3983 514 4047 supra
535 3984 638 4050 usque
662 3967 696 4032 in
721 3968 829 4034 finem.

2119 2673 2145 2710 ‘2⁰

524 4426 712 4521 Honoras
727 4458 793 4521 ΠΙ
801 4477 890 4538 papa
908 4457 1152 4522 urrermosoos
1165 4459 1327 4538 protom,
1349 4464 1385 4523 or
1399 4460 1539 4524 sonares
1552 4479 1624 4524 aas
1646 4465 1675 4524 a
1693 4459 1891 4525 castratos
1905 4461 1934 4521 a
1951 4455 2069 4520 rueras

414 4572 443 4629 et
466 4583 578 4643 omues,
601 4562 656 4642 qui
678 4581 792 4628 monus
813 4563 986 4627 iomocroot
1007 4563 1043 4625 ia
1065 4561 1215 4643 quosdam
1231 4563 1359 4641 priores
1380 4564 1427 4627 oct
1449 4564 1527 4628 iatri
1542 4569 1783 4644 accceperuut,
1805 4563 1897 4644 iosro
1917 4565 1980 4625 octo
2002 4560 2069 4622 dios
2121 4609 2148 4648 ,0

413 4669 475 4732 sihi
492 4667 625 4731 Romam
646 4666 872 4742 tansmittout
894 4669 923 4728 ot
943 4665 1047 4744 prior-i
1064 4664 1176 4729 Soactr'
1191 4664 1296 4729 Lucae
1317 4666 1441 4729 restitui
1460 4666 1583 4746 fociant
1600 4667 1756 4731 ecetesiam
1778 4685 1877 4745 soorrr,
1900 4667 1928 4728 ct
1950 4665 2068 4726 statuta

414 4775 522 4834 contro
545 4769 717 4833 libertatem
738 4767 975 4834 ecclesiasticam
996 4767 1080 4830 cottia
1100 4767 1253 4832 abotooot.
1722 4773 1816 4848 1218,
1841 4769 1906 4834 lat.
1929 4769 1982 4832 25.

518 4888 591 4943 Han.
610 4888 666 4942 III
680 4887 747 4958 Rep.
771 4889 828 4942 Vol.
847 4887 872 4950 I,
891 4891 956 4951 286,
974 4891 1047 4940 287.-
1066 4887 1128 4941 Lib.
1147 4888 1191 4950 ΙΙ,
1210 4891 1289 4940 1298.

998 5098 1168 5190 Populo
1196 5101 1486 5174 viterbiensi.

522 5246 559 5311 si
593 5269 767 5331 ageremus
801 5246 970 5311 vobiscum
1010 5248 1186 5313 secundum
1219 5256 1401 5314 vestrorum
1438 5251 1639 5336 exigentiam
1675 5251 1878 5329 meritorum,
1919 5248 2067 5335 profecto
2122 5298 2148 5334 4,

414 5371 609 5435 negaremus
632 5351 726 5416 vobis
749 5352 928 5437 apostolice
960 5353 1163 5417 salutationis
1192 5355 1387 5439 alloquium,
1418 5376 1479 5420 nec
1508 5376 1567 5419 vos
1593 5376 1802 5419 moneremus
1831 5361 1867 5418 nt
1889 5354 1985 5433 filios,
2010 5353 2069 5418 sed

414 5461 450 5518 ut
472 5455 584 5519 hostes
608 5455 748 5519 ecclesie
772 5456 886 5540 punire
910 5457 1085 5520 severitate
1110 5457 1222 5522 debita
1246 5459 1466 5539 studeremus,
1490 5481 1564 5523 cum
1587 5481 1627 5524 ea
1649 5459 1735 5523 circa
1757 5458 1895 5522 dilectos
1918 5458 2003 5521 lilios
2027 5508 2035 5524 .
2060 5508 2068 5524 .

526 5683 548 5750 ·)
564 5683 602 5733 aa
619 5683 651 5734 a.
