4590 6366
1034 358 1082 418 EX
1101 359 1276 418 GREGORII
1293 355 1332 414 IX
1352 355 1532 417 REGIS'PRO

1242 680 1326 752 670.

565 789 756 904 Gregorius
778 819 834 886 IX
840 829 843 836 ⁴
850 841 938 902 papo
960 820 1139 886 oonsulibus
1160 826 1189 886 et
1204 821 1323 902 populo
1348 821 1568 884 Terracimmsi
1589 817 1729 898 iaudat,
1752 824 1787 884 ut
1809 817 1851 887 P.
1867 819 2075 901 Frciapauc
2096 819 2132 886 dc

457 923 599 1000 iustitiis,
621 944 701 1004 quus
723 929 797 990 autc
817 923 1006 990 discordiam
1028 924 1113 988 iuter
1133 925 1291 990 ecclesiam
1313 928 1342 988 ot
1363 923 1523 988 Romanos
1544 924 1697 1001 imbuerit,
1719 923 1950 1004 respondeant.

563 1109 646 1181 (imp.
665 1112 714 1165 IX
731 1111 800 1182 aeq.
822 1112 881 1166 Vol.
906 1112 936 1182 V,
955 1115 1001 1176 913
1020 1111 1082 1168 Isth,
1100 1112 1156 1176 Ιχ,
1176 1116 1240 1167 332.
1779 1029 1875 1106 1236,
1901 1027 1984 1092 Ian.
2013 1053 2045 1091 l.

843 1327 1115 1402 Consulibus
1143 1331 1185 1401 ct
1211 1328 1377 1419 populo
1405 1326 1727 1402 Tarracinensi.

567 1474 719 1539 Formam
743 1477 834 1562 pacis
857 1477 944 1541 inter
967 1477 1142 1543 ecclesiam
1166 1485 1200 1542 et
1223 1476 1388 1542 Romanos
1413 1478 1581 1542 observari
1604 1477 1784 1556 volentes¹,
1814 1481 2131 1561 quantumcumque

462 1597 519 1639 vos
549 1577 633 1642 siout
663 1581 826 1664 speciales
862 1581 1003 1646 ecclesie
1034 1581 1119 1644 filios
1149 1580 1339 1666 diligamus,
1375 1581 1548 1665 nequimus
1580 1580 1720 1645 ulterius
1755 1580 1912 1664 querelas
1950 1581 2132 1644 continuas

461 1679 581 1743 nobilis
608 1681 677 1745 viriv
700 1682 737 1745 P.
765 1682 972 1768 Fraiapanc²
1002 1683 1082 1747 civis
1109 1683 1265 1758 Romani,
1298 1684 1352 1769 qui
1384 1704 1419 1747 se
1450 1705 1470 1747 a
1498 1683 1594 1747 nobis
1622 1684 1740 1746 asserit
1771 1689 1924 1768 tempore
1958 1682 2131 1747 discordie

463 1782 651 1868 spoliatum,
682 1786 742 1849 sub
766 1785 1028 1852 dissimulatione
1053 1787 1209 1866 transire,
1240 1808 1313 1852 cum
1339 1787 1433 1850 iuxta
1454 1787 1592 1851 formam
1615 1787 1705 1871 pacis
1729 1785 1877 1851 eiusdem
1903 1787 2049 1873 spoliati
2074 1808 2133 1872 per

464 1886 638 1951 ecclesiam
671 1889 844 1954 occasione
888 1889 1036 1976 predicte
1073 1890 1235 1955 discordie
1275 1891 1517 1955 restitutionem
1556 1889 1698 1954 debcant
1732 1888 1891 1954 obtinere.
1958 1889 2132 1963 Quocirca

462 1991 666 2076 presentium
689 1993 781 2057 vobis
806 1993 1001 2058 auctoritate
1025 1993 1233 2074 mandamus,
1266 1994 1417 2078 quatinus
1442 1992 1482 2056 de
1513 1992 1647 2056 iustitiis
1672 1993 1739 2056 suis
1762 1991 1892 2076 integre
1919 1993 2013 2057 sicut
2039 1994 2132 2078 prins

463 2092 690 2178 respondeatis
714 2095 833 2160 eidem.
874 2096 1028 2161 Ceterum
1046 2098 1207 2176 volumus,
1231 2097 1320 2160 utel
1344 2118 1409 2160 non
1431 2098 1505 2182 plus
1529 2097 1618 2176 iuris,
1644 2117 1739 2181 quam
1763 2103 1839 2161 ante
1863 2097 2049 2176 habuerat,
2074 2117 2151 2185 pcr-

463 2194 649 2261 huiusmodi
677 2201 917 2265 restitutionem
952 2206 1134 2280 accrescat,
1171 2222 1275 2286 eoque
1306 2201 1457 2264 restituto
1488 2200 1537 2263 ius
1569 2205 1713 2264 vestrum
1743 2200 1776 2262 in
1806 2201 1965 2265 omnibus
2001 2201 2133 2264 salvum

463 2299 556 2363 vobis
579 2301 713 2366 existat.

570 2420 647 2487 Dat.
670 2422 824 2506 Viterbii,
847 2423 915 2487 VII
937 2423 986 2488 Id.
1009 2424 1141 2491 Ianuar.
1165 2445 1249 2489 anno
1273 2446 1369 2490 nono.

1086 2687 1497 2694 —————-——-—-—.

1251 2929 1338 3003 671.

575 3036 765 3149 (disputas
796 3066 852 3132 rx
878 3089 966 3150 papa
994 3068 1200 3153 [mitum]
1231 3070 1370 3150 episcopo
1401 3070 1557 3151 omnam
1589 3070 1768 3134 mutuae
1799 3070 1949 3148 musar,
1986 3076 2027 3134 m
2062 3075 2136 3136 aa

461 3171 728 3252 peropmuatiouis
755 3191 934 3254 poemerium
967 3174 1252 3255 crucesipuctmum
1285 3174 1322 3236 iu
1355 3174 1524 3238 Brcumusi
1560 3175 1741 3254 prouincia,
1773 3175 1809 3236 iu
1845 3173 2135 3256 Mcpdoburpcusi

466 3274 720 3356 Haoclborpcusi,
752 3275 886 3340 dimidia
917 3276 1201 3358 Brundehurpcusi
1232 3296 1340 3340 versus
1375 3278 1498 3355 Albim,
1541 3277 1703 3354 Verdeusi
1737 3274 1907 3340 Miudeasi
1941 3280 1972 3340 ct
2009 3277 2136 3342 Padar-

467 3376 618 3440 lumensi
639 3376 809 3442 diooasihus
831 3383 861 3444 ct
885 3379 1083 3446 Gottiaadio
1114 3384 1272 3444 muocrtat
1299 3382 1335 3443 iu
1362 3399 1543 3446 succursum
1572 3379 1714 3460 fidelium
1736 3379 1771 3441 iu
1790 3377 1940 3458 portibus
1962 3378 2135 3458 Lieouiuc,

467 3479 682 3561 Somipaliimr,
714 3479 870 3547 Ouroumc
899 3486 929 3547 ct
957 3483 1129 3560 samua
1152 3488 1319 3564 practerea
1348 3503 1418 3546 curu
1444 3487 1559 3560 monet,
1593 3486 1629 3545 ut
1658 3481 1846 3545 munitiones
1872 3501 1933 3561 pro
1961 3484 2135 3569 neophytis
2183 3522 2206 3561 2,

464 3582 601 3663 poponis
622 3584 770 3664 expositis
789 3585 862 3666 ficri
883 3588 912 3648 ct
932 3585 1084 3666 episcopis
1105 3585 1295 3667 crepantibus
1316 3586 1402 3650 sedes
1424 3586 1571 3650 ordinari
1586 3588 1743 3666 promeret.

572 3769 655 3838 Grsst·
673 3770 723 3824 IX
740 3770 808 3840 luo.
829 3771 888 3826 Vol.
908 3772 937 3836 V,
957 3777 1026 3834 108,¹
1046 3771 1106 3827 Leo.
1126 3773 1181 3836 IX,
1202 3777 1266 3828 382.
1748 3690 1840 3766 1236’
1862 3688 1960 3754 Febr·
1987 3693 2044 3756 1¹²·

570 3855 707 3924 Potitust
727 3855 794 3926 Bag.
815 3861 913 3912 10094.

578 4126 586 4143 .
616 4125 625 4143 .
654 4069 866 4163 episcopo
894 4072 1117 4162 quondam
1143 4072 1405 4160 Mutinensi,
1433 4071 1678 4163 apostolice
1705 4071 1822 4146 sedis
1848 4072 2012 4164 legato.
2181 4123 2204 4164 „

577 4218 628 4283 Ne
662 4225 750 4283 terra
783 4225 875 4283 vaste
912 4218 1116 4301 solitudinis,
1154 4243 1249 4307 quam
1283 4221 1446 4286 Dominus
1482 4221 1516 4284 in
1549 4221 1696 4306 partibus
1730 4222 1885 4302 Livonie,
1921 4221 2132 4308 Semigallie,

469 4321 612 4387 Curonie
651 4342 689 4386 ac
726 4321 864 4388 Estonie
902 4344 962 4410 per
1004 4325 1223 4390 ministerium
1260 4324 1502 4411 predicatorum
1538 4322 1704 4389 adducens
1741 4323 1782 4388 ad
1819 4324 1943 4388 cultum
1982 4327 2132 4390 nominis

469 4422 648 4487 Christiani
677 4423 718 4488 de
750 4425 874 4490 semine
901 4427 995 4491 verbi
1025 4429 1075 4492 sui
1103 4427 1184 4493 iecit
1212 4450 1297 4492 nova
1324 4428 1470 4492 fidelium
1499 4434 1613 4512 segete
1642 4427 1808 4514 pululare,
1839 4427 1928 4512 quod
1956 4429 2064 4510 absit,
2096 4430 2131 4492 in

470 4527 670 4610 salsuginem
694 4526 873 4612 redigatur,
904 4537 954 4594 set
984 4533 1094 4615 potius
1118 4532 1327 4596 crescensin
1351 4553 1492 4596 messem
1515 4532 1547 4595 in
1570 4531 1711 4595 fructum
1734 4531 1892 4596 exuberet
1916 4539 2131 4618 oportunum,

471 4627 622 4712 expedit,
652 4637 689 4693 ut
712 4630 835 4695 Christi
864 4631 978 4697 fideles
1002 4654 1022 4697 a
1044 4635 1196 4721 paganis,
1229 4636 1284 4720 qui
1313 4635 1419 4700 adhuc
1443 4635 1575 4720 gentilis
1599 4635 1717 4699 erroris
1745 4635 1878 4699 horrore
1901 4643 1980 4700 sunt
2004 4636 2131 4723 hispidi
2183 4674 2207 4710 ῃ

471 4738 624 4816 tanquam
652 4735 761 4819 spine,
800 4736 986 4801 nullatenus
1024 4738 1163 4824 opprimi
1195 4739 1439 4824 permittantur,
1476 4746 1527 4803 set
1561 4746 1713 4824 potenter
1740 4737 1960 4804 defendantur
1992 4739 2035 4802 ab
2068 4740 2131 4820 eis,

469 4834 551 4918 alias
576 4837 727 4920 congruis
751 4839 882 4903 auxiliis
906 4841 1117 4914 confovendi,
1140 4842 1293 4924 quatinus
1317 4865 1382 4907 non
1407 4845 1512 4907 solum
1535 4864 1554 4906 a
1576 4843 1725 4907 veritatis
1748 4843 1812 4928 ipsi
1835 4845 1967 4908 tramite
1993 4845 2133 4912 deviare

470 4949 557 5001 nona
587 4948 760 5024 cogantur,
792 4963 905 5008 verum
938 4945 1037 5010 otiam
1060 4943 1095 5007 in
1117 4942 1182 5008 fide
1212 4943 1329 5010 fortius
1362 4945 1498 5010 radicati
1527 4947 1776 5012 conversionem
1799 4947 1872 5011 aliis
1896 4950 2033 5013 valeant
2057 4951 2132 5015 elli-

582 5111 1116 5128 --A-——-..-.„—-.-.—-.--.—-————
1761 5123 2026 5130 -—----—.———..r.

576 5235 598 5298 ¹)
617 5255 668 5288 non
686 5237 754 5288 decu
771 5238 799 5288 iu
818 5237 850 5288 R.

573 5374 600 5441 1)
619 5372 662 5440 Cf.
680 5389 706 5427 u.
727 5376 783 5426 636
801 5379 826 5428 ct
843 5373 917 5428 duos
934 5373 1065 5443 epistolas
1079 5389 1177 5443 papae
1195 5374 1236 5441 [a.
1255 5377 1341 5444 1235]
1361 5377 1432 5443 Aup.
1453 5379 1471 5428 8
1489 5375 1571 5429 dotas
1588 5393 1634 5444 up.
1653 5375 1837 5446 Papcucordt‚
1858 5374 1956 5433 aesca
1975 5377 2028 5435 der
2047 5381 2133 5438 Stude
2185 5407 2207 5446 u

471 5457 542 5512 Rom
559 5459 597 5511 im
615 5459 786 5522 Milichum,
805 5459 846 5514 cd.
866 5460 965 5528 Hh'jler
979 5476 1009 5529 p.
1027 5464 1091 5524 297,
1115 5479 1142 5512 u.
1162 5463 1196 5513 19
1215 5463 1239 5513 et
1256 5465 1303 5514 20.
1408 5463 1434 5528 2)
1453 5462 1536 5515 Hunc
1553 5479 1612 5516 esso
1628 5463 1802 5516 arbitramur
1821 5463 1936 5517 Petrum
1954 5465 2136 5538 Bhaiopuae.

469 5545 518 5612 qui
534 5546 584 5597 hoc
601 5547 665 5614 ipso
688 5560 760 5599 auno
782 5547 813 5600 iu
834 5545 902 5600 urie
920 5546 1009 5600 Romu
1031 5562 1086 5616 pro
1103 5551 1187 5616 porte
1209 5546 1387 5615 imperatoris
1410 5563 1541 5616 guerram
1561 5547 1643 5602 iuuerit
1667 5556 1763 5604 contro
1782 5567 1886 5618 popum
1911 5557 1938 5606 et
1962 5563 2121 5610 senatorem
2128 5578 2138 5626 ,·
2179 5545 2184 5550 ¹

471 5632 555 5701 Itym.
574 5631 607 5684 do
625 5633 651 5686 S.
672 5633 761 5686 Gerar.
780 5651 806 5687 u.
827 5636 906 5694 1333,
925 5632 972 5685 SS.
992 5639 1009 5686 t.
1030 5634 1115 5697 XIX,
1131 5650 1161 5702 p.
1182 5638 1243 5689 374.
