4596 6406
782 370 983 433 EPIS'IOLAE
1001 372 1191 435 SEBECTAR
1228 375 1304 436 12³8.

543 748 703 827 Nobili
729 751 927 828 mulieri
954 752 1239 828 donnicelle
1266 751 1544 830 Turritane.

322 898 374 964 De
405 907 492 966 statu
522 924 662 988 persone
691 924 730 968 ao
760 911 847 968 torre
878 909 933 967 tue
957 902 999 968 ad
1021 903 1203 967 Romanam
1226 905 1402 970 ecclesiam
1425 905 1631 992 pertinentis,
1646 883 1753 991 ‘quem
1776 911 1865 970 tran·

216 1006 353 1091 quillum
383 1028 458 1071 esse
483 1010 630 1094 cupimus
659 1014 691 1073 ct
721 1011 885 1094 quietum,
914 1016 1069 1093 gerentes
1098 1009 1354 1074 sollicitudinem
1378 1010 1567 1095 specialem,
1596 1009 1740 1074 nobilem
1765 1010 1869 1073 virum

220 1108 376 1174 Guelium
416 1110 457 1175 de
491 1111 663 1192 Porcaria,
709 1114 890 1200 apostolice
933 1112 1020 1177 sedis
1055 1111 1208 1178 devotum
1239 1113 1341 1176 lilium
1370 1120 1404 1177 et
1437 1112 1581 1194 fidelem,
1629 1119 1797 1178 strenuum
1832 1119 1865 1176 et

156 1226 168 1264 ⁵
220 1219 403 1299 potentem,
440 1215 533 1279 cuius
565 1216 770 1302 providentia
809 1223 842 1280 et
880 1218 1016 1282 consilio
1055 1225 1144 1280 terra
1179 1215 1252 1302 ipsa
1289 1217 1410 1303 poterit
1437 1216 1522 1282 bene
1550 1217 1623 1302 rogi
1650 1223 1683 1280 et
1711 1237 1868 1304 prospere

146 1747 170 1782 1⁰

148 2283 172 2321 lo

147 2853 174 2892 20

152 4107 177 4145 25

220 1316 411 1400 gubernari,
440 1319 498 1383 tibi
529 1321 730 1406 providimus
759 1321 1043 1386 matrimonialiter
1073 1319 1300 1406 copulandum.
1353 1321 1514 1395 Quocirca
1545 1321 1749 1385 nobilitatem
1781 1326 1870 1383 tuam

221 1441 392 1484 monemus
430 1427 587 1488 attentius
625 1433 658 1491 et
695 1427 863 1491 hortamur
899 1447 937 1490 ae
973 1447 1032 1512 per
1054 1426 1236 1512 apostolica
1263 1426 1324 1489 tibi
1348 1426 1470 1513 scripta
1492 1424 1695 1505 mandamus,
1718 1425 1871 1509 quatinus

221 1524 363 1608 aliquem
386 1535 644 1612 procuratorem,
668 1530 723 1614 qui
746 1528 787 1594 de
810 1529 1015 1594 matrimonio
1040 1530 1181 1593 intorte
1211 1549 1249 1594 ac
1279 1527 1401 1593 dictum
1424 1529 1568 1594 nobilem
1591 1527 1813 1593 contrahendo
1838 1528 1871 1591 in

221 1627 330 1690 anima
353 1634 409 1692 tua
431 1639 580 1715 prestare
603 1632 712 1697 valeat
733 1634 963 1713 iuramentum,
993 1632 1034 1697 ad
1056 1635 1256 1720 presentiam
1280 1641 1425 1698 nostram
1450 1634 1670 1698 transmittere
1693 1654 1758 1697 non
1782 1639 1873 1718 post·

221 1751 337 1816 ponas,
361 1733 423 1796 sub
445 1756 531 1820 pena
553 1738 902 1802 excommunicationis
927 1746 960 1802 ot
979 1737 1170 1824 privationis
1187 1737 1287 1800 totius
1302 1744 1390 1801 terre
1405 1744 1462 1801 tue
1478 1735 1658 1801 districtius
1674 1735 1872 1814 inhibentes,

220 1841 271 1914 ut,
312 1857 384 1900 cum
424 1837 540 1904 eadem
569 1846 657 1905 terra
695 1842 885 1927 specialiter
917 1843 1005 1907 beati
1028 1842 1120 1906 Petri
1157 1842 1237 1906 iuris
1271 1841 1402 1920 existat,
1437 1847 1572 1927 propter
1607 1838 1693 1924 quod
1727 1839 1873 1925 aliquem

222 1945 410 2024 suspectum
444 1963 509 2007 non
543 1942 643 2009 debes
676 1945 709 2009 in
743 1946 848 2009 virum
885 1966 1067 2026 assumere,
1105 1945 1160 2031 qui
1184 1944 1326 2009 ecclesie
1361 1944 1432 2008 iura
1461 1945 1571 2009 valeat
1592 1943 1802 2030 perturbare,
1832 1941 1873 2006 ad

222 2043 479 2110 contrahendum
524 2069 598 2111 curn
643 2048 752 2132 aliquo
801 2049 1041 2114 matrimonium
1074 2068 1139 2111 non
1185 2046 1343 2133 procedas
1378 2047 1448 2111 siue
1482 2046 1635 2111 mandato
1669 2052 1781 2111 nostro
1818 2045 1873 2109 vel

222 2145 355 2210 licentia
378 2151 516 2235 speciali
528 2153 549 2216 ².

332 2268 408 2334 Dat.
431 2270 583 2339 Lateran.
607 2272 642 2337 II
664 2272 739 2338 Kal.
764 2273 860 2348 Iunii,
884 2293 970 2337 anno
994 2270 1196 2336 duodecimo.

330 2390 368 2455 In
404 2393 544 2458 eundem
578 2394 647 2459 fere
683 2395 815 2458 modum
850 2445 857 2461 .
890 2442 898 2458 .
930 2393 1176 2479 archiepiscopo
1198 2391 1373 2455 Turritono
1407 2413 1527 2477 usque:
1564 2390 1697 2455 licentia
1731 2388 1871 2476 spetiali.

222 2497 385 2572 Quocirca
419 2498 625 2580 mandamus,
662 2501 815 2586 quatinus
850 2499 970 2563 dictam
994 2497 1211 2561 donnicellam
1242 2493 1283 2558 ad
1317 2494 1367 2572 id,
1403 2515 1498 2578 quam
1522 2493 1711 2578 diligentius
1734 2494 1876 2579 poteris,

224 2622 358 2665 moneas
382 2609 415 2667 et
438 2601 584 2680 inducas,
609 2603 777 2667 efficacem
801 2625 896 2689 opem
922 2609 954 2666 et
977 2619 1112 2688 operam
1135 2597 1365 2686 impendendo.

332 2722 406 2788 Dat.
430 2731 467 2788 ut
490 2746 599 2810 supra.

333 2845 373 2909 In
396 2845 537 2910 eundem
560 2843 691 2909 modum
714 2893 722 2910 .
746 2897 754 2913 .
778 2846 934 2932 episcopo
957 2843 1177 2930 Empurienri.

334 2949 371 3013 In
395 2949 535 3014 eundem
558 2948 690 3014 modum
714 2950 815 3014 nobili
839 2950 908 3014 viro
931 2944 1059 3036 Plctro]
1085 2946 1183 3011 iudici
1207 2945 1398 3010 Arborensi.

1014 3615 1101 3689 730.

336 3748 527 3860 (ireos-ius
549 3775 605 3842 IX
625 3797 712 3858 popo
733 3773 934 3841 Fridericum
957 3772 1171 3837 Romanormm
1193 3769 1408 3847 imperatorem
1430 3764 1543 3828 itemm
1564 3766 1668 3844 repat,
1690 3765 1725 3825 ut
1751 3757 1883 3824 Petram

230 3885 444 3951 Sarrcccmrm
465 3883 502 3946 de
524 3881 717 3958 Andreoclo,
748 3880 842 3944 civem
869 3877 1062 3953 Romanum,
1084 3873 1232 3937 arentiam
1257 3869 1409 3954 [Hemici
1432 3867 1511 3952 111]
1539 3868 1621 3949 repis
1641 3865 1819 3947 Araplomrm
1841 3861 1886 3925 ud

229 3989 329 4053 semro
359 3985 561 4067 apostolicam
590 3985 733 4062 naissum,
767 4003 855 4064 prtem
886 3986 1010 4062 eoptrrm
1035 3980 1186 4054 detineat,
1219 3975 1358 4038 libertati
1379 3973 1543 4050 restituct;
1572 3971 1668 4034 mittit
1693 3968 1737 4032 od
1757 3965 1885 4031 acarde

229 4093 288 4157 irae
308 4113 343 4156 re
364 4089 579 4174 [Ardirrpmm]
601 4087 775 4168 episcopan
796 4086 1028 4151 Florentinum.

1553 4163 1647 4237 1238,
1670 4159 1745 4226 Iun.
1767 4161 1799 4220 3.

336 4295 488 4366 Grep.1X
505 4295 575 4366 nep.
595 4293 656 4348 Vol.
678 4292 729 4356 VI,
747 4297 796 4356 er,·
814 4291 875 4346 [Ab.
895 4291 967 4358 XII,
986 4293 1046 4345 129.

335 4383 471 4449 Pottlmat,
489 4381 558 4450 Rep.
578 4384 669 4434 10th
685 4386 710 4433 ei
735 4379 932 4442 Wialrelmanm,
951 4381 1023 4431 Aeta
1042 4377 1112 4445 Imp.
1131 4373 1202 4429 iered.
1219 4389 1247 4442 p.
1268 4375 1334 4436 523,
1351 4387 1378 4425 rr.
1398 4371 1461 4422 654.

410 4628 655 4718 Friderico,
682 4626 983 4701 Romanorum
1011 4620 1271 4717 imperatori
1298 4638 1473 4712 semper
1497 4619 1712 4708 augusto,

644 4748 886 4822 Ierusalem
914 4752 955 4822 et
982 4745 1147 4820 Sicilie
1174 4741 1272 4834 regi
1300 4737 1483 4814 illustri.

341 4903 454 4990 Nuper
489 4901 695 4988 imperialem
729 4897 963 4966 excellentiam
999 4894 1190 4982 apostolicis
1231 4891 1349 4956 litteris
1372 4899 1547 4953 'exorasse
1588 4880 1815 4956 meminimus,
1854 4883 1890 4941 ut

232 5007 378 5072 nobilem
412 5007 517 5070 virum
539 5005 673 5070 Petrum
698 5003 914 5069 Sarracenum
938 4998 980 5064 de
1002 4997 1207 5076 Andreocta,
1243 4995 1349 5060 civem
1371 4991 1571 5068 Romanum,
1606 5007 1626 5050 a
1654 4991 1687 5049 to
1712 4988 1809 5070 prout
1832 4986 1889 5045 tuc

235 5110 423 5178 celsitudini
446 5110 571 5196 placuit
595 5109 752 5174 carcerali
774 5104 922 5172 custodie
945 5105 1188 5190 mancipatum,
1214 5099 1256 5165 ob
1280 5095 1499 5164 reverentiam
1529 5089 1709 5178 apostolice
1742 5083 1829 5150 sedis
1858 5089 1892 5148 et

235 5224 380 5304 nostram
403 5212 542 5302 pristine
567 5213 760 5278 restitueres
783 5207 940 5274 libertati.
986 5207 1178 5293 Superque
1203 5226 1242 5270 eo
1266 5202 1394 5268 facilius
1418 5194 1566 5264 exaudiri
1590 5191 1799 5270 credidimus,
1828 5207 1891 5272 quo

160 5347 185 5386 :a
239 5321 354 5386 lortius
376 5327 409 5383 te
433 5316 475 5384 ad
499 5317 532 5382 id
555 5315 665 5381 induci
689 5335 732 5378 err
752 5312 947 5394 dilectione,
976 5308 1137 5398 quemad
1165 5307 1373 5373 karissimum
1404 5305 1438 5369 in
1466 5300 1597 5366 Christo
1620 5297 1724 5361 fllium
1745 5299 1893 5358 nostmm

238 5473 280 5490 ..
307 5424 428 5511 Anglie
463 5443 575 5507 regem
611 5421 771 5484 illustrem
805 5425 979 5502 cognatum
1013 5423 1121 5494 tuum,
1156 5413 1212 5498 qui
1246 5432 1321 5476 cum
1355 5431 1413 5496 pro
1448 5407 1516 5472 suis
1550 5402 1692 5488 negotiis
1715 5397 1756 5463 ad
1780 5394 1893 5460 sedern

1487 5581 1506 5586 .-
1520 5581 1522 5586 .
1532 5579 1605 5584 .-—.
1612 5573 1782 5584 -.....—--

344 5719 370 5788 1)
391 5717 472 5772 Circo
493 5717 551 5772 Oet.
570 5715 689 5770 eirenem
706 5713 776 5768 amai
793 5713 886 5766 Enrio
899 5711 964 5784 filio
980 5709 1106 5764 naturali
1123 5704 1302 5776 imperatorie
1319 5704 1422 5776 nupsit.
