4596 6406
429 375 491 440 654
1014 364 1062 424 EX
1080 364 1255 424 oanoouu
1272 362 1312 422 IX
1330 363 1512 424 REGISTRO

430 547 582 634 quatinus
604 567 647 611 ne
671 545 776 610 dictus
799 543 839 609 F.
863 541 963 608 corda
990 529 1136 608 fidelium
1166 541 1338 607 fallacibus
1369 543 1479 608 verbis
1511 542 1702 610 subvertere
1725 544 1778 609 vel
1809 547 2011 634 contagione
2046 547 2101 614 sni

434 652 539 737 possit
568 647 814 736 quomodolibet
844 669 978 734 gregem
1008 647 1217 713 Dominioum
1252 648 1435 728 maculare,
1473 649 1560 712 clero
1596 654 1630 713 et
1664 652 1785 735 populo
1818 653 1913 718 vobis
1950 655 2099 720 subditis

433 754 623 841 supradicta
645 754 742 839 plene
765 773 804 818 ac
827 752 970 817 fideliter
993 751 1179 837 exponatis.

461 941 462 944 ,
538 873 615 937 Dat.
642 871 716 940 Lat.
739 872 814 938 Kal.
837 872 915 937 Iulii
925 873 947 954 ¹,
970 893 1055 935 anno
1077 869 1171 936 XIII.

539 997 579 1060 In
603 993 746 1060 eundem
771 994 904 1059 modum
927 994 1090 1058 universis
1113 992 1370 1079 archiepiscopis
1394 998 1428 1056 et
1452 992 1627 1080 episcopis.

539 1098 579 1162 In
603 1098 744 1163 eundem
767 1096 900 1163 modurn
923 1146 958 1163 ..
982 1098 1102 1162 illustri
1124 1097 1195 1183 regi
1216 1095 1356 1161 Francia
1381 1103 1444 1163 etc.
1467 1118 1587 1183 usqne:
1619 1097 1841 1183 comprobari,
1865 1102 1978 1167 verbis
2005 1125 2100 1168 com-

435 1207 588 1288 petenter
621 1203 765 1266 mutatis.
830 1201 992 1275 Quocirca
1020 1202 1230 1266 serenitatem
1260 1200 1383 1285 regiam
1419 1200 1613 1265 monendam
1641 1201 1794 1266 duximus
1826 1209 1860 1268 et
1885 1205 2099 1287 hortandam,

334 1381 337 1386 ,
435 1305 587 1390 quatinus
611 1304 800 1392 supradicta
821 1304 881 1369 tibi
904 1305 1004 1370 iacias
1028 1305 1205 1391 diligenter
1227 1304 1366 1391 exponi,
1399 1326 1440 1368 ne
1472 1305 1593 1390 regalis
1622 1305 1808 1370 innocentie
1836 1309 1961 1392 puritas
1987 1313 2101 1396 possit

435 1408 546 1472 verbis
569 1407 740 1474 fallacibus
763 1409 932 1474 maculari.

542 1511 582 1574 In
608 1513 746 1577 eundem
770 1512 904 1577 modum
926 1510 1088 1576 universis
1112 1510 1255 1596 regibus.

1223 1948 1310 2023 751.

315 2161 321 2172 ,
545 2061 736 2173 Gregorius
756 2089 813 2154 IX
836 2110 923 2171 papa
949 2089 1092 2153 ecclesim
1120 2087 1307 2153 Valentiuac
1333 2086 1378 2150 ad
1392 2105 1501 2167 preces
1528 2085 1688 2152 Willrclrni
1710 2089 1928 2168 procuratoris
1957 2093 2101 2158 eiam

435 2197 642 2261 concessiones
662 2199 692 2258 ct
713 2194 879 2273 libertates
901 2215 922 2258 a
939 2193 1143 2274 pontificibus
1164 2195 1193 2255 ct
1214 2191 1457 2272 imperatoribus
1478 2189 1632 2253 Romanis
1661 2191 1796 2272 aliisque
1821 2193 1918 2256 udam
1940 2195 2100 2276 indultas,

438 2301 610 2382 confluunt.
1769 2297 1862 2373 1239,
1885 2297 1949 2362 Iul.
1975 2305 2007 2364 7.

542 2418 624 2488 ersa.
643 2401 693 2472 sir
710 2417 779 2489 aeq.
803 2417 859 2471 aa.
880 2416 931 2484 ur,
949 2419 1104 2482 rar-raa
1121 2413 1183 2471 ara.
1203 2413 1297 2480 x111,
1315 2416 1374 2467 122.

541 2505 679 2570 Parrhase,
699 2504 770 2574 ch.
790 2508 890 2559 10775.

749 2717 973 2790 Wi-llelmo
1001 2714 1290 2808 procuratori
1317 2712 1501 2788 ecclesie
1528 2712 1775 2788 Valentino.

547 2867 622 2932 Hiis
646 2889 709 2952 que
732 2867 798 2932 Dei
822 2867 971 2933 ecclesiia
996 2865 1207 2932 conferuntur
1233 2863 1376 2929 libenter
1406 2863 1565 2928 adicimus
1588 2864 1759 2947 apostolici
1781 2866 1969 2931 muniminis
1994 2868 2101 2934 firmi-

443 2979 560 3051 tatem,
594 2977 630 3035 ut
661 2972 857 3036 intemerata
886 2970 1082 3052 consistant,
1116 2990 1180 3055 que
1208 2974 1320 3033 nostro
1347 2967 1468 3032 luerint
1495 2965 1639 3051 presidio
1670 2969 1878 3038 communita.
1938 2970 2027 3037 Sane
2066 2974 2102 3038 ia

441 3081 554 3140 nostra
575 3075 776 3160 proposuisti
800 3074 966 3163 presentia
987 3075 1195 3156 constitutus,
1219 3071 1451 3159 quodquidam
1474 3071 1689 3155 imperatores
1705 3069 1845 3137 Romani
1860 3085 2103 3144 concesserunt

442 3181 583 3245 ecclesie
606 3179 805 3245 Valentine²
828 3180 993 3245 civitatem
1016 3179 1227 3243 Valentinum
1248 3198 1321 3241 oum
1345 3175 1507 3240 suburbiis
1532 3175 1598 3238 suis
1622 3181 1655 3239 et
1678 3176 1854 3253 territorio,
1885 3184 1918 3242 et
1940 3179 2101 3266 quicquid

442 3281 526 3346 inira
549 3283 626 3347 eins
643 3283 801 3347 ambitum
825 3290 858 3348 et
881 3289 975 3347 extra
998 3284 1030 3346 in
1054 3287 1122 3344 toto
1146 3281 1339 3368 episcopatu
1361 3278 1539 3342 Valentino
1563 3278 1760 3361 continetur,
1791 3281 1980 3345 comitatum
2006 3283 2104 3348 vide-

442 3387 531 3468 licet,
554 3385 671 3468 forum,
694 3393 883 3468 mercatum,
906 3392 1082 3465 monetam,
1105 3391 1236 3465 stratas,
1259 3382 1385 3463 naulos,
1407 3382 1549 3460 tolonea,
1573 3389 1691 3463 costra,
1714 3383 1860 3463 castella,
1875 3385 1980 3464 villas,
1997 3387 2104 3468 vicos,

442 3510 548 3570 areas,
572 3511 695 3572 servos,
719 3490 864 3572 ancillas,
887 3488 1087 3568 tributarios,
1110 3487 1244 3568 foresta,
1268 3486 1378 3564 silvas,
1393 3485 1596 3564 venationes,
1620 3485 1744 3567 furnos,
1763 3487 1877 3568 molas,
1900 3489 2103 3566 molendina,

442 3613 555 3677 aquas,
578 3613 735 3678 aquarum
758 3593 927 3674 decursus,
951 3612 1094 3677 campos,
1118 3597 1222 3677 prata,
1244 3609 1379 3676 pascua,
1402 3595 1507 3652 terras
1525 3587 1628 3651 cultas
1652 3595 1685 3654 et
1706 3591 1847 3655 incultas
1870 3598 1903 3656 et
1926 3613 2104 3658 commune

442 3695 548 3759 iorum
583 3697 750 3782 agentium
785 3704 819 3762 et
853 3696 1083 3760 sustinentium
1118 3713 1235 3757 causas
1266 3700 1335 3756 tam
1370 3693 1507 3756 civiliter
1541 3712 1637 3776 quam
1671 3694 1895 3774 criminaliter,
1934 3697 1980 3760 ita
2010 3698 2102 3782 quod

443 3800 617 3886 episcopus
641 3800 694 3865 vel
718 3800 860 3882 electus,
893 3801 948 3886 qui
976 3819 1034 3886 pro
1061 3805 1211 3885 tempore
1234 3797 1278 3861 ibi
1301 3797 1417 3878 fuerit,
1448 3796 1635 3860 incivitate
1660 3801 1693 3860 et
1716 3798 1896 3880 suburbiis,
1925 3801 2042 3863 castris
2068 3809 2104 3865 et

442 3904 528 3967 villis
553 3905 691 3990 propriis
714 3903 817 3990 ipsius
841 3903 982 3968 ecclesie
1012 3902 1208 3966 ordinariam
1237 3900 1506 3981 iurisdictionem,
1532 3901 1565 3963 in
1588 3900 1659 3964 aliis
1681 3922 1760 3966 vero
1783 3902 1864 3966 locis
1889 3904 2104 3990 episcopatus

442 4007 545 4092 ipsius
576 4027 636 4091 per
666 4007 921 4092 appellationem
951 4006 1004 4070 vel
1031 4007 1064 4069 in
1097 4004 1248 4070 defeatur
1276 4003 1480 4068 dominorum
1518 4004 1622 4090 ipsam
1654 4003 1764 4068 valeat
1800 4027 1966 4071 exercere.
2027 4007 2103 4072 Nos

442 4111 553 4194 itaque
585 4109 649 4174 tuis
679 4109 807 4175 devotis
836 4108 1131 4196 supplicationibus
1161 4109 1306 4173 inclinati
1339 4107 1570 4172 concessiones
1600 4107 1784 4192 superbiis
1808 4115 1842 4173 et
1864 4110 1935 4173 aliis
1958 4129 1978 4172 a
2000 4110 2103 4175 dictis

538 4335 562 4400 Ι)
580 4336 709 4388 delectum
726 4336 758 4388 B.

547 4453 574 4521 1)
596 4453 662 4508 Onon
679 4470 724 4524 ap.
735 4453 827 4524 Rapa.
846 4456 963 4518 a.1239,
980 4457 1043 4519 §26
1059 4453 1125 4508 baec
1143 4454 1260 4524 aaaron
1277 4452 1323 4508 ‘ad
1340 4468 1431 4508 ornnes
1445 4453 1600 4523 praecatas,
1617 4468 1695 4524 repes
1709 4469 1742 4508 nc
1755 4453 1899 4524 principes
1909 4455 2103 4514 Utnsfinnoa’

442 4541 529 4593 missa
538 4539 600 4593 Kal.
615 4539 678 4594 lnlii
697 4541 861 4611 consignata
880 4542 918 4595 ait
935 4541 1227 4596 etMattbaeusParia.
1239 4538 1337 4594 Obrou.
1354 4541 1450 4595 rnaior.
1469 4557 1495 4594 a.
1514 4544 1594 4608 1239,
1611 4539 1769 4606 cd.Lunrd,
1787 4546 1805 4594 t.
1824 4541 1887 4609 III,
1901 4558 1931 4612 p.
1946 4545 2103 4598 590-608

443 4625 554 4678 eundern
566 4625 773 4695 archiepiscopo
783 4625 977 4680 cantuariensi
988 4629 1017 4680 et
1025 4626 1208 4698 sulliagancis
1223 4625 1282 4680 eins
1297 4626 1427 4680 directam
1440 4628 1490 4682 sub
1500 4633 1567 4681 nota
1576 4625 1768 4695 chronologica
1777 4626 1940 4682 duodecimo
1950 4628 2012 4684 Kal.
2023 4630 2102 4685 lunii

440 4711 626 4780 proposuerit,
638 4711 935 4779 Ecdinii-Brittones,
952 4713 969 4767 l.
980 4727 1002 4767 c.
1012 4715 1029 4768 t.
1046 4711 1076 4780 V,
1089 4731 1119 4783 p.
1131 4716 1187 4765 310
1204 4711 1368 4766 duodecimo
1378 4713 1439 4766 Kal.
1458 4712 1523 4766 Iulii
1541 4713 1684 4784 legendam
1701 4714 1823 4778 coniecit,
1842 4713 1951 4768 breuius
1969 4718 2104 4786 temporis

443 4797 616 4850 interuallum
633 4813 778 4867 superesse
795 4799 934 4867 opinatus,
951 4815 1033 4867 quarn
1050 4805 1081 4854 nt
1098 4798 1136 4852 nd
1153 4797 1316 4868 encyclicam
1327 4799 1508 4868 inperatoris,
1527 4799 1618 4868 April.
1627 4803 1665 4853 20
1678 4799 1795 4853 Terciaii
1802 4801 1943 4870 scriptam,
1960 4801 2016 4856 iam
2027 4801 2101 4857 Mai.

443 4887 479 4936 21
495 4889 603 4938 mature
621 4889 647 4938 ct
664 4884 822 4953 singulatur
840 4883 878 4936 ad
890 4884 1014 4954 capitula
1026 4903 1045 4940 a
1056 4900 1136 4954 papa
1150 4899 1310 4954 responsum
1325 4884 1426 4953 suerit·
1444 4901 1525 4954 quarn
1537 4885 1721 4939 coniecturam
1734 4885 1863 4940 Potttnst
1879 4889 1991 4957 accepit.
2022 4889 2104 4944 Gerre

444 4971 552 5036 erctum
574 4985 638 5024 nam
656 4969 794 5040 encyclica
812 4970 862 5024 illa
879 4986 901 5024 c.
920 4970 992 5026 Mai.
1011 4976 1028 5025 5
1046 4972 1078 5025 in
1098 4972 1180 5025 curia
1196 4987 1254 5026 acac
1270 4971 1374 5042 potua,
1393 4975 1417 5027 et
1435 4972 1586 5041 quindecim
1605 4973 1713 5026 dierum
1731 4974 1853 5042 spatium
1869 4973 1908 5026 ad
1925 4975 2103 5030 exarandum

445 5071 607 5126 responsum
624 5057 742 5124 suffecit.
778 5055 991 5124 Praetereunt
1015 5057 1056 5112 W.
1078 5058 1176 5128 Meyer
1193 5057 1224 5112 in
1241 5057 1355 5112 Forsclr.
1375 5073 1399 5112 s.
1418 5057 1444 5111 d.
1465 5057 1559 5112 Geact.
1582 5063 1600 5112 t.
1620 5058 1708 5124 XIX,
1730 5075 1761 5128 p.
1782 5060 2103 5125 conterminantur

442 5143 583 5196 codicibus
597 5141 671 5196 Bibl.
682 5141 793 5195 Monac.
812 5143 880 5196 lracc
893 5143 1010 5211 epistola
1023 5159 1084 5197 cum
1101 5143 1283 5214 iuscriptimre
1299 5144 1429 5214 episcopo
1442 5143 1610 5198 Bononiensi
1628 5145 1680 5199 snb
1693 5144 1746 5198 VII
1763 5144 1829 5198 ldus
1841 5145 1915 5199 Iunii
1933 5148 2101 5214 continetur,

444 5234 469 5283 rt
486 5245 531 5298 ap.
545 5229 686 5294 Raecium,
705 5228 775 5282 Ana.
788 5228 848 5283 cccl.
867 5245 892 5283 a.
907 5232 986 5297 1239,
1003 5232 1050 5293 §6
1066 5229 1159 5284 cadem
1175 5230 1359 5300 suffraganeis
1377 5230 1509 5285 ecelesiae
1527 5229 1797 5299 Hierosolymitnnae
1815 5231 1920 5286 directa
1939 5232 1991 5286 sub
2006 5231 2100 5288 Later.

444 5316 525 5368 Nono
544 5313 611 5382 [sic]
631 5313 695 5366 lulii
713 5313 880 5380 adalardum
898 5331 980 5383 quarn
997 5315 1137 5384 epistolam
1148 5317 1283 5383 Porinas,
1302 5317 1482 5388 ch.10774,
1499 5317 1589 5371 Nonis
1602 5316 1667 5370 lulii
1686 5319 1783 5386 tepens,
1801 5319 1851 5372 sub
1869 5319 1954 5372 Iul?
1971 5318 2102 5386 inscruit,

443 5402 475 5455 id
494 5401 568 5471 quod
586 5401 653 5469 fieri
672 5415 728 5454 non
750 5400 825 5468 licet,
846 5417 910 5456 nam
933 5403 959 5455 ai
979 5420 1007 5457 n.
1027 5407 1079 5457 751
1097 5403 1170 5472 fides
1194 5403 1322 5458 adbiberi
1344 5404 1427 5468 debet,
1448 5420 1526 5473 papa
1547 5405 1601 5459 Iul.
1623 5408 1640 5457 7
1662 5403 1809 5473 aloanniae
1836 5407 1904 5458 erat.
1947 5405 2104 5474 Qawmodo·

442 5503 549 5558 cunque
564 5494 631 5544 nota
654 5485 844 5556 chronologica
862 5504 908 5558 ap.
927 5486 1062 5544 Buooium
1079 5489 1248 5545 emendanda
1266 5496 1319 5554 cat,
1336 5506 1439 5560 papam
1457 5489 1546 5543 variis
1563 5489 1729 5558 temporibus
1746 5490 1831 5544 buius
1849 5492 1952 5545 tenoris
1970 5492 2105 5560 epistolas

444 5573 580 5628 destinari
598 5574 715 5627 insusse
741 5576 867 5643 apparet.
949 5577 976 5642 2)
1007 5575 1050 5644 Cf.
1070 5578 1246 5647 priuilegium
1271 5593 1297 5630 n.
1321 5579 1406 5639 1233,
1434 5575 1506 5631 Nor.
1528 5577 1563 5629 ab
1585 5577 1749 5646 imperatore
1770 5576 1855 5630 sidua
1880 5577 2021 5632 Wiuerna
2039 5595 2104 5634 con·

442 5677 562 5722 cessa-m·
579 5659 819 5724 Bolum-Fictor,
838 5660 855 5713 l.
872 5675 895 5714 c.
913 5677 938 5715 n.
957 5666 1040 5718 2404.

2157 5694 2184 5734 46
