<?xml version="1.0" encoding="UTF-8"?>
<!DOCTYPE html PUBLIC "-//W3C//DTD XHTML 1.0 Transitional//EN"
    "http://www.w3.org/TR/xhtml1/DTD/xhtml1-transitional.dtd">
<html xmlns="http://www.w3.org/1999/xhtml" xml:lang="en" lang="en">
 <head>
  <title>
</title>
<meta http-equiv="Content-Type" content="text/html;charset=utf-8" />
  <meta name='ocr-system' content='tesseract 3.04.00' />
  <meta name='ocr-capabilities' content='ocr_page ocr_carea ocr_par ocr_line ocrx_word'/>
</head>
<body>
  <div class='ocr_page' id='page_1' title='image "./monumentagerman00peipgoog/monumentagerman00peipgoog_0630.png"; bbox 0 0 4596 6406; ppageno 0'>
   <div class='ocr_carea' id='block_1_1' title="bbox 135 938 147 974">
    <p class='ocr_par' dir='ltr' id='par_1_1' title="bbox 135 938 147 974">
     <span class='ocr_line' id='line_1_1' title="bbox 135 938 147 974; baseline 0 0"><span class='ocrx_word' id='word_1_1' title='bbox 135 938 147 974; x_wconf 75' lang='lat' dir='ltr'><strong><em>h</em></strong></span> 
     </span>
    </p>
   </div>
   <div class='ocr_carea' id='block_1_2' title="bbox 125 1585 150 1622">
    <p class='ocr_par' dir='ltr' id='par_1_2' title="bbox 125 1585 150 1622">
     <span class='ocr_line' id='line_1_2' title="bbox 125 1585 150 1622; baseline 0 0"><span class='ocrx_word' id='word_1_2' title='bbox 125 1585 150 1622; x_wconf 81' lang='lat'><strong><em>10</em></strong></span> 
     </span>
    </p>
   </div>
   <div class='ocr_carea' id='block_1_3' title="bbox 127 2123 150 2160">
    <p class='ocr_par' dir='ltr' id='par_1_3' title="bbox 127 2123 150 2160">
     <span class='ocr_line' id='line_1_3' title="bbox 127 2123 150 2160; baseline -0.087 0"><span class='ocrx_word' id='word_1_3' title='bbox 127 2123 150 2160; x_wconf 74' lang='lat' dir='ltr'><strong><em>lt</em></strong></span> 
     </span>
    </p>
   </div>
   <div class='ocr_carea' id='block_1_4' title="bbox 761 367 1839 448">
    <p class='ocr_par' dir='ltr' id='par_1_4' title="bbox 761 367 1839 448">
     <span class='ocr_line' id='line_1_4' title="bbox 761 367 1839 448; baseline 0.022 -26"><span class='ocrx_word' id='word_1_4' title='bbox 761 367 960 424; x_wconf 76' lang='lat' dir='ltr'>EPISTOLAE</span> <span class='ocrx_word' id='word_1_5' title='bbox 978 370 1166 428; x_wconf 76' lang='lat' dir='ltr'><strong><em>SELEGTAE.</em></strong></span> <span class='ocrx_word' id='word_1_6' title='bbox 1203 375 1277 430; x_wconf 78' lang='lat'><strong><em>1237.</em></strong></span> <span class='ocrx_word' id='word_1_7' title='bbox 1778 385 1839 448; x_wconf 78' lang='lat'><strong><em>607</em></strong></span> 
     </span>
    </p>
   </div>
   <div class='ocr_carea' id='block_1_5' title="bbox 195 535 1875 820">
    <p class='ocr_par' dir='ltr' id='par_1_5' title="bbox 195 535 1875 820">
     <span class='ocr_line' id='line_1_5' title="bbox 196 535 1842 632; baseline 0.012 -31"><span class='ocrx_word' id='word_1_8' title='bbox 196 535 288 601; x_wconf 81' lang='lat' dir='ltr'><strong><em>ceteri</em></strong></span> <span class='ocrx_word' id='word_1_9' title='bbox 315 535 433 616; x_wconf 80' lang='lat' dir='ltr'><strong><em>fratros</em></strong></span> <span class='ocrx_word' id='word_1_10' title='bbox 463 539 585 604; x_wconf 75' lang='lat' dir='ltr'><strong><em>ordinis</em></strong></span> <span class='ocrx_word' id='word_1_11' title='bbox 609 542 766 622; x_wconf 70' lang='lat' dir='ltr'><strong><em>patale·</em></strong></span> <span class='ocrx_word' id='word_1_12' title='bbox 795 541 852 608; x_wconf 72' lang='lat' dir='ltr'><strong><em>sech</em></strong></span> <span class='ocrx_word' id='word_1_13' title='bbox 879 542 1114 610; x_wconf 85' lang='lat' dir='ltr'><strong><em>diocesanornm</em></strong></span> <span class='ocrx_word' id='word_1_14' title='bbox 1144 551 1173 611; x_wconf 90' lang='lat' dir='ltr'><strong><em>ct</em></strong></span> <span class='ocrx_word' id='word_1_15' title='bbox 1195 548 1331 613; x_wconf 80' lang='lat' dir='ltr'><strong><em>nliornrn</em></strong></span> <span class='ocrx_word' id='word_1_16' title='bbox 1354 551 1571 632; x_wconf 73' lang='lat' dir='ltr'><strong><em>pnmhstornm</em></strong></span> <span class='ocrx_word' id='word_1_17' title='bbox 1598 573 1726 620; x_wconf 69' lang='lat' dir='ltr'><strong><em>monn</em></strong></span> <span class='ocrx_word' id='word_1_18' title='bbox 1746 555 1842 620; x_wconf 74' lang='lat' dir='ltr'><strong><em>inris-</em></strong></span> 
     </span>
     <span class='ocr_line' id='line_1_6' title="bbox 195 639 1782 708; baseline 0.013 -5"><span class='ocrx_word' id='word_1_19' title='bbox 195 639 328 704; x_wconf 77' lang='lat' dir='ltr'><strong><em>dictione</em></strong></span> <span class='ocrx_word' id='word_1_20' title='bbox 349 642 529 708; x_wconf 71' lang='lat' dir='ltr'><strong><em>consistant.</em></strong></span> <span class='ocrx_word' id='word_1_21' title='bbox 1780 655 1782 658; x_wconf 74' lang='grc'><strong>’</strong></span> 
     </span>
     <span class='ocr_line' id='line_1_7' title="bbox 1477 741 1875 820; baseline 0 -16"><span class='ocrx_word' id='word_1_22' title='bbox 1477 743 1572 820; x_wconf 84' lang='lat'><strong><em>1237,</em></strong></span> <span class='ocrx_word' id='word_1_23' title='bbox 1594 741 1680 810; x_wconf 79' lang='lat' dir='ltr'><strong><em>Mai.</em></strong></span> <span class='ocrx_word' id='word_1_24' title='bbox 1705 749 1756 811; x_wconf 82' lang='lat' dir='ltr'><strong><em>1t.</em></strong></span> <span class='ocrx_word' id='word_1_25' title='bbox 1873 799 1875 804; x_wconf 81' lang='grc'><strong><em>,</em></strong></span> 
     </span>
    </p>
   </div>
   <div class='ocr_carea' id='block_1_6' title="bbox 303 850 1842 930">
    <p class='ocr_par' dir='ltr' id='par_1_6' title="bbox 303 850 1842 930">
     <span class='ocr_line' id='line_1_8' title="bbox 303 850 1842 930; baseline 0.009 -26"><span class='ocrx_word' id='word_1_26' title='bbox 303 850 384 916; x_wconf 71' lang='lat' dir='ltr'><strong><em>oreo.</em></strong></span> <span class='ocrx_word' id='word_1_27' title='bbox 402 850 452 904; x_wconf 86' lang='lat' dir='ltr'><strong><em>IX</em></strong></span> <span class='ocrx_word' id='word_1_28' title='bbox 468 851 535 920; x_wconf 68' lang='grc' dir='ltr'><strong><em>Περ.</em></strong></span> <span class='ocrx_word' id='word_1_29' title='bbox 552 852 616 906; x_wconf 70' lang='lat' dir='ltr'><strong><em>Ino.</em></strong></span> <span class='ocrx_word' id='word_1_30' title='bbox 628 853 685 920; x_wconf 90' lang='lat' dir='ltr'><strong><em>XI,</em></strong></span> <span class='ocrx_word' id='word_1_31' title='bbox 702 857 743 907; x_wconf 77' lang='lat' dir='ltr'><strong><em>ot.</em></strong></span> <span class='ocrx_word' id='word_1_32' title='bbox 778 854 898 910; x_wconf 82' lang='lat' dir='ltr'><strong><em>Edimns</em></strong></span> <span class='ocrx_word' id='word_1_33' title='bbox 913 855 984 910; x_wconf 78' lang='lat' dir='ltr'><strong><em>lianc</em></strong></span> <span class='ocrx_word' id='word_1_34' title='bbox 997 856 1141 926; x_wconf 81' lang='lat' dir='ltr'><strong><em>epistolam</em></strong></span> <span class='ocrx_word' id='word_1_35' title='bbox 1154 873 1188 911; x_wconf 78' lang='lat' dir='ltr'><strong><em>ex</em></strong></span> <span class='ocrx_word' id='word_1_36' title='bbox 1201 857 1379 926; x_wconf 63' lang='lat' dir='ltr'><strong><em>namma</em></strong></span> <span class='ocrx_word' id='word_1_37' title='bbox 1395 860 1590 928; x_wconf 78' lang='lat' dir='ltr'><strong><em>cccl.o.1237‚</em></strong></span> <span class='ocrx_word' id='word_1_38' title='bbox 1608 865 1624 928; x_wconf 86' lang='lat'><em>§</em></span> <span class='ocrx_word' id='word_1_39' title='bbox 1640 866 1682 930; x_wconf 78' lang='lat' dir='ltr'><strong><em>ot,</em></strong></span> <span class='ocrx_word' id='word_1_40' title='bbox 1694 869 1842 918; x_wconf 82' lang='lat' dir='ltr'><strong><em>correctam</em></strong></span> 
     </span>
    </p>
   </div>
   <div class='ocr_carea' id='block_1_7' title="bbox 198 936 1523 1094">
    <p class='ocr_par' dir='ltr' id='par_1_7' title="bbox 198 936 1523 1094">
     <span class='ocr_line' id='line_1_9' title="bbox 198 936 1523 1014; baseline 0.01 -26"><span class='ocrx_word' id='word_1_41' title='bbox 198 939 223 988; x_wconf 83' lang='lat' dir='ltr'><strong><em>el</em></strong></span> <span class='ocrx_word' id='word_1_42' title='bbox 240 936 393 1005; x_wconf 76' lang='lat' dir='ltr'><strong><em>suppletam</em></strong></span> <span class='ocrx_word' id='word_1_43' title='bbox 410 954 445 990; x_wconf 80' lang='lat' dir='ltr'><strong><em>ca</em></strong></span> <span class='ocrx_word' id='word_1_44' title='bbox 468 937 629 1008; x_wconf 80' lang='lat' dir='ltr'><strong><em>Tarpcneoii</em></strong></span> <span class='ocrx_word' id='word_1_45' title='bbox 646 940 734 995; x_wconf 75' lang='lat' dir='ltr'><strong><em>Riese.</em></strong></span> <span class='ocrx_word' id='word_1_46' title='bbox 754 941 838 1008; x_wconf 75' lang='lat' dir='ltr'><strong><em>Mon,</em></strong></span> <span class='ocrx_word' id='word_1_47' title='bbox 856 947 874 996; x_wconf 85' lang='lat' dir='ltr'><strong><em>t.</em></strong></span> <span class='ocrx_word' id='word_1_48' title='bbox 893 942 920 1008; x_wconf 88' lang='grc' dir='ltr'><strong><em>Ι,</em></strong></span> <span class='ocrx_word' id='word_1_49' title='bbox 937 961 965 1012; x_wconf 95' lang='lat' dir='ltr'><strong><em>p.</em></strong></span> <span class='ocrx_word' id='word_1_50' title='bbox 984 947 1027 1010; x_wconf 73' lang='lat'><strong><em>49,</em></strong></span> <span class='ocrx_word' id='word_1_51' title='bbox 1045 960 1072 998; x_wconf 91' lang='lat' dir='ltr'><strong><em>n.</em></strong></span> <span class='ocrx_word' id='word_1_52' title='bbox 1093 947 1130 996; x_wconf 85' lang='lat'><strong><em>53</em></strong></span> <span class='ocrx_word' id='word_1_53' title='bbox 1147 944 1221 1013; x_wconf 87' lang='grc' dir='ltr'><strong><em>[Τ],</em></strong></span> <span class='ocrx_word' id='word_1_54' title='bbox 1238 946 1287 1014; x_wconf 85' lang='lat' dir='ltr'><strong><em>qni</em></strong></span> <span class='ocrx_word' id='word_1_55' title='bbox 1304 945 1372 1013; x_wconf 79' lang='lat' dir='ltr'><strong><em>ch.</em></strong></span> <span class='ocrx_word' id='word_1_56' title='bbox 1391 962 1460 1001; x_wconf 83' lang='lat' dir='ltr'><strong><em>nans</em></strong></span> <span class='ocrx_word' id='word_1_57' title='bbox 1477 953 1523 1001; x_wconf 88' lang='lat' dir='ltr'><strong><em>cst.</em></strong></span> 
     </span>
     <span class='ocr_line' id='line_1_10' title="bbox 302 1021 643 1094; baseline 0.021 -20"><span class='ocrx_word' id='word_1_58' title='bbox 302 1021 437 1091; x_wconf 79' lang='lat' dir='ltr'><strong><em>Pottliost,</em></strong></span> <span class='ocrx_word' id='word_1_59' title='bbox 456 1023 524 1094; x_wconf 81' lang='lat' dir='ltr'><strong><em>ch.</em></strong></span> <span class='ocrx_word' id='word_1_60' title='bbox 543 1030 643 1081; x_wconf 72' lang='grc'><em>10348.</em></span> 
     </span>
    </p>
   </div>
   <div class='ocr_carea' id='block_1_8' title="bbox 396 1207 1647 1322">
    <p class='ocr_par' dir='ltr' id='par_1_8' title="bbox 396 1207 1647 1322">
     <span class='ocr_line' id='line_1_11' title="bbox 396 1207 1647 1322; baseline 0.007 -28"><span class='ocrx_word' id='word_1_61' title='bbox 396 1278 404 1295; x_wconf 95' lang='grc'><strong>.</strong></span> <span class='ocrx_word' id='word_1_62' title='bbox 434 1277 442 1294; x_wconf 93' lang='grc'><strong>.</strong></span> <span class='ocrx_word' id='word_1_63' title='bbox 471 1221 670 1316; x_wconf 84' lang='lat' dir='ltr'><strong><em>Rigensi,</em></strong></span> <span class='ocrx_word' id='word_1_64' title='bbox 700 1281 708 1298; x_wconf 94' lang='lat'><strong><em>.</em></strong></span> <span class='ocrx_word' id='word_1_65' title='bbox 739 1281 747 1298; x_wconf 98' lang='lat'><strong><em>.</em></strong></span> <span class='ocrx_word' id='word_1_66' title='bbox 775 1207 1067 1316; x_wconf 80' lang='lat' dir='ltr'><strong><em>Tarbatensi,</em></strong></span> <span class='ocrx_word' id='word_1_67' title='bbox 1096 1284 1104 1299; x_wconf 94' lang='lat'><strong><em>.</em></strong></span> <span class='ocrx_word' id='word_1_68' title='bbox 1136 1283 1145 1300; x_wconf 98' lang='lat'><strong><em>.</em></strong></span> <span class='ocrx_word' id='word_1_69' title='bbox 1174 1225 1387 1302; x_wconf 87' lang='lat' dir='ltr'><strong><em>Osiliensi</em></strong></span> <span class='ocrx_word' id='word_1_70' title='bbox 1414 1229 1647 1322; x_wconf 80' lang='lat' dir='ltr'><strong><em>episcopie.</em></strong></span> 
     </span>
    </p>
   </div>
   <div class='ocr_carea' id='block_1_9' title="bbox 201 1371 1846 2607">
    <p class='ocr_par' dir='ltr' id='par_1_9' title="bbox 201 1371 1846 2607">
     <span class='ocr_line' id='line_1_12' title="bbox 309 1371 1842 1466; baseline 0.01 -32"><span class='ocrx_word' id='word_1_71' title='bbox 309 1371 409 1435; x_wconf 84' lang='lat' dir='ltr'><strong><em>Grato</em></strong></span> <span class='ocrx_word' id='word_1_72' title='bbox 444 1373 635 1438; x_wconf 89' lang='lat' dir='ltr'><strong><em>dilectorum</em></strong></span> <span class='ocrx_word' id='word_1_73' title='bbox 668 1376 828 1439; x_wconf 70' lang='lat' dir='ltr'><strong><em>filiorumt</em></strong></span> <span class='ocrx_word' id='word_1_74' title='bbox 864 1426 904 1441; x_wconf 94' lang='lat'><strong><em>..</em></strong></span> <span class='ocrx_word' id='word_1_75' title='bbox 937 1377 1105 1462; x_wconf 88' lang='lat' dir='ltr'><strong><em>magistri¹</em></strong></span> <span class='ocrx_word' id='word_1_76' title='bbox 1142 1384 1175 1442; x_wconf 88' lang='lat' dir='ltr'><strong><em>et</em></strong></span> <span class='ocrx_word' id='word_1_77' title='bbox 1209 1377 1345 1442; x_wconf 80' lang='lat' dir='ltr'><strong><em>fratrum</em></strong></span> <span class='ocrx_word' id='word_1_78' title='bbox 1379 1379 1569 1466; x_wconf 66' lang='lat' dir='ltr'><strong><em>hospitalist</em></strong></span> <span class='ocrx_word' id='word_1_79' title='bbox 1594 1392 1706 1449; x_wconf 88' lang='lat' dir='ltr'><strong><em>sancte</em></strong></span> <span class='ocrx_word' id='word_1_80' title='bbox 1739 1384 1842 1450; x_wconf 84' lang='lat' dir='ltr'><strong><em>Maria</em></strong></span> 
     </span>
     <span class='ocr_line' id='line_1_13' title="bbox 202 1473 1843 1571; baseline 0.008 -34"><span class='ocrx_word' id='word_1_81' title='bbox 202 1473 478 1540; x_wconf 86' lang='lat' dir='ltr'><strong><em>Theutonicorum</em></strong></span> <span class='ocrx_word' id='word_1_82' title='bbox 507 1478 672 1562; x_wconf 91' lang='lat' dir='ltr'><strong><em>religionis</em></strong></span> <span class='ocrx_word' id='word_1_83' title='bbox 702 1479 800 1543; x_wconf 91' lang='lat' dir='ltr'><strong><em>odore</em></strong></span> <span class='ocrx_word' id='word_1_84' title='bbox 831 1501 866 1543; x_wconf 88' lang='lat' dir='ltr'><strong><em>se</em></strong></span> <span class='ocrx_word' id='word_1_85' title='bbox 895 1500 953 1565; x_wconf 88' lang='lat' dir='ltr'><strong><em>per</em></strong></span> <span class='ocrx_word' id='word_1_86' title='bbox 976 1479 1087 1544; x_wconf 91' lang='lat' dir='ltr'><strong><em>mundi</em></strong></span> <span class='ocrx_word' id='word_1_87' title='bbox 1111 1480 1242 1544; x_wconf 86' lang='lat' dir='ltr'><strong><em>elimata</em></strong></span> <span class='ocrx_word' id='word_1_88' title='bbox 1264 1480 1482 1560; x_wconf 85' lang='lat' dir='ltr'><strong><em>diffundente,</em></strong></span> <span class='ocrx_word' id='word_1_89' title='bbox 1506 1487 1654 1570; x_wconf 89' lang='lat' dir='ltr'><strong><em>provenit</em></strong></span> <span class='ocrx_word' id='word_1_90' title='bbox 1675 1487 1715 1552; x_wconf 89' lang='lat' dir='ltr'><strong><em>de</em></strong></span> <span class='ocrx_word' id='word_1_91' title='bbox 1738 1488 1843 1571; x_wconf 86' lang='lat' dir='ltr'><strong><em>gratia</em></strong></span> 
     </span>
     <span class='ocr_line' id='line_1_14' title="bbox 201 1578 1842 1666; baseline 0.007 -24"><span class='ocrx_word' id='word_1_92' title='bbox 201 1578 441 1665; x_wconf 88' lang='lat' dir='ltr'><strong><em>Redemptoris‚</em></strong></span> <span class='ocrx_word' id='word_1_93' title='bbox 466 1581 551 1666; x_wconf 89' lang='lat' dir='ltr'><strong><em>quod</em></strong></span> <span class='ocrx_word' id='word_1_94' title='bbox 574 1581 688 1646; x_wconf 89' lang='lat' dir='ltr'><strong><em>eadem</em></strong></span> <span class='ocrx_word' id='word_1_95' title='bbox 713 1588 763 1645; x_wconf 87' lang='lat' dir='ltr'><strong><em>est</em></strong></span> <span class='ocrx_word' id='word_1_96' title='bbox 787 1589 820 1646; x_wconf 88' lang='lat' dir='ltr'><strong><em>et</em></strong></span> <span class='ocrx_word' id='word_1_97' title='bbox 843 1582 1021 1666; x_wconf 84' lang='lat' dir='ltr'><strong><em>apostolic-e</em></strong></span> <span class='ocrx_word' id='word_1_98' title='bbox 1046 1581 1115 1646; x_wconf 91' lang='lat' dir='ltr'><strong><em>sedi</em></strong></span> <span class='ocrx_word' id='word_1_99' title='bbox 1141 1604 1216 1646; x_wconf 87' lang='lat' dir='ltr'><strong><em>cara</em></strong></span> <span class='ocrx_word' id='word_1_100' title='bbox 1239 1604 1304 1648; x_wconf 93' lang='lat' dir='ltr'><strong><em>non</em></strong></span> <span class='ocrx_word' id='word_1_101' title='bbox 1327 1586 1488 1650; x_wconf 87' lang='lat' dir='ltr'><strong><em>modicum</em></strong></span> <span class='ocrx_word' id='word_1_102' title='bbox 1511 1595 1545 1652; x_wconf 90' lang='lat' dir='ltr'><strong><em>et</em></strong></span> <span class='ocrx_word' id='word_1_103' title='bbox 1560 1589 1678 1654; x_wconf 85' lang='lat' dir='ltr'><strong><em>dilecta</em></strong></span> <span class='ocrx_word' id='word_1_104' title='bbox 1697 1591 1842 1654; x_wconf 91' lang='lat' dir='ltr'><strong><em>multitu-</em></strong></span> 
     </span>
     <span class='ocr_line' id='line_1_15' title="bbox 205 1683 1843 1775; baseline 0.006 -30"><span class='ocrx_word' id='word_1_105' title='bbox 205 1683 270 1746; x_wconf 88' lang='lat' dir='ltr'><strong><em>dini</em></strong></span> <span class='ocrx_word' id='word_1_106' title='bbox 286 1684 429 1749; x_wconf 89' lang='lat' dir='ltr'><strong><em>fidelium</em></strong></span> <span class='ocrx_word' id='word_1_107' title='bbox 445 1687 648 1772; x_wconf 90' lang='lat' dir='ltr'><strong><em>populorum.</em></strong></span> <span class='ocrx_word' id='word_1_108' title='bbox 672 1687 753 1751; x_wconf 84' lang='lat' dir='ltr'><strong><em>Inde</em></strong></span> <span class='ocrx_word' id='word_1_109' title='bbox 766 1687 812 1756; x_wconf 84' lang='lat' dir='ltr'><strong><em>fit.</em></strong></span> <span class='ocrx_word' id='word_1_110' title='bbox 835 1686 921 1770; x_wconf 89' lang='lat' dir='ltr'><strong><em>quod</em></strong></span> <span class='ocrx_word' id='word_1_111' title='bbox 944 1687 1054 1750; x_wconf 89' lang='lat' dir='ltr'><strong><em>dilecti</em></strong></span> <span class='ocrx_word' id='word_1_112' title='bbox 1076 1688 1157 1751; x_wconf 60' lang='lat' dir='ltr'><strong><em>filiis</em></strong></span> <span class='ocrx_word' id='word_1_113' title='bbox 1173 1696 1381 1775; x_wconf 82' lang='lat' dir='ltr'><strong><em>..preceptor</em></strong></span> <span class='ocrx_word' id='word_1_114' title='bbox 1404 1699 1437 1755; x_wconf 89' lang='lat' dir='ltr'><strong><em>et</em></strong></span> <span class='ocrx_word' id='word_1_115' title='bbox 1458 1692 1575 1756; x_wconf 87' lang='lat' dir='ltr'><strong><em>fratres</em></strong></span> <span class='ocrx_word' id='word_1_116' title='bbox 1592 1693 1706 1758; x_wconf 84' lang='lat' dir='ltr'><strong><em>militie</em></strong></span> <span class='ocrx_word' id='word_1_117' title='bbox 1724 1692 1843 1756; x_wconf 83' lang='lat' dir='ltr'><strong><em>Christi</em></strong></span> 
     </span>
     <span class='ocr_line' id='line_1_16' title="bbox 201 1785 1843 1881; baseline 0.006 -31"><span class='ocrx_word' id='word_1_118' title='bbox 201 1786 242 1850; x_wconf 90' lang='lat' dir='ltr'><strong><em>de</em></strong></span> <span class='ocrx_word' id='word_1_119' title='bbox 255 1785 403 1866; x_wconf 85' lang='lat' dir='ltr'><strong><em>Livonia,</em></strong></span> <span class='ocrx_word' id='word_1_120' title='bbox 426 1811 468 1853; x_wconf 86' lang='lat' dir='ltr'><strong><em>ex</em></strong></span> <span class='ocrx_word' id='word_1_121' title='bbox 492 1791 592 1874; x_wconf 90' lang='lat' dir='ltr'><strong><em>signis</em></strong></span> <span class='ocrx_word' id='word_1_122' title='bbox 616 1791 820 1855; x_wconf 83' lang='lat' dir='ltr'><strong><em>evidentibus</em></strong></span> <span class='ocrx_word' id='word_1_123' title='bbox 842 1796 1070 1876; x_wconf 82' lang='lat' dir='ltr'><strong><em>presumentes</em></strong></span> <span class='ocrx_word' id='word_1_124' title='bbox 1100 1791 1163 1854; x_wconf 90' lang='lat' dir='ltr'><strong><em>iam</em></strong></span> <span class='ocrx_word' id='word_1_125' title='bbox 1193 1792 1268 1855; x_wconf 91' lang='lat' dir='ltr'><strong><em>dicti</em></strong></span> <span class='ocrx_word' id='word_1_126' title='bbox 1297 1793 1469 1879; x_wconf 89' lang='lat' dir='ltr'><strong><em>hospitalis</em></strong></span> <span class='ocrx_word' id='word_1_127' title='bbox 1492 1795 1665 1881; x_wconf 81' lang='lat' dir='ltr'><strong><em>collegium</em></strong></span> <span class='ocrx_word' id='word_1_128' title='bbox 1687 1797 1720 1860; x_wconf 91' lang='lat' dir='ltr'><strong><em>in</em></strong></span> <span class='ocrx_word' id='word_1_129' title='bbox 1742 1797 1843 1860; x_wconf 82' lang='lat' dir='ltr'><strong><em>virtu-</em></strong></span> 
     </span>
     <span class='ocr_line' id='line_1_17' title="bbox 201 1893 1843 1980; baseline 0.005 -27"><span class='ocrx_word' id='word_1_130' title='bbox 201 1897 270 1953; x_wconf 89' lang='lat' dir='ltr'><strong><em>tum</em></strong></span> <span class='ocrx_word' id='word_1_131' title='bbox 300 1893 505 1977; x_wconf 83' lang='lat' dir='ltr'><strong><em>amplexibus</em></strong></span> <span class='ocrx_word' id='word_1_132' title='bbox 534 1915 607 1958; x_wconf 89' lang='lat' dir='ltr'><strong><em>esse</em></strong></span> <span class='ocrx_word' id='word_1_133' title='bbox 638 1895 858 1979; x_wconf 90' lang='lat' dir='ltr'><strong><em>multipliciter</em></strong></span> <span class='ocrx_word' id='word_1_134' title='bbox 890 1894 1088 1970; x_wconf 89' lang='lat' dir='ltr'><strong><em>studiosum,</em></strong></span> <span class='ocrx_word' id='word_1_135' title='bbox 1113 1894 1235 1979; x_wconf 89' lang='lat' dir='ltr'><strong><em>pluries</em></strong></span> <span class='ocrx_word' id='word_1_136' title='bbox 1260 1897 1449 1980; x_wconf 89' lang='lat' dir='ltr'><strong><em>magistrum</em></strong></span> <span class='ocrx_word' id='word_1_137' title='bbox 1473 1898 1623 1980; x_wconf 89' lang='lat' dir='ltr'><strong><em>eundem,</em></strong></span> <span class='ocrx_word' id='word_1_138' title='bbox 1645 1907 1681 1963; x_wconf 91' lang='lat' dir='ltr'><strong><em>ut</em></strong></span> <span class='ocrx_word' id='word_1_139' title='bbox 1704 1921 1760 1965; x_wconf 90' lang='lat' dir='ltr'><strong><em>eos</em></strong></span> <span class='ocrx_word' id='word_1_140' title='bbox 1784 1919 1843 1963; x_wconf 88' lang='lat' dir='ltr'><strong><em>suo</em></strong></span> 
     </span>
     <span class='ocr_line' id='line_1_18' title="bbox 202 1995 1843 2088; baseline 0.005 -31"><span class='ocrx_word' id='word_1_141' title='bbox 202 1995 425 2080; x_wconf 89' lang='lat' dir='ltr'><strong><em>incorporaret</em></strong></span> <span class='ocrx_word' id='word_1_142' title='bbox 447 1996 561 2072; x_wconf 87' lang='lat' dir='ltr'><strong><em>ordini,</em></strong></span> <span class='ocrx_word' id='word_1_143' title='bbox 584 2017 643 2082; x_wconf 89' lang='lat' dir='ltr'><strong><em>per</em></strong></span> <span class='ocrx_word' id='word_1_144' title='bbox 665 1998 794 2060; x_wconf 89' lang='lat' dir='ltr'><strong><em>nuntios</em></strong></span> <span class='ocrx_word' id='word_1_145' title='bbox 818 2003 851 2061; x_wconf 90' lang='lat' dir='ltr'><strong><em>et</em></strong></span> <span class='ocrx_word' id='word_1_146' title='bbox 874 1997 1035 2082; x_wconf 82' lang='lat' dir='ltr'><strong><em>speciales</em></strong></span> <span class='ocrx_word' id='word_1_147' title='bbox 1058 1998 1185 2061; x_wconf 83' lang='lat' dir='ltr'><strong><em>litteras</em></strong></span> <span class='ocrx_word' id='word_1_148' title='bbox 1209 1999 1387 2063; x_wconf 84' lang='lat' dir='ltr'><strong><em>affectuose</em></strong></span> <span class='ocrx_word' id='word_1_149' title='bbox 1412 2002 1496 2064; x_wconf 89' lang='lat' dir='ltr'><strong><em>sicut</em></strong></span> <span class='ocrx_word' id='word_1_150' title='bbox 1517 2003 1703 2088; x_wconf 89' lang='lat' dir='ltr'><strong><em>accepimus</em></strong></span> <span class='ocrx_word' id='word_1_151' title='bbox 1727 2023 1843 2068; x_wconf 85' lang='lat' dir='ltr'><strong><em>exora-</em></strong></span> 
     </span>
     <span class='ocr_line' id='line_1_19' title="bbox 202 2097 1845 2192; baseline 0.001 -25"><span class='ocrx_word' id='word_1_152' title='bbox 202 2105 286 2177; x_wconf 86' lang='lat' dir='ltr'><strong><em>runt,</em></strong></span> <span class='ocrx_word' id='word_1_153' title='bbox 311 2097 351 2160; x_wconf 75' lang='lat' dir='ltr'><strong><em>ad</em></strong></span> <span class='ocrx_word' id='word_1_154' title='bbox 378 2099 471 2164; x_wconf 89' lang='lat' dir='ltr'><strong><em>nobis</em></strong></span> <span class='ocrx_word' id='word_1_155' title='bbox 494 2099 625 2164; x_wconf 90' lang='lat' dir='ltr'><strong><em>tandem</em></strong></span> <span class='ocrx_word' id='word_1_156' title='bbox 648 2100 727 2164; x_wconf 91' lang='lat' dir='ltr'><strong><em>illud</em></strong></span> <span class='ocrx_word' id='word_1_157' title='bbox 750 2100 835 2164; x_wconf 89' lang='lat' dir='ltr'><strong><em>idem</em></strong></span> <span class='ocrx_word' id='word_1_158' title='bbox 858 2106 932 2186; x_wconf 87' lang='lat' dir='ltr'><strong><em>post</em></strong></span> <span class='ocrx_word' id='word_1_159' title='bbox 956 2121 1066 2163; x_wconf 86' lang='lat' dir='ltr'><strong><em>casum</em></strong></span> <span class='ocrx_word' id='word_1_160' title='bbox 1090 2101 1279 2185; x_wconf 84' lang='lat' dir='ltr'><strong><em>lugubrem,</em></strong></span> <span class='ocrx_word' id='word_1_161' title='bbox 1303 2123 1399 2188; x_wconf 89' lang='lat' dir='ltr'><strong><em>quern</em></strong></span> <span class='ocrx_word' id='word_1_162' title='bbox 1422 2105 1454 2168; x_wconf 92' lang='lat' dir='ltr'><strong><em>in</em></strong></span> <span class='ocrx_word' id='word_1_163' title='bbox 1479 2126 1598 2170; x_wconf 88' lang='lat' dir='ltr'><strong><em>occasu</em></strong></span> <span class='ocrx_word' id='word_1_164' title='bbox 1619 2104 1787 2192; x_wconf 78' lang='lat' dir='ltr'><strong><em>magistri²</em></strong></span> <span class='ocrx_word' id='word_1_165' title='bbox 1811 2112 1845 2169; x_wconf 91' lang='lat' dir='ltr'><strong><em>et</em></strong></span> 
     </span>
     <span class='ocr_line' id='line_1_20' title="bbox 203 2203 1844 2295; baseline 0.002 -24"><span class='ocrx_word' id='word_1_166' title='bbox 203 2207 435 2294; x_wconf 79' lang='lat' dir='ltr'><strong><em>quinquaginta</em></strong></span> <span class='ocrx_word' id='word_1_167' title='bbox 463 2205 597 2269; x_wconf 85' lang='lat' dir='ltr'><strong><em>fratrum</em></strong></span> <span class='ocrx_word' id='word_1_168' title='bbox 626 2204 770 2268; x_wconf 89' lang='lat' dir='ltr'><strong><em>eiusdem</em></strong></span> <span class='ocrx_word' id='word_1_169' title='bbox 800 2203 913 2267; x_wconf 88' lang='lat' dir='ltr'><strong><em>militie</em></strong></span> <span class='ocrx_word' id='word_1_170' title='bbox 944 2223 982 2266; x_wconf 88' lang='lat' dir='ltr'><strong><em>ac</em></strong></span> <span class='ocrx_word' id='word_1_171' title='bbox 1015 2205 1261 2289; x_wconf 89' lang='lat' dir='ltr'><strong><em>peregrinorum</em></strong></span> <span class='ocrx_word' id='word_1_172' title='bbox 1294 2207 1447 2292; x_wconf 85' lang='lat' dir='ltr'><strong><em>plurium,</em></strong></span> <span class='ocrx_word' id='word_1_173' title='bbox 1474 2229 1674 2295; x_wconf 88' lang='lat' dir='ltr'><strong><em>paganorum</em></strong></span> <span class='ocrx_word' id='word_1_174' title='bbox 1699 2210 1844 2275; x_wconf 82' lang='lat' dir='ltr'><strong><em>seviente</em></strong></span> 
     </span>
     <span class='ocr_line' id='line_1_21' title="bbox 202 2307 1844 2400; baseline 0 -25"><span class='ocrx_word' id='word_1_175' title='bbox 202 2311 347 2396; x_wconf 87' lang='lat' dir='ltr'><strong><em>perfidia,</em></strong></span> <span class='ocrx_word' id='word_1_176' title='bbox 370 2312 496 2375; x_wconf 80' lang='lat' dir='ltr'><strong><em>noviter</em></strong></span> <span class='ocrx_word' id='word_1_177' title='bbox 518 2309 752 2395; x_wconf 63' lang='lat' dir='ltr'><strong><em>pertuleruntt,</em></strong></span> <span class='ocrx_word' id='word_1_178' title='bbox 774 2329 839 2372; x_wconf 91' lang='lat' dir='ltr'><strong><em>una</em></strong></span> <span class='ocrx_word' id='word_1_179' title='bbox 855 2307 1022 2371; x_wconf 87' lang='lat' dir='ltr'><strong><em>vobiscum</em></strong></span> <span class='ocrx_word' id='word_1_180' title='bbox 1045 2329 1104 2393; x_wconf 90' lang='lat' dir='ltr'><strong><em>por</em></strong></span> <span class='ocrx_word' id='word_1_181' title='bbox 1127 2309 1253 2372; x_wconf 90' lang='lat' dir='ltr'><strong><em>flebiles</em></strong></span> <span class='ocrx_word' id='word_1_182' title='bbox 1277 2311 1401 2375; x_wconf 89' lang='lat' dir='ltr'><strong><em>litteras</em></strong></span> <span class='ocrx_word' id='word_1_183' title='bbox 1426 2314 1616 2398; x_wconf 87' lang='lat' dir='ltr'><strong><em>suppliciter</em></strong></span> <span class='ocrx_word' id='word_1_184' title='bbox 1630 2314 1844 2400; x_wconf 79' lang='lat' dir='ltr'><strong><em>postulantes,</em></strong></span> 
     </span>
     <span class='ocr_line' id='line_1_22' title="bbox 203 2411 1846 2500; baseline 0 -22"><span class='ocrx_word' id='word_1_185' title='bbox 203 2437 262 2500; x_wconf 91' lang='lat' dir='ltr'><strong><em>spe</em></strong></span> <span class='ocrx_word' id='word_1_186' title='bbox 286 2415 348 2480; x_wconf 90' lang='lat' dir='ltr'><strong><em>sibi</em></strong></span> <span class='ocrx_word' id='word_1_187' title='bbox 371 2413 538 2500; x_wconf 89' lang='lat' dir='ltr'><strong><em>proposita</em></strong></span> <span class='ocrx_word' id='word_1_188' title='bbox 562 2412 648 2499; x_wconf 91' lang='lat' dir='ltr'><strong><em>quod</em></strong></span> <span class='ocrx_word' id='word_1_189' title='bbox 671 2434 743 2475; x_wconf 91' lang='lat' dir='ltr'><strong><em>cum</em></strong></span> <span class='ocrx_word' id='word_1_190' title='bbox 767 2411 884 2497; x_wconf 87' lang='lat' dir='ltr'><strong><em>prefati</em></strong></span> <span class='ocrx_word' id='word_1_191' title='bbox 906 2411 1063 2495; x_wconf 88' lang='lat' dir='ltr'><strong><em>magister</em></strong></span> <span class='ocrx_word' id='word_1_192' title='bbox 1086 2417 1120 2475; x_wconf 86' lang='lat' dir='ltr'><strong><em>et</em></strong></span> <span class='ocrx_word' id='word_1_193' title='bbox 1142 2411 1260 2476; x_wconf 88' lang='lat' dir='ltr'><strong><em>fratres</em></strong></span> <span class='ocrx_word' id='word_1_194' title='bbox 1278 2419 1443 2479; x_wconf 89' lang='lat' dir='ltr'><strong><em>strenuam</em></strong></span> <span class='ocrx_word' id='word_1_195' title='bbox 1467 2423 1500 2480; x_wconf 91' lang='lat' dir='ltr'><strong><em>et</em></strong></span> <span class='ocrx_word' id='word_1_196' title='bbox 1521 2416 1679 2481; x_wconf 86' lang='lat' dir='ltr'><strong><em>famosam</em></strong></span> <span class='ocrx_word' id='word_1_197' title='bbox 1702 2417 1846 2481; x_wconf 87' lang='lat' dir='ltr'><strong><em>habeant</em></strong></span> 
     </span>
     <span class='ocr_line' id='line_1_23' title="bbox 203 2513 1846 2607; baseline 0.001 -24"><span class='ocrx_word' id='word_1_198' title='bbox 203 2521 237 2584; x_wconf 93' lang='lat' dir='ltr'><strong><em>in</em></strong></span> <span class='ocrx_word' id='word_1_199' title='bbox 264 2539 323 2583; x_wconf 89' lang='lat' dir='ltr'><strong><em>sua</em></strong></span> <span class='ocrx_word' id='word_1_200' title='bbox 352 2519 447 2583; x_wconf 90' lang='lat' dir='ltr'><strong><em>domo</em></strong></span> <span class='ocrx_word' id='word_1_201' title='bbox 476 2517 640 2594; x_wconf 79' lang='lat' dir='ltr'><strong><em>militiam,</em></strong></span> <span class='ocrx_word' id='word_1_202' title='bbox 670 2516 823 2580; x_wconf 88' lang='lat' dir='ltr'><strong><em>thesauro</em></strong></span> <span class='ocrx_word' id='word_1_203' title='bbox 851 2514 1026 2599; x_wconf 87' lang='lat' dir='ltr'><strong><em>pretiosius</em></strong></span> <span class='ocrx_word' id='word_1_204' title='bbox 1056 2513 1268 2578; x_wconf 86' lang='lat' dir='ltr'><strong><em>arbitrantem</em></strong></span> <span class='ocrx_word' id='word_1_205' title='bbox 1295 2517 1436 2581; x_wconf 87' lang='lat' dir='ltr'><strong><em>animam</em></strong></span> <span class='ocrx_word' id='word_1_206' title='bbox 1465 2539 1523 2604; x_wconf 92' lang='lat' dir='ltr'><strong><em>pro</em></strong></span> <span class='ocrx_word' id='word_1_207' title='bbox 1550 2519 1606 2583; x_wconf 92' lang='lat' dir='ltr'><strong><em>illo</em></strong></span> <span class='ocrx_word' id='word_1_208' title='bbox 1628 2541 1767 2606; x_wconf 79' lang='lat' dir='ltr'><strong><em>ponere,</em></strong></span> <span class='ocrx_word' id='word_1_209' title='bbox 1791 2521 1846 2607; x_wconf 88' lang='lat' dir='ltr'><strong><em>qui</em></strong></span> 
     </span>
    </p>
   </div>
   <div class='ocr_carea' id='block_1_10' title="bbox 127 2617 1845 2710">
    <p class='ocr_par' dir='ltr' id='par_1_10' title="bbox 127 2617 1845 2710">
     <span class='ocr_line' id='line_1_24' title="bbox 127 2617 1845 2710; baseline 0 -22"><span class='ocrx_word' id='word_1_210' title='bbox 127 2637 139 2676; x_wconf 73' lang='lat'><em>2</em></span> <span class='ocrx_word' id='word_1_211' title='bbox 206 2645 297 2688; x_wconf 89' lang='lat' dir='ltr'><strong><em>suam</em></strong></span> <span class='ocrx_word' id='word_1_212' title='bbox 320 2643 377 2709; x_wconf 92' lang='lat' dir='ltr'><strong><em>pro</em></strong></span> <span class='ocrx_word' id='word_1_213' title='bbox 400 2619 624 2706; x_wconf 89' lang='lat' dir='ltr'><strong><em>redemptione</em></strong></span> <span class='ocrx_word' id='word_1_214' title='bbox 639 2620 782 2684; x_wconf 90' lang='lat' dir='ltr'><strong><em>fidelium</em></strong></span> <span class='ocrx_word' id='word_1_215' title='bbox 805 2617 948 2682; x_wconf 85' lang='lat' dir='ltr'><strong><em>noscitur</em></strong></span> <span class='ocrx_word' id='word_1_216' title='bbox 970 2618 1131 2702; x_wconf 89' lang='lat' dir='ltr'><strong><em>posuisse,</em></strong></span> <span class='ocrx_word' id='word_1_217' title='bbox 1154 2617 1262 2682; x_wconf 82' lang='lat' dir='ltr'><strong><em>divina</em></strong></span> <span class='ocrx_word' id='word_1_218' title='bbox 1285 2621 1483 2707; x_wconf 88' lang='lat' dir='ltr'><strong><em>suffragante</em></strong></span> <span class='ocrx_word' id='word_1_219' title='bbox 1506 2625 1653 2708; x_wconf 88' lang='lat' dir='ltr'><strong><em>potentia</em></strong></span> <span class='ocrx_word' id='word_1_220' title='bbox 1674 2625 1845 2710; x_wconf 81' lang='lat' dir='ltr'><strong><em>provenire</em></strong></span> 
     </span>
    </p>
   </div>
   <div class='ocr_carea' id='block_1_11' title="bbox 128 3163 153 3201">
    <p class='ocr_par' dir='ltr' id='par_1_11' title="bbox 128 3163 153 3201">
     <span class='ocr_line' id='line_1_25' title="bbox 128 3163 153 3201; baseline -0.04 0"><span class='ocrx_word' id='word_1_221' title='bbox 128 3163 153 3201; x_wconf 73' lang='lat'><strong><em>95</em></strong></span> 
     </span>
    </p>
   </div>
   <div class='ocr_carea' id='block_1_12' title="bbox 202 2720 1846 3435">
    <p class='ocr_par' dir='ltr' id='par_1_12' title="bbox 202 2720 1846 3435">
     <span class='ocr_line' id='line_1_26' title="bbox 204 2720 1846 2813; baseline -0.001 -23"><span class='ocrx_word' id='word_1_222' title='bbox 204 2729 327 2806; x_wconf 85' lang='lat' dir='ltr'><strong><em>valeat,</em></strong></span> <span class='ocrx_word' id='word_1_223' title='bbox 350 2727 437 2813; x_wconf 90' lang='lat' dir='ltr'><strong><em>quod</em></strong></span> <span class='ocrx_word' id='word_1_224' title='bbox 465 2726 527 2811; x_wconf 89' lang='lat' dir='ltr'><strong><em>ipsi</em></strong></span> <span class='ocrx_word' id='word_1_225' title='bbox 558 2725 598 2788; x_wconf 88' lang='lat' dir='ltr'><strong><em>ad</em></strong></span> <span class='ocrx_word' id='word_1_226' title='bbox 629 2725 780 2802; x_wconf 86' lang='lat' dir='ltr'><strong><em>invicem,</em></strong></span> <span class='ocrx_word' id='word_1_227' title='bbox 810 2723 836 2786; x_wconf 87' lang='lat' dir='ltr'><strong><em>si</em></strong></span> <span class='ocrx_word' id='word_1_228' title='bbox 864 2741 964 2784; x_wconf 91' lang='lat' dir='ltr'><strong><em>unum</em></strong></span> <span class='ocrx_word' id='word_1_229' title='bbox 988 2720 1072 2785; x_wconf 88' lang='lat' dir='ltr'><strong><em>ovile</em></strong></span> <span class='ocrx_word' id='word_1_230' title='bbox 1095 2721 1232 2800; x_wconf 86' lang='lat' dir='ltr'><strong><em>fuerint,</em></strong></span> <span class='ocrx_word' id='word_1_231' title='bbox 1264 2724 1326 2787; x_wconf 85' lang='lat' dir='ltr'><strong><em>cito</em></strong></span> <span class='ocrx_word' id='word_1_232' title='bbox 1350 2732 1476 2810; x_wconf 86' lang='lat' dir='ltr'><strong><em>partem</em></strong></span> <span class='ocrx_word' id='word_1_233' title='bbox 1503 2729 1686 2813; x_wconf 85' lang='lat' dir='ltr'><strong><em>oppositam</em></strong></span> <span class='ocrx_word' id='word_1_234' title='bbox 1709 2727 1846 2792; x_wconf 87' lang='lat' dir='ltr'><strong><em>dextera</em></strong></span> 
     </span>
     <span class='ocr_line' id='line_1_27' title="bbox 205 2825 1845 2915; baseline -0.002 -18"><span class='ocrx_word' id='word_1_235' title='bbox 205 2840 373 2897; x_wconf 86' lang='lat' dir='ltr'><strong><em>conterent</em></strong></span> <span class='ocrx_word' id='word_1_236' title='bbox 407 2829 643 2915; x_wconf 90' lang='lat' dir='ltr'><strong><em>triumphante,</em></strong></span> <span class='ocrx_word' id='word_1_237' title='bbox 680 2829 724 2892; x_wconf 91' lang='lat' dir='ltr'><strong><em>ibi</em></strong></span> <span class='ocrx_word' id='word_1_238' title='bbox 763 2827 926 2892; x_wconf 89' lang='lat' dir='ltr'><strong><em>celebrem</em></strong></span> <span class='ocrx_word' id='word_1_239' title='bbox 966 2825 1122 2890; x_wconf 89' lang='lat' dir='ltr'><strong><em>reddituri</em></strong></span> <span class='ocrx_word' id='word_1_240' title='bbox 1163 2827 1263 2912; x_wconf 91' lang='lat' dir='ltr'><strong><em>patris</em></strong></span> <span class='ocrx_word' id='word_1_241' title='bbox 1298 2829 1400 2892; x_wconf 83' lang='lat' dir='ltr'><strong><em>eterni</em></strong></span> <span class='ocrx_word' id='word_1_242' title='bbox 1433 2830 1549 2912; x_wconf 85' lang='lat' dir='ltr'><strong><em>filium,</em></strong></span> <span class='ocrx_word' id='word_1_243' title='bbox 1582 2833 1638 2897; x_wconf 92' lang='lat' dir='ltr'><strong><em>ubi</em></strong></span> <span class='ocrx_word' id='word_1_244' title='bbox 1671 2831 1845 2896; x_wconf 91' lang='lat' dir='ltr'><strong><em>colentium</em></strong></span> 
     </span>
     <span class='ocr_line' id='line_1_28' title="bbox 202 2923 1845 3022; baseline 0 -25"><span class='ocrx_word' id='word_1_245' title='bbox 202 2941 383 3022; x_wconf 88' lang='lat' dir='ltr'><strong><em>potestates</em></strong></span> <span class='ocrx_word' id='word_1_246' title='bbox 412 2939 526 2999; x_wconf 78' lang='lat' dir='ltr'><strong><em>adress</em></strong></span> <span class='ocrx_word' id='word_1_247' title='bbox 555 2932 680 2996; x_wconf 88' lang='lat' dir='ltr'><strong><em>infinita</em></strong></span> <span class='ocrx_word' id='word_1_248' title='bbox 707 2930 881 2995; x_wconf 89' lang='lat' dir='ltr'><strong><em>multitudo</em></strong></span> <span class='ocrx_word' id='word_1_249' title='bbox 914 2923 1010 3017; x_wconf 86' lang='lat' dir='ltr'><strong><em>periit</em></strong></span> <span class='ocrx_word' id='word_1_250' title='bbox 1039 2930 1229 2993; x_wconf 89' lang='lat' dir='ltr'><strong><em>animarum.</em></strong></span> <span class='ocrx_word' id='word_1_251' title='bbox 1278 2929 1347 2995; x_wconf 89' lang='lat' dir='ltr'><strong><em>Nos</em></strong></span> <span class='ocrx_word' id='word_1_252' title='bbox 1375 2933 1490 3018; x_wconf 91' lang='lat' dir='ltr'><strong><em>igitur,</em></strong></span> <span class='ocrx_word' id='word_1_253' title='bbox 1513 2935 1567 3019; x_wconf 91' lang='lat' dir='ltr'><strong><em>qui</em></strong></span> <span class='ocrx_word' id='word_1_254' title='bbox 1594 2934 1694 2999; x_wconf 90' lang='lat' dir='ltr'><strong><em>nichil</em></strong></span> <span class='ocrx_word' id='word_1_255' title='bbox 1721 2934 1845 3020; x_wconf 75' lang='lat' dir='ltr'><strong><em>gratim</em></strong></span> 
     </span>
     <span class='ocr_line' id='line_1_29' title="bbox 204 3034 1845 3124; baseline -0.001 -22"><span class='ocrx_word' id='word_1_256' title='bbox 204 3039 411 3124; x_wconf 85' lang='lat' dir='ltr'><strong><em>ampliatione</em></strong></span> <span class='ocrx_word' id='word_1_257' title='bbox 436 3036 595 3100; x_wconf 87' lang='lat' dir='ltr'><strong><em>catholice</em></strong></span> <span class='ocrx_word' id='word_1_258' title='bbox 619 3034 694 3099; x_wconf 91' lang='lat' dir='ltr'><strong><em>fidei</em></strong></span> <span class='ocrx_word' id='word_1_259' title='bbox 716 3041 916 3120; x_wconf 89' lang='lat' dir='ltr'><strong><em>reputamus,</em></strong></span> <span class='ocrx_word' id='word_1_260' title='bbox 940 3034 1039 3119; x_wconf 87' lang='lat' dir='ltr'><strong><em>digne</em></strong></span> <span class='ocrx_word' id='word_1_261' title='bbox 1062 3034 1210 3098; x_wconf 79' lang='lat' dir='ltr'><strong><em>volentes</em></strong></span> <span class='ocrx_word' id='word_1_262' title='bbox 1241 3041 1276 3098; x_wconf 93' lang='lat' dir='ltr'><strong><em>ut</em></strong></span> <span class='ocrx_word' id='word_1_263' title='bbox 1299 3057 1410 3100; x_wconf 90' lang='lat' dir='ltr'><strong><em>eorum</em></strong></span> <span class='ocrx_word' id='word_1_264' title='bbox 1432 3039 1633 3124; x_wconf 81' lang='lat' dir='ltr'><strong><em>preceptoris</em></strong></span> <span class='ocrx_word' id='word_1_265' title='bbox 1657 3045 1690 3104; x_wconf 87' lang='lat' dir='ltr'><strong><em>et</em></strong></span> <span class='ocrx_word' id='word_1_266' title='bbox 1711 3039 1845 3102; x_wconf 85' lang='lat' dir='ltr'><strong><em>fratrum</em></strong></span> 
     </span>
     <span class='ocr_line' id='line_1_30' title="bbox 206 3139 1845 3230; baseline -0.001 -24"><span class='ocrx_word' id='word_1_267' title='bbox 206 3143 293 3230; x_wconf 90' lang='lat' dir='ltr'><strong><em>pium</em></strong></span> <span class='ocrx_word' id='word_1_268' title='bbox 316 3141 511 3206; x_wconf 90' lang='lat' dir='ltr'><strong><em>desiderium</em></strong></span> <span class='ocrx_word' id='word_1_269' title='bbox 535 3140 576 3203; x_wconf 91' lang='lat' dir='ltr'><strong><em>ad</em></strong></span> <span class='ocrx_word' id='word_1_270' title='bbox 599 3139 750 3204; x_wconf 83' lang='lat' dir='ltr'><strong><em>eflectum</em></strong></span> <span class='ocrx_word' id='word_1_271' title='bbox 773 3139 941 3225; x_wconf 89' lang='lat' dir='ltr'><strong><em>perveniat</em></strong></span> <span class='ocrx_word' id='word_1_272' title='bbox 964 3144 1165 3224; x_wconf 89' lang='lat' dir='ltr'><strong><em>exoptatum,</em></strong></span> <span class='ocrx_word' id='word_1_273' title='bbox 1182 3139 1358 3224; x_wconf 88' lang='lat' dir='ltr'><strong><em>quinimmo</em></strong></span> <span class='ocrx_word' id='word_1_274' title='bbox 1374 3141 1472 3226; x_wconf 87' lang='lat' dir='ltr'><strong><em>plena</em></strong></span> <span class='ocrx_word' id='word_1_275' title='bbox 1487 3141 1678 3207; x_wconf 87' lang='lat' dir='ltr'><strong><em>credulitate</em></strong></span> <span class='ocrx_word' id='word_1_276' title='bbox 1694 3149 1845 3208; x_wconf 88' lang='lat' dir='ltr'><strong><em>tenentes</em></strong></span> 
     </span>
     <span class='ocr_line' id='line_1_31' title="bbox 204 3243 1846 3332; baseline 0 -22"><span class='ocrx_word' id='word_1_277' title='bbox 204 3246 289 3332; x_wconf 90' lang='lat' dir='ltr'><strong><em>quod</em></strong></span> <span class='ocrx_word' id='word_1_278' title='bbox 311 3245 463 3310; x_wconf 88' lang='lat' dir='ltr'><strong><em>fratribus</em></strong></span> <span class='ocrx_word' id='word_1_279' title='bbox 487 3244 656 3330; x_wconf 87' lang='lat' dir='ltr'><strong><em>hospitalis</em></strong></span> <span class='ocrx_word' id='word_1_280' title='bbox 680 3243 826 3308; x_wconf 91' lang='lat' dir='ltr'><strong><em>eiusdem</em></strong></span> <span class='ocrx_word' id='word_1_281' title='bbox 842 3251 986 3328; x_wconf 88' lang='lat' dir='ltr'><strong><em>apponet</em></strong></span> <span class='ocrx_word' id='word_1_282' title='bbox 1000 3243 1160 3308; x_wconf 91' lang='lat' dir='ltr'><strong><em>Dominus</em></strong></span> <span class='ocrx_word' id='word_1_283' title='bbox 1183 3245 1216 3307; x_wconf 92' lang='lat' dir='ltr'><strong><em>in</em></strong></span> <span class='ocrx_word' id='word_1_284' title='bbox 1233 3243 1372 3308; x_wconf 87' lang='lat' dir='ltr'><strong><em>Livonia</em></strong></span> <span class='ocrx_word' id='word_1_285' title='bbox 1395 3247 1528 3331; x_wconf 89' lang='lat' dir='ltr'><strong><em>reperiri</em></strong></span> <span class='ocrx_word' id='word_1_286' title='bbox 1549 3247 1748 3331; x_wconf 87' lang='lat' dir='ltr'><strong><em>magnificos,</em></strong></span> <span class='ocrx_word' id='word_1_287' title='bbox 1765 3267 1846 3332; x_wconf 89' lang='lat' dir='ltr'><strong><em>quos</em></strong></span> 
     </span>
     <span class='ocr_line' id='line_1_32' title="bbox 204 3347 1846 3435; baseline -0.001 -22"><span class='ocrx_word' id='word_1_288' title='bbox 204 3371 263 3414; x_wconf 91' lang='lat' dir='ltr'><strong><em>sua</em></strong></span> <span class='ocrx_word' id='word_1_289' title='bbox 285 3350 402 3414; x_wconf 89' lang='lat' dir='ltr'><strong><em>virtute</em></strong></span> <span class='ocrx_word' id='word_1_290' title='bbox 426 3349 563 3414; x_wconf 88' lang='lat' dir='ltr'><strong><em>reddidit</em></strong></span> <span class='ocrx_word' id='word_1_291' title='bbox 584 3349 618 3411; x_wconf 87' lang='lat' dir='ltr'><strong><em>in</em></strong></span> <span class='ocrx_word' id='word_1_292' title='bbox 640 3348 771 3412; x_wconf 85' lang='lat' dir='ltr'><strong><em>Prassie</em></strong></span> <span class='ocrx_word' id='word_1_293' title='bbox 794 3347 940 3432; x_wconf 90' lang='lat' dir='ltr'><strong><em>partibus</em></strong></span> <span class='ocrx_word' id='word_1_294' title='bbox 964 3347 1006 3411; x_wconf 89' lang='lat' dir='ltr'><strong><em>ad</em></strong></span> <span class='ocrx_word' id='word_1_295' title='bbox 1028 3347 1197 3411; x_wconf 84' lang='lat' dir='ltr'><strong><em>victoriam</em></strong></span> <span class='ocrx_word' id='word_1_296' title='bbox 1221 3349 1408 3433; x_wconf 86' lang='lat' dir='ltr'><strong><em>expeditos,</em></strong></span> <span class='ocrx_word' id='word_1_297' title='bbox 1431 3351 1573 3435; x_wconf 90' lang='lat' dir='ltr'><strong><em>ipsorum</em></strong></span> <span class='ocrx_word' id='word_1_298' title='bbox 1596 3349 1701 3414; x_wconf 91' lang='lat' dir='ltr'><strong><em>ordini</em></strong></span> <span class='ocrx_word' id='word_1_299' title='bbox 1722 3371 1846 3415; x_wconf 91' lang='lat' dir='ltr'><strong><em>memo·</em></strong></span> 
     </span>
    </p>
   </div>
   <div class='ocr_carea' id='block_1_13' title="bbox 185 3449 1847 3540">
    <p class='ocr_par' dir='ltr' id='par_1_13' title="bbox 185 3449 1847 3540">
     <span class='ocr_line' id='line_1_33' title="bbox 185 3449 1847 3540; baseline -0.001 -23"><span class='ocrx_word' id='word_1_300' title='bbox 185 3459 291 3518; x_wconf 84' lang='lat' dir='ltr'><strong><em>&#39;ratos</em></strong></span> <span class='ocrx_word' id='word_1_301' title='bbox 317 3460 543 3540; x_wconf 88' lang='lat' dir='ltr'><strong><em>preceptorem</em></strong></span> <span class='ocrx_word' id='word_1_302' title='bbox 572 3457 605 3516; x_wconf 90' lang='lat' dir='ltr'><strong><em>et</em></strong></span> <span class='ocrx_word' id='word_1_303' title='bbox 632 3452 768 3516; x_wconf 87' lang='lat' dir='ltr'><strong><em>fratres⁰</em></strong></span> <span class='ocrx_word' id='word_1_304' title='bbox 793 3449 833 3514; x_wconf 92' lang='lat' dir='ltr'><strong><em>de</em></strong></span> <span class='ocrx_word' id='word_1_305' title='bbox 863 3451 999 3515; x_wconf 83' lang='lat' dir='ltr'><strong><em>fratrum</em></strong></span> <span class='ocrx_word' id='word_1_306' title='bbox 1029 3459 1212 3516; x_wconf 85' lang='lat' dir='ltr'><strong><em>nostrorum</em></strong></span> <span class='ocrx_word' id='word_1_307' title='bbox 1247 3454 1380 3517; x_wconf 89' lang='lat' dir='ltr'><strong><em>consilio</em></strong></span> <span class='ocrx_word' id='word_1_308' title='bbox 1411 3453 1570 3518; x_wconf 88' lang='lat' dir='ltr'><strong><em>uniendos</em></strong></span> <span class='ocrx_word' id='word_1_309' title='bbox 1598 3454 1750 3518; x_wconf 81' lang='lat' dir='ltr'><strong><em>duximus</em></strong></span> <span class='ocrx_word' id='word_1_310' title='bbox 1773 3474 1847 3517; x_wconf 91' lang='lat' dir='ltr'><strong><em>cum</em></strong></span> 
     </span>
    </p>
   </div>
   <div class='ocr_carea' id='block_1_14' title="bbox 204 3555 1846 3643">
    <p class='ocr_par' dir='ltr' id='par_1_14' title="bbox 204 3555 1846 3643">
     <span class='ocr_line' id='line_1_34' title="bbox 204 3555 1846 3643; baseline -0.003 -20"><span class='ocrx_word' id='word_1_311' title='bbox 204 3559 298 3624; x_wconf 90' lang='lat' dir='ltr'><strong><em>bonis</em></strong></span> <span class='ocrx_word' id='word_1_312' title='bbox 333 3557 482 3621; x_wconf 92' lang='lat' dir='ltr'><strong><em>omnibus</em></strong></span> <span class='ocrx_word' id='word_1_313' title='bbox 516 3555 713 3634; x_wconf 78' lang='lat' dir='ltr'><strong><em>eorundem,</em></strong></span> <span class='ocrx_word' id='word_1_314' title='bbox 747 3555 940 3619; x_wconf 88' lang='lat' dir='ltr'><strong><em>auctoritate</em></strong></span> <span class='ocrx_word' id='word_1_315' title='bbox 975 3556 1156 3641; x_wconf 86' lang='lat' dir='ltr'><strong><em>apostoliea</em></strong></span> <span class='ocrx_word' id='word_1_316' title='bbox 1187 3565 1367 3622; x_wconf 88' lang='lat' dir='ltr'><strong><em>statuentes</em></strong></span> <span class='ocrx_word' id='word_1_317' title='bbox 1395 3565 1431 3622; x_wconf 90' lang='lat' dir='ltr'><strong><em>ut</em></strong></span> <span class='ocrx_word' id='word_1_318' title='bbox 1459 3558 1522 3643; x_wconf 89' lang='lat' dir='ltr'><strong><em>ipsi</em></strong></span> <span class='ocrx_word' id='word_1_319' title='bbox 1551 3564 1584 3622; x_wconf 89' lang='lat' dir='ltr'><strong><em>et</em></strong></span> <span class='ocrx_word' id='word_1_320' title='bbox 1607 3558 1708 3622; x_wconf 86' lang='lat' dir='ltr'><strong><em>ceteri</em></strong></span> <span class='ocrx_word' id='word_1_321' title='bbox 1730 3558 1846 3622; x_wconf 85' lang='lat' dir='ltr'><strong><em>fratres</em></strong></span> 
     </span>
    </p>
   </div>
   <div class='ocr_carea' id='block_1_15' title="bbox 129 3656 1847 3748">
    <p class='ocr_par' dir='ltr' id='par_1_15' title="bbox 129 3656 1847 3748">
     <span class='ocr_line' id='line_1_35' title="bbox 129 3656 1847 3748; baseline -0.001 -23"><span class='ocrx_word' id='word_1_322' title='bbox 129 3706 134 3718; x_wconf 84' lang='lat'><strong><em>.</em></strong></span> <span class='ocrx_word' id='word_1_323' title='bbox 205 3662 342 3748; x_wconf 90' lang='lat' dir='ltr'><strong><em>predicti</em></strong></span> <span class='ocrx_word' id='word_1_324' title='bbox 367 3659 537 3746; x_wconf 90' lang='lat' dir='ltr'><strong><em>hospitalis</em></strong></span> <span class='ocrx_word' id='word_1_325' title='bbox 570 3665 681 3722; x_wconf 85' lang='lat' dir='ltr'><strong><em>sancte</em></strong></span> <span class='ocrx_word' id='word_1_326' title='bbox 711 3656 815 3722; x_wconf 86' lang='lat' dir='ltr'><strong><em>Maria</em></strong></span> <span class='ocrx_word' id='word_1_327' title='bbox 846 3657 1138 3739; x_wconf 83' lang='lat' dir='ltr'><strong><em>Tbeutonicorum,</em></strong></span> <span class='ocrx_word' id='word_1_328' title='bbox 1167 3661 1221 3745; x_wconf 92' lang='lat' dir='ltr'><strong><em>qui</em></strong></span> <span class='ocrx_word' id='word_1_329' title='bbox 1250 3681 1308 3745; x_wconf 90' lang='lat' dir='ltr'><strong><em>pro</em></strong></span> <span class='ocrx_word' id='word_1_330' title='bbox 1330 3667 1477 3746; x_wconf 90' lang='lat' dir='ltr'><strong><em>tempore</em></strong></span> <span class='ocrx_word' id='word_1_331' title='bbox 1503 3659 1624 3726; x_wconf 88' lang='lat' dir='ltr'><strong><em>fuerint</em></strong></span> <span class='ocrx_word' id='word_1_332' title='bbox 1645 3661 1678 3725; x_wconf 92' lang='lat' dir='ltr'><strong><em>in</em></strong></span> <span class='ocrx_word' id='word_1_333' title='bbox 1700 3659 1847 3738; x_wconf 85' lang='lat' dir='ltr'><strong><em>Livonia,</em></strong></span> 
     </span>
    </p>
   </div>
   <div class='ocr_carea' id='block_1_16' title="bbox 132 5384 159 5424">
    <p class='ocr_par' dir='ltr' id='par_1_16' title="bbox 132 5384 159 5424">
     <span class='ocr_line' id='line_1_36' title="bbox 132 5384 159 5424; baseline 0.111 -3"><span class='ocrx_word' id='word_1_334' title='bbox 132 5384 159 5424; x_wconf 78' lang='lat' dir='ltr'><strong><em>lt</em></strong></span> 
     </span>
    </p>
   </div>
   <div class='ocr_carea' id='block_1_17' title="bbox 110 3762 1848 3848">
    <p class='ocr_par' dir='ltr' id='par_1_17' title="bbox 110 3762 1848 3848">
     <span class='ocr_line' id='line_1_37' title="bbox 110 3762 1848 3848; baseline -0.005 -16"><span class='ocrx_word' id='word_1_335' title='bbox 110 3789 113 3796; x_wconf 93' lang='lat'>·</span> <span class='ocrx_word' id='word_1_336' title='bbox 206 3768 289 3832; x_wconf 88' lang='lat' dir='ltr'><strong><em>sicut</em></strong></span> <span class='ocrx_word' id='word_1_337' title='bbox 321 3766 478 3830; x_wconf 84' lang='lat' dir='ltr'><strong><em>hactenus</em></strong></span> <span class='ocrx_word' id='word_1_338' title='bbox 511 3763 570 3828; x_wconf 92' lang='lat' dir='ltr'><strong><em>sub</em></strong></span> <span class='ocrx_word' id='word_1_339' title='bbox 602 3762 850 3827; x_wconf 86' lang='lat' dir='ltr'><strong><em>diocesanorum</em></strong></span> <span class='ocrx_word' id='word_1_340' title='bbox 885 3769 918 3826; x_wconf 92' lang='lat' dir='ltr'><strong><em>et</em></strong></span> <span class='ocrx_word' id='word_1_341' title='bbox 950 3762 1086 3826; x_wconf 90' lang='lat' dir='ltr'><strong><em>aliorum</em></strong></span> <span class='ocrx_word' id='word_1_342' title='bbox 1123 3763 1321 3848; x_wconf 88' lang='lat' dir='ltr'><strong><em>prelatorum</em></strong></span> <span class='ocrx_word' id='word_1_343' title='bbox 1359 3785 1491 3829; x_wconf 89' lang='lat' dir='ltr'><strong><em>suorum</em></strong></span> <span class='ocrx_word' id='word_1_344' title='bbox 1522 3763 1743 3829; x_wconf 87' lang='lat' dir='ltr'><strong><em>iurisdictione</em></strong></span> <span class='ocrx_word' id='word_1_345' title='bbox 1772 3781 1848 3826; x_wconf 86' lang='lat' dir='ltr'><strong><em>con·</em></strong></span> 
     </span>
    </p>
   </div>
   <div class='ocr_carea' id='block_1_18' title="bbox 206 3866 1849 5209">
    <p class='ocr_par' dir='ltr' id='par_1_18' title="bbox 206 3866 1849 5209">
     <span class='ocr_line' id='line_1_38' title="bbox 206 3866 1848 3954; baseline -0.004 -20"><span class='ocrx_word' id='word_1_346' title='bbox 206 3867 349 3950; x_wconf 73' lang='lat' dir='ltr'><strong><em>sistant‘,</em></strong></span> <span class='ocrx_word' id='word_1_347' title='bbox 372 3889 437 3933; x_wconf 89' lang='lat' dir='ltr'><strong><em>non</em></strong></span> <span class='ocrx_word' id='word_1_348' title='bbox 460 3868 663 3954; x_wconf 89' lang='lat' dir='ltr'><strong><em>obstantibus</em></strong></span> <span class='ocrx_word' id='word_1_349' title='bbox 687 3866 819 3931; x_wconf 86' lang='lat' dir='ltr'><strong><em>indultis</em></strong></span> <span class='ocrx_word' id='word_1_350' title='bbox 842 3867 1029 3930; x_wconf 88' lang='lat' dir='ltr'><strong><em>memoratis</em></strong></span> <span class='ocrx_word' id='word_1_351' title='bbox 1044 3868 1199 3952; x_wconf 88' lang='lat' dir='ltr'><strong><em>magistro</em></strong></span> <span class='ocrx_word' id='word_1_352' title='bbox 1218 3874 1251 3932; x_wconf 89' lang='lat' dir='ltr'><strong><em>et</em></strong></span> <span class='ocrx_word' id='word_1_353' title='bbox 1266 3867 1418 3932; x_wconf 87' lang='lat' dir='ltr'><strong><em>fratribus</em></strong></span> <span class='ocrx_word' id='word_1_354' title='bbox 1434 3867 1611 3954; x_wconf 80' lang='lat' dir='ltr'><strong><em>privilegiis</em></strong></span> <span class='ocrx_word' id='word_1_355' title='bbox 1627 3866 1802 3940; x_wconf 89' lang='lat' dir='ltr'><strong><em>libertatis;</em></strong></span> <span class='ocrx_word' id='word_1_356' title='bbox 1815 3869 1848 3929; x_wconf 90' lang='lat' dir='ltr'><strong><em>et</em></strong></span> 
     </span>
     <span class='ocr_line' id='line_1_39' title="bbox 206 3968 1846 4058; baseline -0.003 -22"><span class='ocrx_word' id='word_1_357' title='bbox 206 3975 234 4038; x_wconf 90' lang='lat' dir='ltr'><strong><em>si</em></strong></span> <span class='ocrx_word' id='word_1_358' title='bbox 257 3973 339 4038; x_wconf 91' lang='lat' dir='ltr'><strong><em>forte</em></strong></span> <span class='ocrx_word' id='word_1_359' title='bbox 363 3972 477 4058; x_wconf 90' lang='lat' dir='ltr'><strong><em>aliquis</em></strong></span> <span class='ocrx_word' id='word_1_360' title='bbox 501 3972 677 4036; x_wconf 90' lang='lat' dir='ltr'><strong><em>eorundem</em></strong></span> <span class='ocrx_word' id='word_1_361' title='bbox 700 3971 834 4034; x_wconf 86' lang='lat' dir='ltr'><strong><em>fratrum</em></strong></span> <span class='ocrx_word' id='word_1_362' title='bbox 857 3992 916 4056; x_wconf 91' lang='lat' dir='ltr'><strong><em>per</em></strong></span> <span class='ocrx_word' id='word_1_363' title='bbox 939 3970 1079 4056; x_wconf 91' lang='lat' dir='ltr'><strong><em>aliquem</em></strong></span> <span class='ocrx_word' id='word_1_364' title='bbox 1108 3973 1171 4036; x_wconf 91' lang='lat' dir='ltr'><strong><em>iam</em></strong></span> <span class='ocrx_word' id='word_1_365' title='bbox 1200 3972 1360 4035; x_wconf 85' lang='lat' dir='ltr'><strong><em>dictorum</em></strong></span> <span class='ocrx_word' id='word_1_366' title='bbox 1390 3971 1638 4036; x_wconf 84' lang='lat' dir='ltr'><strong><em>diocesanorum</em></strong></span> <span class='ocrx_word' id='word_1_367' title='bbox 1659 3971 1712 4035; x_wconf 85' lang='lat' dir='ltr'><strong><em>vel</em></strong></span> <span class='ocrx_word' id='word_1_368' title='bbox 1738 3968 1846 4055; x_wconf 89' lang='lat' dir='ltr'><strong><em>prela-</em></strong></span> 
     </span>
     <span class='ocr_line' id='line_1_40' title="bbox 206 4075 1846 4161; baseline -0.004 -19"><span class='ocrx_word' id='word_1_369' title='bbox 206 4085 312 4142; x_wconf 90' lang='lat' dir='ltr'><strong><em>torum</em></strong></span> <span class='ocrx_word' id='word_1_370' title='bbox 339 4077 501 4142; x_wconf 89' lang='lat' dir='ltr'><strong><em>sententia</em></strong></span> <span class='ocrx_word' id='word_1_371' title='bbox 529 4075 873 4139; x_wconf 87' lang='lat' dir='ltr'><strong><em>excommunicationis</em></strong></span> <span class='ocrx_word' id='word_1_372' title='bbox 903 4081 959 4137; x_wconf 89' lang='lat' dir='ltr'><strong><em>aut</em></strong></span> <span class='ocrx_word' id='word_1_373' title='bbox 990 4077 1213 4161; x_wconf 89' lang='lat' dir='ltr'><strong><em>suspensionis</em></strong></span> <span class='ocrx_word' id='word_1_374' title='bbox 1242 4077 1394 4140; x_wconf 86' lang='lat' dir='ltr'><strong><em>astrictus</em></strong></span> <span class='ocrx_word' id='word_1_375' title='bbox 1424 4076 1458 4139; x_wconf 90' lang='lat' dir='ltr'><strong><em>in</em></strong></span> <span class='ocrx_word' id='word_1_376' title='bbox 1487 4075 1593 4140; x_wconf 90' lang='lat' dir='ltr'><strong><em>locum</em></strong></span> <span class='ocrx_word' id='word_1_377' title='bbox 1620 4075 1718 4138; x_wconf 88' lang='lat' dir='ltr'><strong><em>alium</em></strong></span> <span class='ocrx_word' id='word_1_378' title='bbox 1739 4080 1846 4137; x_wconf 87' lang='lat' dir='ltr'><strong><em>trans-</em></strong></span> 
     </span>
     <span class='ocr_line' id='line_1_41' title="bbox 210 4175 1848 4266; baseline -0.005 -18"><span class='ocrx_word' id='word_1_379' title='bbox 210 4185 340 4264; x_wconf 87' lang='lat' dir='ltr'><strong><em>feratur,</em></strong></span> <span class='ocrx_word' id='word_1_380' title='bbox 363 4181 485 4246; x_wconf 90' lang='lat' dir='ltr'><strong><em>tamdiu</em></strong></span> <span class='ocrx_word' id='word_1_381' title='bbox 507 4181 627 4245; x_wconf 83' lang='lat' dir='ltr'><strong><em>vitetur</em></strong></span> <span class='ocrx_word' id='word_1_382' title='bbox 649 4201 668 4242; x_wconf 91' lang='lat' dir='ltr'><strong><em>a</em></strong></span> <span class='ocrx_word' id='word_1_383' title='bbox 690 4180 843 4243; x_wconf 86' lang='lat' dir='ltr'><strong><em>fratribus</em></strong></span> <span class='ocrx_word' id='word_1_384' title='bbox 866 4185 899 4244; x_wconf 90' lang='lat' dir='ltr'><strong><em>et</em></strong></span> <span class='ocrx_word' id='word_1_385' title='bbox 922 4201 1101 4266; x_wconf 88' lang='lat' dir='ltr'><strong><em>suspensus</em></strong></span> <span class='ocrx_word' id='word_1_386' title='bbox 1125 4180 1223 4245; x_wconf 86' lang='lat' dir='ltr'><strong><em>etiam</em></strong></span> <span class='ocrx_word' id='word_1_387' title='bbox 1246 4180 1419 4261; x_wconf 86' lang='lat' dir='ltr'><strong><em>habeatur,</em></strong></span> <span class='ocrx_word' id='word_1_388' title='bbox 1443 4181 1547 4244; x_wconf 90' lang='lat' dir='ltr'><strong><em>donec</em></strong></span> <span class='ocrx_word' id='word_1_389' title='bbox 1574 4175 1848 4244; x_wconf 87' lang='lat' dir='ltr'><strong><em>excomunicatori</em></strong></span> 
     </span>
     <span class='ocr_line' id='line_1_42' title="bbox 206 4281 1847 4371; baseline -0.004 -21"><span class='ocrx_word' id='word_1_390' title='bbox 206 4288 259 4352; x_wconf 86' lang='lat' dir='ltr'><strong><em>vel</em></strong></span> <span class='ocrx_word' id='word_1_391' title='bbox 282 4285 493 4371; x_wconf 89' lang='lat' dir='ltr'><strong><em>suspendenti</em></strong></span> <span class='ocrx_word' id='word_1_392' title='bbox 516 4283 703 4363; x_wconf 87' lang='lat' dir='ltr'><strong><em>satisfaciat,</em></strong></span> <span class='ocrx_word' id='word_1_393' title='bbox 726 4289 762 4346; x_wconf 93' lang='lat' dir='ltr'><strong><em>ut</em></strong></span> <span class='ocrx_word' id='word_1_394' title='bbox 783 4289 923 4348; x_wconf 88' lang='lat' dir='ltr'><strong><em>tenetur.</em></strong></span> <span class='ocrx_word' id='word_1_395' title='bbox 967 4283 1181 4348; x_wconf 86' lang='lat' dir='ltr'><strong><em>Decernimus</em></strong></span> <span class='ocrx_word' id='word_1_396' title='bbox 1204 4285 1312 4364; x_wconf 89' lang='lat' dir='ltr'><strong><em>etiam,</em></strong></span> <span class='ocrx_word' id='word_1_397' title='bbox 1335 4291 1449 4369; x_wconf 89' lang='lat' dir='ltr'><strong><em>utque</em></strong></span> <span class='ocrx_word' id='word_1_398' title='bbox 1472 4282 1593 4347; x_wconf 90' lang='lat' dir='ltr'><strong><em>ibidem</em></strong></span> <span class='ocrx_word' id='word_1_399' title='bbox 1615 4303 1674 4368; x_wconf 91' lang='lat' dir='ltr'><strong><em>pro</em></strong></span> <span class='ocrx_word' id='word_1_400' title='bbox 1696 4281 1847 4345; x_wconf 89' lang='lat' dir='ltr'><strong><em>libertate</em></strong></span> 
     </span>
     <span class='ocr_line' id='line_1_43' title="bbox 208 4383 1849 4474; baseline -0.006 -17"><span class='ocrx_word' id='word_1_401' title='bbox 208 4393 419 4458; x_wconf 86' lang='lat' dir='ltr'><strong><em>ecclesiarum</em></strong></span> <span class='ocrx_word' id='word_1_402' title='bbox 442 4390 495 4454; x_wconf 89' lang='lat' dir='ltr'><strong><em>vel</em></strong></span> <span class='ocrx_word' id='word_1_403' title='bbox 517 4388 754 4474; x_wconf 89' lang='lat' dir='ltr'><strong><em>neophytorum</em></strong></span> <span class='ocrx_word' id='word_1_404' title='bbox 778 4393 834 4450; x_wconf 90' lang='lat' dir='ltr'><strong><em>aut</em></strong></span> <span class='ocrx_word' id='word_1_405' title='bbox 856 4407 913 4472; x_wconf 93' lang='lat' dir='ltr'><strong><em>pro</em></strong></span> <span class='ocrx_word' id='word_1_406' title='bbox 938 4394 1025 4452; x_wconf 87' lang='lat' dir='ltr'><strong><em>statu</em></strong></span> <span class='ocrx_word' id='word_1_407' title='bbox 1046 4393 1131 4452; x_wconf 89' lang='lat' dir='ltr'><strong><em>terre</em></strong></span> <span class='ocrx_word' id='word_1_408' title='bbox 1156 4395 1230 4452; x_wconf 88' lang='lat' dir='ltr'><strong><em>sunt</em></strong></span> <span class='ocrx_word' id='word_1_409' title='bbox 1253 4409 1312 4473; x_wconf 91' lang='lat' dir='ltr'><strong><em>per</em></strong></span> <span class='ocrx_word' id='word_1_410' title='bbox 1335 4387 1447 4453; x_wconf 88' lang='lat' dir='ltr'><strong><em>sedem</em></strong></span> <span class='ocrx_word' id='word_1_411' title='bbox 1470 4386 1681 4472; x_wconf 87' lang='lat' dir='ltr'><strong><em>apostolicam</em></strong></span> <span class='ocrx_word' id='word_1_412' title='bbox 1702 4383 1849 4448; x_wconf 87' lang='lat' dir='ltr'><strong><em>ordinata</em></strong></span> 
     </span>
     <span class='ocr_line' id='line_1_44' title="bbox 207 4489 1847 4581; baseline -0.006 -20"><span class='ocrx_word' id='word_1_413' title='bbox 207 4498 261 4561; x_wconf 82' lang='lat' dir='ltr'><strong><em>vel</em></strong></span> <span class='ocrx_word' id='word_1_414' title='bbox 283 4518 341 4581; x_wconf 90' lang='lat' dir='ltr'><strong><em>per</em></strong></span> <span class='ocrx_word' id='word_1_415' title='bbox 368 4497 471 4581; x_wconf 88' lang='lat' dir='ltr'><strong><em>ipsam</em></strong></span> <span class='ocrx_word' id='word_1_416' title='bbox 497 4494 708 4578; x_wconf 91' lang='lat' dir='ltr'><strong><em>imposterum</em></strong></span> <span class='ocrx_word' id='word_1_417' title='bbox 738 4490 879 4555; x_wconf 90' lang='lat' dir='ltr'><strong><em>ordinari</em></strong></span> <span class='ocrx_word' id='word_1_418' title='bbox 906 4493 1094 4577; x_wconf 83' lang='lat' dir='ltr'><strong><em>eontigerit,</em></strong></span> <span class='ocrx_word' id='word_1_419' title='bbox 1123 4493 1164 4558; x_wconf 90' lang='lat' dir='ltr'><strong><em>ab</em></strong></span> <span class='ocrx_word' id='word_1_420' title='bbox 1188 4491 1311 4558; x_wconf 90' lang='lat' dir='ltr'><strong><em>eisdem</em></strong></span> <span class='ocrx_word' id='word_1_421' title='bbox 1338 4492 1491 4557; x_wconf 88' lang='lat' dir='ltr'><strong><em>fratribus</em></strong></span> <span class='ocrx_word' id='word_1_422' title='bbox 1513 4491 1547 4555; x_wconf 90' lang='lat' dir='ltr'><strong><em>in</em></strong></span> <span class='ocrx_word' id='word_1_423' title='bbox 1569 4491 1705 4556; x_wconf 83' lang='lat' dir='ltr'><strong><em>Livonie</em></strong></span> <span class='ocrx_word' id='word_1_424' title='bbox 1727 4489 1847 4554; x_wconf 89' lang='lat' dir='ltr'><strong><em>consti-</em></strong></span> 
     </span>
     <span class='ocr_line' id='line_1_45' title="bbox 209 4593 1847 4684; baseline -0.007 -17"><span class='ocrx_word' id='word_1_425' title='bbox 209 4602 286 4667; x_wconf 91' lang='lat' dir='ltr'><strong><em>tutis</em></strong></span> <span class='ocrx_word' id='word_1_426' title='bbox 319 4598 546 4664; x_wconf 81' lang='lat' dir='ltr'><strong><em>inviolabiliter</em></strong></span> <span class='ocrx_word' id='word_1_427' title='bbox 574 4596 801 4674; x_wconf 82' lang='lat' dir='ltr'><strong><em>observentur,</em></strong></span> <span class='ocrx_word' id='word_1_428' title='bbox 832 4602 865 4660; x_wconf 88' lang='lat' dir='ltr'><strong><em>et</em></strong></span> <span class='ocrx_word' id='word_1_429' title='bbox 893 4596 1019 4682; x_wconf 89' lang='lat' dir='ltr'><strong><em>prefata</em></strong></span> <span class='ocrx_word' id='word_1_430' title='bbox 1046 4605 1149 4677; x_wconf 91' lang='lat' dir='ltr'><strong><em>terra,</em></strong></span> <span class='ocrx_word' id='word_1_431' title='bbox 1180 4617 1241 4684; x_wconf 92' lang='lat' dir='ltr'><strong><em>que</em></strong></span> <span class='ocrx_word' id='word_1_432' title='bbox 1265 4597 1343 4661; x_wconf 91' lang='lat' dir='ltr'><strong><em>iuris</em></strong></span> <span class='ocrx_word' id='word_1_433' title='bbox 1367 4605 1400 4661; x_wconf 88' lang='lat' dir='ltr'><strong><em>ct</em></strong></span> <span class='ocrx_word' id='word_1_434' title='bbox 1421 4596 1628 4682; x_wconf 89' lang='lat' dir='ltr'><strong><em>proprietatis</em></strong></span> <span class='ocrx_word' id='word_1_435' title='bbox 1650 4594 1738 4659; x_wconf 88' lang='lat' dir='ltr'><strong><em>beati</em></strong></span> <span class='ocrx_word' id='word_1_436' title='bbox 1759 4593 1847 4658; x_wconf 89' lang='lat' dir='ltr'><strong><em>Petri</em></strong></span> 
     </span>
     <span class='ocr_line' id='line_1_46' title="bbox 209 4698 1848 4786; baseline -0.006 -16"><span class='ocrx_word' id='word_1_437' title='bbox 209 4726 283 4771; x_wconf 89' lang='lat' dir='ltr'><strong><em>esse</em></strong></span> <span class='ocrx_word' id='word_1_438' title='bbox 299 4703 485 4780; x_wconf 87' lang='lat' dir='ltr'><strong><em>dinoscitur,</em></strong></span> <span class='ocrx_word' id='word_1_439' title='bbox 501 4721 561 4785; x_wconf 90' lang='lat' dir='ltr'><strong><em>per</em></strong></span> <span class='ocrx_word' id='word_1_440' title='bbox 577 4720 633 4764; x_wconf 89' lang='lat' dir='ltr'><strong><em>eos</em></strong></span> <span class='ocrx_word' id='word_1_441' title='bbox 650 4699 801 4763; x_wconf 87' lang='lat' dir='ltr'><strong><em>antelios</em></strong></span> <span class='ocrx_word' id='word_1_442' title='bbox 818 4698 938 4762; x_wconf 91' lang='lat' dir='ltr'><strong><em>nullius</em></strong></span> <span class='ocrx_word' id='word_1_443' title='bbox 955 4719 1099 4786; x_wconf 89' lang='lat' dir='ltr'><strong><em>unquam</em></strong></span> <span class='ocrx_word' id='word_1_444' title='bbox 1115 4701 1291 4765; x_wconf 86' lang='lat' dir='ltr'><strong><em>subicietur</em></strong></span> <span class='ocrx_word' id='word_1_445' title='bbox 1306 4699 1447 4764; x_wconf 89' lang='lat' dir='ltr'><strong><em>dominio</em></strong></span> <span class='ocrx_word' id='word_1_446' title='bbox 1463 4699 1646 4785; x_wconf 87' lang='lat' dir='ltr'><strong><em>potestatis.</em></strong></span> <span class='ocrx_word' id='word_1_447' title='bbox 1688 4698 1848 4764; x_wconf 82' lang='lat' dir='ltr'><strong><em>Volumus</em></strong></span> 
     </span>
     <span class='ocr_line' id='line_1_47' title="bbox 208 4799 1848 4890; baseline -0.006 -16"><span class='ocrx_word' id='word_1_448' title='bbox 208 4818 328 4884; x_wconf 87' lang='lat' dir='ltr'><strong><em>tamen,</em></strong></span> <span class='ocrx_word' id='word_1_449' title='bbox 351 4815 387 4871; x_wconf 89' lang='lat' dir='ltr'><strong><em>ut</em></strong></span> <span class='ocrx_word' id='word_1_450' title='bbox 408 4804 534 4870; x_wconf 88' lang='lat' dir='ltr'><strong><em>indulta</em></strong></span> <span class='ocrx_word' id='word_1_451' title='bbox 557 4801 749 4890; x_wconf 88' lang='lat' dir='ltr'><strong><em>supradictis</em></strong></span> <span class='ocrx_word' id='word_1_452' title='bbox 772 4804 957 4889; x_wconf 88' lang='lat' dir='ltr'><strong><em>preceptori</em></strong></span> <span class='ocrx_word' id='word_1_453' title='bbox 981 4812 1014 4869; x_wconf 87' lang='lat' dir='ltr'><strong><em>et</em></strong></span> <span class='ocrx_word' id='word_1_454' title='bbox 1037 4804 1189 4869; x_wconf 82' lang='lat' dir='ltr'><strong><em>fratribus</em></strong></span> <span class='ocrx_word' id='word_1_455' title='bbox 1213 4825 1232 4867; x_wconf 87' lang='lat' dir='ltr'><strong><em>a</em></strong></span> <span class='ocrx_word' id='word_1_456' title='bbox 1255 4802 1332 4868; x_wconf 84' lang='lat' dir='ltr'><strong><em>sede</em></strong></span> <span class='ocrx_word' id='word_1_457' title='bbox 1356 4803 1537 4890; x_wconf 86' lang='lat' dir='ltr'><strong><em>apostolica</em></strong></span> <span class='ocrx_word' id='word_1_458' title='bbox 1564 4809 1638 4867; x_wconf 86' lang='lat' dir='ltr'><strong><em>ante</em></strong></span> <span class='ocrx_word' id='word_1_459' title='bbox 1666 4799 1848 4865; x_wconf 90' lang='lat' dir='ltr'><strong><em>huiusmodi</em></strong></span> 
     </span>
     <span class='ocr_line' id='line_1_48' title="bbox 209 4905 1848 4996; baseline -0.005 -19"><span class='ocrx_word' id='word_1_460' title='bbox 209 4914 362 4977; x_wconf 88' lang='lat' dir='ltr'><strong><em>unionem</em></strong></span> <span class='ocrx_word' id='word_1_461' title='bbox 384 4911 417 4974; x_wconf 93' lang='lat' dir='ltr'><strong><em>in</em></strong></span> <span class='ocrx_word' id='word_1_462' title='bbox 441 4929 499 4973; x_wconf 91' lang='lat' dir='ltr'><strong><em>suo</em></strong></span> <span class='ocrx_word' id='word_1_463' title='bbox 522 4909 638 4972; x_wconf 89' lang='lat' dir='ltr'><strong><em>robore</em></strong></span> <span class='ocrx_word' id='word_1_464' title='bbox 661 4915 882 4993; x_wconf 89' lang='lat' dir='ltr'><strong><em>perseverent.</em></strong></span> <span class='ocrx_word' id='word_1_465' title='bbox 926 4908 1093 4994; x_wconf 88' lang='lat' dir='ltr'><strong><em>Rogamus</em></strong></span> <span class='ocrx_word' id='word_1_466' title='bbox 1117 4909 1227 4996; x_wconf 87' lang='lat' dir='ltr'><strong><em>itaque</em></strong></span> <span class='ocrx_word' id='word_1_467' title='bbox 1249 4908 1485 4972; x_wconf 82' lang='lat' dir='ltr'><strong><em>fraternitatem</em></strong></span> <span class='ocrx_word' id='word_1_468' title='bbox 1508 4913 1649 4971; x_wconf 88' lang='lat' dir='ltr'><strong><em>vestram</em></strong></span> <span class='ocrx_word' id='word_1_469' title='bbox 1669 4911 1713 4976; x_wconf 70' lang='lat' dir='ltr'><strong><em>,et</em></strong></span> <span class='ocrx_word' id='word_1_470' title='bbox 1738 4905 1848 4968; x_wconf 89' lang='lat' dir='ltr'><strong><em>horta-</em></strong></span> 
     </span>
     <span class='ocr_line' id='line_1_49' title="bbox 207 5005 1848 5099; baseline -0.008 -17"><span class='ocrx_word' id='word_1_471' title='bbox 207 5038 279 5082; x_wconf 91' lang='lat' dir='ltr'><strong><em>mur</em></strong></span> <span class='ocrx_word' id='word_1_472' title='bbox 311 5017 344 5080; x_wconf 93' lang='lat' dir='ltr'><strong><em>in</em></strong></span> <span class='ocrx_word' id='word_1_473' title='bbox 375 5015 505 5079; x_wconf 89' lang='lat' dir='ltr'><strong><em>domino</em></strong></span> <span class='ocrx_word' id='word_1_474' title='bbox 538 5012 615 5078; x_wconf 89' lang='lat' dir='ltr'><strong><em>Iesu</em></strong></span> <span class='ocrx_word' id='word_1_475' title='bbox 646 5011 775 5077; x_wconf 86' lang='lat' dir='ltr'><strong><em>Christo</em></strong></span> <span class='ocrx_word' id='word_1_476' title='bbox 805 5012 1012 5094; x_wconf 86' lang='lat' dir='ltr'><strong><em>mandantes,</em></strong></span> <span class='ocrx_word' id='word_1_477' title='bbox 1042 5014 1194 5099; x_wconf 88' lang='lat' dir='ltr'><strong><em>quatinus</em></strong></span> <span class='ocrx_word' id='word_1_478' title='bbox 1227 5019 1364 5099; x_wconf 89' lang='lat' dir='ltr'><strong><em>pensato</em></strong></span> <span class='ocrx_word' id='word_1_479' title='bbox 1400 5009 1578 5096; x_wconf 89' lang='lat' dir='ltr'><strong><em>prudenter</em></strong></span> <span class='ocrx_word' id='word_1_480' title='bbox 1612 5005 1698 5093; x_wconf 90' lang='lat' dir='ltr'><strong><em>quod</em></strong></span> <span class='ocrx_word' id='word_1_481' title='bbox 1731 5027 1848 5070; x_wconf 76' lang='lat' dir='ltr'><strong><em>uacare</em></strong></span> 
     </span>
     <span class='ocr_line' id='line_1_50' title="bbox 207 5111 1849 5209; baseline -0.008 -23"><span class='ocrx_word' id='word_1_482' title='bbox 207 5117 416 5209; x_wconf 87' lang='lat' dir='ltr'><strong><em>procurandis</em></strong></span> <span class='ocrx_word' id='word_1_483' title='bbox 450 5117 534 5182; x_wconf 89' lang='lat' dir='ltr'><strong><em>dicte</em></strong></span> <span class='ocrx_word' id='word_1_484' title='bbox 571 5123 657 5181; x_wconf 90' lang='lat' dir='ltr'><strong><em>terre</em></strong></span> <span class='ocrx_word' id='word_1_485' title='bbox 690 5116 889 5202; x_wconf 87' lang='lat' dir='ltr'><strong><em>profectibus</em></strong></span> <span class='ocrx_word' id='word_1_486' title='bbox 923 5117 1016 5180; x_wconf 83' lang='lat' dir='ltr'><strong><em>robis</em></strong></span> <span class='ocrx_word' id='word_1_487' title='bbox 1049 5117 1175 5180; x_wconf 88' lang='lat' dir='ltr'><strong><em>ratione</em></strong></span> <span class='ocrx_word' id='word_1_488' title='bbox 1204 5115 1374 5203; x_wconf 85' lang='lat' dir='ltr'><strong><em>multiplici</em></strong></span> <span class='ocrx_word' id='word_1_489' title='bbox 1406 5111 1580 5192; x_wconf 84' lang='lat' dir='ltr'><strong><em>debeatur,</em></strong></span> <span class='ocrx_word' id='word_1_490' title='bbox 1602 5131 1730 5175; x_wconf 88' lang='lat' dir='ltr'><strong><em>omnem</em></strong></span> <span class='ocrx_word' id='word_1_491' title='bbox 1753 5129 1849 5194; x_wconf 87' lang='lat' dir='ltr'><strong><em>quam</em></strong></span> 
     </span>
    </p>
   </div>
   <div class='ocr_carea' id='block_1_19' title="bbox 207 5368 1852 5534">
    <p class='ocr_par' dir='ltr' id='par_1_19' title="bbox 207 5368 1852 5534">
     <span class='ocr_line' id='line_1_51' title="bbox 289 5368 1852 5446; baseline -0.003 -14"><span class='ocrx_word' id='word_1_492' title='bbox 289 5379 312 5446; x_wconf 82' lang='lat'><strong><em>¹)</em></strong></span> <span class='ocrx_word' id='word_1_493' title='bbox 331 5379 417 5432; x_wconf 79' lang='lat' dir='ltr'><strong><em>dilecti</em></strong></span> <span class='ocrx_word' id='word_1_494' title='bbox 431 5379 477 5430; x_wconf 86' lang='lat' dir='ltr'><strong><em>lilii</em></strong></span> <span class='ocrx_word' id='word_1_495' title='bbox 486 5377 571 5446; x_wconf 77' lang='lat' dir='ltr'><strong><em>Roprr.</em></strong></span> <span class='ocrx_word' id='word_1_496' title='bbox 581 5386 603 5428; x_wconf 88' lang='lat' dir='ltr'><strong><em>cl</em></strong></span> <span class='ocrx_word' id='word_1_497' title='bbox 618 5378 644 5426; x_wconf 84' lang='grc' dir='ltr'><strong><em>Τ.</em></strong></span> <span class='ocrx_word' id='word_1_498' title='bbox 727 5375 751 5444; x_wconf 82' lang='grc' dir='ltr'><strong><em>Ι’)</em></strong></span> <span class='ocrx_word' id='word_1_499' title='bbox 774 5376 815 5436; x_wconf 87' lang='grc' dir='ltr'><strong><em>Τ.,·</em></strong></span> <span class='ocrx_word' id='word_1_500' title='bbox 833 5377 964 5445; x_wconf 75' lang='lat' dir='ltr'><strong><em>hospitalis</em></strong></span> <span class='ocrx_word' id='word_1_501' title='bbox 981 5377 1049 5430; x_wconf 81' lang='lat' dir='ltr'><strong><em>deest</em></strong></span> <span class='ocrx_word' id='word_1_502' title='bbox 1066 5377 1205 5446; x_wconf 80' lang='lat' dir='ltr'><strong><em>op.llapn.</em></strong></span> <span class='ocrx_word' id='word_1_503' title='bbox 1288 5377 1309 5440; x_wconf 81' lang='lat'><strong><em>⁴²)</em></strong></span> <span class='ocrx_word' id='word_1_504' title='bbox 1332 5376 1373 5438; x_wconf 88' lang='grc' dir='ltr'><strong><em>Τ.,·</em></strong></span> <span class='ocrx_word' id='word_1_505' title='bbox 1389 5375 1497 5426; x_wconf 84' lang='lat' dir='ltr'><strong><em>dilectus</em></strong></span> <span class='ocrx_word' id='word_1_506' title='bbox 1514 5375 1584 5426; x_wconf 86' lang='lat' dir='ltr'><strong><em>filius</em></strong></span> <span class='ocrx_word' id='word_1_507' title='bbox 1601 5372 1685 5440; x_wconf 72' lang='lat' dir='ltr'><strong><em>noyn</em></strong></span> <span class='ocrx_word' id='word_1_508' title='bbox 1763 5368 1787 5438; x_wconf 69' lang='lat' dir='ltr'><strong><em>d)</em></strong></span> <span class='ocrx_word' id='word_1_509' title='bbox 1811 5371 1852 5428; x_wconf 82' lang='lat' dir='ltr'><strong><em>T..·</em></strong></span> 
     </span>
     <span class='ocr_line' id='line_1_52' title="bbox 207 5460 1584 5534; baseline -0.004 -15"><span class='ocrx_word' id='word_1_510' title='bbox 207 5487 223 5519; x_wconf 80' lang='lat' dir='ltr'><strong><em>a</em></strong></span> <span class='ocrx_word' id='word_1_511' title='bbox 241 5467 309 5518; x_wconf 79' lang='lat' dir='ltr'><strong><em>deest</em></strong></span> <span class='ocrx_word' id='word_1_512' title='bbox 327 5485 368 5534; x_wconf 88' lang='lat' dir='ltr'><strong><em>op.</em></strong></span> <span class='ocrx_word' id='word_1_513' title='bbox 388 5467 473 5532; x_wconf 76' lang='lat' dir='ltr'><strong><em>Rnyn.</em></strong></span> <span class='ocrx_word' id='word_1_514' title='bbox 560 5461 767 5530; x_wconf 61' lang='lat' dir='ltr'><strong><em>⁸)l15fratrem</em></strong></span> <span class='ocrx_word' id='word_1_515' title='bbox 786 5461 869 5530; x_wconf 71' lang='lat' dir='ltr'><strong><em>Royan.</em></strong></span> <span class='ocrx_word' id='word_1_516' title='bbox 968 5462 991 5531; x_wconf 65' lang='grc' dir='ltr'><strong><em>τ)</em></strong></span> <span class='ocrx_word' id='word_1_517' title='bbox 1010 5465 1139 5530; x_wconf 79' lang='lat' dir='ltr'><strong><em>hucusque</em></strong></span> <span class='ocrx_word' id='word_1_518' title='bbox 1156 5462 1251 5530; x_wconf 65' lang='lat' dir='ltr'><strong><em>Rapa,</em></strong></span> <span class='ocrx_word' id='word_1_519' title='bbox 1268 5479 1333 5528; x_wconf 68' lang='lat' dir='ltr'><strong><em>qiam</em></strong></span> <span class='ocrx_word' id='word_1_520' title='bbox 1350 5469 1489 5528; x_wconf 76' lang='lat' dir='ltr'><strong><em>aequantia·</em></strong></span> <span class='ocrx_word' id='word_1_521' title='bbox 1505 5460 1584 5514; x_wconf 78' lang='lat' dir='ltr'><strong><em>eaT.</em></strong></span> 
     </span>
    </p>
   </div>
   <div class='ocr_carea' id='block_1_20' title="bbox 208 5591 1851 5759">
    <p class='ocr_par' dir='ltr' id='par_1_20' title="bbox 208 5591 1851 5759">
     <span class='ocr_line' id='line_1_53' title="bbox 277 5591 1851 5670; baseline -0.004 -14"><span class='ocrx_word' id='word_1_522' title='bbox 277 5603 304 5670; x_wconf 90' lang='lat'><strong><em>1)</em></strong></span> <span class='ocrx_word' id='word_1_523' title='bbox 323 5601 486 5656; x_wconf 85' lang='lat' dir='ltr'><strong><em>Hermonni.</em></strong></span> <span class='ocrx_word' id='word_1_524' title='bbox 586 5599 614 5667; x_wconf 76' lang='lat'><strong><em>2)</em></strong></span> <span class='ocrx_word' id='word_1_525' title='bbox 639 5597 773 5670; x_wconf 83' lang='lat' dir='ltr'><strong><em>Volqnini.</em></strong></span> <span class='ocrx_word' id='word_1_526' title='bbox 871 5597 899 5664; x_wconf 84' lang='lat'><strong><em>3)</em></strong></span> <span class='ocrx_word' id='word_1_527' title='bbox 917 5615 944 5652; x_wconf 87' lang='lat' dir='ltr'><strong><em>a.</em></strong></span> <span class='ocrx_word' id='word_1_528' title='bbox 962 5601 1045 5664; x_wconf 82' lang='lat'><strong><em>1236,</em></strong></span> <span class='ocrx_word' id='word_1_529' title='bbox 1062 5597 1137 5668; x_wconf 83' lang='lat' dir='ltr'><strong><em>Sept.</em></strong></span> <span class='ocrx_word' id='word_1_530' title='bbox 1155 5601 1192 5650; x_wconf 82' lang='lat'><strong><em>22</em></strong></span> <span class='ocrx_word' id='word_1_531' title='bbox 1209 5596 1241 5649; x_wconf 81' lang='lat' dir='ltr'><strong><em>in</em></strong></span> <span class='ocrx_word' id='word_1_532' title='bbox 1253 5611 1352 5666; x_wconf 74' lang='lat' dir='ltr'><strong><em>papiro</em></strong></span> <span class='ocrx_word' id='word_1_533' title='bbox 1370 5601 1467 5652; x_wconf 69' lang='lat' dir='ltr'><strong><em>cnara</em></strong></span> <span class='ocrx_word' id='word_1_534' title='bbox 1483 5593 1737 5664; x_wconf 67' lang='lat' dir='ltr'><strong><em>LitnnnomVoiol,</em></strong></span> <span class='ocrx_word' id='word_1_535' title='bbox 1756 5591 1851 5650; x_wconf 81' lang='lat' dir='ltr'><strong><em>Gesch.</em></strong></span> 
     </span>
     <span class='ocr_line' id='line_1_54' title="bbox 208 5686 590 5759; baseline -0.005 -14"><span class='ocrx_word' id='word_1_536' title='bbox 208 5689 363 5745; x_wconf 66' lang='lat' dir='ltr'><strong><em>Rauracos</em></strong></span> <span class='ocrx_word' id='word_1_537' title='bbox 381 5692 400 5742; x_wconf 90' lang='lat' dir='ltr'><strong><em>t.</em></strong></span> <span class='ocrx_word' id='word_1_538' title='bbox 417 5686 462 5754; x_wconf 87' lang='grc' dir='ltr'><strong><em>ΙΙ,</em></strong></span> <span class='ocrx_word' id='word_1_539' title='bbox 476 5703 506 5759; x_wconf 93' lang='lat' dir='ltr'><strong><em>p.</em></strong></span> <span class='ocrx_word' id='word_1_540' title='bbox 526 5689 590 5743; x_wconf 80' lang='lat'><strong><em>336.</em></strong></span> 
     </span>
    </p>
   </div>
   <div class='ocr_carea' id='block_1_21' title="bbox 0 0 2312 6404">
    <p class='ocr_par' dir='ltr' id='par_1_21' title="bbox 0 0 2312 6404">
     <span class='ocr_line' id='line_1_55' title="bbox 0 0 2312 6404; baseline 0 0"><span class='ocrx_word' id='word_1_541' title='bbox 0 0 2312 6404; x_wconf 95' lang='lat' dir='ltr'><strong><em> </em></strong></span> 
     </span>
    </p>
   </div>
  </div>
 </body>
</html>
