4590 6366
115 4081 141 4119 33

761 343 961 400 EPISTOLAE
978 347 1169 404 subucula.
1201 349 1275 404 1236.
1785 355 1847 418 585

193 521 227 580 at
250 515 396 581 laborem
420 537 533 581 eorum
556 525 740 583 nostrorum
764 528 974 606 peecatorum
992 522 1338 587 crederentur'merita
1353 545 1521 606 vacuasse,
1544 546 1615 605 nos,
1638 526 1847 592 attendentes

193 619 280 702 quod
303 641 399 685 omne
423 620 508 705 quod
532 628 583 685 est
605 622 647 686 ab
668 623 816 709 improbo
839 624 950 690 labore
975 625 1167 703 devincitur,
1192 631 1225 690 et
1241 627 1369 691 Pharao
1395 633 1430 691 ut
1450 628 1569 693 liberet
1591 629 1759 700 Israelem.
1782 651 1846 694 uon
1879 610 2000 714 γῖῗῆἶξῗ·

192 721 256 786 nisi
280 723 386 809 plagis
411 727 570 791 contritus
593 727 742 812 pluribus
766 729 940 810 emollitur,
963 729 1117 794 humeros
1141 737 1270 794 nostros
1294 731 1391 795 huius
1414 731 1535 796 laboris
1550 731 1633 797 fasci
1648 732 1846 798 subiecimus

194 833 227 891 et
250 829 473 894 venerabilem
496 830 630 894 fratrem
653 837 800 896 nostrum
816 832 1032 897 Portuensem
1057 833 1257 919 episcopum,
1283 839 1360 898 tunc
1383 833 1494 899 Sancti
1510 834 1631 921 Augeli
1654 835 1848 900 diaconumr

194 932 393 997 cardinalem
404 935 425 1012 ¹,
451 935 629 998 commisso
659 933 720 998 sibi
749 935 924 1020 legationis
955 935 1077 1016 officio,
1108 935 1149 1000 ad
1179 943 1291 1022 partes
1319 936 1393 1002 illas
1424 937 1577 1003 duximus
1601 938 1845 1014 destinandum;

192 1039 257 1124 qui,
282 1059 320 1102 ec
344 1037 487 1102 faciente
511 1039 567 1124 qui
588 1038 709 1102 bonum
733 1061 815 1130 opus
832 1039 1006 1126 aspirando
1028 1041 1180 1125 prevenit
1196 1047 1229 1104 et
1246 1041 1456 1126 prosequitur
1476 1041 1670 1121 adiuvando,
1694 1042 1844 1106 maxillas

191 1162 323 1222 eorum,
358 1143 413 1228 qui
445 1143 676 1207 inconsutilem
699 1141 821 1207 Christi
848 1144 994 1207 tunicam
1029 1144 1233 1225 lacerabant,
1268 1145 1303 1208 iu
1331 1144 1424 1209 freno
1459 1145 1621 1226 cohibuit,
1654 1147 1844 1232 vulpeculas
1863 1158 1991 1212 mans.

191 1247 364 1332 parvulas,
400 1266 463 1331 que
497 1245 703 1310 Dominieam
740 1246 1005 1312 demoliebantur
1034 1247 1178 1324 vineam,
1210 1248 1401 1334 intercepit,
1435 1256 1470 1313 et
1502 1255 1538 1312 ut
1570 1248 1652 1313 fides
1685 1249 1847 1314 catholiea
1864 1263 1996 1316 Cantha-

197 1349 296 1413 statui
334 1350 468 1434 antiquo
506 1350 603 1436 plene
643 1355 756 1435 posset
793 1351 938 1430 restitui,
976 1351 1010 1414 in
1047 1371 1146 1436 pace,
1186 1352 1271 1415 inter
1309 1351 1485 1415 ecclesiam
1516 1358 1550 1416 et
1577 1353 1779 1417 carissimum
1812 1353 1846 1416 in

196 1451 327 1516 Christo
364 1452 467 1517 filium
504 1459 652 1517 nostrum
685 1451 824 1518 Francia
861 1473 974 1538 regem
1010 1454 1171 1518 illustrem
1209 1475 1251 1518 ex
1290 1459 1382 1539 parte
1418 1475 1484 1518 una
1521 1462 1555 1519 et
1591 1462 1624 1520 te
1663 1477 1706 1521 ex
1742 1457 1847 1521 altera

192 1556 295 1641 ipsius
330 1555 437 1621 studio
464 1556 680 1636 reformata²,
716 1564 750 1622 et
783 1558 922 1622 concilio
956 1565 1091 1643 propter
1121 1558 1182 1623 hoc
1213 1557 1334 1622 Tolosa
1367 1558 1502 1622 habite³
1535 1559 1691 1623 nonnulla
1724 1565 1847 1624 statuta

192 1659 309 1740 edidit,
339 1682 378 1724 ac
406 1659 448 1724 ad
482 1660 625 1725 heresim
659 1661 775 1725 fortius
804 1659 1035 1726 confutandam
1062 1661 1183 1726 Tolose
1213 1681 1305 1726 saera
1342 1661 1461 1747 pagine
1493 1668 1527 1726 et
1556 1663 1693 1728 aliarum
1726 1664 1845 1728 artium

194 1763 336 1829 studium
360 1763 531 1830 ordinavit.

297 1869 422 1934 Verum
445 1870 521 1956 quia
544 1868 728 1934 immundus
752 1870 884 1955 spiritua
905 1868 1063 1950 domum,
1087 1891 1107 1932 a
1130 1890 1194 1953 qua
1217 1869 1345 1934 eiectus
1368 1868 1487 1951 fuerat,
1511 1870 1622 1956 scopis
1644 1869 1844 1949 mundatam,
1861 1895 2016 1949 natarum.
2047 1885 2051 1892 '

195 1994 308 2038 rursus
346 1972 474 2058 ingredi
505 1972 635 2052 nititur,
669 1979 702 2037 et
729 1973 858 2036 Pharao
886 1971 1042 2036 liberatos
1072 1971 1224 2037 Hebreos
1251 1973 1370 2036 iterum
1400 1972 1464 2036 sibi
1493 1973 1668 2059 subiugare
1698 1979 1843 2054 conatur,

192 2085 268 2165 post
280 2077 384 2163 ipsius
398 2097 565 2142 recessum
576 2076 821 2141 venerabilibus
838 2074 992 2140 fratribus
1009 2076 1139 2156 nostris,
1163 2076 1268 2161 primo
1283 2075 1437 2141 videlicet
1453 2077 1608 2162 episcopo
1622 2076 1844 2141 Tornacensi⁴

192 2189 225 2246 et
247 2178 455 2268 postmodum
479 2180 727 2267 archiepiscopo
743 2178 926 2244 Viennensi
937 2180 958 2258 ⁵,
982 2179 1163 2263 apostolice
1185 2177 1273 2242 sedis
1290 2180 1419 2264 legatis,
1442 2186 1479 2243 ut
1494 2200 1594 2264 super
1609 2179 1843 2244 catholicorum

193 2306 294 2371 grege
319 2285 426 2378 noctis
449 2283 579 2368 vigilias
603 2282 778 2367 vigilantes
802 2283 897 2367 lupos
919 2302 939 2345 a
961 2280 1135 2346 Dominico
1160 2289 1352 2346 coercerent
1374 2283 1469 2362 ovili,
1492 2281 1645 2346 duximus
1668 2282 1843 2368 legationis
1864 2306 1919 2349 nuo.
1935 2312 1976 2358 aa.

194 2389 338 2453 officium
361 2387 638 2453 committendum.
685 2385 743 2450 Set
766 2407 854 2467 ecce,
877 2385 964 2471 quod
988 2384 1185 2450 verebamur
1205 2385 1326 2456 accidit
1350 2391 1384 2450 et
1406 2387 1504 2451 timor
1526 2407 1623 2471 quem
1646 2386 1844 2451 timebamus

197 2492 317 2556 evenit.
373 2491 458 2554 Nam
487 2491 571 2554 sicut
599 2511 641 2554 ex
673 2489 891 2553 insinuatione
923 2488 1027 2575 ipsius
1055 2488 1295 2575 archiepiscopi
1324 2495 1357 2553 et
1387 2489 1525 2554 aliorum
1555 2490 1756 2576 prelatorum
1785 2512 1843 2554 suo

192 2596 368 2681 legationis
393 2594 596 2680 accepimus,
620 2593 754 2656 fratrem
779 2591 992 2657 (luillelmum
1015 2591 1153 2656 Arualdi
1178 2591 1321 2657 ordinisb
1343 2592 1480 2656 fratrum
1504 2591 1766 2674 Predicatomm,
1789 2595 1845 2678 qui

191 2699 388 2764 auctoritate
412 2704 525 2762 nostra
548 2703 581 2760 et
604 2695 684 2760 dicti
697 2696 938 2782 archiepiscopi
955 2703 1067 2760 contra
1082 2696 1247 2761 hereticos
1268 2696 1490 2781 inquisitionis
1507 2696 1685 2761 exercebat
1701 2697 1844 2761 officium

192 2808 225 2867 et
256 2823 382 2866 summo
414 2801 522 2865 studio
553 2800 739 2880 laborabat,
772 2807 810 2864 ut
840 2799 957 2864 educto
989 2799 1223 2865 obstetricante
1256 2801 1361 2886 ipsius
1392 2820 1491 2864 manu
1521 2800 1654 2864 colubro
1684 2807 1990 2881 tortuesc,10o.as,a.

191 2904 361 2991 prodirent
389 2906 423 2968 in
451 2905 559 2969 lucem
583 2924 685 2988 opera
712 2904 940 2984 tenebrarum,
970 2923 990 2966 a
1012 2903 1143 2967 civitate
1169 2902 1333 2967 Tolosana
1358 2904 1500 2968 vicarius
1531 2909 1607 2967 tuus
1635 2910 1669 2968 et
1692 2904 1843 2968 eonsules

198 3010 340 3073 civitatis
363 3007 526 3085 eiusdem,
557 3009 611 3094 qui
640 3028 682 3071 ne
714 3013 827 3071 contra
854 3006 1019 3071 hereticos
1050 3006 1246 3092 procedatur
1269 3006 1401 3072 diversa
1424 3005 1652 3071 difficultatum
1676 3006 1844 3071 obstacula

191 3113 411 3200 interponunt,
434 3119 510 3199 post
526 3112 634 3176 illatas
651 3110 715 3174 sibi
730 3111 849 3174 multas
872 3111 1007 3174 iniurias
1022 3131 1086 3174 nen
1104 3110 1173 3174 sine
1191 3111 1278 3196 turpi
1294 3111 1452 3175 violentia
1469 3111 1647 3188 eiecerunt,
1669 3110 1843 3174 facientesc

191 3216 226 3281 in
250 3215 365 3281 eadem
389 3215 520 3280 civitate
544 3222 578 3280 et
601 3216 705 3301 ipsius
729 3215 885 3279 suburbio
909 3236 990 3280 voca
1014 3216 1170 3301 preconia
1192 3214 1359 3294 interdici,
1389 3235 1431 3279 ne
1454 3215 1528 3299 quis
1551 3214 1732 3279 venerabili
1752 3214 1845 3278 fratri

192 3327 304 3384 nostro
329 3321 507 3406 episcopo⁶
530 3327 564 3384 et
587 3319 715 3384 clericis
738 3317 935 3382 Tholosanis
962 3317 1086 3403 aliquid
1118 3317 1196 3382 dare
1220 3318 1273 3382 vel
1295 3316 1438 3382 vendere
1470 3340 1530 3384 seu
1559 3319 1641 3404 ipsis
1670 3318 1704 3381 in
1733 3316 1843 3400 aliquo

191 3425 431 3488 communicare
454 3423 649 3488 commercio
672 3428 729 3487 aut
751 3423 785 3486 in
809 3443 922 3487 eorum
946 3421 1083 3486 auderet
1106 3421 1251 3485 servicio
1275 3440 1456 3500 remanere,
1479 3427 1514 3484 et
1535 3441 1577 3485 ne
1600 3421 1672 3506 quis
1687 3420 1843 3485 fratribus

195 3526 460 3594 Predicatoribus
483 3525 679 3591 benefacere
703 3532 759 3590 aut
782 3526 830 3590 eis
854 3532 1060 3612 presumeret
1083 3525 1280 3589 elemosinas
1304 3545 1451 3609 erogare.
1495 3523 1600 3588 Iidem
1617 3543 1746 3609 quoque
1766 3543 1843 3587 con-

191 3633 280 3697 sules
304 3631 433 3696 domum
457 3631 560 3716 ipsius
584 3630 742 3716 episcopi,
766 3651 805 3694 eo
829 3629 952 3693 ibidem
976 3628 1161 3694 infirmante
1188 3635 1286 3714 teque
1308 3633 1463 3715 presente
1479 3628 1513 3691 in
1529 3627 1661 3692 civitate
1685 3626 1843 3714 predicta,

191 3757 250 3821 per
279 3736 482 3822 apparitores
513 3757 590 3800 suos
619 3734 783 3798 violenter
810 3733 983 3812 invadere,
1019 3754 1120 3818 equos
1153 3741 1186 3798 et
1218 3733 1283 3797 alia
1313 3753 1356 3797 cx
1386 3754 1428 3798 es
1458 3731 1650 3810 extrahere,
1685 3728 1843 3816 quosdam

192 3839 366 3904 canonicos
398 3849 432 3904 et
468 3839 606 3904 clericos
629 3837 834 3902 Thelcsanos
866 3837 900 3901 in
933 3833 1113 3901 cathedrali
1148 3836 1290 3901 ecclesia
1322 3842 1355 3900 et
1382 3836 1487 3923 ipsius
1515 3837 1656 3900 claustro
1688 3855 1728 3898 ac
1755 3833 1845 3898 dicta

190 3943 288 4008 domo
311 3944 455 4027 graviter
477 3943 660 4022 vulnerare,
684 3940 877 4005 verberibus
902 3947 935 4004 et
959 3940 1032 4003 aliis
1059 3939 1200 4004 diversis
1224 3938 1357 4004 afficere
1380 3939 1507 4005 iniuriis
1529 3959 1595 4003 non
1617 3944 1785 4012 verentes,
1810 3945 1844 4003 et

193 4046 354 4111 facientes
378 4045 593 4110 ecclesiarum
616 4043 731 4108 domos
759 4063 833 4107 cum
863 4063 982 4127 magua
1005 4041 1175 4127 diligentia
1203 4041 1376 4122 custodiri,
1404 4064 1445 4108 na
1475 4063 1534 4129 per
1561 4043 1688 4127 aliquos
1716 4040 1758 4104 ad
1785 4063 1842 4106 eos

191 4156 327 4235 possent
349 4151 416 4214 vita
439 4149 627 4214 necessaria
648 4145 826 4226 introduci,
856 4146 896 4211 ds
925 4146 1058 4210 civitate
1090 4146 1164 4231 ipsa
1193 4145 1298 4210 dictos
1330 4147 1524 4234 episcopum
1548 4153 1581 4211 et
1605 4146 1740 4210 clericos
1765 4166 1842 4210 suos

193 4254 422 4339 compulerunt
445 4253 548 4334 exire,
573 4259 607 4317 ct
629 4249 844 4338 prohibentes
867 4250 990 4315 ibidem
1013 4247 1148 4314 verbum
1163 4248 1228 4314 Dei
1251 4249 1413 4336 predicari
1435 4251 1565 4337 publice
1589 4251 1642 4315 vel
1664 4249 1779 4330 audiri,
1802 4248 1843 4314 de

193 4356 347 4421 mandato
371 4364 437 4437 tue,
461 4362 497 4420 ut
520 4355 732 4420 asserebatur
752 4353 792 4417 ab
815 4355 907 4440 ipsis,
930 4354 1073 4441 priorem
1096 4359 1130 4418 et
1154 4361 1351 4420 conventum
1374 4354 1511 4420 fratrum
1530 4354 1777 4421 Predicatomm
1800 4374 1844 4417 ex

192 4481 232 4525 ea
254 4481 314 4546 per
335 4459 527 4524 violentiam
550 4458 758 4544 expulerunt.

301 4562 351 4627 Tu
374 4584 463 4642 vero,
487 4563 541 4647 qui
564 4564 659 4627 iuxta
679 4561 818 4626 formam
840 4560 1062 4647 predictorum
1085 4560 1215 4626 concilii
1238 4567 1272 4625 et
1294 4561 1384 4647 pacis
1408 4560 1566 4627 ecclesias
1583 4568 1616 4627 et
1631 4561 1718 4626 viros
1734 4561 1842 4626 accle-

191 4668 341 4732 siasticos
365 4666 560 4748 defendere,
590 4668 662 4730 iura
684 4671 717 4730 et
740 4664 910 4730 libertates
935 4664 1082 4751 ipsorum
1105 4665 1233 4749 integre
1257 4684 1472 4746 conservare,
1500 4686 1538 4730 ac
1562 4663 1604 4729 ad
1627 4664 1842 4730 confutandos

192 4769 356 4836 hereticos
381 4770 500 4835 efficax
522 4770 662 4855 prebere
687 4769 870 4849 consilium,
895 4773 929 4833 et
951 4789 1009 4834 eos
1033 4767 1241 4855 capientibus
1259 4774 1382 4832 certam
1399 4769 1527 4834 solvere
1551 4771 1689 4855 pecunie
1712 4769 1842 4854 quanti·

485 4929 557 4936 ,-,----
565 4929 600 4934 --
771 4929 1128 4936 ..φ--ψ--ω--υ-,η-..ῃ
1135 4931 1261 4936 -ffl—
1268 4929 1312 4936 .-

297 5029 321 5100 ·)
338 5033 376 5084 ito
407 5033 449 5094 Τ.,·
477 5033 663 5086 subdiaconum
690 5032 775 5100 chm
897 5030 919 5099 b)
937 5034 1034 5085 ordinis
1056 5035 1205 5086 addidimus
1230 5053 1261 5086 cn
1292 5034 1319 5086 T.
1434 5031 1455 5096 ο)
1480 5033 1602 5084 fidentes
1629 5059 1659 5070 -
1688 5031 1844 5098 expulerunt

191 5135 223 5171 et
254 5118 281 5170 T.

296 5255 323 5322 l)
342 5252 511 5319 Romanum
525 5252 647 5323 primum
664 5253 699 5307 ab
718 5252 846 5308 Haase
864 5252 921 5306 III
939 5270 965 5306 a.
984 5257 1069 5317 1225,
1095 5251 1178 5306 Febr.
1197 5253 1338 5308 etiterum
1355 5269 1374 5306 a
1392 5251 1529 5322 Gregorio
1546 5250 1596 5303 IX
1612 5267 1639 5304 a.
1658 5255 1738 5316 1223,
1757 5251 1844 5308 Mart.

191 5349 258 5404 illuc
274 5349 377 5403 mimus
393 5347 504 5417 suerat,
527 5347 669 5414 Potthost,
695 5347 763 5417 Rea.
783 5351 871 5412 7353,
891 5350 980 5412 7360,
1004 5350 1218 5402 7361218150.
1331 5348 1359 5416 2)
1378 5365 1404 5402 a
1423 5349 1507 5415 1223,
1531 5346 1621 5415 April.
1640 5351 1688 5408 12,-
1709 5345 1843 5418 Vuisscte,

192 5443 269 5498 Hist.
287 5443 321 5496 de
337 5443 512 5512 Loaoaedoc,
530 5441 569 5497 ed.
592 5441 729 5497 Toloscna
755 5460 781 5497 o.
800 5445 888 5508 1379,
915 5446 934 5497 t.
956 5442 1011 5510 VI,
1024 5459 1057 5512 p.
1078 5445 1134 5496 632
1155 5448 1180 5496 et
1198 5457 1272 5512 sequ.
1343 5442 1371 5508 3)
1390 5459 1415 5496 o.
1434 5444 1519 5506 1229,
1543 5441 1622 5506 Neo..
1644 5440 1711 5496 ibid.
1728 5458 1759 5511 p.
1780 5444 1843 5496 652.

191 5539 219 5602 4)
244 5537 376 5606 Wolterc,
394 5537 445 5592 aab
458 5538 542 5606 finem
560 5553 586 5590 a.
605 5541 680 5592 1230
697 5537 740 5592 orl
757 5537 819 5592 Ina.
840 5555 867 5592 a.
885 5539 963 5603 1231,
981 5534 1049 5590 ibid.
1065 5552 1095 5604 p.
1116 5537 1179 5589 665.
1254 5536 1281 5605 b)
1299 5533 1431 5600 Ichcaai,
1449 5537 1565 5591 samaa
1582 5551 1609 5590 c.
1627 5539 1702 5590 1233
1718 5537 1761 5592 cel
1777 5536 1842 5593 Iao.

192 5649 218 5686 a.
238 5636 319 5699 1234,
338 5630 406 5686 ibid.
421 5647 454 5700 p.
475 5634 545 5700 675,·
564 5630 601 5698 cf.
620 5629 758 5697 Pctthoat,
777 5631 845 5700 nea.
864 5633 948 5685 9365.
1036 5629 1064 5698 6)
1083 5627 1258 5699 Roymaadc.

293 5731 355 5782 Rau.
373 5729 456 5780 Pom.
473 5729 494 5782 1.
1620 5723 1654 5778 m
