4596 6406
134 965 146 1004 5

120 2522 146 2562 20

74 3019 78 3024 ⁶
120 3045 146 3084 ns

122 5483 150 5524 10

763 369 964 425 EPISTOLAE
981 369 1171 426 SELECTAE.
1209 371 1287 426 1240.
1792 379 1854 442 665

195 547 335 611 letitiam
358 545 491 623 minuit,
523 549 556 609 et
586 543 674 630 quod
697 544 790 608 vobis
818 542 961 629 dampna
990 545 1102 630 gravia
1136 545 1328 625 intulerunt,
1359 546 1555 631 acquisitum
1583 548 1676 614 nobis
1700 549 1855 634 goudium

195 650 389 715 vulneravit.
450 648 686 712 Verumtamen
727 649 761 711 in
794 647 856 712 hoo
896 648 1135 712 exultationem
1176 649 1428 734 resumpsimus,
1472 650 1559 736 quod
1594 651 1662 716 etsi
1698 652 1854 739 predictis

197 754 349 819 hostibus
373 759 467 838 terga
489 751 657 829 dederitis,
680 751 756 816 victi
781 757 890 816 tamen
912 752 1056 816 finaliter
1078 752 1221 837 palmam
1238 753 1373 817 victorie
1393 752 1433 819 dc
1450 755 1631 820 victoribus
1649 758 1854 843 reportastis,

197 858 372 942 gravisque
395 857 470 920 illos
493 855 611 920 afflixit
633 854 765 940 dampni
789 854 989 940 periculum,
1013 853 1069 939 qui
1092 875 1183 918 arma
1206 855 1238 918 in
1263 862 1408 921 vestrum
1432 879 1562 923 sumere
1586 867 1855 946 presumpserant

198 960 440 1026 detrimentum.
485 958 593 1024 Decet
616 967 726 1024 autem
750 966 783 1024 et
799 980 857 1023 vos
873 958 969 1023 nobis
987 960 1139 1045 compati,
1163 959 1218 1044 qui
1243 961 1365 1025 multas
1381 963 1631 1047 persecutiones
1646 965 1687 1029 ab
1704 963 1854 1029 hostibus

196 1065 273 1130 fidei
295 1065 358 1130 hoo
382 1070 529 1150 ternpore
558 1063 716 1150 patimur,
747 1083 811 1147 quo
840 1069 952 1148 preter
975 1061 1191 1142 Sarracenos,
1220 1063 1276 1147 qui
1306 1064 1340 1127 in
1363 1062 1495 1151 Ispanie
1526 1073 1560 1131 et
1584 1067 1678 1152 Syrie
1706 1067 1854 1154 partibus

196 1169 294 1233 fidem
316 1169 511 1254 impugnant
534 1167 740 1245 catholicam,
764 1166 912 1230 nonnulli
935 1166 992 1229 alii
1015 1188 1034 1230 a
1057 1166 1120 1232 fide
1145 1165 1270 1230 Christi
1294 1174 1518 1254 apostatantes
1541 1178 1575 1234 et
1597 1171 1773 1236 eeclesiam
1789 1170 1854 1235 Dei

197 1273 315 1358 quibus
346 1277 485 1358 possunt
517 1272 748 1358 impugnantes
782 1269 924 1351 viribus,
956 1290 1074 1334 novam
1105 1269 1298 1356 perditionis
1328 1277 1472 1334 sectam*
1506 1273 1661 1339 inducere
1692 1281 1725 1339 et
1756 1273 1854 1338 fidem

199 1376 315 1441 salutis
345 1383 379 1441 et
406 1376 642 1460 redemptionis
673 1374 814 1440 humane
842 1375 883 1438 de
913 1381 1000 1440 terra
1036 1373 1256 1440 exterminare
1291 1381 1459 1442 conantur.
1517 1376 1576 1441 Set
1606 1363 1717 1441 forsan
1746 1377 1855 1442 divina

198 1482 349 1546 voluntas
373 1503 432 1545 nos
455 1480 520 1544 hiis
543 1480 816 1566 temptationibus
840 1479 968 1563 ingerit,
991 1499 1054 1564 quo
1077 1499 1311 1564 nonnunquam
1327 1479 1432 1544 bonos
1448 1501 1508 1565 per
1523 1480 1689 1566 improbos
1705 1481 1854 1546 tribulari

197 1585 372 1670 permittit,
404 1591 439 1648 ut
469 1585 686 1649 constantiam
715 1590 749 1649 et
781 1604 893 1648 eorum
916 1583 1141 1647 fortitudinem
1165 1583 1250 1646 sicut
1273 1583 1306 1646 in
1329 1583 1462 1646 fornace
1491 1604 1606 1647 aurum
1630 1584 1797 1649 examinet
1821 1590 1855 1648 et

198 1709 328 1753 omnem
351 1687 392 1754 de
416 1687 514 1752 corde
537 1689 614 1752 iusti
637 1688 766 1774 peccati
790 1686 975 1770 rubiginem
998 1707 1056 1771 per·
1079 1685 1265 1750 huiusmodi
1295 1685 1539 1750 tribulationem
1568 1695 1747 1774 expurget,
1778 1688 1854 1773 quia

198 1790 300 1855 divini
315 1793 430 1878 templi
446 1792 609 1858 edificium
625 1790 751 1878 lapides
768 1790 901 1854 minime
918 1790 1043 1873 recipit,
1067 1810 1148 1874 quos
1164 1809 1280 1853 manus
1297 1790 1430 1854 artificis
1455 1790 1566 1854 multis
1587 1790 1854 1856 tribulationibus

198 1914 264 1957 non
286 1893 413 1979 polivit,
446 1901 480 1960 ot
502 1917 545 1958 cx
574 1895 738 1959 frumento
766 1892 861 1980 panis
889 1912 1095 1978 nequaquam
1127 1892 1310 1973 conficitur,
1341 1893 1403 1956 nisi
1433 1893 1523 1978 prius
1552 1894 1684 1978 flagello
1708 1916 1727 1958 a
1749 1895 1854 1981 palcis

199 2005 410 2083 expurgetur.
457 1997 548 2062 Sicut
571 1997 660 2062 enim
682 1997 759 2061 iusti
783 1997 957 2084 expurgati
980 1997 1107 2082 premia
1122 2002 1237 2061 eterna
1252 1996 1426 2083 recipiunt,
1453 1997 1499 2062 sic
1523 1997 1653 2083 probati
1676 1998 1716 2063 ad
1741 2005 1853 2063 eterne

197 2103 332 2167 delicias
355 2103 421 2168 vite
444 2102 636 2189 procedunt.
680 2101 765 2166 Nam
789 2100 929 2188 populus
946 2099 1052 2164 Israel
1069 2121 1135 2165 non
1150 2100 1241 2187 prius
1264 2106 1386 2164 terram
1414 2100 1639 2188 promissionis
1663 2101 1854 2186 ingreditur,

196 2227 294 2290 quam
317 2212 392 2292 post
414 2206 504 2292 longi
528 2206 650 2273 deserti
674 2206 844 2270 circuitum
867 2212 901 2270 et
924 2205 1101 2269 multorum
1116 2203 1268 2268 victorias
1285 2203 1432 2268 hostium
1456 2203 1574 2290 dignus
1598 2203 1744 2270 eiusdem
1768 2213 1854 2270 terre

196 2310 330 2375 introitu
353 2318 536 2376 censeatur.
573 2311 809 2375 Verumtamen
825 2329 1006 2395 speramus,
1029 2307 1115 2392 quod
1132 2305 1318 2393 redemptor
1339 2314 1451 2372 noster
1476 2316 1552 2394 post
1573 2309 1657 2373 hano
1674 2315 1854 2394 tempesta-

198 2420 265 2477 tem
289 2414 498 2498 tranquillum
525 2413 625 2478 faciet
648 2419 681 2478 ot
704 2413 911 2478 adversarios
935 2412 1117 2497 apostolice
1142 2410 1231 2476 sedis
1255 2412 1315 2476 sub
1339 2411 1479 2497 pedibus
1503 2413 1569 2477 suis
1593 2419 1765 2477 conterere
1788 2433 1854 2476 non

198 2516 336 2580 omittet.
386 2515 508 2601 Igitur,
537 2517 611 2598 filii,
641 2517 780 2582 desinite
809 2515 990 2595 ammirari,
1026 2515 1053 2579 si
1085 2521 1197 2579 contra
1228 2514 1332 2580 dictos
1356 2514 1511 2580 Tatarros
1541 2516 1681 2582 ecclesio
1705 2516 1853 2582 Romane

197 2619 362 2684 exereitus
386 2620 419 2683 in
442 2627 586 2685 restrum
609 2642 674 2686 non
697 2620 788 2685 venit
811 2619 987 2700 auxilium,
1017 2619 1093 2705 quia
1119 2618 1153 2683 id
1182 2618 1452 2704 interpositorum
1478 2617 1748 2702 Sarracenorum,
1773 2643 1854 2706 quos

197 2724 230 2786 in
254 2723 340 2788 dicta
364 2723 460 2809 Syria
483 2725 667 2810 expugnari
689 2724 930 2803 mandavimus,
961 2722 1186 2810 prohibuisset
1210 2721 1403 2809 improbitas
1428 2729 1463 2787 et
1485 2723 1762 2804 interiacentium,
1790 2746 1854 2810 que

196 2826 253 2890 vix
281 2827 362 2890 istos
392 2829 612 2913 permiserunt
638 2827 679 2892 ad
707 2849 767 2892 nos
796 2827 908 2892 venire
937 2846 1101 2906 rumores,
1133 2847 1199 2890 non
1227 2826 1455 2912 permisissent
1484 2825 1656 2891 intervalla
1684 2833 1853 2906 terrarum,

199 2952 275 3008 nos,
310 2931 397 3016 quod
425 2931 459 2995 in
485 2953 673 2997 succursum
701 2939 847 2996 vestrum
877 2929 1117 2995 insufficientes
1147 2930 1334 3010 extitimus,
1367 2930 1422 3016 qui
1452 2929 1494 2994 ad
1523 2929 1749 2996 defensionem
1779 2931 1854 2996 fidei

200 3034 385 3099 Christiane
408 3035 441 3098 in
462 3033 569 3100 Ytalia
593 3042 625 3100 et
648 3035 742 3099 dictis
765 3034 857 3121 Syrie
881 3041 915 3099 et
937 3033 1069 3120 Ispanie
1093 3032 1241 3119 partibus
1265 3033 1335 3097 sine
1358 3033 1601 3098 intermissione
1625 3034 1704 3098 totis
1728 3033 1853 3099 viribus

196 3138 393 3203 laboramus.
437 3138 593 3225 Ideoque,
617 3139 694 3205 dum
711 3140 803 3204 vobis
819 3140 914 3203 aliter
930 3137 1131 3202 succurrisse
1149 3136 1366 3223 nequivimus,
1389 3144 1519 3201 nostras
1543 3138 1724 3202 sinceritati
1741 3143 1852 3202 vestro

196 3241 350 3306 duximus
373 3243 501 3308 litteras
525 3243 747 3322 destinandas,
769 3250 806 3306 ut
828 3243 882 3328 qui
905 3248 1053 3306 nostrum
1077 3241 1118 3305 ad
1141 3263 1200 3306 vos
1223 3241 1376 3305 affectum
1401 3263 1443 3304 ex
1467 3242 1654 3327 expectatis
1679 3242 1763 3307 scire
1788 3263 1852 3306 non

197 3347 354 3432 poteratis
376 3346 525 3427 auxiliis,
553 3347 661 3411 saltim
693 3369 735 3412 ox
759 3347 921 3431 scriptura
944 3346 1037 3411 vobis
1061 3352 1172 3410 nostro
1196 3366 1292 3431 quam
1306 3343 1358 3408 ,ad
1381 3364 1438 3408 vos
1462 3345 1607 3429 gerimus
1631 3345 1854 3410 innotesceret

197 3448 354 3514 indicium
378 3449 523 3514 caritatis
545 3449 616 3513 ctal

306 3569 383 3638 Dat.
405 3569 558 3637 Lateran.
580 3570 694 3638 Idibus
717 3571 874 3652 Ianuarii,
897 3592 983 3636 anno
1007 3569 1106 3635 XIII.

984 4076 1071 4150 766.

304 4186 494 4299 Gregorius
518 4216 574 4282 IX
588 4237 679 4297 popa
707 4216 860 4280 militibus
885 4217 982 4280 castri
1007 4217 1044 4280 dc
1067 4217 1249 4281 Frusirsorrc
1278 4217 1478 4292 senteutiam,
1512 4236 1605 4296 quom
1628 4214 1854 4300 It[opaoldus]

197 4324 356 4404 epscopus
380 4319 533 4385 Ostiensis
553 4319 591 4384 dc
612 4319 837 4396 controuersia,
860 4319 944 4384 inter
962 4320 1045 4401 ipsos
1067 4323 1096 4384 ct
1115 4321 1285 4400 populares
1306 4320 1344 4384 de
1366 4319 1491 4384 corrcdc
1514 4321 1656 4396 vertente,
1677 4318 1853 4399 protrderit,

199 4426 372 4507 corsfirosot.
1503 4425 1598 4501 1240,
1619 4422 1713 4487 Febr.
1738 4427 1766 4486 7.

304 4543 387 4612 Grep.
404 4543 454 4596 IX
470 4542 539 4610 Ray.
561 4541 620 4598 Vol.
642 4542 693 4611 VI,
712 4547 772 4610 nr,
790 4543 852 4599 Lib.
871 4545 964 4613 XIII,
982 4548 1047 4600 209.

405 4737 624 4813 Militibus
651 4739 793 4815 castri
820 4740 875 4815 de
901 4739 1162 4815 Frusinone
1189 4739 1408 4815 Verulana
1436 4739 1644 4815 diocesis.

306 4889 356 4954 Ea
378 4910 441 4975 quo
465 4888 585 4953 iudicio
609 4894 671 4954 otc.
694 4910 811 4975 usque:
842 4891 1045 4955 communiri.
1099 4891 1186 4955 Sane
1210 4889 1325 4975 petitio
1349 4897 1460 4954 vostra
1482 4888 1579 4952 nobis
1603 4888 1752 4953 exhibita
1775 4909 1853 4951 con·

200 4994 339 5071 tinebat,
363 4992 451 5078 quod
474 5015 547 5057 oum
571 4992 738 5059 intervos
762 5001 920 5081 exparte
944 5015 1009 5058 una
1032 5000 1067 5060 et
1088 4994 1266 5081 populares
1291 4991 1390 5056 castri
1413 4990 1453 5054 do
1477 4991 1661 5055 Frusinone
1685 5013 1727 5055 ex
1750 4991 1854 5053 altera

200 5119 298 5183 super
321 5095 489 5176 corredo²,
512 5095 599 5182 quod
621 5097 735 5164 deberi
759 5099 852 5164 robis
881 5099 914 5162 in
937 5098 1080 5164 denariis
1108 5097 1149 5163 ab
1180 5097 1262 5184 ipsis
1289 5093 1501 5182 popularibus
1529 5093 1704 5174 dicebatis,
1743 5115 1852 5157 eoram

199 5199 319 5266 dilecto
347 5200 415 5264 filio
440 5199 487 5264 st.
510 5200 680 5287 capellano
709 5209 835 5284 nostro,
865 5208 943 5267 tunc
966 5201 1146 5288 Campanis
1170 5199 1398 5285 Maritimeque
1427 5203 1571 5278 rectore,
1601 5217 1666 5260 non
1695 5219 1737 5262 ex
1761 5195 1852 5262 dole-

299 5461 321 5528 ⁸)
339 5469 436 5530 septam
454 5462 487 5513 It.

305 5582 332 5650 1)
350 5581 387 5634 In
399 5583 458 5650 fine
475 5580 605 5650 epistolae
623 5597 668 5635 eos
684 5580 821 5644 hortator,
840 5587 871 5635 ut
888 5579 1021 5650 quosdam
1038 5578 1143 5647 fratres
1161 5578 1399 5642 Praedicator-saa,
1418 5593 1488 5648 quos
1506 5576 1543 5632 ad
1560 5594 1607 5632 cos
1625 5578 1725 5644 mittat,
1742 5577 1855 5648 benigne

201 5667 346 5737 recipiam.
451 5669 478 5735 2)
498 5667 575 5722 Haec
590 5668 746 5737 moretolio
764 5666 820 5721 cibi
837 5667 893 5722 sive
910 5665 1031 5721 convivii
1047 5667 1114 5732 erat,
1132 5681 1204 5734 quae
1218 5665 1370 5735 praenpue
1387 5665 1504 5722 ἀωηίηὶε
1520 5680 1540 5719 o
1557 5665 1687 5720 ramilis
1699 5666 1794 5734 fiebat.

304 5767 367 5820 Rea.
384 5767 466 5818 Posr.
485 5767 505 5818 1.
1613 5759 1647 5814 84
