<?xml version="1.0" encoding="UTF-8"?>
<!DOCTYPE html PUBLIC "-//W3C//DTD XHTML 1.0 Transitional//EN"
    "http://www.w3.org/TR/xhtml1/DTD/xhtml1-transitional.dtd">
<html xmlns="http://www.w3.org/1999/xhtml" xml:lang="en" lang="en">
 <head>
  <title>
</title>
<meta http-equiv="Content-Type" content="text/html;charset=utf-8" />
  <meta name='ocr-system' content='tesseract 3.04.00' />
  <meta name='ocr-capabilities' content='ocr_page ocr_carea ocr_par ocr_line ocrx_word'/>
</head>
<body>
  <div class='ocr_page' id='page_1' title='image "./monumentagerman00peipgoog/monumentagerman00peipgoog_0421.png"; bbox 0 0 4604 6420; ppageno 0'>
   <div class='ocr_carea' id='block_1_1' title="bbox 397 363 1473 451">
    <p class='ocr_par' dir='ltr' id='par_1_1' title="bbox 397 363 1473 451">
     <span class='ocr_line' id='line_1_1' title="bbox 397 363 1473 451; baseline -0.031 1"><span class='ocrx_word' id='word_1_1' title='bbox 397 385 459 451; x_wconf 82' lang='grc'>398</span> <span class='ocrx_word' id='word_1_2' title='bbox 974 371 1022 428; x_wconf 76' lang='lat' dir='ltr'>EX</span> <span class='ocrx_word' id='word_1_3' title='bbox 1040 367 1215 426; x_wconf 79' lang='lat' dir='ltr'><strong>GREGORH</strong></span> <span class='ocrx_word' id='word_1_4' title='bbox 1237 364 1274 422; x_wconf 85' lang='grc' dir='ltr'>ΙΧ</span> <span class='ocrx_word' id='word_1_5' title='bbox 1295 363 1473 422; x_wconf 74' lang='lat' dir='ltr'>aralunae</span> 
     </span>
    </p>
   </div>
   <div class='ocr_carea' id='block_1_2' title="bbox 397 535 2056 940">
    <p class='ocr_par' dir='ltr' id='par_1_2' title="bbox 397 535 2056 940">
     <span class='ocr_line' id='line_1_2' title="bbox 398 535 2050 640; baseline -0.015 -19"><span class='ocrx_word' id='word_1_6' title='bbox 398 577 456 621; x_wconf 92' lang='lat' dir='ltr'>vos</span> <span class='ocrx_word' id='word_1_7' title='bbox 480 575 501 619; x_wconf 90' lang='lat' dir='ltr'>a</span> <span class='ocrx_word' id='word_1_8' title='bbox 522 551 769 640; x_wconf 79' lang='lat' dir='ltr'>presumptione</span> <span class='ocrx_word' id='word_1_9' title='bbox 792 544 980 613; x_wconf 91' lang='lat' dir='ltr'>huiusmodi</span> <span class='ocrx_word' id='word_1_10' title='bbox 1003 566 1064 632; x_wconf 90' lang='lat' dir='ltr'>per</span> <span class='ocrx_word' id='word_1_11' title='bbox 1089 561 1261 608; x_wconf 88' lang='lat' dir='ltr'>censuram</span> <span class='ocrx_word' id='word_1_12' title='bbox 1284 539 1542 604; x_wconf 88' lang='lat' dir='ltr'>ecclesiasticam</span> <span class='ocrx_word' id='word_1_13' title='bbox 1565 535 1787 623; x_wconf 76' lang='lat' dir='ltr'>appellatione</span> <span class='ocrx_word' id='word_1_14' title='bbox 1810 541 1937 601; x_wconf 85' lang='lat' dir='ltr'>remota</span> <span class='ocrx_word' id='word_1_15' title='bbox 1959 554 2050 599; x_wconf 92' lang='lat' dir='ltr'>com·</span> 
     </span>
     <span class='ocr_line' id='line_1_3' title="bbox 397 637 2056 745; baseline -0.014 -22"><span class='ocrx_word' id='word_1_16' title='bbox 397 663 521 745; x_wconf 90' lang='lat' dir='ltr'>pescat.</span> <span class='ocrx_word' id='word_1_17' title='bbox 567 653 663 729; x_wconf 86' lang='lat' dir='ltr'>Quod</span> <span class='ocrx_word' id='word_1_18' title='bbox 691 653 720 718; x_wconf 92' lang='lat' dir='ltr'>si</span> <span class='ocrx_word' id='word_1_19' title='bbox 742 672 804 717; x_wconf 90' lang='lat' dir='ltr'>nec</span> <span class='ocrx_word' id='word_1_20' title='bbox 827 651 875 715; x_wconf 91' lang='lat' dir='ltr'>sic</span> <span class='ocrx_word' id='word_1_21' title='bbox 897 648 1063 735; x_wconf 81' lang='lat' dir='ltr'>preceptis</span> <span class='ocrx_word' id='word_1_22' title='bbox 1086 646 1206 711; x_wconf 91' lang='lat' dir='ltr'>nostris</span> <span class='ocrx_word' id='word_1_23' title='bbox 1231 643 1421 709; x_wconf 81' lang='lat' dir='ltr'>curaveritis</span> <span class='ocrx_word' id='word_1_24' title='bbox 1445 640 1593 721; x_wconf 91' lang='lat' dir='ltr'>obedire,</span> <span class='ocrx_word' id='word_1_25' title='bbox 1623 644 1735 704; x_wconf 87' lang='lat' dir='ltr'>contra</span> <span class='ocrx_word' id='word_1_26' title='bbox 1757 659 1816 703; x_wconf 90' lang='lat' dir='ltr'>vos</span> <span class='ocrx_word' id='word_1_27' title='bbox 1838 637 2056 724; x_wconf 84' lang='lat' dir='ltr'>spiritualiter</span> 
     </span>
     <span class='ocr_line' id='line_1_4' title="bbox 399 740 2053 845; baseline -0.015 -19"><span class='ocrx_word' id='word_1_28' title='bbox 399 766 432 827; x_wconf 91' lang='lat' dir='ltr'>et</span> <span class='ocrx_word' id='word_1_29' title='bbox 455 758 681 845; x_wconf 90' lang='lat' dir='ltr'>temporaliter</span> <span class='ocrx_word' id='word_1_30' title='bbox 704 753 913 840; x_wconf 86' lang='lat' dir='ltr'>gravabimus</span> <span class='ocrx_word' id='word_1_31' title='bbox 943 751 1052 815; x_wconf 89' lang='lat' dir='ltr'>taliter</span> <span class='ocrx_word' id='word_1_32' title='bbox 1079 769 1195 813; x_wconf 91' lang='lat' dir='ltr'>manns</span> <span class='ocrx_word' id='word_1_33' title='bbox 1222 751 1365 824; x_wconf 86' lang='lat' dir='ltr'>nostras,</span> <span class='ocrx_word' id='word_1_34' title='bbox 1399 743 1485 830; x_wconf 93' lang='lat' dir='ltr'>quod</span> <span class='ocrx_word' id='word_1_35' title='bbox 1513 763 1600 829; x_wconf 93' lang='lat' dir='ltr'>pena</span> <span class='ocrx_word' id='word_1_36' title='bbox 1625 740 1765 807; x_wconf 89' lang='lat' dir='ltr'>docente</span> <span class='ocrx_word' id='word_1_37' title='bbox 1796 741 1924 822; x_wconf 91' lang='lat' dir='ltr'>scietis,</span> <span class='ocrx_word' id='word_1_38' title='bbox 1953 759 2053 826; x_wconf 89' lang='lat' dir='ltr'>quam</span> 
     </span>
     <span class='ocr_line' id='line_1_5' title="bbox 400 851 1273 940; baseline -0.017 -12"><span class='ocrx_word' id='word_1_39' title='bbox 400 862 611 928; x_wconf 88' lang='lat' dir='ltr'>temerarium</span> <span class='ocrx_word' id='word_1_40' title='bbox 634 859 678 925; x_wconf 91' lang='lat' dir='ltr'>sit</span> <span class='ocrx_word' id='word_1_41' title='bbox 700 856 863 924; x_wconf 85' lang='lat' dir='ltr'>mandatis</span> <span class='ocrx_word' id='word_1_42' title='bbox 886 854 1078 940; x_wconf 91' lang='lat' dir='ltr'>apostolicis</span> <span class='ocrx_word' id='word_1_43' title='bbox 1102 851 1273 916; x_wconf 87' lang='lat' dir='ltr'>contraire.</span> 
     </span>
    </p>
   </div>
   <div class='ocr_carea' id='block_1_3' title="bbox 506 971 1399 1066">
    <p class='ocr_par' dir='ltr' id='par_1_3' title="bbox 506 971 1399 1066">
     <span class='ocr_line' id='line_1_6' title="bbox 506 971 1399 1066; baseline -0.018 -19"><span class='ocrx_word' id='word_1_44' title='bbox 506 982 582 1046; x_wconf 88' lang='lat' dir='ltr'>Dat.</span> <span class='ocrx_word' id='word_1_45' title='bbox 605 979 768 1066; x_wconf 85' lang='lat' dir='ltr'>Anagnia,</span> <span class='ocrx_word' id='word_1_46' title='bbox 791 976 859 1042; x_wconf 92' lang='lat' dir='ltr'>XII</span> <span class='ocrx_word' id='word_1_47' title='bbox 881 974 958 1040; x_wconf 87' lang='lat' dir='ltr'>Kal.</span> <span class='ocrx_word' id='word_1_48' title='bbox 983 971 1158 1038; x_wconf 89' lang='lat' dir='ltr'>Decembr.</span> <span class='ocrx_word' id='word_1_49' title='bbox 1182 990 1267 1035; x_wconf 87' lang='lat' dir='ltr'>anno</span> <span class='ocrx_word' id='word_1_50' title='bbox 1291 975 1399 1034; x_wconf 85' lang='lat' dir='ltr'>sexto.</span> 
     </span>
    </p>
   </div>
   <div class='ocr_carea' id='block_1_4' title="bbox 401 1083 2055 1291">
    <p class='ocr_par' dir='ltr' id='par_1_4' title="bbox 401 1075 2055 1291">
     <span class='ocr_line' id='line_1_7' title="bbox 508 1083 2055 1186; baseline -0.014 -20"><span class='ocrx_word' id='word_1_51' title='bbox 508 1100 673 1186; x_wconf 81' lang='lat' dir='ltr'>Scriptum</span> <span class='ocrx_word' id='word_1_52' title='bbox 696 1105 748 1165; x_wconf 91' lang='lat' dir='ltr'>est</span> <span class='ocrx_word' id='word_1_53' title='bbox 770 1099 803 1162; x_wconf 91' lang='lat' dir='ltr'>in</span> <span class='ocrx_word' id='word_1_54' title='bbox 827 1096 968 1162; x_wconf 89' lang='lat' dir='ltr'>eundem</span> <span class='ocrx_word' id='word_1_55' title='bbox 991 1093 1123 1160; x_wconf 91' lang='lat' dir='ltr'>modum</span> <span class='ocrx_word' id='word_1_56' title='bbox 1147 1139 1179 1155; x_wconf 90' lang='lat'>..</span> <span class='ocrx_word' id='word_1_57' title='bbox 1202 1091 1359 1178; x_wconf 84' lang='lat' dir='ltr'>potestati</span> <span class='ocrx_word' id='word_1_58' title='bbox 1383 1095 1416 1153; x_wconf 90' lang='lat' dir='ltr'>et</span> <span class='ocrx_word' id='word_1_59' title='bbox 1437 1088 1558 1174; x_wconf 93' lang='lat' dir='ltr'>populo</span> <span class='ocrx_word' id='word_1_60' title='bbox 1581 1083 1762 1151; x_wconf 84' lang='lat' dir='ltr'>Tudertino</span> <span class='ocrx_word' id='word_1_61' title='bbox 1785 1089 1819 1148; x_wconf 86' lang='lat' dir='ltr'>et</span> <span class='ocrx_word' id='word_1_62' title='bbox 1842 1130 1874 1146; x_wconf 91' lang='lat'>..</span> <span class='ocrx_word' id='word_1_63' title='bbox 1895 1083 2055 1168; x_wconf 89' lang='lat' dir='ltr'>episcopo</span> 
     </span>
     <span class='ocr_line' id='line_1_8' title="bbox 401 1201 1121 1291; baseline -0.013 -22"><span class='ocrx_word' id='word_1_64' title='bbox 401 1205 578 1291; x_wconf 71' lang='lat' dir='ltr'>spoletano</span> <span class='ocrx_word' id='word_1_65' title='bbox 602 1201 794 1269; x_wconf 81' lang='lat' dir='ltr'>executoris</span> <span class='ocrx_word' id='word_1_66' title='bbox 818 1207 931 1266; x_wconf 89' lang='lat' dir='ltr'>contra</span> <span class='ocrx_word' id='word_1_67' title='bbox 952 1205 1121 1283; x_wconf 90' lang='lat' dir='ltr'>utrosque.</span> 
     </span>
    </p>
   </div>
   <div class='ocr_carea' id='block_1_5' title="bbox 1025 1487 1436 1499">
    <p class='ocr_par' dir='ltr' id='par_1_5' title="bbox 1025 1487 1436 1499">
     <span class='ocr_line' id='line_1_9' title="bbox 1025 1487 1436 1499; baseline -0.012 0"><span class='ocrx_word' id='word_1_68' title='bbox 1025 1487 1436 1499; x_wconf 45' lang='lat' dir='ltr'>...m—*—</span> 
     </span>
    </p>
   </div>
   <div class='ocr_carea' id='block_1_6' title="bbox 1185 1781 1273 1856">
    <p class='ocr_par' dir='ltr' id='par_1_6' title="bbox 1185 1781 1273 1856">
     <span class='ocr_line' id='line_1_10' title="bbox 1185 1781 1273 1856; baseline 0.034 -3"><span class='ocrx_word' id='word_1_69' title='bbox 1185 1781 1273 1856; x_wconf 75' lang='lat'>494.</span> 
     </span>
    </p>
   </div>
   <div class='ocr_carea' id='block_1_7' title="bbox 405 1916 2061 2390">
    <p class='ocr_par' dir='ltr' id='par_1_7' title="bbox 405 1916 2061 2377">
     <span class='ocr_line' id='line_1_11' title="bbox 516 1916 2061 2026; baseline -0.005 -18"><span class='ocrx_word' id='word_1_70' title='bbox 516 1916 706 2026; x_wconf 73' lang='lat' dir='ltr'>Grepcrr&#39;us</span> <span class='ocrx_word' id='word_1_71' title='bbox 734 1941 790 2007; x_wconf 87' lang='lat' dir='ltr'>IX</span> <span class='ocrx_word' id='word_1_72' title='bbox 810 1962 901 2024; x_wconf 79' lang='lat' dir='ltr'>popa</span> <span class='ocrx_word' id='word_1_73' title='bbox 929 1939 1094 2006; x_wconf 86' lang='lat' dir='ltr'>Friderico</span> <span class='ocrx_word' id='word_1_74' title='bbox 1122 1938 1336 2004; x_wconf 85' lang='lat' dir='ltr'>Romanorum</span> <span class='ocrx_word' id='word_1_75' title='bbox 1364 1933 1548 2016; x_wconf 79' lang='lat' dir='ltr'>insperatori</span> <span class='ocrx_word' id='word_1_76' title='bbox 1572 1933 1710 1998; x_wconf 74' lang='lat' dir='ltr'>scriberes</span> <span class='ocrx_word' id='word_1_77' title='bbox 1737 1935 1949 2016; x_wconf 77' lang='lat' dir='ltr'>conqueritur,</span> <span class='ocrx_word' id='word_1_78' title='bbox 1976 1937 2061 2018; x_wconf 81' lang='lat' dir='ltr'>quod</span> 
     </span>
     <span class='ocr_line' id='line_1_12' title="bbox 406 2037 2060 2127; baseline -0.005 -15"><span class='ocrx_word' id='word_1_79' title='bbox 406 2047 578 2114; x_wconf 73' lang='lat' dir='ltr'>sanaem·</span> <span class='ocrx_word' id='word_1_80' title='bbox 605 2046 641 2110; x_wconf 85' lang='lat' dir='ltr'>in</span> <span class='ocrx_word' id='word_1_81' title='bbox 668 2046 791 2127; x_wconf 72' lang='lat' dir='ltr'>Apulae</span> <span class='ocrx_word' id='word_1_82' title='bbox 819 2044 978 2109; x_wconf 77' lang='lat' dir='ltr'>emistituti</span> <span class='ocrx_word' id='word_1_83' title='bbox 1005 2043 1162 2107; x_wconf 87' lang='lat' dir='ltr'>ecclesiam</span> <span class='ocrx_word' id='word_1_84' title='bbox 1192 2040 1294 2106; x_wconf 87' lang='lat' dir='ltr'>sancti</span> <span class='ocrx_word' id='word_1_85' title='bbox 1324 2039 1414 2104; x_wconf 85' lang='lat' dir='ltr'>Petri</span> <span class='ocrx_word' id='word_1_86' title='bbox 1440 2040 1476 2100; x_wconf 86' lang='lat' dir='ltr'>in</span> <span class='ocrx_word' id='word_1_87' title='bbox 1503 2037 1632 2118; x_wconf 79' lang='lat' dir='ltr'>Bnnpio</span> <span class='ocrx_word' id='word_1_88' title='bbox 1659 2037 1813 2101; x_wconf 86' lang='lat' dir='ltr'>Fcictunc</span> <span class='ocrx_word' id='word_1_89' title='bbox 1842 2037 2000 2102; x_wconf 72' lang='lat' dir='ltr'>diraserint</span> <span class='ocrx_word' id='word_1_90' title='bbox 2029 2044 2060 2103; x_wconf 90' lang='lat' dir='ltr'>ct</span> 
     </span>
     <span class='ocr_line' id='line_1_13' title="bbox 405 2139 2059 2232; baseline -0.004 -19"><span class='ocrx_word' id='word_1_91' title='bbox 405 2148 526 2229; x_wconf 82' lang='lat' dir='ltr'>lapides</span> <span class='ocrx_word' id='word_1_92' title='bbox 546 2147 717 2212; x_wconf 73' lang='lat' dir='ltr'>Nuceriam</span> <span class='ocrx_word' id='word_1_93' title='bbox 737 2147 791 2232; x_wconf 86' lang='lat' dir='ltr'>[id</span> <span class='ocrx_word' id='word_1_94' title='bbox 810 2151 855 2210; x_wconf 87' lang='lat' dir='ltr'>cst</span> <span class='ocrx_word' id='word_1_95' title='bbox 876 2145 1061 2229; x_wconf 84' lang='lat' dir='ltr'>Luceriam]</span> <span class='ocrx_word' id='word_1_96' title='bbox 1081 2165 1144 2225; x_wconf 83' lang='lat' dir='ltr'>pro</span> <span class='ocrx_word' id='word_1_97' title='bbox 1169 2144 1237 2207; x_wconf 85' lang='lat' dir='ltr'>suis</span> <span class='ocrx_word' id='word_1_98' title='bbox 1264 2141 1417 2223; x_wconf 80' lang='lat' dir='ltr'>aedificiis</span> <span class='ocrx_word' id='word_1_99' title='bbox 1439 2140 1654 2206; x_wconf 76' lang='lat' dir='ltr'>construendis</span> <span class='ocrx_word' id='word_1_100' title='bbox 1680 2139 1930 2221; x_wconf 82' lang='lat' dir='ltr'>deportaverini;</span> <span class='ocrx_word' id='word_1_101' title='bbox 1959 2145 2059 2224; x_wconf 84' lang='lat' dir='ltr'>repat,</span> 
     </span>
     <span class='ocr_line' id='line_1_14' title="bbox 406 2245 1965 2377; baseline -0.006 -62"><span class='ocrx_word' id='word_1_102' title='bbox 406 2256 441 2314; x_wconf 88' lang='lat' dir='ltr'>nt</span> <span class='ocrx_word' id='word_1_103' title='bbox 462 2251 620 2315; x_wconf 67' lang='lat' dir='ltr'>meusium</span> <span class='ocrx_word' id='word_1_104' title='bbox 641 2252 789 2331; x_wconf 82' lang='lat' dir='ltr'>reparari</span> <span class='ocrx_word' id='word_1_105' title='bbox 811 2252 841 2313; x_wconf 88' lang='lat' dir='ltr'>ct</span> <span class='ocrx_word' id='word_1_106' title='bbox 862 2249 944 2314; x_wconf 88' lang='lat' dir='ltr'>bono</span> <span class='ocrx_word' id='word_1_107' title='bbox 967 2247 1075 2312; x_wconf 85' lang='lat' dir='ltr'>oblato</span> <span class='ocrx_word' id='word_1_108' title='bbox 1096 2247 1221 2312; x_wconf 83' lang='lat' dir='ltr'>restitui</span> <span class='ocrx_word' id='word_1_109' title='bbox 1242 2245 1356 2310; x_wconf 83' lang='lat' dir='ltr'>iubeat.</span> <span class='ocrx_word' id='word_1_110' title='bbox 1731 2313 1817 2377; x_wconf 67' lang='lat'><strong><em>1232</em></strong></span> <span class='ocrx_word' id='word_1_111' title='bbox 1846 2310 1880 2376; x_wconf 77' lang='lat' dir='ltr'><em>D</em></span> <span class='ocrx_word' id='word_1_112' title='bbox 1943 2317 1965 2374; x_wconf 74' lang='lat'><strong><em>3</em></strong></span> 
     </span>
    </p>

    <p class='ocr_par' dir='ltr' id='par_1_8' title="bbox 1815 2333 1972 2390">
     <span class='ocr_line' id='line_1_15' title="bbox 1815 2333 1972 2390; baseline -0.006 -13"><span class='ocrx_word' id='word_1_113' title='bbox 1815 2361 1825 2390; x_wconf 92' lang='lat'>,</span> <span class='ocrx_word' id='word_1_114' title='bbox 1880 2333 1922 2377; x_wconf 91' lang='lat' dir='ltr'>ec.</span> <span class='ocrx_word' id='word_1_115' title='bbox 1965 2363 1972 2376; x_wconf 93' lang='lat'><strong><em>.</em></strong></span> 
     </span>
    </p>
   </div>
   <div class='ocr_carea' id='block_1_8' title="bbox 408 2432 2062 2680">
    <p class='ocr_par' dir='ltr' id='par_1_9' title="bbox 408 2432 2062 2680">
     <span class='ocr_line' id='line_1_16' title="bbox 512 2432 2062 2508; baseline -0.002 -17"><span class='ocrx_word' id='word_1_116' title='bbox 512 2436 593 2506; x_wconf 63' lang='grc' dir='ltr'>(ἔτερ.</span> <span class='ocrx_word' id='word_1_117' title='bbox 612 2437 662 2491; x_wconf 88' lang='lat' dir='ltr'>IX</span> <span class='ocrx_word' id='word_1_118' title='bbox 679 2437 748 2508; x_wconf 78' lang='lat' dir='ltr'>Rep.</span> <span class='ocrx_word' id='word_1_119' title='bbox 774 2437 830 2492; x_wconf 87' lang='lat' dir='ltr'>Vol.</span> <span class='ocrx_word' id='word_1_120' title='bbox 849 2439 908 2506; x_wconf 89' lang='grc' dir='ltr'><em>ΙΙΙ,</em></span> <span class='ocrx_word' id='word_1_121' title='bbox 928 2441 981 2503; x_wconf 82' lang='grc'><strong><em>56,·</em></strong></span> <span class='ocrx_word' id='word_1_122' title='bbox 998 2436 1061 2490; x_wconf 74' lang='lat' dir='ltr'>Irib.</span> <span class='ocrx_word' id='word_1_123' title='bbox 1083 2434 1134 2499; x_wconf 90' lang='lat' dir='ltr'>VI,</span> <span class='ocrx_word' id='word_1_124' title='bbox 1152 2437 1214 2487; x_wconf 77' lang='lat'><strong><em>184.</em></strong></span> <span class='ocrx_word' id='word_1_125' title='bbox 1258 2432 1365 2487; x_wconf 83' lang='lat' dir='ltr'>Pertrii</span> <span class='ocrx_word' id='word_1_126' title='bbox 1382 2432 1522 2500; x_wconf 81' lang='lat' dir='ltr'>erernplar</span> <span class='ocrx_word' id='word_1_127' title='bbox 1539 2432 1726 2500; x_wconf 78' lang='lat' dir='ltr'>supplevimus</span> <span class='ocrx_word' id='word_1_128' title='bbox 1744 2449 1778 2487; x_wconf 81' lang='lat' dir='ltr'>ac</span> <span class='ocrx_word' id='word_1_129' title='bbox 1796 2433 1888 2503; x_wconf 80' lang='lat' dir='ltr'>Repu.</span> <span class='ocrx_word' id='word_1_130' title='bbox 1907 2435 1979 2487; x_wconf 80' lang='lat' dir='ltr'>Anu.</span> <span class='ocrx_word' id='word_1_131' title='bbox 1998 2436 2062 2488; x_wconf 83' lang='lat' dir='ltr'>eccl.</span> 
     </span>
     <span class='ocr_line' id='line_1_17' title="bbox 469 2528 631 2578; baseline 0 0"><span class='ocrx_word' id='word_1_132' title='bbox 469 2528 487 2578; x_wconf 80' lang='lat'><em>2</em></span> <span class='ocrx_word' id='word_1_133' title='bbox 507 2528 526 2578; x_wconf 81' lang='lat'><strong><em>2</em></strong></span> <span class='ocrx_word' id='word_1_134' title='bbox 625 2565 631 2578; x_wconf 90' lang='lat'><strong>.</strong></span> 
     </span>
     <span class='ocr_line' id='line_1_18' title="bbox 408 2526 841 2680; baseline 0 -17"><span class='ocrx_word' id='word_1_135' title='bbox 408 2541 434 2579; x_wconf 74' lang='lat'>⁰·</span> <span class='ocrx_word' id='word_1_136' title='bbox 454 2529 468 2578; x_wconf 65' lang='grc'><strong><em>1</em></strong></span> <span class='ocrx_word' id='word_1_137' title='bbox 489 2526 650 2674; x_wconf 65' lang='lat' dir='ltr'>3d’odtlddst,</span> <span class='ocrx_word' id='word_1_138' title='bbox 669 2609 738 2680; x_wconf 80' lang='lat' dir='ltr'>Rep.</span> <span class='ocrx_word' id='word_1_139' title='bbox 757 2612 841 2664; x_wconf 81' lang='lat'><em>9052.</em></span> 
     </span>
    </p>
   </div>
   <div class='ocr_carea' id='block_1_9' title="bbox 449 2851 2017 3066">
    <p class='ocr_par' dir='ltr' id='par_1_10' title="bbox 449 2851 2017 3066">
     <span class='ocr_line' id='line_1_19' title="bbox 449 2851 2017 2945; baseline -0.001 -17"><span class='ocrx_word' id='word_1_140' title='bbox 449 2853 702 2943; x_wconf 80' lang='lat' dir='ltr'>FredericO,</span> <span class='ocrx_word' id='word_1_141' title='bbox 729 2853 1025 2926; x_wconf 89' lang='lat' dir='ltr'>Romanorum</span> <span class='ocrx_word' id='word_1_142' title='bbox 1051 2851 1311 2945; x_wconf 86' lang='lat' dir='ltr'>imperatori</span> <span class='ocrx_word' id='word_1_143' title='bbox 1340 2871 1513 2944; x_wconf 85' lang='lat' dir='ltr'>semper</span> <span class='ocrx_word' id='word_1_144' title='bbox 1540 2856 1747 2944; x_wconf 86' lang='lat' dir='ltr'>augusto,</span> <span class='ocrx_word' id='word_1_145' title='bbox 1774 2853 2017 2927; x_wconf 86' lang='lat' dir='ltr'>Ierusalem</span> 
     </span>
     <span class='ocr_line' id='line_1_20' title="bbox 971 2970 1504 3066; baseline -0.008 -18"><span class='ocrx_word' id='word_1_146' title='bbox 971 2978 1013 3048; x_wconf 88' lang='lat' dir='ltr'>et</span> <span class='ocrx_word' id='word_1_147' title='bbox 1039 2973 1184 3047; x_wconf 87' lang='lat' dir='ltr'>Sicilie</span> <span class='ocrx_word' id='word_1_148' title='bbox 1211 2972 1302 3066; x_wconf 84' lang='lat' dir='ltr'>regi</span> <span class='ocrx_word' id='word_1_149' title='bbox 1328 2970 1504 3045; x_wconf 85' lang='lat' dir='ltr'>illustri.</span> 
     </span>
    </p>
   </div>
   <div class='ocr_carea' id='block_1_10' title="bbox 413 3119 2067 3314">
    <p class='ocr_par' dir='ltr' id='par_1_11' title="bbox 413 3119 2067 3314">
     <span class='ocr_line' id='line_1_21' title="bbox 520 3119 2067 3211; baseline 0.002 -25"><span class='ocrx_word' id='word_1_150' title='bbox 520 3119 653 3208; x_wconf 89' lang='lat' dir='ltr'>Ubique</span> <span class='ocrx_word' id='word_1_151' title='bbox 678 3121 773 3186; x_wconf 86' lang='lat' dir='ltr'>nobis</span> <span class='ocrx_word' id='word_1_152' title='bbox 797 3121 987 3207; x_wconf 89' lang='lat' dir='ltr'>impietates</span> <span class='ocrx_word' id='word_1_153' title='bbox 1011 3130 1045 3189; x_wconf 89' lang='lat' dir='ltr'>et</span> <span class='ocrx_word' id='word_1_154' title='bbox 1067 3123 1192 3208; x_wconf 84' lang='lat' dir='ltr'>flagitia</span> <span class='ocrx_word' id='word_1_155' title='bbox 1213 3121 1389 3208; x_wconf 88' lang='lat' dir='ltr'>displicent</span> <span class='ocrx_word' id='word_1_156' title='bbox 1417 3121 1619 3206; x_wconf 90' lang='lat' dir='ltr'>iniquorum,</span> <span class='ocrx_word' id='word_1_157' title='bbox 1647 3119 1704 3186; x_wconf 90' lang='lat' dir='ltr'>sed</span> <span class='ocrx_word' id='word_1_158' title='bbox 1733 3122 1804 3203; x_wconf 90' lang='lat' dir='ltr'>illa,</span> <span class='ocrx_word' id='word_1_159' title='bbox 1833 3143 1873 3187; x_wconf 94' lang='lat' dir='ltr'>eo</span> <span class='ocrx_word' id='word_1_160' title='bbox 1897 3122 1983 3209; x_wconf 94' lang='lat' dir='ltr'>quod</span> <span class='ocrx_word' id='word_1_161' title='bbox 2007 3145 2067 3211; x_wconf 92' lang='lat' dir='ltr'>per</span> 
     </span>
     <span class='ocr_line' id='line_1_22' title="bbox 413 3224 2065 3314; baseline 0.001 -25"><span class='ocrx_word' id='word_1_162' title='bbox 413 3226 578 3290; x_wconf 84' lang='lat' dir='ltr'>evolantia</span> <span class='ocrx_word' id='word_1_163' title='bbox 593 3227 702 3291; x_wconf 90' lang='lat' dir='ltr'>iacula</span> <span class='ocrx_word' id='word_1_164' title='bbox 723 3226 764 3292; x_wconf 90' lang='lat' dir='ltr'>de</span> <span class='ocrx_word' id='word_1_165' title='bbox 780 3226 888 3291; x_wconf 91' lang='lat' dir='ltr'>vicino</span> <span class='ocrx_word' id='word_1_166' title='bbox 910 3229 992 3293; x_wconf 89' lang='lat' dir='ltr'>lesio</span> <span class='ocrx_word' id='word_1_167' title='bbox 1013 3227 1204 3314; x_wconf 86' lang='lat' dir='ltr'>profundior</span> <span class='ocrx_word' id='word_1_168' title='bbox 1223 3227 1392 3303; x_wconf 83' lang='lat' dir='ltr'>inferatur,</span> <span class='ocrx_word' id='word_1_169' title='bbox 1415 3247 1475 3290; x_wconf 89' lang='lat' dir='ltr'>nos</span> <span class='ocrx_word' id='word_1_170' title='bbox 1492 3224 1614 3291; x_wconf 93' lang='lat' dir='ltr'>doloris</span> <span class='ocrx_word' id='word_1_171' title='bbox 1630 3225 1752 3290; x_wconf 89' lang='lat' dir='ltr'>duriori</span> <span class='ocrx_word' id='word_1_172' title='bbox 1768 3233 1917 3312; x_wconf 90' lang='lat' dir='ltr'>pungunt</span> <span class='ocrx_word' id='word_1_173' title='bbox 1939 3227 2065 3307; x_wconf 89' lang='lat' dir='ltr'>aculeo,</span> 
     </span>
    </p>
   </div>
   <div class='ocr_carea' id='block_1_11' title="bbox 319 3327 2126 3424">
    <p class='ocr_par' dir='ltr' id='par_1_12' title="bbox 319 3327 2126 3424">
     <span class='ocr_line' id='line_1_23' title="bbox 319 3327 2126 3424; baseline 0.002 -34"><span class='ocrx_word' id='word_1_174' title='bbox 319 3401 331 3424; x_wconf 86' lang='lat'><strong>.</strong></span> <span class='ocrx_word' id='word_1_175' title='bbox 416 3327 445 3391; x_wconf 92' lang='lat' dir='ltr'>si</span> <span class='ocrx_word' id='word_1_176' title='bbox 468 3327 547 3392; x_wconf 89' lang='lat' dir='ltr'>liant</span> <span class='ocrx_word' id='word_1_177' title='bbox 576 3329 609 3393; x_wconf 93' lang='lat' dir='ltr'>in</span> <span class='ocrx_word' id='word_1_178' title='bbox 637 3329 788 3414; x_wconf 83' lang='lat' dir='ltr'>proximo</span> <span class='ocrx_word' id='word_1_179' title='bbox 812 3351 907 3416; x_wconf 89' lang='lat' dir='ltr'>quam</span> <span class='ocrx_word' id='word_1_180' title='bbox 932 3336 1068 3396; x_wconf 89' lang='lat' dir='ltr'>remoto.</span> <span class='ocrx_word' id='word_1_181' title='bbox 1115 3330 1222 3397; x_wconf 67' lang='lat' dir='ltr'>sanes</span> <span class='ocrx_word' id='word_1_182' title='bbox 1244 3330 1399 3394; x_wconf 89' lang='lat' dir='ltr'>mirantes</span> <span class='ocrx_word' id='word_1_183' title='bbox 1422 3330 1609 3415; x_wconf 86' lang='lat' dir='ltr'>accepimus</span> <span class='ocrx_word' id='word_1_184' title='bbox 1642 3335 1676 3394; x_wconf 90' lang='lat' dir='ltr'>et</span> <span class='ocrx_word' id='word_1_185' title='bbox 1705 3328 1843 3409; x_wconf 86' lang='lat' dir='ltr'>turbati,</span> <span class='ocrx_word' id='word_1_186' title='bbox 1876 3328 1963 3415; x_wconf 90' lang='lat' dir='ltr'>qnod</span> <span class='ocrx_word' id='word_1_187' title='bbox 1989 3350 2065 3416; x_wconf 88' lang='lat' dir='ltr'>per·</span> <span class='ocrx_word' id='word_1_188' title='bbox 2120 3365 2126 3382; x_wconf 84' lang='lat'><strong>·</strong></span> 
     </span>
    </p>
   </div>
   <div class='ocr_carea' id='block_1_12' title="bbox 373 3429 2074 4552">
    <p class='ocr_par' dir='ltr' id='par_1_13' title="bbox 373 3429 2074 4552">
     <span class='ocr_line' id='line_1_24' title="bbox 414 3429 2066 3519; baseline 0.002 -26"><span class='ocrx_word' id='word_1_189' title='bbox 414 3429 548 3495; x_wconf 92' lang='lat' dir='ltr'>ditionis</span> <span class='ocrx_word' id='word_1_190' title='bbox 576 3431 655 3512; x_wconf 88' lang='lat' dir='ltr'>filii,</span> <span class='ocrx_word' id='word_1_191' title='bbox 687 3431 858 3498; x_wconf 86' lang='lat' dir='ltr'>Sarraceni</span> <span class='ocrx_word' id='word_1_192' title='bbox 881 3432 1035 3498; x_wconf 88' lang='lat' dir='ltr'>videlicet</span> <span class='ocrx_word' id='word_1_193' title='bbox 1062 3433 1096 3497; x_wconf 93' lang='lat' dir='ltr'>in</span> <span class='ocrx_word' id='word_1_194' title='bbox 1118 3433 1239 3519; x_wconf 80' lang='lat' dir='ltr'>Apulia</span> <span class='ocrx_word' id='word_1_195' title='bbox 1268 3434 1429 3519; x_wconf 57' lang='lat' dir='ltr'>partibus,</span> <span class='ocrx_word' id='word_1_196' title='bbox 1443 3432 1629 3511; x_wconf 88' lang='lat' dir='ltr'>constituti,</span> <span class='ocrx_word' id='word_1_197' title='bbox 1659 3433 1707 3497; x_wconf 90' lang='lat' dir='ltr'>tui</span> <span class='ocrx_word' id='word_1_198' title='bbox 1734 3431 1856 3496; x_wconf 86' lang='lat' dir='ltr'>favoris</span> <span class='ocrx_word' id='word_1_199' title='bbox 1886 3432 2066 3498; x_wconf 86' lang='lat' dir='ltr'>accedente</span> 
     </span>
     <span class='ocr_line' id='line_1_25' title="bbox 415 3533 2067 3620; baseline 0.001 -23"><span class='ocrx_word' id='word_1_200' title='bbox 415 3554 594 3615; x_wconf 92' lang='lat' dir='ltr'>consensu,</span> <span class='ocrx_word' id='word_1_201' title='bbox 626 3533 711 3619; x_wconf 89' lang='lat' dir='ltr'>quod</span> <span class='ocrx_word' id='word_1_202' title='bbox 746 3535 902 3601; x_wconf 87' lang='lat' dir='ltr'>credibile</span> <span class='ocrx_word' id='word_1_203' title='bbox 934 3557 999 3601; x_wconf 92' lang='lat' dir='ltr'>non</span> <span class='ocrx_word' id='word_1_204' title='bbox 1030 3535 1175 3616; x_wconf 90' lang='lat' dir='ltr'>videtur,</span> <span class='ocrx_word' id='word_1_205' title='bbox 1206 3534 1381 3600; x_wconf 88' lang='lat' dir='ltr'>ecclesiam</span> <span class='ocrx_word' id='word_1_206' title='bbox 1409 3535 1515 3599; x_wconf 90' lang='lat' dir='ltr'>sancti</span> <span class='ocrx_word' id='word_1_207' title='bbox 1541 3533 1632 3600; x_wconf 90' lang='lat' dir='ltr'>Petri</span> <span class='ocrx_word' id='word_1_208' title='bbox 1662 3535 1696 3600; x_wconf 94' lang='lat' dir='ltr'>in</span> <span class='ocrx_word' id='word_1_209' title='bbox 1722 3535 1850 3620; x_wconf 88' lang='lat' dir='ltr'>Bangio</span> <span class='ocrx_word' id='word_1_210' title='bbox 1873 3533 2067 3617; x_wconf 79' lang='lat' dir='ltr'>Foietano¹‚</span> 
     </span>
     <span class='ocr_line' id='line_1_26' title="bbox 414 3636 2066 3724; baseline 0.001 -25"><span class='ocrx_word' id='word_1_211' title='bbox 414 3636 511 3722; x_wconf 90' lang='lat' dir='ltr'>pleno</span> <span class='ocrx_word' id='word_1_212' title='bbox 535 3637 604 3703; x_wconf 91' lang='lat' dir='ltr'>iure</span> <span class='ocrx_word' id='word_1_213' title='bbox 628 3644 833 3724; x_wconf 89' lang='lat' dir='ltr'>spectantem</span> <span class='ocrx_word' id='word_1_214' title='bbox 855 3637 898 3703; x_wconf 93' lang='lat' dir='ltr'>ad</span> <span class='ocrx_word' id='word_1_215' title='bbox 919 3639 1155 3704; x_wconf 88' lang='lat' dir='ltr'>monasterinm</span> <span class='ocrx_word' id='word_1_216' title='bbox 1178 3638 1284 3704; x_wconf 90' lang='lat' dir='ltr'>sancti</span> <span class='ocrx_word' id='word_1_217' title='bbox 1299 3637 1470 3702; x_wconf 89' lang='lat' dir='ltr'>Laurentii</span> <span class='ocrx_word' id='word_1_218' title='bbox 1493 3636 1534 3702; x_wconf 92' lang='lat' dir='ltr'>de</span> <span class='ocrx_word' id='word_1_219' title='bbox 1549 3636 1687 3720; x_wconf 80' lang='lat' dir='ltr'>Aversa,</span> <span class='ocrx_word' id='word_1_220' title='bbox 1710 3645 1878 3704; x_wconf 89' lang='lat' dir='ltr'>vertentes</span> <span class='ocrx_word' id='word_1_221' title='bbox 1901 3638 2066 3703; x_wconf 90' lang='lat' dir='ltr'>inlocum</span> 
     </span>
     <span class='ocr_line' id='line_1_27' title="bbox 415 3738 2068 3830; baseline 0.001 -28"><span class='ocrx_word' id='word_1_222' title='bbox 415 3738 635 3825; x_wconf 88' lang='lat' dir='ltr'>subiugalium</span> <span class='ocrx_word' id='word_1_223' title='bbox 657 3762 721 3826; x_wconf 91' lang='lat' dir='ltr'>que</span> <span class='ocrx_word' id='word_1_224' title='bbox 744 3742 836 3828; x_wconf 91' lang='lat' dir='ltr'>prius</span> <span class='ocrx_word' id='word_1_225' title='bbox 860 3741 968 3806; x_wconf 84' lang='lat' dir='ltr'>luerat</span> <span class='ocrx_word' id='word_1_226' title='bbox 982 3740 1205 3806; x_wconf 87' lang='lat' dir='ltr'>habitaculum</span> <span class='ocrx_word' id='word_1_227' title='bbox 1220 3741 1422 3825; x_wconf 88' lang='lat' dir='ltr'>angelorum,</span> <span class='ocrx_word' id='word_1_228' title='bbox 1446 3741 1551 3826; x_wconf 85' lang='lat' dir='ltr'>ipsam</span> <span class='ocrx_word' id='word_1_229' title='bbox 1573 3741 1720 3806; x_wconf 84' lang='lat' dir='ltr'>funditus</span> <span class='ocrx_word' id='word_1_230' title='bbox 1736 3739 1915 3830; x_wconf 76' lang='lat' dir='ltr'>(linierunt,</span> <span class='ocrx_word' id='word_1_231' title='bbox 1939 3739 2068 3828; x_wconf 89' lang='lat' dir='ltr'>lapides</span> 
     </span>
     <span class='ocr_line' id='line_1_28' title="bbox 415 3841 2068 3932; baseline 0.002 -28"><span class='ocrx_word' id='word_1_232' title='bbox 415 3847 450 3905; x_wconf 94' lang='lat' dir='ltr'>et</span> <span class='ocrx_word' id='word_1_233' title='bbox 471 3841 651 3927; x_wconf 87' lang='lat' dir='ltr'>lignamina</span> <span class='ocrx_word' id='word_1_234' title='bbox 671 3845 744 3910; x_wconf 90' lang='lat' dir='ltr'>eius</span> <span class='ocrx_word' id='word_1_235' title='bbox 768 3844 973 3932; x_wconf 80' lang='lat' dir='ltr'>deportando</span> <span class='ocrx_word' id='word_1_236' title='bbox 999 3844 1201 3911; x_wconf 76' lang='lat' dir='ltr'>Nuceriam²</span> <span class='ocrx_word' id='word_1_237' title='bbox 1222 3864 1282 3930; x_wconf 88' lang='lat' dir='ltr'>pro</span> <span class='ocrx_word' id='word_1_238' title='bbox 1305 3843 1373 3908; x_wconf 90' lang='lat' dir='ltr'>suis</span> <span class='ocrx_word' id='word_1_239' title='bbox 1397 3841 1534 3909; x_wconf 87' lang='lat' dir='ltr'>edificiis</span> <span class='ocrx_word' id='word_1_240' title='bbox 1558 3844 1797 3910; x_wconf 87' lang='lat' dir='ltr'>construendis.</span> <span class='ocrx_word' id='word_1_241' title='bbox 1843 3844 1967 3910; x_wconf 89' lang='lat' dir='ltr'>Verum</span> <span class='ocrx_word' id='word_1_242' title='bbox 1990 3845 2068 3930; x_wconf 86' lang='lat' dir='ltr'>quia</span> 
     </span>
     <span class='ocr_line' id='line_1_29' title="bbox 415 3946 2068 4036; baseline 0.002 -28"><span class='ocrx_word' id='word_1_243' title='bbox 415 3952 482 4009; x_wconf 86' lang='lat' dir='ltr'>tarn</span> <span class='ocrx_word' id='word_1_244' title='bbox 505 3946 618 4033; x_wconf 89' lang='lat' dir='ltr'>iniqua</span> <span class='ocrx_word' id='word_1_245' title='bbox 640 3949 843 4034; x_wconf 92' lang='lat' dir='ltr'>presumptio</span> <span class='ocrx_word' id='word_1_246' title='bbox 866 3970 931 4014; x_wconf 91' lang='lat' dir='ltr'>non</span> <span class='ocrx_word' id='word_1_247' title='bbox 955 3949 1080 4036; x_wconf 89' lang='lat' dir='ltr'>absque</span> <span class='ocrx_word' id='word_1_248' title='bbox 1104 3948 1302 4014; x_wconf 91' lang='lat' dir='ltr'>contumelia</span> <span class='ocrx_word' id='word_1_249' title='bbox 1325 3946 1507 4029; x_wconf 80' lang='lat' dir='ltr'>Crantoris,</span> <span class='ocrx_word' id='word_1_250' title='bbox 1529 3950 1710 4035; x_wconf 89' lang='lat' dir='ltr'>apostolice</span> <span class='ocrx_word' id='word_1_251' title='bbox 1734 3948 1821 4014; x_wconf 91' lang='lat' dir='ltr'>sedis</span> <span class='ocrx_word' id='word_1_252' title='bbox 1844 3948 1973 4026; x_wconf 86' lang='lat' dir='ltr'>iniuria,</span> <span class='ocrx_word' id='word_1_253' title='bbox 1995 3955 2068 4012; x_wconf 89' lang='lat' dir='ltr'>tan-</span> 
     </span>
     <span class='ocr_line' id='line_1_30' title="bbox 416 4051 2070 4138; baseline 0.002 -26"><span class='ocrx_word' id='word_1_254' title='bbox 416 4068 513 4133; x_wconf 88' lang='lat' dir='ltr'>quam</span> <span class='ocrx_word' id='word_1_255' title='bbox 546 4058 624 4116; x_wconf 91' lang='lat' dir='ltr'>nota</span> <span class='ocrx_word' id='word_1_256' title='bbox 663 4052 804 4118; x_wconf 91' lang='lat' dir='ltr'>nominis</span> <span class='ocrx_word' id='word_1_257' title='bbox 843 4053 990 4117; x_wconf 88' lang='lat' dir='ltr'>noscitur</span> <span class='ocrx_word' id='word_1_258' title='bbox 1030 4059 1210 4132; x_wconf 89' lang='lat' dir='ltr'>attentata,</span> <span class='ocrx_word' id='word_1_259' title='bbox 1251 4051 1462 4117; x_wconf 89' lang='lat' dir='ltr'>serenitatem</span> <span class='ocrx_word' id='word_1_260' title='bbox 1499 4058 1589 4115; x_wconf 89' lang='lat' dir='ltr'>tuam</span> <span class='ocrx_word' id='word_1_261' title='bbox 1624 4073 1794 4138; x_wconf 86' lang='lat' dir='ltr'>rogamus,</span> <span class='ocrx_word' id='word_1_262' title='bbox 1830 4073 2000 4117; x_wconf 90' lang='lat' dir='ltr'>monemus</span> <span class='ocrx_word' id='word_1_263' title='bbox 2036 4057 2070 4116; x_wconf 89' lang='lat' dir='ltr'>et</span> 
     </span>
     <span class='ocr_line' id='line_1_31' title="bbox 416 4151 2072 4242; baseline 0.001 -26"><span class='ocrx_word' id='word_1_264' title='bbox 416 4151 585 4218; x_wconf 89' lang='lat' dir='ltr'>hortamur</span> <span class='ocrx_word' id='word_1_265' title='bbox 607 4161 751 4235; x_wconf 90' lang='lat' dir='ltr'>attente,</span> <span class='ocrx_word' id='word_1_266' title='bbox 775 4161 937 4240; x_wconf 88' lang='lat' dir='ltr'>quatenus</span> <span class='ocrx_word' id='word_1_267' title='bbox 960 4154 1139 4242; x_wconf 90' lang='lat' dir='ltr'>prudenter</span> <span class='ocrx_word' id='word_1_268' title='bbox 1159 4154 1352 4236; x_wconf 88' lang='lat' dir='ltr'>attendens,</span> <span class='ocrx_word' id='word_1_269' title='bbox 1384 4155 1412 4218; x_wconf 89' lang='lat' dir='ltr'>si</span> <span class='ocrx_word' id='word_1_270' title='bbox 1435 4154 1649 4220; x_wconf 89' lang='lat' dir='ltr'>ecclesiarum</span> <span class='ocrx_word' id='word_1_271' title='bbox 1671 4155 1780 4240; x_wconf 87' lang='lat' dir='ltr'>aliqua</span> <span class='ocrx_word' id='word_1_272' title='bbox 1802 4161 1836 4219; x_wconf 94' lang='lat' dir='ltr'>et</span> <span class='ocrx_word' id='word_1_273' title='bbox 1857 4156 2013 4241; x_wconf 89' lang='lat' dir='ltr'>precipue</span> <span class='ocrx_word' id='word_1_274' title='bbox 2037 4155 2072 4219; x_wconf 92' lang='lat' dir='ltr'>in</span> 
     </span>
     <span class='ocr_line' id='line_1_32' title="bbox 417 4254 2071 4344; baseline 0.003 -27"><span class='ocrx_word' id='word_1_275' title='bbox 417 4254 511 4340; x_wconf 91' lang='lat' dir='ltr'>regni</span> <span class='ocrx_word' id='word_1_276' title='bbox 538 4255 665 4320; x_wconf 89' lang='lat' dir='ltr'>ambitu</span> <span class='ocrx_word' id='word_1_277' title='bbox 692 4263 939 4336; x_wconf 85' lang='lat' dir='ltr'>contentarum,</span> <span class='ocrx_word' id='word_1_278' title='bbox 971 4279 1034 4344; x_wconf 91' lang='lat' dir='ltr'>que</span> <span class='ocrx_word' id='word_1_279' title='bbox 1064 4267 1120 4324; x_wconf 88' lang='lat' dir='ltr'>tua</span> <span class='ocrx_word' id='word_1_280' title='bbox 1142 4257 1265 4324; x_wconf 91' lang='lat' dir='ltr'>debent</span> <span class='ocrx_word' id='word_1_281' title='bbox 1286 4257 1491 4344; x_wconf 88' lang='lat' dir='ltr'>protectione</span> <span class='ocrx_word' id='word_1_282' title='bbox 1515 4257 1676 4343; x_wconf 88' lang='lat' dir='ltr'>gaudere,</span> <span class='ocrx_word' id='word_1_283' title='bbox 1705 4279 1745 4324; x_wconf 89' lang='lat' dir='ltr'>eo</span> <span class='ocrx_word' id='word_1_284' title='bbox 1768 4257 1854 4342; x_wconf 92' lang='lat' dir='ltr'>quod</span> <span class='ocrx_word' id='word_1_285' title='bbox 1884 4259 2013 4323; x_wconf 88' lang='lat' dir='ltr'>illorum</span> <span class='ocrx_word' id='word_1_286' title='bbox 2037 4264 2071 4322; x_wconf 89' lang='lat' dir='ltr'>et</span> 
     </span>
     <span class='ocr_line' id='line_1_33' title="bbox 373 4357 2070 4446; baseline 0.002 -26"><span class='ocrx_word' id='word_1_287' title='bbox 373 4419 380 4437; x_wconf 60' lang='grc'><strong>,</strong></span> <span class='ocrx_word' id='word_1_288' title='bbox 418 4358 555 4422; x_wconf 89' lang='lat' dir='ltr'>aliarum</span> <span class='ocrx_word' id='word_1_289' title='bbox 590 4357 745 4424; x_wconf 84' lang='lat' dir='ltr'>defensor</span> <span class='ocrx_word' id='word_1_290' title='bbox 777 4360 824 4425; x_wconf 89' lang='lat' dir='ltr'>sis</span> <span class='ocrx_word' id='word_1_291' title='bbox 860 4381 880 4424; x_wconf 98' lang='lat' dir='ltr'>a</span> <span class='ocrx_word' id='word_1_292' title='bbox 913 4360 1056 4427; x_wconf 91' lang='lat' dir='ltr'>Domino</span> <span class='ocrx_word' id='word_1_293' title='bbox 1091 4362 1305 4442; x_wconf 89' lang='lat' dir='ltr'>constitutus,</span> <span class='ocrx_word' id='word_1_294' title='bbox 1346 4361 1516 4446; x_wconf 89' lang='lat' dir='ltr'>sacrilegis</span> <span class='ocrx_word' id='word_1_295' title='bbox 1550 4360 1728 4427; x_wconf 87' lang='lat' dir='ltr'>infidelium</span> <span class='ocrx_word' id='word_1_296' title='bbox 1761 4361 1911 4426; x_wconf 89' lang='lat' dir='ltr'>manibus</span> <span class='ocrx_word' id='word_1_297' title='bbox 1948 4361 2070 4426; x_wconf 89' lang='lat' dir='ltr'>debeat</span> 
     </span>
     <span class='ocr_line' id='line_1_34' title="bbox 418 4459 2074 4552; baseline 0.002 -28"><span class='ocrx_word' id='word_1_298' title='bbox 418 4459 584 4538; x_wconf 86' lang='lat' dir='ltr'>demoliri,</span> <span class='ocrx_word' id='word_1_299' title='bbox 615 4481 679 4545; x_wconf 91' lang='lat' dir='ltr'>qua</span> <span class='ocrx_word' id='word_1_300' title='bbox 701 4460 801 4529; x_wconf 89' lang='lat' dir='ltr'>debet</span> <span class='ocrx_word' id='word_1_301' title='bbox 823 4464 933 4549; x_wconf 89' lang='lat' dir='ltr'>potius</span> <span class='ocrx_word' id='word_1_302' title='bbox 956 4465 1060 4530; x_wconf 86' lang='lat' dir='ltr'>virtus</span> <span class='ocrx_word' id='word_1_303' title='bbox 1083 4465 1248 4530; x_wconf 80' lang='lat' dir='ltr'>Altissimi</span> <span class='ocrx_word' id='word_1_304' title='bbox 1270 4485 1290 4529; x_wconf 91' lang='lat' dir='ltr'>a</span> <span class='ocrx_word' id='word_1_305' title='bbox 1312 4464 1465 4530; x_wconf 88' lang='lat' dir='ltr'>fidelibus</span> <span class='ocrx_word' id='word_1_306' title='bbox 1489 4466 1644 4548; x_wconf 87' lang='lat' dir='ltr'>exaltari,</span> <span class='ocrx_word' id='word_1_307' title='bbox 1672 4488 1731 4552; x_wconf 89' lang='lat' dir='ltr'>pro</span> <span class='ocrx_word' id='word_1_308' title='bbox 1755 4466 1865 4531; x_wconf 87' lang='lat' dir='ltr'>divina</span> <span class='ocrx_word' id='word_1_309' title='bbox 1887 4467 2074 4532; x_wconf 83' lang='lat' dir='ltr'>reverentia</span> 
     </span>
    </p>
   </div>
   <div class='ocr_carea' id='block_1_13' title="bbox 420 4555 2075 5070">
    <p class='ocr_par' dir='ltr' id='par_1_14' title="bbox 420 4555 2075 5070">
     <span class='ocr_line' id='line_1_35' title="bbox 420 4555 2074 4656; baseline 0.002 -27"><span class='ocrx_word' id='word_1_310' title='bbox 420 4571 454 4629; x_wconf 90' lang='lat' dir='ltr'>et</span> <span class='ocrx_word' id='word_1_311' title='bbox 477 4570 533 4630; x_wconf 91' lang='lat' dir='ltr'>tue</span> <span class='ocrx_word' id='word_1_312' title='bbox 556 4563 761 4630; x_wconf 86' lang='lat' dir='ltr'>celsitudinis</span> <span class='ocrx_word' id='word_1_313' title='bbox 791 4567 993 4634; x_wconf 86' lang='lat' dir='ltr'>incremento</span> <span class='ocrx_word' id='word_1_314' title='bbox 1023 4570 1184 4656; x_wconf 87' lang='lat' dir='ltr'>prefatam</span> <span class='ocrx_word' id='word_1_315' title='bbox 1207 4569 1382 4635; x_wconf 90' lang='lat' dir='ltr'>ecclesiam</span> <span class='ocrx_word' id='word_1_316' title='bbox 1410 4571 1556 4656; x_wconf 87' lang='lat' dir='ltr'>reparari</span> <span class='ocrx_word' id='word_1_317' title='bbox 1586 4570 1701 4636; x_wconf 89' lang='lat' dir='ltr'>iubeas</span> <span class='ocrx_word' id='word_1_318' title='bbox 1724 4577 1758 4635; x_wconf 93' lang='lat' dir='ltr'>et</span> <span class='ocrx_word' id='word_1_319' title='bbox 1780 4570 1812 4635; x_wconf 89' lang='lat' dir='ltr'>ei</span> <span class='ocrx_word' id='word_1_320' title='bbox 1834 4569 1922 4635; x_wconf 92' lang='lat' dir='ltr'>bona</span> <span class='ocrx_word' id='word_1_321' title='bbox 1943 4555 2074 4634; x_wconf 91' lang='lat' dir='ltr'>sublata</span> 
     </span>
     <span class='ocr_line' id='line_1_36' title="bbox 420 4666 2074 4759; baseline 0.004 -29"><span class='ocrx_word' id='word_1_322' title='bbox 420 4666 566 4746; x_wconf 90' lang='lat' dir='ltr'>restitui,</span> <span class='ocrx_word' id='word_1_323' title='bbox 597 4687 660 4751; x_wconf 88' lang='lat' dir='ltr'>qne</span> <span class='ocrx_word' id='word_1_324' title='bbox 695 4667 894 4754; x_wconf 85' lang='lat' dir='ltr'>integritatis</span> <span class='ocrx_word' id='word_1_325' title='bbox 927 4693 986 4738; x_wconf 91' lang='lat' dir='ltr'>sue</span> <span class='ocrx_word' id='word_1_326' title='bbox 1017 4677 1164 4758; x_wconf 90' lang='lat' dir='ltr'>tempore</span> <span class='ocrx_word' id='word_1_327' title='bbox 1193 4672 1369 4738; x_wconf 89' lang='lat' dir='ltr'>obtinebat.</span> <span class='ocrx_word' id='word_1_328' title='bbox 1429 4673 1583 4738; x_wconf 81' lang='lat' dir='ltr'>Ceterum</span> <span class='ocrx_word' id='word_1_329' title='bbox 1611 4674 1688 4759; x_wconf 90' lang='lat' dir='ltr'>quia</span> <span class='ocrx_word' id='word_1_330' title='bbox 1720 4673 1871 4738; x_wconf 85' lang='lat' dir='ltr'>nimietas</span> <span class='ocrx_word' id='word_1_331' title='bbox 1900 4672 2074 4754; x_wconf 86' lang='lat' dir='ltr'>libertatis,</span> 
     </span>
     <span class='ocr_line' id='line_1_37' title="bbox 421 4767 2075 4862; baseline 0.005 -30"><span class='ocrx_word' id='word_1_332' title='bbox 421 4789 518 4852; x_wconf 90' lang='lat' dir='ltr'>quam</span> <span class='ocrx_word' id='word_1_333' title='bbox 541 4767 732 4834; x_wconf 78' lang='lat' dir='ltr'>Sarracenis</span> <span class='ocrx_word' id='word_1_334' title='bbox 755 4771 881 4837; x_wconf 91' lang='lat' dir='ltr'>eisdem</span> <span class='ocrx_word' id='word_1_335' title='bbox 905 4773 1024 4839; x_wconf 91' lang='lat' dir='ltr'>diceris</span> <span class='ocrx_word' id='word_1_336' title='bbox 1055 4773 1247 4856; x_wconf 91' lang='lat' dir='ltr'>indulsisse,</span> <span class='ocrx_word' id='word_1_337' title='bbox 1279 4775 1437 4841; x_wconf 89' lang='lat' dir='ltr'>damnosa</span> <span class='ocrx_word' id='word_1_338' title='bbox 1459 4776 1654 4842; x_wconf 86' lang='lat' dir='ltr'>Christianis</span> <span class='ocrx_word' id='word_1_339' title='bbox 1678 4775 1719 4842; x_wconf 90' lang='lat' dir='ltr'>de</span> <span class='ocrx_word' id='word_1_340' title='bbox 1741 4777 1862 4842; x_wconf 87' lang='lat' dir='ltr'>vicinia</span> <span class='ocrx_word' id='word_1_341' title='bbox 1883 4775 2075 4862; x_wconf 91' lang='lat' dir='ltr'>perhibetur</span> 
     </span>
     <span class='ocr_line' id='line_1_38' title="bbox 421 4871 2073 4965; baseline 0.003 -29"><span class='ocrx_word' id='word_1_342' title='bbox 421 4878 456 4936; x_wconf 90' lang='lat' dir='ltr'>et</span> <span class='ocrx_word' id='word_1_343' title='bbox 486 4871 577 4936; x_wconf 89' lang='lat' dir='ltr'>venit</span> <span class='ocrx_word' id='word_1_344' title='bbox 610 4873 759 4958; x_wconf 90' lang='lat' dir='ltr'>pluribus</span> <span class='ocrx_word' id='word_1_345' title='bbox 794 4874 1003 4942; x_wconf 90' lang='lat' dir='ltr'>audientibus</span> <span class='ocrx_word' id='word_1_346' title='bbox 1037 4878 1071 4941; x_wconf 93' lang='lat' dir='ltr'>in</span> <span class='ocrx_word' id='word_1_347' title='bbox 1101 4876 1283 4958; x_wconf 92' lang='lat' dir='ltr'>horrorem,</span> <span class='ocrx_word' id='word_1_348' title='bbox 1318 4876 1509 4943; x_wconf 91' lang='lat' dir='ltr'>sublimitati</span> <span class='ocrx_word' id='word_1_349' title='bbox 1545 4885 1599 4944; x_wconf 91' lang='lat' dir='ltr'>tue</span> <span class='ocrx_word' id='word_1_350' title='bbox 1629 4881 1759 4965; x_wconf 87' lang='lat' dir='ltr'>placeat</span> <span class='ocrx_word' id='word_1_351' title='bbox 1786 4880 1897 4944; x_wconf 88' lang='lat' dir='ltr'>taliter</span> <span class='ocrx_word' id='word_1_352' title='bbox 1927 4881 2073 4965; x_wconf 91' lang='lat' dir='ltr'>ipsorum</span> 
     </span>
     <span class='ocr_line' id='line_1_39' title="bbox 420 4975 2074 5070; baseline 0.005 -32"><span class='ocrx_word' id='word_1_353' title='bbox 420 4975 685 5060; x_wconf 88' lang='lat' dir='ltr'>presumptiones</span> <span class='ocrx_word' id='word_1_354' title='bbox 709 4975 849 5060; x_wconf 89' lang='lat' dir='ltr'>elidere,</span> <span class='ocrx_word' id='word_1_355' title='bbox 881 4979 968 5064; x_wconf 90' lang='lat' dir='ltr'>quod</span> <span class='ocrx_word' id='word_1_356' title='bbox 991 4981 1043 5046; x_wconf 88' lang='lat' dir='ltr'>vel</span> <span class='ocrx_word' id='word_1_357' title='bbox 1068 4981 1100 5043; x_wconf 93' lang='lat' dir='ltr'>in</span> <span class='ocrx_word' id='word_1_358' title='bbox 1122 5002 1226 5066; x_wconf 88' lang='lat' dir='ltr'>pauco</span> <span class='ocrx_word' id='word_1_359' title='bbox 1249 5001 1315 5045; x_wconf 91' lang='lat' dir='ltr'>non</span> <span class='ocrx_word' id='word_1_360' title='bbox 1337 4979 1480 5047; x_wconf 90' lang='lat' dir='ltr'>audeant</span> <span class='ocrx_word' id='word_1_361' title='bbox 1503 4989 1630 5048; x_wconf 91' lang='lat' dir='ltr'>tuorum</span> <span class='ocrx_word' id='word_1_362' title='bbox 1656 4983 1755 5049; x_wconf 88' lang='lat' dir='ltr'>corda</span> <span class='ocrx_word' id='word_1_363' title='bbox 1776 4982 1922 5048; x_wconf 87' lang='lat' dir='ltr'>fidelium</span> <span class='ocrx_word' id='word_1_364' title='bbox 1944 4989 2074 5070; x_wconf 89' lang='lat' dir='ltr'>pertur-</span> 
     </span>
    </p>
   </div>
   <div class='ocr_carea' id='block_1_14' title="bbox 529 5149 1713 5166">
    <p class='ocr_par' dir='ltr' id='par_1_15' title="bbox 529 5149 1713 5166">
     <span class='ocr_line' id='line_1_40' title="bbox 529 5149 1713 5166; baseline 0.008 -9"><span class='ocrx_word' id='word_1_365' title='bbox 529 5149 656 5158; x_wconf 70' lang='lat'>—-........-</span> <span class='ocrx_word' id='word_1_366' title='bbox 953 5155 1038 5162; x_wconf 71' lang='grc'>..-.-.</span> <span class='ocrx_word' id='word_1_367' title='bbox 1055 5156 1446 5164; x_wconf 33' lang='grc' dir='ltr'>-Ἡῆ--ψ--ο--ι--ιι</span> <span class='ocrx_word' id='word_1_368' title='bbox 1653 5159 1713 5166; x_wconf 69' lang='lat' dir='ltr'>——n—</span> 
     </span>
    </p>
   </div>
   <div class='ocr_carea' id='block_1_15' title="bbox 527 5268 940 5340">
    <p class='ocr_par' dir='ltr' id='par_1_16' title="bbox 527 5268 940 5340">
     <span class='ocr_line' id='line_1_41' title="bbox 527 5268 940 5340; baseline 0 -18"><span class='ocrx_word' id='word_1_369' title='bbox 527 5268 550 5336; x_wconf 83' lang='lat'>¹)</span> <span class='ocrx_word' id='word_1_370' title='bbox 567 5287 633 5337; x_wconf 82' lang='lat' dir='ltr'>quoe</span> <span class='ocrx_word' id='word_1_371' title='bbox 650 5279 790 5338; x_wconf 66' lang='lat' dir='ltr'>sepiuntur</span> <span class='ocrx_word' id='word_1_372' title='bbox 806 5288 837 5324; x_wconf 80' lang='lat' dir='ltr'>ee</span> <span class='ocrx_word' id='word_1_373' title='bbox 854 5271 940 5340; x_wconf 80' lang='lat' dir='ltr'>Bopn.</span> 
     </span>
    </p>
   </div>
   <div class='ocr_carea' id='block_1_16' title="bbox 526 5437 2077 5520">
    <p class='ocr_par' dir='ltr' id='par_1_17' title="bbox 526 5437 2077 5520">
     <span class='ocr_line' id='line_1_42' title="bbox 526 5437 2077 5520; baseline 0.01 -28"><span class='ocrx_word' id='word_1_374' title='bbox 526 5439 552 5506; x_wconf 93' lang='lat'>1)</span> <span class='ocrx_word' id='word_1_375' title='bbox 578 5437 613 5493; x_wconf 82' lang='lat' dir='ltr'>Ut</span> <span class='ocrx_word' id='word_1_376' title='bbox 633 5439 749 5505; x_wconf 83' lang='lat' dir='ltr'>uidetur,</span> <span class='ocrx_word' id='word_1_377' title='bbox 772 5439 884 5496; x_wconf 78' lang='lat' dir='ltr'>Femur</span> <span class='ocrx_word' id='word_1_378' title='bbox 901 5441 932 5495; x_wconf 90' lang='lat' dir='ltr'>in</span> <span class='ocrx_word' id='word_1_379' title='bbox 952 5440 1132 5511; x_wconf 81' lang='lat' dir='ltr'>Capitanota,</span> <span class='ocrx_word' id='word_1_380' title='bbox 1156 5442 1254 5512; x_wconf 81' lang='lat' dir='ltr'>uipinli</span> <span class='ocrx_word' id='word_1_381' title='bbox 1274 5443 1384 5497; x_wconf 82' lang='lat' dir='ltr'>milibus</span> <span class='ocrx_word' id='word_1_382' title='bbox 1401 5443 1521 5500; x_wconf 79' lang='lat' dir='ltr'>Luceria</span> <span class='ocrx_word' id='word_1_383' title='bbox 1543 5445 1657 5502; x_wconf 83' lang='lat' dir='ltr'>distans.</span> <span class='ocrx_word' id='word_1_384' title='bbox 1762 5450 1789 5517; x_wconf 83' lang='lat'>2)</span> <span class='ocrx_word' id='word_1_385' title='bbox 1808 5449 1846 5504; x_wconf 79' lang='lat' dir='ltr'>ld</span> <span class='ocrx_word' id='word_1_386' title='bbox 1864 5452 1903 5506; x_wconf 84' lang='lat' dir='ltr'>esi</span> <span class='ocrx_word' id='word_1_387' title='bbox 1921 5449 2077 5520; x_wconf 83' lang='lat' dir='ltr'>Luceriam,</span> 
     </span>
    </p>
   </div>
   <div class='ocr_carea' id='block_1_17' title="bbox 421 5523 2077 5670">
    <p class='ocr_par' dir='ltr' id='par_1_18' title="bbox 421 5523 2077 5670">
     <span class='ocr_line' id='line_1_43' title="bbox 421 5523 2077 5604; baseline 0.01 -26"><span class='ocrx_word' id='word_1_388' title='bbox 421 5523 470 5578; x_wconf 88' lang='lat' dir='ltr'>ubi</span> <span class='ocrx_word' id='word_1_389' title='bbox 492 5524 645 5593; x_wconf 83' lang='lat' dir='ltr'>imperator</span> <span class='ocrx_word' id='word_1_390' title='bbox 667 5523 798 5580; x_wconf 68' lang='lat' dir='ltr'>sumectr‘a</span> <span class='ocrx_word' id='word_1_391' title='bbox 818 5527 849 5580; x_wconf 86' lang='lat' dir='ltr'>in</span> <span class='ocrx_word' id='word_1_392' title='bbox 870 5526 968 5582; x_wconf 81' lang='lat' dir='ltr'>Sicilia</span> <span class='ocrx_word' id='word_1_393' title='bbox 991 5527 1155 5584; x_wconf 83' lang='lat' dir='ltr'>Sarracenis</span> <span class='ocrx_word' id='word_1_394' title='bbox 1177 5529 1255 5583; x_wconf 86' lang='lat' dir='ltr'>sedes</span> <span class='ocrx_word' id='word_1_395' title='bbox 1279 5533 1316 5584; x_wconf 87' lang='lat' dir='ltr'>ad</span> <span class='ocrx_word' id='word_1_396' title='bbox 1337 5530 1520 5586; x_wconf 75' lang='lat' dir='ltr'>habitandum</span> <span class='ocrx_word' id='word_1_397' title='bbox 1542 5535 1741 5604; x_wconf 72' lang='lat' dir='ltr'>assignaverat.</span> <span class='ocrx_word' id='word_1_398' title='bbox 1795 5537 1843 5590; x_wconf 79' lang='lat' dir='ltr'>En</span> <span class='ocrx_word' id='word_1_399' title='bbox 1865 5539 1934 5592; x_wconf 85' lang='lat' dir='ltr'>euim</span> <span class='ocrx_word' id='word_1_400' title='bbox 1962 5539 1992 5592; x_wconf 90' lang='lat' dir='ltr'>in</span> <span class='ocrx_word' id='word_1_401' title='bbox 2014 5540 2077 5596; x_wconf 82' lang='lat' dir='ltr'>eius</span> 
     </span>
     <span class='ocr_line' id='line_1_44' title="bbox 421 5611 1098 5670; baseline 0.007 -6"><span class='ocrx_word' id='word_1_402' title='bbox 421 5611 484 5664; x_wconf 85' lang='lat' dir='ltr'>oeci</span> <span class='ocrx_word' id='word_1_403' title='bbox 500 5611 681 5664; x_wconf 78' lang='lat' dir='ltr'>monumentis</span> <span class='ocrx_word' id='word_1_404' title='bbox 698 5611 814 5664; x_wconf 84' lang='lat' dir='ltr'>subinde</span> <span class='ocrx_word' id='word_1_405' title='bbox 832 5613 958 5667; x_wconf 88' lang='lat' dir='ltr'>Nuceria</span> <span class='ocrx_word' id='word_1_406' title='bbox 975 5622 1098 5670; x_wconf 84' lang='lat' dir='ltr'>occatur.</span> 
     </span>
    </p>
   </div>
   <div class='ocr_carea' id='block_1_18' title="bbox 2128 4911 2154 4950">
    <p class='ocr_par' dir='ltr' id='par_1_19' title="bbox 2128 4911 2154 4950">
     <span class='ocr_line' id='line_1_45' title="bbox 2128 4911 2154 4950; baseline -0.038 0"><span class='ocrx_word' id='word_1_407' title='bbox 2128 4911 2154 4950; x_wconf 72' lang='lat'>35</span> 
     </span>
    </p>
   </div>
   <div class='ocr_carea' id='block_1_19' title="bbox 2130 5653 2159 5694">
    <p class='ocr_par' dir='ltr' id='par_1_20' title="bbox 2130 5653 2159 5694">
     <span class='ocr_line' id='line_1_46' title="bbox 2130 5653 2159 5694; baseline 0 0"><span class='ocrx_word' id='word_1_408' title='bbox 2130 5653 2159 5694; x_wconf 76' lang='grc'>40</span> 
     </span>
    </p>
   </div>
   <div class='ocr_carea' id='block_1_20' title="bbox 0 0 2336 6420">
    <p class='ocr_par' dir='ltr' id='par_1_21' title="bbox 0 0 2336 6420">
     <span class='ocr_line' id='line_1_47' title="bbox 0 0 2336 6420; baseline 0 0"><span class='ocrx_word' id='word_1_409' title='bbox 0 0 2336 6420; x_wconf 95' lang='lat' dir='ltr'> </span> 
     </span>
    </p>
   </div>
  </div>
 </body>
</html>
