4560 6420
372 377 433 438 782

370 544 409 596 Ex
428 542 531 598 litteris
550 543 606 598 tuis
624 544 666 597 38.

369 629 409 683 Iis
427 629 530 684 litteris
549 629 750 684 venerabilium
767 630 827 683 460.

369 716 409 769 Ex
428 719 508 787 parte
527 758 533 772 .
554 761 559 771 .
579 715 692 771 abbatis
709 717 751 770 51.

585 802 591 814 0

369 803 512 928 115Ίὲ515
536 802 671 858 carissimi
697 800 858 872 [karissimi]
882 801 940 854 706.

369 959 410 1012 Ex
429 963 509 1030 parte
528 958 701 1014 scabinorum
724 958 784 1012 412.

369 1045 410 1098 le
428 1047 509 1115 parte
527 1046 653 1100 155298.
672 1045 730 1099 816.

369 1133 412 1186 Ex
430 1136 510 1203 parte
528 1131 696 1187 venerabilis
714 1132 755 1185 58.
773 1129 833 1184 502.
852 1130 911 1184 568.

369 1219 411 1274 cx
429 1209 621 1290 perseveres
639 1218 680 1272 aa.
700 1218 760 1273 aas.
779 1216 838 1270 soe.
857 1214 915 1268 vvs.

369 1306 411 1360 Ex
429 1309 525 1362 tenore
543 1307 702 1361 litterarum
720 1304 779 1358 559.

369 1393 646 1449 Nxcommnnicamus
668 1393 698 1446 et
720 1389 941 1444 anathematisa-

403 1481 465 1518 nvus
483 1465 542 1518 399.
561 1463 620 1517 591.

369 1550 506 1605 Exeamus
524 1550 561 1604 ad
578 1550 669 1603 Iesum
687 1548 746 1602 646.

370 1635 500 1692 Existens
518 1636 549 1690 in
567 1635 638 1690 mari
656 1636 714 1689 815.

370 1722 492 1792 Experte
510 1721 668 1777 devotionis
686 1720 791 1774 51828.

370 1808 486 1878 Experti
505 1812 553 1864 tue
571 1805 721 1878 probitatis
741 1807 799 1861 117.
890 1826 891 1830 ’

370 1895 534 1965 Exponente
552 1895 657 1950 dilecto
673 1891 732 1948 lilio
750 1891 808 1945 299.

370 1982 534 2037 Exultamus
551 1981 582 2035 in
600 1979 719 2036 Domino
736 1978 796 2032 679.

370 2139 456 2193 Fama
473 2137 610 2194 referente
627 2135 776 2190 didicimus
795 2133 852 2186 126.

370 2223 449 2278 Fidei
467 2225 516 2278 tue
534 2221 679 2278 sinceritas
696 2221 756 2276 369.

370 2309 450 2364 Fidei
467 2313 559 2366 vestre
577 2326 610 2364 ac
628 2309 688 2366 618.

370 2395 450 2451 Fidei
467 2398 558 2451 vestre
577 2394 765 2451 constantiam
784 2393 842 2447 500.
863 2393 922 2446 501.

370 2481 480 2536 Filielis
499 2486 528 2537 et
545 2481 697 2553 singularis
715 2481 773 2534 746.

370 2569 492 2626 Firmum
511 2587 589 2640 spem
607 2568 713 2626 01400.

370 2656 501 2712 Firmiter
519 2657 655 2712 credimus
674 2658 703 2710 51
721 2656 780 2710 159.

370 2743 449 2798 Flere
467 2744 538 2800 libet
555 2744 650 2815 potius
667 2742 727 2798 367.

371 2828 498 2885 Formam
518 2832 595 2901 pacis
613 2830 765 2885 15155670.

372 2915 555 2973 I'raternitati
568 2920 616 2973 tue
627 2915 800 2988 presentium
811 2914 869 2968 169,
882 2911 941 2972 680.

371 3003 556 3060 Fraternitati
577 3007 668 3059 vestre
685 2999 859 3059 155055310.

370 3167 529 3291 angimus
553 3169 583 3222 in
601 3168 719 3222 Domino
741 3168 784 3221 82.
803 3165 862 3219 358.
881 3163 940 3216 753.

371 3321 505 3378 65555155
524 3322 559 3376 de
577 3323 635 3376 zelo
653 3321 713 3376 266.

371 3409 482 3463 Grande
499 3407 677 3473 desiderium,
695 3407 771 3476 quod
788 3406 847 3470 603,
860 3405 881 3460 1.

371 3495 523 3550 Gratanter
540 3495 706 3566 accepimns,
724 3493 800 3562 qnod
819 3494 877 3548 136.

370 3582 484 3638 Gratias
502 3582 612 3654 agimus
630 3582 786 3654 gratiarum
803 3579 863 3634 444.

371 3670 458 3725 Grato
477 3669 644 3724 dilectorum
663 3666 782 3724 filiorum
801 3667 859 3721 705.

370 3756 488 3812 Gratum
505 3755 628 3827 gerimus
647 3757 676 3810 51
694 3755 754 3808 201.
772 3753 833 3817 806,
847 3753 867 3806 Ι.

370 3843 460 3898 Grave
478 3843 601 3915 gerimus
620 3845 649 3898 51
669 3842 726 3897 132.
746 3842 804 3895 191.
828 3839 888 3894 257.

370 3930 489 3985 Gravem
507 3929 604 3984 dilecti
622 3928 750 3983 6111341.
770 3925 830 3980 604.

370 4015 489 4072 Gravem
507 4015 672 4072 dilectorum
690 4015 811 4070 tiliorum
828 4011 888 4068 620.

369 4101 489 4158 Gravem
506 4102 587 4158 nobis
605 4100 774 4158 venerabilis
793 4100 850 4155 188.

370 4189 476 4244 Graves
493 4189 529 4246 ad
547 4207 598 4244 nos
615 4189 673 4244 275.

369 4325 473 4380 7155551
490 4329 553 4381 rata
570 4327 697 4382 nolentes
715 4326 773 4382 759.

368 4410 426 4465 Η50
445 4415 487 4466 551
505 4412 653 4468 conventio
671 4411 721 4465 555
737 4413 797 4466 282.

370 4497 427 4552 Η50
446 4500 489 4553 051
506 4497 595 4552 forma
612 4497 661 4550 555
678 4497 720 4552 21.

368 4582 532 4638 Hereditate
550 4599 670 4654 superna
689 4598 717 4636 sc
735 4583 794 4636 220.

368 4668 431 4722 Η115
449 4685 504 4736 055
524 4668 573 4724 051
592 4670 650 4725 751.

369 4752 431 4807 Hiis
449 4769 503 4821 que
522 4753 576 4808 tibi
594 4754 654 4812 307.

368 4839 648 4909 &mmm

368 4925 514 4996 Hospitale
532 4925 563 4980 in
580 4927 729 4983 Marburoh
747 4928 808 4984 484.

368 5013 491 5068 Humani
508 5013 618 5083 generis
636 5013 725 5070 505115
744 5015 785 5069 79.

367 5151 545 5218 Iamdudum,
565 5152 638 5207 sicut
656 5152 803 5207 recolimus
821 5153 881 5209 534.

367 5238 518 5294 ismaelem
535 5255 583 5294 rex
602 5255 747 5308 supremus
765 5239 824 5294 474.

367 5326 444 5380 Iesus
462 5326 536 5382 61155
555 5325 660 5394 Syrach
678 5326 738 5381 643.

368 5413 418 5467 Ille
437 5413 552 5467 humani
569 5411 680 5483 generis
698 5412 758 5466 433.
775 5413 837 5467 490.

367 5500 447 5554 111155
465 5501 510 5554 051
529 5517 611 5555 omne
628 5499 688 5553 267.

368 5587 482 5642 illorum
501 5587 639 5657 superbia,
658 5587 785 5655 051376.

368 5673 450 5726 Illum
470 5673 639 5727 sinceritatis
657 5674 791 5727 fervorem
811 5673 869 5724 516.

1085 369 1197 423 INDEX
1217 369 1426 423 INI'I'IORUM.

969 541 1133 596 lmnmnitas
1152 541 1309 596 detestandi
1330 541 1461 596 facinoris
1478 543 1537 596 238.
1566 541 1718 612 Magnifica
1736 547 1827 600 vestre
1845 545 2006 602 devotionis
2023 548 2089 604 420.

968 628 1106 682 Immensa
1124 629 1175 682 Dei
1193 628 1354 698 benignitas
1371 628 1431 682 200.
1567 628 1686 699 Magnus
1703 628 1839 686 Dominus
1856 635 1887 686 51
1905 636 1929 687 1.
1946 634 2032 698 336.κ

968 714 1125 785 Imperialis
1144 713 1319 769 celsitudinis
1337 713 1447 768 litteras
1463 714 1523 769 429.
1566 713 1772 770 Maledictionis
1790 717 1840 772 lilii
1859 720 1983 789 popalus
2002 720 2063 777 744.

968 801 1125 872 Imperialis
1142 800 1351 872 magnificentie
1367 801 1461 856 littere
1477 801 1539 856 425.
1566 801 1761 868 Mansuetudo‚
1779 803 1871 873 pietes
1889 809 1920 860 51
1935 807 1999 862 442.

969 889 1001 943 In
1019 887 1084 944 51115
1101 887 1204 943 11115515
1222 888 1281 941 528.
1567 887 1705 942 Mediator
1722 887 1774 944 Dei
1792 892 1899 948 51674.

968 978 1000 1031 15
1018 977 1072 1031 500
1088 973 1233 1045 potissime
1252 972 1310 1051 710.
1566 973 1716 1029 Mediatori
1734 975 1785 1030 Dei
1803 979 1834 1031 51
1850 979 1911 1043 636,
1925 980 1956 1034 V.

968 1064 1001 1117 In
1019 1063 1073 1117 hiis
1092 1061 1225 1130 055453.
1566 1061 1730 1117 Mediatorie
1747 1062 1798 1117 Dei
1816 1065 1922 1120 51628

969 1150 1000 1203 In
1018 1149 1102 1203 meris
1121 1146 1308 1218 amplitudine
1324 1144 1384 1199 368.
1567 1148 1817 1204 Mediolanensinm
1830 1153 1859 1204 et
1873 1152 2107 1212 Placentinorum
2119 1159 2145 1213 3.

969 1237 1001 1290 15
1019 1235 1112 1290 medio
1131 1233 1350 1289 Viterbiensium
1369 1231 1427 1284 717.
1566 1235 1745 1290 Meminimus
1762 1237 1842 1292 vobis
1859 1255 1910 1308 per
1927 1241 1987 1296 587.

969 1325 1001 1378 15
1020 1322 1162 1393 presentia
1180 1320 1276 1376 dilecti
1296 1321 1338 1374 20.
1567 1321 1714 1378 Memorari
1731 1325 1761 1377 te
1778 1324 1916 1381 credimus
1933 1327 1996 1384 373.

969 1411 1001 1464 Ι5
1019 1427 1106 1480 regno
1126 1407 1242 1463 ecclesie
1261 1406 1319 1460 700.
1567 1409 1675 1464 Menses
1693 1427 1795 1465 vacuos
1812 1413 1843 1466 et
1858 1413 1919 1478 481),
1932 1414 1954 1467 1.
1972 1413 2035 1480 480,
2049 1415 2100 1469 III.

968 1495 1119 1552 Inclinavit
1137 1494 1211 1548 celos
1228 1493 1259 1546 in
1278 1492 1335 1544 713.
1518 1485 1522 1490 ’
1567 1495 1674 1551 5755055
1692 1497 1790 1567 plenas
1806 1497 1862 1552 tibi
1880 1500 1939 1554 lae.

968 1584 1080 1638 Indnlte
1097 1581 1178 1636 nobis
1196 1597 1213 1634 a
1231 1578 1290 1633 637.
1567 1581 1701 1637 Miramur
1718 1600 1769 1638 nec
1787 1584 1855 1639 satis
1872 1585 1933 1641 342.
1951 1587 2012 1643 345.

968 1669 1121 1725 ineffabilis
1139 1665 1315 1738 providentie
1333 1662 1428 1718 divine
1445 1661 1506 1715 237.
1566 1667 1695 1724 Mimnds
1713 1670 1771 1724 ruis
1788 1671 1914 1727 semibus
1931 1673 1993 1728 293,

968 1755 1128 1812 infallibilis
1141 1752 1314 1824 experienide
1322 1748 1469 1821 0185751160
1479 1748 1539 1802 683.
1566 1754 1666 1810 Misere
1684 1755 1854 1812 conditionis
1871 1759 2001 1815 existunt
2020 1761 2062 1817 72,

968 1842 1096 1898 Innotuit
1114 1841 1194 1896 nobis
1213 1837 1366 1894 venerabili
1384 1837 1443 1892 289.
1565 1841 1691 1896 Miserias
1709 1845 1739 1897 et
1757 1860 1905 1916 erumpnas
1922 1847 1983 1902 574.

971 1930 1116 1984 Intellecta
1134 1927 1239 1982 dudum
1257 1923 1406 1980 atrocitate
1425 1923 1483 1976 718.
1567 1927 1736 1984 Monasterio
1757 1933 2031 2002 vestro,qno‹1819.

968 2015 1123 2071 1515050115
1141 2030 1196 2084 qne
1213 2017 1245 2068 tu
1264 2013 1324 2067 481.
1567 2013 1657 2068 Multe
1670 2017 1866 2086 compassionis
1878 2019 1996 2076 affectus
2008 2022 2070 2077 544.
2083 2024 2144 2080 545.

967 2102 1115 2227 Ιιιῗέἐωω
1133 2100 1209 2171 quod
1227 2097 1384 2154 carissimus
1402 2096 1461 2151 456.
1480 2094 1539 2150 457·
1567 2099 1665 2156 Multis
1684 2101 1779 2159 divine
1796 2105 1933 2176 scripture
1952 2107 1995 2162 78.

968 2257 1161 2314 Intelleximus
1173 2256 1334 2327 diligenter,
1347 2252 1470 2323 qualiter
1481 2252 1540 2306 379.
1566 2222 1606 2277 ⁸⁰
1623 2221 1654 2276 in
1671 2239 1785 2293 W
1804 2225 1861 2323 79⁸·

968 2344 1170 2409 narremus,
1188 2343 1264 2413 quoe
1282 2341 1446 2396 sensimus
1463 2339 1522 2394 242.
1567 2308 1610 2362 ΝΘ
1628 2325 1764 2378 9999555
1782 2329 1864 2383 555
1881 2314 1941 2368 ⁵99-

968 2431 1168 2496 Intelleximus,
1187 2429 1263 2500 quod
1281 2446 1315 2482 ex
1333 2427 1392 2482 447.
1567 2395 1610 2449 Ne
1627 2411 1719 2452 ‘emm
1737 2401 1880 2468 gemm
1899 2400 1959 2454 165·

969 2517 1169 2582 recesserimus,
1188 2515 1263 2586 quoe
1282 2511 1526 2570 1555555505.
1566 2481 1610 2536 Ne
1628 2484 1704 2538 ress
1721 2487 1800 2540 vase
1817 2487 1876 2540 199.
1894 2487 1956 2540 671.

969 2605 1161 2660 Intelleximus
1179 2603 1326 2673 siquidem,
1345 2601 1420 2670 quod
1438 2601 1499 2656 443.
1566 2567 1693 2692 N‘Jfflnde
1711 2571 1930 2643 Pfffluml)tionis
1948 2572 2147 2631 3761159518.

969 2693 1083 2747 nene
1101 2689 1290 2747 misericordis
1308 2688 1409 2743 studiis
1427 2687 1486 2742 ero.
1566 2679 1664 2779 Nescit
1681 2725 1756 2782 cim
1773 2727 1844 2782 fflio„
1862 2727 1960 2794 6901,

968 2780 1046 2834 Inter
1063 2779 1120 2833 alia
1137 2777 1248 2848 flagitia
1265 2775 1325 2830 397.
1566 2810 1663 2867 Nobili
1680 2811 1740 2868 viro
1759 2853 1765 2866 ‚
1785 2855 1791 2868 ·
1810 2813 1880 2868 Μ
1897 2814 1958 2870 600,

968 2867 1045 2920 15155
1063 2866 1133 2920 alias
1152 2861 1355 2918 sollicitudines
1372 2861 1430 2916 276.
1567 2897 1677 2952 Nobilis
1695 2898 1739 2953 νὴ.
1757 2915 1846 2955 eomes
1864 2901 1925 2955 731·

968 2953 1045 3007 Inter
1062 2956 1163 3016 cetera,
1181 2967 1236 3021 que
1254 2949 1313 3004 328.
1568 2981 1678 3038 Nobilis
1695 2984 1739 3039 vir
1757 3026 1764 3039 .
1808 2986 1865 3040 dux
1884 2986 1937 3041 743

968 3041 1045 3094 Inter
1063 3056 1142 3094 curus
1159 3036 1330 3107 multiplices
1348 3035 1407 3089 644.
1783 3027 1790 3041 “
1938 3029 1945 3042 “

969 3127 1045 3180 Inter
1063 3124 1260 3194 occupationes
1277 3122 1438 3176 innumeras
1456 3121 1515 3174 595.

968 3213 1046 3266 Intra
1064 3212 1094 3266 in
1112 3210 1273 3267 cubiculum
1291 3210 1333 3263 32.
1424 3243 1426 3250 ι

968 3299 1076 3354 Invicte
1094 3297 1158 3352 fidei
1176 3298 1284 3353 51770.

968 3386 1045 3439 Iusta
1062 3384 1166 3439 doloris
1184 3385 1214 3438 et
1231 3384 1272 3436 95.

968 3469 1052 3525 155115
1100 3469 1238 3525 etentinm
1265 3467 1409 3524 desideriis
1434 3468 1475 3524 14.
1497 3468 1539 3523 29.

1002 3540 1061 3595 263.
1079 3489 1139 3594 des.
1158 3539 1217 3594 274.
1240 3539 1300 3592 325.
1324 3537 1383 3592 567.
1403 3537 1460 3592 737.
1481 3538 1539 3593 790.

968 3627 1061 3681 Iustus
1078 3625 1214 3682 Dominus
1231 3623 1262 3678 in
1280 3625 1340 3679 225.

968 3714 1051 3768 quta
1068 3715 1184 3768 formam
1203 3709 1415 3780 compositionis
1432 3709 1493 3766 673.

1567 3069 1754 3126 Nobilitatem
1772 3075 1850 3127 tuam
1868 3072 1967 3144 dignis
1985 3075 2050 3134 823.

1566 3156 1720 3212 Nobilitati
1738 3160 1786 3214 tue
1804 3159 1933 3214 volumus
1951 3161 2017 3219 835.
2036 3163 2101 3219 838.

1568 3241 1736 3300 Nobilitatis
1753 3247 1802 3299 155
1820 3243 1924 3301 litteris
1942 3247 2006 3302 639.

1566 3330 1631 3384 Non
1649 3331 1795 3396 eredimus,
1813 3331 1889 3401 quod
1907 3333 1970 3390 154.

1567 3417 1631 3472 5705
1648 3417 1808 3482 diffitemur,
1825 3418 1897 3487 quin
1915 3419 1979 3474 564.

1568 3504 1631 3558 Non
1649 3503 1818 3570 dubitamus,
1838 3505 1908 3573 quin
1923 3505 1990 3561 421.

1567 3590 1631 3644 Non
1651 3590 1771 3657 dubitat,
1789 3591 1940 3646 51051338.

1568 3677 1632 3732 Non
1650 3681 1693 3733 est
1710 3676 1879 3749 abigendum
1896 3677 1960 3733 440.

1567 3764 1631 3818 1705
1649 3763 1764 3834 ignorat
1780 3763 1934 3834 imperialis
1953 3765 2021 3821 441.

1567 3850 1632 3904 Non
1650 3850 1755 3906 iniuste
1772 3850 1906 3906 51551555
1923 3851 1988 3908 749.

1567 3937 1632 3991 1700
1650 3937 1746 3992 1015551
1762 3937 1833 3992 velit
1850 3937 1909 3992 127.

1567 4023 1631 4078 Non
1649 4025 1761 4094 oportet
1778 4042 1828 4079 nos
1846 4024 1905 4078 141.

1567 4110 1631 4164 Non
1649 4109 1710 4166 eine
1727 4127 1811 4166 causa
1827 4111 1868 4166 83.

1491 4199 1494 4206 ’
1567 4197 1625 4251 Nos
1643 4197 1768 4268 Angelus
1786 4195 1968 4252 Melabranca
1988 4199 2128 4268 636117.

1567 4283 1624 4337 Nos
1642 4283 1760 4339 lacobus
1778 4281 1921 4353 Teupulus
1939 4285 1995 4338 5555
2011 4287 2081 4344 833.

1566 4369 1623 4425 Nos
1641 4369 1779 4426 Iohannes
1796 4369 1979 4425 miseratione
1998 4373 2064 4430 723.

1565 4458 1623 4512 1705
1642 4457 1738 4513 Lando
1756 4457 1806 4512 Dei
1824 4457 1882 4511 448.

1566 4546 1624 4600 Nos
1642 4546 1762 4614 Itomsus
1781 4543 1913 4610 Quirinus
1930 4543 1995 4598 833.

1566 4631 1686 4686 Notitico
1704 4629 1849 4686 sanctitati
1867 4632 1916 4684 tue
1933 4629 1997 4695 634,
2012 4633 2034 4688 Ι.

1566 4719 1672 4774 Notum
1691 4735 1749 4772 esse
1766 4717 1894 4772 volumus
1910 4716 1962 4771 555
1978 4716 2048 4774 326.

1565 4806 1672 4860 Notum
1690 4806 1728 4860 sit
1745 4805 1873 4860 omnibns
1889 4805 1950 4872 603,
1963 4805 2001 4860 II.

1565 4891 1683 4946 Noverit
1700 4889 1831 4947 diecretIo
1851 4895 1902 4947 tua
1919 4893 1980 4947 353.
2001 4893 2068 4949 354.

1565 4977 1684 5032 Noverit
1700 4977 1862 5034 fraternitas
1880 4981 1931 5033 tus
1949 4979 2012 5035 160.

1565 5063 1683 5119 Noverit
1701 5065 1836 5120 sanctitas
1854 5068 1948 5120 vestra
1967 5066 2013 5121 75.

1566 5151 1683 5207 Noverit
1700 5155 1751 5206 tua
1768 5152 1903 5208 sererritrs
1919 5153 1981 5206 351.

967 3859 1127 3916 Lacrimosa
1144 3859 1303 3913 sanctorum
1322 3857 1412 3913 oratio
1429 3857 1489 3912 488.

969 3945 1170 4009 1558551515,
1189 3943 1262 3999 51051
1279 3943 1437 4015 accepimus
1455 3943 1514 3999 738.

968 4032 1002 4086 Li
1019 4031 1131 4087 soldans
1148 4030 1235 4086 baille
1253 4031 1312 4086 380.

968 4119 1048 4174 Licet
1064 4137 1081 4172 a
1099 4117 1179 4173 vobis
1196 4117 1238 4172 27.

968 4204 1048 4259 Licet
1065 4204 1101 4258 ad
1120 4203 1266 4259 scissuram
1284 4205 1343 4269 636,
1356 4205 1402 4259 XI.

968 4292 1047 4346 Licet
1064 4290 1219 4362 apostolice
1236 4289 1309 4344 sedis
1328 4291 1385 4345 779.

968 4379 1049 4434 Licet
1066 4377 1229 4432 karissimus
1247 4377 1276 4430 in
1295 4377 1353 4431 662.

968 4465 1047 4521 Licet
1065 4466 1163 4520 contra
1180 4463 1368 4518 venerabilem
1385 4462 1444 4516 472.

968 4551 1047 4606 Licet
1065 4550 1190 4621 gravitm
1207 4548 1368 4606 conturbati
1387 4549 1445 4604 185.

968 4637 1047 4691 Licet
1064 4636 1093 4690 in
1113 4636 1230 4692 civitate
1247 4637 1306 4690 239.

967 4723 1047 4778 Licet
1064 4723 1140 4777 omni
1158 4726 1283 4792 tempore
1302 4721 1360 4778 110.

968 4810 1046 4865 Licet
1063 4825 1227 4880 guerrarum
1245 4808 1379 4877 strepitus
1398 4809 1457 4864 438.

967 4897 1088 4951 Litteras
1106 4895 1231 4950 fidelium
1249 4894 1428 4949 existentium
1449 4894 1489 4950 77.

967 4982 1089 5037 Litteras
1108 4981 1275 5057 serenitatis·
1286 4985 1334 5038 tue
1352 4983 1394 5036 37.

967 5069 1088 5124 Litteras
1107 5072 1170 5124 tuas
1189 5067 1337 5123 affcctione
1357 5066 1414 5122 177.

967 5154 1088 5210 Litteras
1108 5158 1199 5209 vestre
1218 5153 1378 5209 sanctitatis
1396 5155 1438 5210 85.

967 5241 1073 5296 Littere
1091 5243 1182 5295 vestre
1200 5239 1357 5295 50515539.

968 5327 1083 5382 51115515
1102 5325 1267 5380 excellentie
1284 5325 1361 5396 regie
1381 5329 1439 5384 106.

968 5413 1082 5468 Litteris
1100 5409 1260 5466 nobilitatis
1277 5413 1327 5465 tue
1344 5413 1403 5468 254.

967 5498 1081 5553 Litteris
1099 5498 1176 5570 regie
1194 5498 1369 5554 celsitudinis
1386 5501 1427 5555 26.

967 5585 1082 5641 Litteris
1102 5583 1159 5640 tuis
1177 5583 1300 5654 benigne
1319 5584 1378 5640 764.

969 5673 1049 5727 Lucis
1068 5675 1163 5726 eterne
1183 5671 1288 5726 lumine
1305 5675 1366 5727 489.

1566 5238 1684 5294 Noverit
1701 5237 1868 5294 universitas
1885 5241 1979 5293 vestra
1998 5239 2063 5304 542,
2080 5241 2135 5297 ΙΠ.

1565 5325 1683 5380 Noverit
1701 5329 1795 5381 vestra
1812 5323 1975 5396 benignitas
1996 5325 2062 5381 576.

1566 5411 1684 5468 Noverit
1701 5415 1794 5467 vestra
1811 5411 1974 5467 fraternitas
1991 5413 2056 5468 352.

1565 5499 1716 5565 Noveritis‚
1734 5499 1810 5568 quod
1827 5515 1878 5554 noe
1895 5497 1945 5553 sue
1962 5499 2025 5554 672.

1565 5585 1652 5639 Novis
1671 5589 1755 5656 egent
1774 5585 1903 5641 remediis
1920 5585 1981 5640 279.

1566 5673 1653 5726 Novit
1671 5673 1728 5736 ille,
1746 5673 1794 5740 qui
1814 5673 1873 5727 760.
