4576 6390
755 391 954 448 EPISTOLAE
972 393 1162 448 subucula.
1198 393 1275 447 1234.
1783 395 1847 459 487

189 564 333 628 tualibus
357 564 507 628 floridum
531 573 564 630 et
594 567 626 630 in
649 567 885 652 temporalibus
909 568 1092 652 copiosum,
1122 567 1319 632 venerabilis
1350 567 1451 630 frater
1479 573 1593 630 noster
1615 616 1623 633 .
1649 615 1656 629 .
1681 567 1842 652 archiepi-

189 689 308 753 scopus
333 667 554 752 Maguntinus,
578 671 640 734 loci
664 670 870 748 diocesanos,
895 678 1052 755 suggesto
1076 671 1173 736 nobis
1196 671 1282 756 quod
1307 693 1366 756 per
1387 670 1547 732 malitiam
1569 669 1787 733 habitantium
1810 671 1843 733 in

191 771 308 836 codem
330 771 371 834 ad
384 779 519 854 tantam
542 774 607 836 iam
624 774 766 859 inopiam
785 773 983 853 devenisset,
1008 775 1094 859 quod
1117 783 1150 838 et
1171 776 1228 838 vix
1251 774 1373 839 ibidem
1391 774 1586 837 sustentatio
1602 795 1661 860 pro
1682 773 1844 858 aliquibus

190 875 374 939 habebatur
397 884 431 940 et
454 898 518 941 non
542 877 605 940 nisi
628 899 687 962 per
702 878 880 941 monachos
900 877 1129 941 Cisterciensis
1147 878 1268 942 ordinis
1289 885 1419 963 poterat
1435 877 1615 956 reformari,
1638 898 1697 962 per
1720 877 1845 940 litteras

190 986 320 1043 nostras
352 979 415 1043 sibi
439 979 628 1044 demandari
653 982 810 1062 obtinuit,
844 987 880 1045 ut
910 982 1025 1045 eiectis
1056 982 1224 1046 monachis
1257 981 1477 1046 existentibus
1501 982 1534 1044 in
1558 980 1692 1058 eodem,
1725 979 1847 1044 ibidem

189 1083 360 1147 induceret
394 1085 571 1149 monachos
605 1085 728 1150 ordinis
763 1084 957 1170 supradicti;
996 1085 1251 1149 contradictores
1287 1107 1346 1172 per
1383 1105 1554 1149 censuram
1589 1084 1847 1148 ecclesiasticam

190 1188 411 1272 appellatione
441 1190 626 1274 postposita
657 1188 906 1274 compescendo.
958 1188 1034 1273 Ipse
1066 1189 1197 1273 quidem
1225 1189 1420 1252 auctoritate
1450 1187 1636 1251 huiusmodi
1665 1188 1846 1251 litterarum

189 1290 315 1353 licitum
339 1291 402 1354 sibi
426 1293 644 1368 constituens,
675 1291 761 1377 quod
792 1290 878 1355 dicto
908 1293 1106 1355 monasterio
1137 1292 1332 1378 perditionis
1361 1292 1471 1376 potius
1501 1290 1679 1355 discrimen
1703 1291 1847 1355 adiceret

191 1414 286 1477 quam
309 1393 550 1457 reformationis
572 1394 714 1457 studium
740 1393 923 1473 adhiberet,
947 1395 1098 1478 idemque
1122 1395 1364 1478 sollicitusque
1389 1402 1464 1458 aunt
1488 1415 1547 1458 sua
1566 1415 1704 1479 querere
1728 1400 1761 1458 et
1784 1416 1846 1479 que
1866 1421 2016 1472 aaaron.

191 1496 325 1560 Domini
355 1496 536 1581 preterire,
566 1498 669 1583 ipsius
700 1497 890 1561 monasterii
921 1497 1039 1560 abbate
1068 1519 1105 1561 ac
1138 1497 1306 1561 monachis
1338 1497 1413 1561 inde
1436 1497 1598 1561 violenter
1626 1498 1756 1574 eiectis,
1787 1497 1845 1561 de·

189 1601 313 1684 putatis
351 1621 480 1685 quoque
519 1599 632 1663 usibus
669 1601 736 1664 suis
772 1600 912 1684 quodam
947 1607 1054 1663 castro
1094 1606 1128 1664 et
1168 1599 1361 1684 quibusdam
1398 1600 1547 1664 ciusdem
1580 1599 1846 1686 possessionibus

191 1703 363 1788 spatiosis,
397 1723 463 1766 non
495 1703 559 1766 nisi
590 1709 727 1787 quatuor
756 1703 932 1767 monachos
956 1703 1035 1767 dicti
1065 1703 1187 1768 ordinis
1219 1705 1360 1767 instituit
1388 1704 1421 1766 in
1452 1703 1577 1767 eodem.
1622 1702 1739 1767 Dictus
1768 1724 1846 1767 vero

190 1807 310 1871 nobilis
335 1827 408 1870 cum
431 1806 627 1871 desolationi
651 1808 841 1871 monasterii
865 1807 1019 1893 sepefati,
1043 1815 1140 1892 prout
1163 1829 1222 1870 sua
1244 1808 1419 1886 intererat,
1445 1806 1690 1882 contradicens,
1712 1813 1847 1892 propter

191 1910 253 1974 hoo
277 1910 317 1973 ad
340 1916 485 1972 nostram
509 1909 712 1973 audientiam
736 1911 945 1996 appellasset,
969 1910 1114 1996 prefatus
1139 1909 1406 1995 archiepiscopus
1431 1911 1502 1974 eius
1526 1910 1746 1996 appellatione
1770 1930 1846 1972 eon·

192 2020 317 2098 tempta
340 2014 373 2076 in
396 2013 502 2098 ipsum
524 2013 871 2077 excommunicationis
895 2021 928 2077 et
951 2014 983 2077 in
1005 2020 1125 2077 terram
1147 2013 1294 2077 eiusdem
1317 2012 1481 2077 interdicti
1498 2013 1678 2077 sententias
1702 2012 1846 2097 promul-

190 2116 288 2201 gavit.
334 2115 443 2189 Quare
474 2117 570 2200 pctiit
599 2117 719 2181 sibiet
750 2117 858 2182 eidem
885 2119 1085 2181 monasterio
1110 2139 1209 2202 super
1236 2117 1298 2181 hoo
1323 2117 1500 2203 apostolice
1532 2115 1619 2180 sedis
1642 2115 1848 2202 providentia

191 2218 369 2282 subveniri.
414 2217 563 2304 Ideoque
588 2219 736 2284 districte
760 2221 854 2284 vobis
878 2243 938 2306 per
959 2222 1140 2306 apostolica
1163 2222 1286 2306 scripta
1309 2219 1517 2300 mandamus,
1546 2219 1716 2303 quatinus,
1745 2219 1772 2281 si
1797 2225 1847 2282 est

190 2325 245 2402 ita,
270 2322 366 2386 dictis
391 2323 738 2386 excommunicationis
766 2331 800 2387 et
833 2323 997 2388 interdicti
1030 2325 1203 2388 sententiis
1231 2325 1323 2387 iuxta
1353 2322 1490 2386 formam
1514 2323 1653 2386 ecclesie
1678 2321 1845 2401 relaxatis,

100 2495 101 2500 γ
190 2426 231 2490 ad
254 2427 360 2489 locum
384 2427 602 2511 personaliter
623 2425 837 2506 aecedentes,
869 2428 1025 2512 inquisita
1049 2427 1089 2491 de
1118 2428 1287 2513 premissis
1311 2426 1501 2510 diligentius
1524 2427 1678 2505 veritate,
1709 2445 1771 2509 que
1795 2425 1845 2487 in-

117 2547 142 2584 20
194 2531 351 2594 veneritis
376 2552 435 2615 per
456 2537 583 2594 vostras
614 2531 708 2596 nobis
736 2532 863 2595 litteras
895 2531 1038 2595 fideliter
1068 2531 1244 2606 intimetis;
1274 2552 1340 2594 non
1369 2530 1574 2595 obstantibus
1605 2529 1723 2594 litteris
1747 2549 1847 2612 super

193 2633 254 2698 hoe
285 2632 327 2698 ad
356 2633 637 2698 Ildesemenscm⁸
659 2639 692 2697 et
722 2655 797 2697 suos
828 2634 1017 2698 eoniudioes
1046 2633 1239 2720 impetratis.
1292 2632 1411 2697 Testes
1439 2643 1549 2697 autem
1580 2638 1642 2696 etc.
1693 2629 1788 2703 Quod
1819 2631 1846 2693 si

193 2758 257 2800 non
281 2758 393 2801 omnes
418 2775 470 2817 —,
493 2737 556 2801 duo
580 2745 725 2802 vestrum
750 2745 812 2801 eto.

299 2855 376 2920 Dat.
400 2858 539 2939 Perusii,
563 2857 645 2923 XVI
666 2855 742 2920 Kal.
766 2856 973 2934 Novembris,
996 2857 1206 2944 pontificatus
1230 2857 1333 2920 nostri
1357 2878 1442 2921 anno
1466 2831 1592 2921 octavo.

814 3155 1225 3162 mu*—

980 3446 1067 3518 601.

301 3577 491 3689 &reportas
506 3605 561 3671 IX
577 3625 667 3685 popa
689 3605 917 3686 marmoratos
938 3608 1046 3668 ceretro
1068 3604 1236 3668 haereticos
1257 3603 1443 3670 Solonenica
1465 3604 1501 3667 in
1521 3603 1667 3682 portibus
1688 3601 1847 3684 Ueneriae

115 3735 141 3774 as
194 3712 375 3776 constitutos
396 3731 465 3775 crem
487 3709 629 3773 erunibus
647 3709 735 3772 haris
756 3708 813 3772 suh
830 3708 1021 3788 protectione
1043 3727 1102 3771 stro
1125 3708 1263 3788 scscqrr't.
1524 3795 1540 3836 9

298 3881 381 3950 ⁶⁷⁶⁹·
400 3881 449 3933 IX
467 3880 537 3950 Rep.
558 3879 616 3934 V⁰l
635 3879 690 3947 IV,
708 3879 855 3946 213;L1't.
880 3879 964 3942 VIII,
982 3884 1044 3932 aar.
1498 3796 1593 3869 Μ’
1618 3789 1683 3856 Οθι·
1707 3795 1759 3853 17·

296 3968 433 4035 Poenae,
451 3967 520 4038 ch.
539 3969 622 4021 9733.

762 4143 1097 4236 Crucesignatis
1124 4149 1278 4217 contra

513 4266 744 4340 hereticos
772 4265 1006 4338 Sclavenie
1033 4263 1075 4335 in
1104 4263 1308 4353 partibus
1334 4262 1525 4354 Ungarie

883 4383 1159 4457 constitutia

304 4539 520 4604 Sacrosancta
543 4537 691 4602 Romana
719 4536 860 4602 ecclesia
887 4541 950 4598 etc.
973 4555 1093 4619 usque:
1125 4532 1311 4597 confovere.
1356 4531 1438 4595 Cum
1470 4530 1571 4616 igitur
1599 4533 1670 4597 zelo
1701 4530 1778 4596 fidei
1807 4552 1846 4595 ae

196 4642 380 4708 devotionis
410 4645 542 4710 accensi
573 4645 666 4727 signo
690 4641 820 4705 vivifice
850 4639 955 4703 erucis
986 4643 1153 4723 assumpto
1176 4637 1415 4723 proposueritis
1445 4637 1479 4699 in
1503 4635 1710 4701 Sclaveniam
1733 4643 1846 4700 contra

196 4745 417 4811 hereticorum
438 4747 609 4834 perfidiam
631 4745 810 4832 proficisci,
840 4764 900 4806 nos
924 4741 1044 4806 restris
1073 4740 1168 4804 iustis
1191 4740 1344 4826 precibus
1366 4739 1515 4802 inclinati
1536 4761 1694 4825 personas
1718 4746 1845 4804 vestras

117 4871 142 4910 ss
197 4870 270 4913 eum
294 4851 446 4915 omnibus
469 4851 581 4929 bonis,
613 4871 676 4934 que
700 4847 985 4933 impresentiarum
1016 4843 1254 4907 rationabiliter
1276 4841 1471 4928 possidetis,
1502 4842 1562 4906 sub
1586 4843 1676 4906 beati
1699 4843 1788 4908 Petri
1812 4849 1846 4906 et

194 4960 306 5016 nostra
328 4955 533 5040 protectione
557 4953 771 5037 suscipimuS,
796 4956 978 5013 statuentes
1001 4955 1038 5010 ut
1059 4953 1231 5032 postquam
1256 4945 1460 5030 arripueritis
1484 4945 1547 5007 iter
1569 4945 1844 5029 peregrinationis

194 5056 391 5136 huiusmodi,
415 5079 455 5122 ea
477 5057 596 5136 omnia,
620 5055 724 5118 donec
741 5053 782 5118 de
799 5060 909 5118 vestro
929 5050 1058 5116 redditu
1075 5050 1128 5113 vel
1151 5049 1242 5112 obitu
1264 5047 1446 5112 certissime
1468 5056 1694 5130 cognoscatur,
1716 5049 1846 5133 integra

194 5167 349 5224 maneant
377 5167 410 5224 et
440 5161 559 5245 quieta.
613 5159 703 5223 Nulli
732 5179 809 5243 ergo
840 5163 903 5221 eto.
932 5162 1044 5219 nostre
1075 5153 1290 5240 protectionis
1321 5159 1355 5216 et
1383 5150 1625 5216 constitutionis
1655 5149 1845 5235 infringere.

196 5261 231 5328 Si
254 5264 325 5352 quis
348 5271 458 5329 autem
480 5271 544 5329 etc.

116 5405 143 5446 so
303 5385 381 5450 Dat.
404 5386 545 5466 Perusii,
568 5385 650 5450 XVI
672 5385 747 5450 Kal.
770 5386 906 5449 Novem.
931 5382 1142 5470 pontificatus
1166 5378 1268 5442 nostri
1290 5397 1376 5441 anno
1399 5382 1525 5439 octavo.

297 5563 329 5572 7—
341 5562 779 5569 ——m———m
786 5558 997 5566 -—...--.--.-.-—
1173 5553 1256 5560 -·—·····
1461 5551 1736 5559 *W

301 5684 322 5756 ⁸)
342 5699 377 5736 aa
396 5684 544 5760 episcopum
561 5682 728 5740 adalardum?
