4596 6406
800 375 1000 435 EPISTOLAE
1017 379 1207 437 suriscula.
1244 383 1319 438 1240.
1555 391 1556 396 ’
1824 393 1887 456 683

338 548 376 615 In
400 549 541 616 eundem
563 550 695 616 modum
721 601 755 616 ..
780 554 935 640 episcopo
960 554 1162 620 Salmantino
1186 577 1303 642 usque:
1329 559 1460 624 existas.

337 657 376 720 In
402 656 542 720 eundern
565 655 696 720 modum
721 707 727 720 .
752 707 759 721 .
787 659 944 744 episeopo
968 660 1141 738 Auriensi,
1171 710 1206 726 ..
1235 663 1391 750 episeopo
1415 663 1637 744 Asterioensi,
1670 714 1707 732 ..
1732 667 1887 753 episeopo

231 759 440 845 Segobienai,
476 809 512 824 ..
542 761 697 846 episcopo
725 761 915 844 Palentino,
951 765 1172 850 ..episeopo
1205 765 1385 850 Burgensi,
1421 817 1460 834 ..
1489 769 1644 854 episcopo
1675 768 1886 854 Legionensi,

232 913 264 930 ..
288 864 444 950 episeopo
468 863 636 928 Ovetensi.

164 990 175 1026 s
335 968 376 1031 In
399 967 538 1032 eundem
562 968 693 1032 modum
719 1017 751 1030 ..
775 970 845 1053 regi
869 968 1025 1048 Castelle,
1050 968 1228 1034 secundum
1251 972 1335 1056 quod
1361 973 1517 1060 scripturn
1542 981 1593 1040 est
1617 975 1686 1060 regi
1711 975 1860 1042 Francis.

333 1070 373 1135 In
397 1072 539 1136 eundem
561 1072 693 1136 modum
718 1123 749 1138 ..
773 1073 845 1157 regi
869 1073 1070 1158 Portugalie,
1095 1123 1127 1140 ..
1153 1075 1224 1158 rogi
1250 1074 1449 1160 aragonum.

1028 1312 1087 1376 VI.

356 1411 361 1418 '
388 1437 436 1510 IN
463 1436 763 1526 LOMBARDIA,
791 1437 1016 1510 MARCHIA
1044 1439 1301 1512 TERVlSlNll
1330 1441 1390 1513 ET
1419 1441 1721 1520 ROMANIOLA.

654 1683 663 1699 .
693 1683 702 1700 .
730 1627 1075 1720 archiepiscopo
1102 1629 1450 1705 Mediolanensi.

332 1775 457 1842 Etema
479 1775 685 1863 providentia
709 1775 885 1840 conditoris
909 1783 970 1840 eto.
993 1782 1030 1840 ut
1053 1777 1085 1840 in
1108 1777 1222 1864 primo.

147 1903 172 1939 ro
332 1882 370 1945 In
394 1881 535 1946 eundern
559 1880 690 1944 morium
715 1929 749 1945 ..
773 1880 1019 1967 archiepiscopo
1041 1880 1209 1962 lanuensi,
1233 1882 1529 1970 ..archiepiscopo
1545 1885 1674 1966 Pisano,
1698 1885 1721 1970 (.
1742 1888 1873 1952 .archi-

222 1985 378 2071 episcopo
400 1985 628 2070 Ravennati)⁵,
653 2033 686 2050 ..
710 1985 816 2048 electo
840 1983 1011 2050 Gradensi.

330 2090 369 2152 In
392 2090 533 2153 eundem
556 2088 688 2153 modum
712 2137 744 2153 ..
769 2089 924 2174 episeopo
948 2089 1127 2154 Mutinensi
1150 2111 1269 2174 usque:
1294 2089 1429 2155 existas.

329 2194 369 2256 In
392 2194 531 2257 eundern
555 2192 685 2256 modum
710 2243 747 2257 ..
776 2193 932 2277 episeopo
962 2192 1169 2272 Florentino,
1204 2242 1243 2258 ..
1274 2195 1428 2279 episcopo
1458 2193 1610 2276 Lucano,
1646 2245 1685 2263 ..
1716 2196 1875 2282 episcopo

219 2297 430 2378 Pistoriensi,
470 2345 478 2360 .
507 2347 514 2362 .
544 2297 698 2384 episcopo
729 2295 943 2376 Vulterreno,
983 2348 990 2364 .
1016 2347 1022 2362 .
1054 2298 1210 2383 episcopo
1241 2297 1398 2376 Senensi,
1440 2346 1447 2362 .
1474 2349 1483 2364 .
1511 2300 1666 2385 episcopo
1697 2300 1874 2376 Fosulano,

144 2420 166 2457 ¹⁵
220 2403 437 2489 ..episeopo
459 2400 604 2485 Regino,
637 2450 675 2466 ..
707 2401 863 2486 episcopo
886 2401 1094 2482 Placentino,
1130 2453 1168 2469 ..
1202 2402 1357 2488 episeopo
1382 2401 1613 2483 Cremonensi,
1651 2451 1691 2467 ..
1721 2405 1876 2490 episcopo

218 2505 438 2582 vercellensi,
473 2553 511 2571 ..
544 2505 698 2590 episcopo
728 2504 948 2582 Terdonensi,
984 2555 1021 2570 ..
1052 2507 1206 2592 episeopo
1235 2507 1399 2586 Cumano,
1437 2554 1474 2571 ..
1506 2506 1663 2591 episeopo
1686 2507 1873 2588 Vicentino,

217 2659 246 2674 ..
271 2610 426 2696 episcopo
449 2609 629 2688 Parmensi,
653 2660 684 2674 ..
709 2609 868 2696 episcopo
891 2609 1080 2689 Mantuano,
1104 2659 1136 2675 ..
1161 2611 1315 2696 episcopo
1342 2610 1508 2696 Papiensi,
1533 2660 1565 2676 ..
1589 2611 1745 2696 episcopo
1770 2611 1873 2676 Cese-

215 2715 294 2792 nati,
319 2763 326 2777 .
345 2763 351 2776 .
367 2713 521 2800 episeopo
539 2711 745 2790 Novarionsi,
770 2765 777 2779 .
796 2714 972 2800 ,episeopo
986 2713 1195 2794 Ariminensi,
1220 2764 1227 2778 .
1245 2765 1253 2779 .
1271 2714 1424 2799 episcopo
1436 2713 1633 2795 Veronensi,
1658 2763 1665 2777 .
1683 2765 1691 2780 .
1716 2715 1873 2800 episcopo

216 2817 413 2897 Faventino,
437 2864 468 2882 ..
492 2817 648 2903 episeopo
671 2815 904 2894 Forolivionsi,
929 2867 961 2881 ..
987 2817 1093 2880 electo
1117 2816 1336 2892 Ferraricnsi,
1362 2863 1394 2882 ..
1419 2815 1458 2880 O.
1483 2816 1711 2882 archidiacono
1736 2824 1769 2881 et
1794 2838 1869 2902 pro-

138 2933 165 2972 20
218 2921 359 2984 curatori
383 2921 524 2985 ecclesie
547 2920 777 2998 Bononiensis,
803 2968 836 2984 ..
861 2920 1015 3006 episcopo
1040 2919 1238 3000 Castellano,
1263 2970 1295 2986 ..
1321 2919 1475 3006 episeopo
1499 2918 1682 3002 Terrisino,
1707 2971 1739 2987 ..
1764 2921 1871 2984 electo

215 3024 439 3108 Pergamensi,
464 3074 494 3090 ..
519 3025 675 3109 episeopo
698 3022 900 3102 Tridentino,
924 3073 955 3089 ..
981 3024 1135 3111 episcopo
1159 3025 1306 3104 Astansi,
1330 3073 1362 3088 ..
1389 3024 1544 3110 episeopo
1567 3025 1735 3090 Imolonsi.

323 3129 363 3192 Iu
387 3127 526 3193 eundem
550 3127 683 3191 modum
707 3128 849 3214 oapitulo
873 3126 1039 3204 Pariunno,
1065 3127 1244 3192 seeundum
1268 3127 1355 3214 quod
1379 3128 1532 3192 scribitur
1556 3129 1718 3214 capitulis.

321 3232 360 3295 Iu
384 3231 523 3296 eundem
546 3231 679 3295 modurn
702 3231 845 3316 capitulo
868 3231 1076 3310 Vulterrano,
1102 3232 1244 3316 capitulo
1268 3232 1495 3316 Pergamensi.

798 3496 807 3514 .
836 3497 845 3514 .
874 3441 975 3514 duci
1004 3439 1290 3514 Venetorum.

134 3605 159 3643 2⁵
321 3590 404 3656 (lum
428 3613 544 3676 graves
568 3597 641 3672 eto,
665 3589 845 3656 seeundum
868 3589 955 3674 quod
978 3589 1187 3656 scribitur..
1211 3591 1322 3654 comiti
1345 3588 1508 3654 Flandrie.

318 3696 357 3760 In
381 3696 520 3760 eundem
543 3695 674 3759 modum
699 3693 935 3762 ..marchioni
958 3693 1109 3774 Astansi,
1140 3694 1312 3760 ..comiti
1336 3694 1525 3774 Vicentino,
1556 3695 1727 3758 ..comiti
1752 3695 1865 3760 Sancti

211 3799 379 3865 Bonifatii.

316 3904 354 3967 In
379 3903 520 3968 eundern
543 3902 676 3966 modum
699 3951 734 3966 ..
759 3902 939 3967 marchioni
963 3901 1084 3966 Montis
1109 3900 1236 3966 Ferrati
1260 3901 1413 3987 spiritum
1436 3902 1566 3965 consilii
1591 3901 1739 3966 sanioris.

317 4007 357 4071 In
381 4007 520 4071 eundem
544 4005 675 4070 modurn
698 4006 823 4070 Vezelo
851 4005 891 4070 de
915 4006 1087 4086 namium,
1119 4004 1280 4089 Biaquino
1305 4005 1345 4068 de
1371 4005 1524 4086 Camino,
1553 4004 1753 4090 Huguieioni
1776 4003 1865 4084 Pilii,

133 4121 159 4159 ³⁰
210 4110 365 4176 Alberico
389 4109 429 4175 de
452 4111 619 4175 Romanis.

317 4215 356 4278 In
387 4216 527 4280 eundern
559 4215 689 4279 modurn
719 4214 952 4300 ..potestati,
985 4212 1121 4276 consilio
1155 4217 1188 4276 et
1224 4213 1345 4298 populo
1379 4211 1632 4292 Mediolanensi,
1666 4211 1866 4290 Brixisnsib,

209 4321 413 4403 Placentino,
429 4321 619 4401 Mantuano,
633 4319 846 4386 Ferrariensi,
860 4317 1042 4398 Terrisino‚
1055 4315 1269 4396 Bononiensi,
1283 4315 1474 4394 Faventino,
1490 4316 1684 4396 Ravennati,
1698 4315 1865 4381 Ianuensi.

830 4561 1240 4572 ——na—-u———u—-u—-d——n

313 4921 505 5033 Grcporins
526 4949 582 5014 IX
602 4955 693 5030 popa
715 4952 895 5030 potestates,
926 4952 1069 5024 rectoria,
1098 4945 1239 5009 correntes
1267 4947 1296 5005 ot
1323 4945 1559 5007 comrmmilatos
1588 4945 1744 5007 societatis
1766 4941 1859 5006 Iour-

204 5053 333 5118 normae
355 5059 384 5118 ot
405 5053 611 5120 Rornonioloc
632 5059 746 5130 nwaot,
773 5073 812 5116 ne
833 5055 1032 5129 annotentur,
1063 5051 1146 5131 qnod
1171 5049 1321 5131 quosdam
1339 5049 1500 5128 praelatos
1521 5047 1664 5110 ecciesiae
1685 5051 1714 5108 ot
1736 5049 1855 5111 saccali

127 5178 152 5217 aa
200 5159 362 5239 principes
383 5159 427 5222 ad
447 5177 479 5222 se
501 5158 633 5224 advocet.
1394 5239 1398 5246 Ι
1492 5153 1585 5227 1210,
1610 5149 1694 5232 stup.
1719 5153 1770 5214 10.

308 5277 390 5348 Grcp.
409 5278 455 5331 lX
472 5278 540 5347 Rep.
556 5278 611 5332 Vol.
630 5277 696 5344 VII,
714 5281 761 5340 49,-
773 5279 838 5347 post
854 5293 880 5330 a.
901 5281 954 5330 781
972 5275 1001 5328 ia
1021 5275 1089 5344 Rep.
1109 5275 1219 5344 lepitnr.

308 5487 331 5554 ⁸)
345 5490 447 5554 piractio
464 5489 616 5555 mtbripnotia
632 5490 685 5538 airu
702 5507 794 5540 nomen
812 5489 920 5538 eicientur
938 5496 981 5538 est.
1079 5483 1102 5550 Ι’)
1121 5523 1127 5534 .
1147 5522 1153 5533 .
1173 5485 1305 5550 potestati,
1333 5481 1438 5532 consilio
1461 5489 1486 5531 et
1504 5481 1599 5548 populo
1626 5481 1652 5530 in
1673 5479 1732 5545 Rep.
1762 5495 1859 5546 sesnper

201 5579 332 5643 repetitum
351 5586 394 5626 eal.

306 5698 333 5764 1)
355 5696 398 5749 Ad
415 5698 465 5750 lios
483 5695 611 5766 spiritum
631 5695 739 5750 consilii
758 5694 875 5748 sanioris
895 5709 952 5746 non
966 5690 1094 5762 pertinet,
1112 5705 1169 5742 cum
1188 5705 1206 5740 a
1222 5685 1417 5755 particarios
1435 5686 1566 5740 steterint.

1598 5783 1649 5834 861
