4560 6420
770 379 970 440 ‘aelstanus
988 381 1179 441 SELEC'I'AE.
1210 383 1286 440 1241.
1795 383 1856 448 723

202 562 335 648 grandis
365 561 496 628 tristitia
524 580 580 626 eor
602 566 748 625 nostrum
780 560 943 646 implevit,
981 559 1086 646 quod,
1121 560 1205 624 sieut
1238 559 1272 624 in
1305 560 1448 625 lectione
1481 558 1664 626 litterarum
1697 549 1856 626 nobilium

199 669 343 732 virorum
367 715 400 731 ..
423 666 578 730 Austriel
603 671 635 730 et
660 713 692 729 ..
717 663 928 729 Corinthiae²
952 663 1070 728 dueum
1093 685 1159 729 non
1183 665 1254 727 sine
1278 665 1452 728 multarum
1469 664 1677 729 lacrimarum
1695 665 1855 731 effusione

201 771 389 850 didicimus,
418 769 546 833 Tartari
568 775 643 855 post
666 789 802 853 regnum
826 767 972 853 Ungerie
1002 769 1153 833 invasum
1182 773 1216 832 et
1244 789 1302 854 pro
1331 790 1450 853 magna
1478 775 1572 855 parte
1595 775 1790 855 occupatum
1813 770 1855 834 ab

201 875 260 956 eis,
283 874 484 939 inebriantes
508 871 635 958 gladios
659 895 735 937 suos
760 873 831 938 sine
854 871 1039 936 differentia
1061 871 1159 935 etatis
1183 877 1217 935 et
1240 892 1339 935 sexus
1363 871 1404 936 de
1428 873 1586 958 sanguine
1603 873 1746 937 omnium
1769 893 1850 957 quos
1864 881 1902 924 Es·
1917 887 1972 934 tto·

201 1000 319 1065 capere
343 984 533 1065 potuerunt,
560 976 697 1042 Boemie
729 983 763 1041 et
785 976 948 1041 Teutonis
971 997 1073 1062 regna
1094 976 1158 1039 iam
1183 975 1337 1041 invadere
1360 977 1547 1059 moliuntur,
1571 984 1675 1042 totam
1699 977 1857 1042 Christia-

199 1105 315 1149 norum
346 1091 466 1148 terram
493 1081 658 1147 desertam
681 1103 804 1167 ponere
836 1088 869 1146 et
897 1102 1009 1146 corum
1042 1079 1140 1145 fidem
1173 1079 1311 1166 perdere
1343 1081 1525 1166 cupientes.
1582 1082 1725 1146 Firmum
1757 1081 1860 1166 igitur

200 1209 294 1275 apem
316 1193 377 1253 eto.
401 1195 437 1252 ut
461 1207 560 1273 supra
582 1206 700 1271 usque:
724 1185 759 1249 in
782 1185 903 1249 virtute
928 1183 1116 1249 obedientie
1140 1182 1287 1248 districte
1311 1184 1521 1271 precipiendo
1545 1185 1749 1266 mandamus,
1773 1205 1854 1270 qua·
1953 1189 1955 1194 ’

152 1307 154 1310 ·
199 1292 286 1356 tinus
310 1313 370 1378 per
398 1291 522 1356 vicinas
550 1289 734 1376 provincias
763 1289 921 1354 verbum·
951 1285 1055 1353 erneis
1086 1289 1178 1352 iuxta
1206 1288 1314 1352 datam
1344 1289 1404 1353 tibi
1427 1311 1447 1353 a
1468 1288 1541 1355 Deo
1564 1289 1772 1375 prudentiam
1794 1310 1855 1376 per

199 1400 231 1458 te
255 1415 292 1458 ac
316 1394 398 1458 alios
422 1415 504 1480 quos
528 1393 569 1458 ad
592 1394 655 1458 hoe
677 1393 815 1457 idoneos
839 1394 1032 1477 cognoveris
1056 1413 1131 1457 esse
1155 1413 1357 1479 proponens,
1386 1393 1473 1457 viros
1497 1393 1692 1474 catholicos,
1715 1400 1754 1458 ut
1777 1414 1854 1458 eon·

202 1496 396 1580 siderantes,
427 1497 514 1583 quod
544 1499 629 1560 siout
651 1517 670 1559 a
693 1496 787 1562 dietis
811 1496 956 1560 Tartaris
980 1496 1080 1561 totius
1107 1497 1220 1583 populi
1244 1495 1421 1560 Christiani
1443 1495 1583 1583 perditio
1613 1495 1776 1582 queritur,
1807 1495 1855 1559 sie

198 1601 232 1664 in
260 1621 372 1666 eorum
403 1601 646 1688 expugnatione
676 1600 764 1663 salus
793 1599 937 1663 omnium
967 1607 1174 1685 procuratur,
1197 1606 1230 1663 et
1253 1598 1454 1664 confidentes
1483 1600 1516 1664 in
1547 1599 1620 1678 illo,
1647 1601 1703 1686 qui
1726 1599 2005 1674 salvamentum.

197 1705 276 1769 facit
310 1706 466 1792 populum
500 1703 657 1768 humilem
690 1709 723 1767 et
751 1704 883 1768 oculum
910 1703 1061 1768 humiliat
1091 1709 1314 1789 arrogantem,
1354 1711 1467 1767 eontra
1493 1702 1598 1768 dictos
1628 1704 1783 1772 Tartarea
1815 1703 1857 1769 ad

197 1808 425 1874 defensionem
447 1805 669 1894 predictorum
691 1827 867 1891 regnorum
889 1813 1058 1893 assumpto
1089 1807 1193 1871 erucis
1225 1807 1394 1892 signaculo
1425 1813 1577 1891 potenter
1601 1814 1634 1872 et
1656 1808 1795 1872 viriliter
1819 1827 1855 1872 se

199 1912 386 1998 accingant,
417 1909 603 1976 salubribus
635 1910 767 1974 monitis
799 1909 955 1975 inducere
985 1931 1051 1975 non
1077 1917 1266 1996 postponas.
1320 1909 1390 1974 Nos
1424 1910 1511 1974 enim
1546 1911 1696 1976 omnibus
1728 1918 1789 1977 eto.
1820 1917 1857 1975 ut

201 2037 300 2102 supra
332 2035 451 2099 usque:
486 2012 718 2078 conceduntur.
776 2012 811 2077 Si
845 2014 900 2098 qui
932 2013 1036 2079 verob
1066 2036 1109 2078 ex
1137 2013 1373 2098 crucesignatis
1404 2013 1590 2079 huiusmodi
1619 2036 1678 2101 pro
1712 2015 1857 2080 violenta

198 2118 374 2184 iniectione
407 2137 561 2181 manuum
594 2117 628 2180 in
660 2137 819 2202 personas
854 2117 1096 2181 ecclesiasticas
1125 2137 1184 2182 scu
1214 2137 1272 2202 pro
1302 2115 1453 2181 incendio
1483 2118 1615 2183 vinculo
1646 2117 1767 2183 fuerint
1797 2139 1856 2182 ex·

199 2221 502 2286 communicationis
526 2220 661 2301 astricti,
686 2221 745 2302 eis,
769 2219 945 2285 dummodo
968 2220 1125 2285 iniurias⁰
1149 2227 1182 2284 et
1206 2220 1347 2307 dampna
1370 2220 1476 2307 passis
1499 2222 1593 2286 iuxta
1614 2222 1856 2309 providentiam

198 2331 289 2389 tuam
321 2318 524 2389 satisfaciant
552 2330 794 2409 competenter,
826 2330 858 2387 et
886 2345 951 2389 non
981 2325 1024 2388 sit
1052 2345 1164 2388 eorum
1196 2323 1280 2388 adeo
1313 2325 1422 2408 gravis
1450 2331 1484 2388 et
1515 2326 1658 2390 enormis
1687 2347 1855 2407 excessus,

199 2428 285 2513 qnod
315 2435 450 2515 propter
480 2427 542 2492 hoc
570 2429 685 2492 morito
717 2425 782 2492 sint
811 2427 852 2491 ad
881 2428 995 2493 sedem
1024 2427 1237 2514 apostolicam
1266 2426 1466 2509 destinandi,
1503 2430 1682 2495 secundum
1719 2431 1856 2496 formam

122 2554 148 2593 ao
200 2534 361 2599 eeclesiae
384 2532 598 2598 absolutionis
621 2534 819 2598 beneficium
843 2532 1070 2620 impendendi,
1100 2553 1226 2598 necnon
1256 2540 1370 2598 contra
1400 2532 1506 2598 dictos
1531 2534 1686 2599 Tartaron
1710 2555 1855 2599 eommu-

199 2637 288 2702 tandi
310 2643 387 2701 uota
411 2657 538 2717 eorum,
568 2639 622 2723 qui
651 2639 684 2700 in
707 2637 809 2702 'ferre
835 2635 955 2701 Sancto
984 2635 1164 2700 subsidium
1193 2638 1356 2722 proficisci
1380 2639 1433 2703 vel
1458 2639 1539 2702 alias
1564 2659 1621 2726 pro
1646 2645 1855 2725 peccatorum

199 2762 331 2805 suornm
354 2740 500 2806 remedio
524 2742 727 2826 peregrinari
749 2747 920 2822 voverunt,
943 2741 1083 2806 liberam
1106 2741 1166 2805 tibi
1189 2740 1361 2806 tribuimus
1383 2741 1584 2810 facultatem.

305 2860 381 2928 Dat.
405 2860 559 2925 Lateran.
583 2861 667 2924 XIII
689 2859 766 2928 Kal.
791 2861 879 2946 Iulii,
903 2883 988 2927 anno
1013 2861 1089 2927 XV.

309 2981 349 3047 In
372 2980 513 3047 eundem
536 2980 668 3046 modum
691 3031 725 3048 ..
748 2983 848 3068 priori
871 2982 1063 3068 provinciali
1087 2980 1223 3046 fratrum
1245 2982 1493 3047 Predicatorum
1516 2981 1688 3052 Teutonie.

121 3107 147 3148 aa
308 3085 347 3149 In
370 3085 509 3150 eundem
533 3085 666 3151 modum
690 3136 723 3152 ..
746 3087 846 3172 priori
869 3087 1005 3151 fratrum
1027 3085 1274 3150 Prodicatorum
1296 3085 1470 3152 Wiennef.

305 3188 344 3252 In
367 3188 508 3254 eundem
530 3190 662 3253 modum
685 3237 719 3254 ..
742 3189 890 3254 ministro
914 3189 1103 3276 provinciali
1127 3188 1265 3254 fratrum
1287 3189 1449 3254 Minorurn
1473 3189 1645 3258 Teutonie.

980 3716 1068 3790 833.

309 3844 500 3954 Gregorius
522 3871 577 3936 IX
592 3892 682 3952 papa
703 3872 913 3956 [Bemberdo
934 3874 994 3958 ΙΙ]
1015 3874 1088 3938 dewi
1110 3874 1304 3938 Koriatbioe
1326 3872 1447 3951 scribit,
1482 3873 1510 3936 si
1537 3871 1723 3938 Friterr'eus
1756 3872 1858 3937 dietus

200 3978 370 4057 insperator
394 3995 427 4039 se
454 3975 583 4058 dipnum
606 3997 685 4056 paee
712 3976 855 4042 ecelesiae
882 3977 1067 4056 reddiderit,
1108 3979 1266 4044 ecetesiam
1296 3977 1325 4042 oi
1361 3976 1522 4042 tramititcr
1548 3976 1691 4040 retorsisti
1727 3977 1858 4040 libenter

199 4081 349 4163 premium
373 4098 466 4142 mum
487 4084 672 4160 aperturam
694 4099 766 4147 csse.
1503 4083 1597 4158 1241,
1623 4080 1695 4143 lua.
1719 4081 1770 4147 19.

125 4213 150 4251 so
307 4199 389 4267 Grec.
408 4197 457 4251 IX
474 4198 543 4268 Rep.
558 4199 614 4253 Vol.
632 4199 699 4267 VII,
718 4205 767 4265 85,·
784 4200 847 4254 Lib.
865 4201 932 4272 XV,
950 4205 992 4256 91.
1092 4249 1095 4256 .

304 4285 439 4350 Pettbest,
459 4283 529 4357 Ray.
549 4289 644 4340 11039.

651 4481 792 4557 Nobili
820 4485 925 4557 viro
1023 4485 1123 4560 duci
1149 4485 1399 4560 Kerinthie.

309 4631 524 4696 Nobilitatem
547 4637 638 4696 tuam
660 4632 768 4718 dignis
791 4633 824 4697 in
846 4633 989 4700 Domino
1013 4635 1165 4700 laudibus
1190 4638 1471 4717 commendamus,
1495 4636 1581 4723 quod
1606 4659 1665 4703 nos
1689 4637 1731 4703 ad
1753 4637 1857 4704 refor-

202 4737 353 4801 mandam
376 4757 492 4821 pacem
515 4757 589 4800 cnm
604 4736 771 4802 Friderieo
794 4738 881 4803 dieto
904 4741 1101 4827 imperatore
1125 4741 1189 4805 tuis
1212 4741 1366 4807 inducere
1391 4743 1510 4809 litteris
1534 4742 1699 4823 studuisti,
1725 4751 1858 4829 proptor

124 4863 149 4902 ss
202 4841 289 4926 qnod
311 4840 394 4903 seire
417 4848 450 4903 te
471 4841 632 4922 volumus,
656 4841 742 4925 quod
765 4863 838 4906 cum
861 4842 969 4909 dietus
985 4844 1172 4910 Friderieus
1197 4867 1232 4910 se
1249 4844 1383 4930 dignum
1406 4849 1548 4912 ecclesie
1572 4869 1653 4933 pace
1677 4846 1859 4912 reddiderit

201 4950 235 5008 et
263 4943 304 5007 ad
332 4964 372 5008 ea
399 4964 462 5028 que
492 4942 649 5009 honorem
671 4944 737 5010 Dei
765 4952 799 5010 et
831 4949 1011 5034 apostolice
1042 4947 1129 5013 sedis
1160 4969 1290 5013 necnon
1318 4947 1439 5012 bonum
1472 4956 1593 5013 statum
1621 4951 1734 5038 populi
1763 4949 1858 5016 Chri-

304 5203 329 5267 Ιῑ)
346 5222 395 5269 pro
413 5205 522 5256 verbum
548 5233 580 5240 -
604 5206 631 5256 in
655 5207 699 5258 illo
720 5207 748 5257 in
773 5207 835 5273 Ilep.
859 5209 962 5274 tegitur:
988 5217 1036 5260 eto.
1062 5217 1091 5260 ut
1112 5226 1190 5276 supra
1212 5211 1239 5260 in
1264 5225 1294 5260 aa
1316 5225 1367 5274 que
1391 5208 1562 5276 dirigitur..
1585 5211 1704 5277 episeopo
1730 5211 1858 5260 Waoiensi

201 5306 297 5356 usque:
322 5290 366 5355 qui
384 5291 485 5342 salvum
506 5299 550 5342 etc.
569 5290 683 5342 Per-taius
705 5310 762 5344 mem
780 5293 848 5344 bene
865 5295 997 5360 epaistotom
1021 5296 1049 5346 in
1071 5297 1241 5347 collectionem
1266 5313 1340 5346 arram
1358 5312 1412 5346 noa
1435 5295 1568 5360 receperit,
1590 5297 1668 5347 rerba
1694 5313 1759 5361 moue
1776 5313 1858 5362 capre

200 5377 293 5426 rtemrra
311 5393 341 5426 ee
360 5375 421 5442 dep.
439 5377 492 5442 ipse
508 5379 647 5428 coaretavit.
762 5377 787 5444 b)
800 5399 853 5446 pro
871 5397 933 5432 vero
959 5408 992 5418 -
1020 5383 1189 5434 absolutionis
1213 5383 1366 5434 beneficium
1394 5383 1422 5432 ia
1442 5381 1501 5448 Itey.
1521 5391 1568 5434 otc.
1599 5392 1629 5436 ut
1658 5401 1736 5452 supra
1762 5400 1858 5450 usqne:

123 5475 151 5516 to
201 5463 363 5529 impendendi
380 5471 425 5514 etc.
460 5463 534 5514 Haec
551 5465 628 5514 serbe
645 5483 692 5516 aaa
709 5483 739 5517 ce
758 5483 797 5532 ep.
815 5468 857 5518 eit.
876 5485 918 5533 ep.
943 5467 1069 5531 Tber‘roer,
1096 5469 1167 5518 Mors.
1187 5469 1275 5534 Ilrmq.
1294 5478 1309 5520 t.
1329 5469 1357 5530 Ι,
1379 5487 1408 5534 p.
1430 5473 1492 5534 184,
1512 5487 1539 5520 n.
1559 5472 1626 5535 338,
1652 5469 1775 5534 Pendeat,
1795 5470 1857 5536 Κεφ.

204 5550 490 5616 11033‚aqple1dmre.
560 5549 583 5615 ο)
603 5552 696 5602 iniuria
718 5552 745 5604 Τ.
817 5551 843 5618 d)
862 5555 939 5606 wien
960 5553 992 5604 Β.

305 5688 332 5754 l)
350 5683 490 5741 Ildderiei
509 5685 553 5740 11.
643 5687 671 5755 2)
690 5687 852 5743 Berrdterdi
870 5689 914 5742 11.
