4596 6406
447 379 510 441 688
1023 372 1072 426 EX
1092 371 1268 458 aasabim
1286 371 1326 426 IX
1345 370 1527 426 anemurio

445 548 582 613 tinnites
608 546 805 622 roboretis·;
837 567 936 633 super
961 547 1060 611 naulo
1093 546 1239 627 navium,
1270 546 1438 631 galearum
1467 551 1501 610 et
1542 545 1742 608 usceriorum
1767 565 1825 630 pro
1849 541 2055 608 deducendis
2079 545 2114 606 et

445 650 640 716 reducendis
664 649 800 737 prelatis
825 656 859 713 et
881 649 952 714 aliis
978 649 1033 734 qui
1052 649 1093 714 ad
1116 649 1289 714 concilium
1305 655 1380 713 sunt
1395 647 1534 728 venturi,
1554 653 1649 712 caute
1673 653 1707 712 et
1727 647 1905 733 prudenter
1923 647 2113 711 Ianuenscs

446 755 488 820 ad
510 753 732 841 recipiendam
755 752 955 818 moderatum
979 753 1195 839 quantitatem
1218 753 1356 839 pecunie
1379 751 1579 834 inducendo,
1610 758 1644 817 et
1666 759 1703 816 ut
1725 751 1898 839 pecuniam
1922 774 1981 840 pro
2008 751 2110 816 naulo

447 858 635 924 solvendam
672 859 705 922 in
743 879 845 945 regno
880 857 1082 922 Francorum
1115 857 1289 944 recipiant,
1328 856 1412 922 dctis
1443 877 1577 942 operam
1616 857 1798 938 efficacem,
1839 856 1891 921 vel
1925 856 2112 943 accipiatur

445 968 593 1027 mutuum
616 962 677 1026 sub
700 963 829 1027 cautela
852 967 885 1026 et
907 959 1107 1046 obligatione
1131 961 1340 1046 prelatorum,
1363 982 1426 1046 que
1450 960 1484 1024 in
1507 960 1625 1024 litteris
1648 961 1769 1024 nostris
1787 961 1992 1047 exprimitur,
2016 958 2107 1044 quod
2174 959 2186 997 ⁵

447 1071 536 1131 certo
559 1065 698 1130 termino
722 1071 756 1130 et
778 1085 885 1130 annue
908 1065 1125 1150 persolvatur.
1169 1063 1274 1128 Vobis
1306 1068 1416 1128 autem
1445 1062 1594 1128 districte
1617 1065 1651 1127 in
1672 1064 1793 1130 virtute
1817 1063 2007 1129 obedientie
2030 1084 2110 1149 pre-

447 1169 597 1257 cipiendo
613 1168 816 1248 mandamus,
840 1168 993 1254 quatinus
1016 1167 1092 1232 huic
1115 1167 1249 1252 negotio
1271 1167 1318 1230 ita
1340 1166 1427 1232 detis
1443 1187 1578 1252 operam
1594 1167 1772 1248 efficacem,
1797 1166 1884 1254 quod
1899 1167 2111 1255 propositum

447 1279 593 1339 nostrum
616 1272 722 1338 modis
746 1272 897 1337 omnibus
920 1273 1062 1338 feliciter
1086 1275 1298 1337 consumetur
1322 1278 1355 1335 et
1379 1270 1529 1335 Romana
1553 1271 1695 1336 ecclesia
1716 1272 1898 1338 intentione
1922 1293 1983 1336 sua
1999 1270 2111 1334 nulla·

448 1383 543 1442 tenus
566 1375 788 1458 defraudetur,
812 1377 955 1441 maxime
979 1397 1052 1440 cum
1076 1375 1213 1462 prelatis
1236 1374 1440 1453 mandemus,
1463 1374 1550 1461 quod
1568 1397 1629 1462 per
1644 1396 1756 1457 noves,
1779 1377 1892 1462 galeas
1909 1375 2110 1441 etuscerios

443 1481 656 1548 Ianuensium
679 1481 785 1546 eundo
809 1488 842 1546 et
864 1479 1032 1547 redeundo
1055 1479 1227 1544 transitum
1251 1500 1403 1543 securum
1430 1479 1616 1558 habebunt,
1647 1478 1734 1566 apud
1757 1500 1838 1566 quos
1861 1501 1920 1544 nos
1943 1478 1985 1543 de
2010 1501 2109 1544 men·
2163 1485 2187 1523 ¹⁰

448 1585 543 1650 dacio
570 1585 665 1671 argui
691 1606 757 1649 non
788 1590 928 1670 oportet.
977 1582 1139 1649 Predictis
1169 1582 1269 1648 etiam
1299 1583 1505 1669 proponatis,
1537 1584 1624 1670 quod
1651 1583 1694 1648 ad
1724 1584 1881 1649 honorem
1904 1582 1985 1663 Dei,
2015 1585 2112 1648 exal-

448 1689 606 1752 tationem
635 1688 777 1754 ecclesie
805 1694 839 1752 et
869 1688 1014 1775 ipsorum
1041 1693 1235 1774 perpetuam
1264 1686 1451 1751 libertatem
1479 1694 1512 1752 et
1542 1709 1600 1752 sue
1630 1687 1772 1752 civitatis
1803 1693 2015 1773 augmentum
2044 1687 2111 1751 hoc

450 1790 536 1877 quod
560 1792 669 1877 agitur
691 1797 801 1858 actore
825 1791 968 1856 Domino
992 1791 1178 1878 pertinebit.
1223 1790 1353 1855 Dicatis
1376 1791 1476 1855 etiam
1500 1792 1562 1872 eis,
1586 1791 1673 1878 quod
1696 1813 1768 1856 cum
1791 1813 1811 1855 a
1832 1791 1981 1878 pluribus
2006 1791 2113 1856 corni-

448 1894 547 1974 tibus,
569 1894 748 1959 baronibus
773 1902 807 1960 et
822 1895 895 1959 aliis
913 1894 1078 1960 nobilibus
1094 1895 1173 1959 viris
1191 1900 1224 1959 et
1239 1894 1303 1959 fide
1319 1893 1427 1979 dignis
1451 1900 1612 1980 speretur,
1636 1895 1721 1980 quod
1745 1916 1804 1982 per
1826 1895 1968 1960 terramb
1992 1895 2112 1960 haberi

447 1999 554 2085 possit
584 2020 719 2064 securus
747 2000 902 2064 transitus
933 2000 1146 2086 prelatorum,
1178 2004 1289 2064 tamen
1320 1998 1396 2084 qnia
1424 1998 1608 2063 fiducialius
1641 2020 1810 2086 speramns
1839 1998 1880 2065 de
1911 1999 2112 2078 constantia,
2165 2011 2188 2050 1⁵

448 2101 513 2167 fide
536 2109 570 2167 et
592 2102 766 2167 devotione
789 2102 1012 2185 Ianuensium,
1033 2104 1195 2184 volumus,
1217 2103 1305 2188 quod
1328 2124 1371 2168 ex
1394 2103 1456 2167 hoc
1480 2103 1544 2188 ipsi
1560 2103 1665 2189 magis
1682 2102 2113 2188 consequanturhonorem.

448 2205 606 2270 Preterca
627 2207 802 2288 noveritis,
831 2207 917 2292 quod
945 2208 1056 2292 legato
1079 2206 1218 2270 Francis
1249 2213 1282 2271 et
1305 2206 1392 2286 aliis,
1422 2206 1510 2292 apud
1539 2229 1620 2293 quos
1646 2208 1784 2293 pecunia
1808 2207 1949 2272 ecclesie
1973 2227 2115 2270 conser-

449 2315 559 2390 vatur,
582 2311 807 2396 quantitatem,
830 2332 926 2396 quam
949 2317 995 2393 tu,
1017 2311 1063 2375 fili
1088 2310 1138 2392 G,
1163 2309 1297 2374 duxeris
1321 2311 1386 2374 tuis
1410 2311 1529 2376 litteris
1553 2310 1811 2397 exprimendam,
1836 2311 1918 2374 solvi
1941 2308 2114 2373 mandavi·

448 2433 521 2476 mus
554 2412 773 2478 Ianuensibus
813 2412 996 2480 antedictis.
1055 2413 1099 2478 Et
1134 2415 1213 2478 licet
1253 2414 1480 2479 consueverint
1519 2412 1704 2479 Ianuenses
1741 2413 1818 2478 darc
1858 2414 1988 2498 galeam
2021 2413 2113 2477 benc

449 2521 607 2581 armatam
636 2539 695 2603 pro
722 2516 871 2584 ducentis
897 2516 989 2582 libris
1012 2516 1224 2581 lanuensium
1254 2538 1313 2602 per
1342 2537 1443 2581 unum
1472 2537 1634 2597 mensem,
1668 2517 1752 2581 sicut
1782 2517 1847 2580 iam
1876 2516 2110 2604 experimento
2163 2527 2189 2566 ²⁰

449 2617 640 2702 didicimus,
671 2641 730 2685 vos
753 2629 864 2688 tamen
887 2621 1009 2686 habere
1033 2642 1091 2708 pro
1116 2620 1232 2685 minori
1256 2620 1283 2684 si
1306 2621 1458 2708 poteritis
1481 2621 1647 2686 laboretis.
1693 2621 1805 2686 Nares
1828 2628 1940 2686 autem
1963 2621 2007 2685 ad
2032 2642 2113 2707 por·

448 2721 581 2787 tandem
605 2725 845 2791 multitudinem
869 2726 1061 2791 clericorum
1084 2732 1118 2790 et
1141 2725 1278 2788 aliorum
1302 2725 1508 2789 necessarias
1531 2731 1729 2810 reputamus.
1775 2723 1984 2790 Provideatis
2011 2726 2114 2790 etiam

450 2847 524 2890 cum
546 2822 764 2893 Ianuensibus
787 2828 828 2894 de
850 2829 933 2893 locis
957 2827 1142 2914 oportunis,
1173 2827 1207 2891 in
1230 2826 1347 2913 quibus
1370 2827 1473 2914 recipi
1503 2826 1646 2892 debeant
1676 2827 1794 2913 prelati
1830 2835 1864 2892 ct
1886 2828 1944 2892 alii
1966 2827 2009 2892 ad
2033 2851 2115 2893 con-

454 2929 564 2994 cilium
587 2931 769 2997 venientes.

1078 3107 1490 3116 *m—

564 3477 722 3571 Litterac
735 3505 1056 3590 GroqoriilXpupue
1074 3507 1111 3571 dc
1132 3507 1268 3572 secunda
1290 3509 1504 3572 mancatione
1526 3508 1666 3573 concilii:
1687 3508 1934 3590 archiepiscopis,
1957 3509 2115 3590 episcopis
2166 3521 2191 3561 ²³

453 3610 483 3672 ct
502 3608 667 3673 abbatibus
689 3610 833 3690 murum,
862 3615 897 3675 ut
920 3611 989 3677 licat
1010 3612 1196 3678 Fridcricns
1218 3612 1319 3678 dictus
1341 3613 1510 3693 imperator
1526 3613 1686 3693 praelatis
1710 3613 1754 3677 ad
1780 3613 1880 3678 sedem
1907 3613 2117 3694 apostolicam

452 3715 849 3780 ambianenses
870 3717 1225 3795 accessnmintcrdicot,
1249 3718 1396 3798 proximo
1413 3717 1496 3802 sesto
1518 3718 1755 3783 rasnnectionis
1776 3716 1895 3801 [Mart.
1919 3716 1981 3801 31]
2001 3737 2116 3798 perso-

454 3817 570 3882 naliter
590 3817 635 3882 ud
655 3819 784 3884 mndcm
805 3820 951 3899 ccniant;
974 3821 1055 3885 idem
1075 3820 1224 3902 capitulis
1244 3821 1354 3886 scribit
1374 3820 1547 3899 macons,
1569 3825 1606 3884 nt
1625 3821 1755 3885 nontin
1777 3820 1949 3898 destinent,·
1975 3841 2064 3903 repes
2089 3825 2119 3886 ct

452 3921 612 4002 principes
638 3922 814 3988 mnnmnos
838 3927 942 4006 repat,
973 3928 1010 3988 nt
1037 3924 1167 4002 litteris,
1193 3925 1223 3988 si
1253 3944 1334 4006 quas
1358 3925 1542 4006 praedictus
1567 3925 1753 3991 Fridcricns
1787 3924 1941 3989 ommuni
1969 3923 2118 4004 praefati

454 4025 579 4090 comitii
604 4027 783 4090 murarios
808 4027 851 4091 iis
875 4027 1008 4110 diripui,
1034 4029 1176 4092 animum
1202 4047 1267 4091 non
1292 4028 1459 4107 inclirtcnt,
1486 4028 1542 4092 sed
1562 4029 1691 4094 nuntios
1711 4049 1784 4094 snos
1805 4029 1937 4094 termino
1953 4027 2112 4113 praefato
2165 4037 2191 4077 ’θ

455 4129 591 4195 mittunt.
640 4127 689 4208 Of.
712 4149 744 4195 n.
769 4133 843 4197 781.
1768 4135 1861 4211 1240,
1886 4131 1951 4199 Oct.
1975 4132 2027 4196 15.

560 4245 643 4318 (ἔτερ.
661 4249 709 4303 ΙΧ
725 4249 792 4318 Περ.
814 4249 872 4306 Vol.
894 4249 960 4314 VII,
978 4253 1015 4303 49
1032 4255 1059 4304 ct
1077 4266 1169 4320 seqa.;
1185 4251 1295 4305 litterar
1309 4253 1375 4320 post
1398 4267 1423 4305 n.
1444 4255 1497 4304 781
1515 4253 1540 4305 et
1560 4255 1617 4306 762
1633 4252 1664 4306 in
1682 4251 1751 4324 Περ.
1769 4253 1906 4324 tepnntnr.
1929 4281 1962 4290 —
1987 4253 2121 4306 Tenorern

456 4331 587 4402 epistolae
603 4333 809 4406 archiepiscopo
826 4335 975 4390 senonensi
991 4337 1092 4391 missac
1108 4335 1207 4390 damus
1224 4353 1259 4390 ca
1276 4336 1369 4405 Ruyn.
1387 4337 1461 4392 Ann.
1479 4338 1539 4392 eccl.
1557 4354 1584 4392 α.
1602 4341 1684 4407 1240,
1701 4342 1718 4404 §
1737 4343 1855 4393 57-58.

560 4420 696 4489 Pannona,
713 4421 783 4491 aeq.
801 4426 1036 4491 roais-roan,
1055 4425 1145 4476 zoora
1156 4425 1290 4478 -1ossa

844 4695 1087 4780 SECUNDA
1114 4695 1444 4779 convectum
1472 4697 1719 4781 concurr.

1273 4920 1300 4984 Ι.

959 5047 1008 5121 ΙΝ
1026 5046 1240 5121 FRANCIA
1257 5047 1318 5120 ET
1336 5045 1611 5124 PROVINCIA.

929 5312 976 5330 ..
1011 5255 1350 5348 archiepiscopo
1386 5256 1648 5330 Senonensi

564 5386 656 5452 Petri
677 5388 845 5470 navicula,
872 5388 984 5452 matris
1008 5388 1148 5453 ecclesie
1172 5389 1275 5468 sinus,
1298 5388 1505 5475 negotiorum
1530 5395 1646 5476 operta
1668 5389 1822 5453 fluctibus
1846 5395 1880 5454 et
1902 5391 2121 5476 questionum

455 5492 643 5578 urgentium
665 5493 789 5578 agitata
810 5492 978 5577 procellis,
1001 5491 1173 5558 dexteram
1196 5491 1275 5557 Iesu
1303 5492 1505 5557 sublevantis
1534 5493 1697 5579 implorat
1751 5491 1802 5556 ua
1825 5492 1958 5578 quidem
1981 5495 2121 5562 flatibus

564 5683 589 5748 ⁸)
607 5687 741 5739 roboretur
759 5685 791 5738 B.
880 5685 907 5752 b)
925 5705 998 5742 suam
1016 5690 1135 5742 emmaum
1152 5707 1206 5742 carc
1222 5690 1330 5742 uidebo·
2179 5707 2207 5752 4⁰
