4494 6426
722 333 922 390 EPISTOLAH
939 335 1129 393 SELECTAE.
1165 339 1241 395 1222.

942 639 1028 712 113.

265 743 453 842 Honorias
477 777 540 840 ΙΙΙ
554 799 641 860 papa
655 778 680 862 [
677 777 839 863 0616αά6]
861 779 999 860 episeopo
1022 780 1169 861 Spirensi
1190 784 1298 847 6616666
1319 785 1356 849 de
1377 785 1541 866 sepultura
1557 785 1680 850 Altertt
1702 783 1815 848 resilitis

154 881 191 946 cle
213 883 429 948 Leeleiraehaa.
1460 892 1554 968 1222,
1576 888 1652 956 Dee.
1675 893 1726 955 17.

259 1005 332 1058 Heu.
353 1006 407 1057 ΙΙΙ
422 1003 489 1072 Rea
512 1005 571 1059 Vel.
591 1007 610 1056 Ι
614 1003 642 1066 V,
663 1009 712 1065 15:
732 1005 793 1058 616.
819 1005 882 1070 VII,
903 1009 946 1060 66.
1367 1017 1368 1020 ’

353 1256 361 1272 .
392 1255 399 1270 .
428 1199 632 1292 Spirensi
659 1200 894 1292 episcope,
922 1199 1168 1293 imperialis
1197 1203 1610 1280 661666666116116.

264 1340 469 1406 Dilectorum
484 1343 624 1406 liliorum
642 1392 648 1405 .
666 1392 673 1406 .
690 1342 819 1406 abbatis
843 1351 876 1406 et
899 1349 1079 1407 conventus
1100 1343 1140 1406 ds
1157 1343 1450 1409 Mulembrunncm
1472 1347 1598 1411 litteras
1618 1349 1813 1434 recepimus,

156 1444 362 1508 continentes
386 1445 470 1528 quod
495 1467 566 1510 curn
590 1445 746 1509 Albertus
775 1445 1380 1511 111116611666661666661161666666
1412 1457 1546 1535 propter
1569 1450 1756 1515 incendium
1780 1455 1814 1514 et

156 1547 368 1611 homicidium
398 1550 527 1612 vinculo
565 1549 742 1613 haberetur
772 1549 1120 1612 excommunicationis
1151 1551 1320 1629 astrictus,
1357 1553 1448 1634 gravi
1481 1553 1613 1618 tandem
1644 1559 1813 1639 correptus

157 1651 357 1735 egritudine,
388 1674 452 1737 qua
478 1653 637 1724 decessit,
666 1675 738 1716 eum
767 1673 846 1716 vera
874 1652 979 1716 cordis
1003 1653 1196 1716 contritione
1228 1652 1267 1716 de
1292 1655 1434 1738 pcccatis
1465 1656 1532 1718 suis
1565 1656 1735 1721 confessus
1763 1663 1814 1720 est

156 1756 289 1840 proprio
324 1756 504 1838 sacerdoti,
539 1757 748 1821 iurisiurandi
777 1757 906 1820 vinculo
941 1779 976 1820 se
1008 1757 1209 1841 astringens,
1244 1757 1329 1842 quod
1360 1759 1431 1843 ipso
1462 1758 1587 1823 reditob
1613 1761 1743 1823 sanitati
1774 1759 1815 1823 ad

157 1859 371 1944 apostolicam
394 1860 506 1924 sedem
524 1861 696 1925 accederet
719 1861 790 1924 eius
812 1859 1055 1945 beneplacitum
1072 1866 1302 1945 suscepturus;
1326 1881 1389 1944 quo
1413 1860 1499 1925 facto
1522 1863 1698 1928 abeodem
1720 1885 1813 1949 pres·
1889 1925 1898 1930 ,.

156 1963 271 2046 bytero
295 1963 482 2036 absolutus,
516 1966 716 2052 participans
741 1965 869 2051 corpori
901 1973 934 2029 et
964 1964 1114 2049 sanguini
1143 1964 1290 2044 Domini,
1327 1964 1473 2028 debitum
1503 1973 1616 2031 nature
1646 1968 1815 2053 persolvit.

158 2065 266 2139 Quare
295 2068 413 2152 prefati
442 2069 545 2133 abbas
576 2078 609 2134 et
638 2075 818 2134 conventus
844 2070 1035 2154 suppliciter
1057 2069 1282 2154 postularunt,
1312 2077 1348 2132 66
1379 2069 1462 2134 tradi
1494 2091 1568 2134 eum
1592 2071 1814 2135 ecclesiastice

158 2173 337 2256 sepulture,
360 2171 402 2235 sd
425 2194 520 2257 quam
544 2174 686 2238 nondum
709 2173 871 2237 admissus
895 2174 1014 2252 extitit,
1039 2171 1277 2237 mandaremus.
1324 2172 1393 2236 Nos
1416 2181 1524 2237 6666111
1548 2173 1588 2238 de
1609 2174 1814 2238 fraternitate

158 2281 213 2338 tua
246 2275 377 2359 plenam
413 2276 446 2339 in
469 2275 611 2342 Domino
641 2278 790 2342 fiduciam
822 2279 1026 2356 obtinentes,
1060 2298 1120 2362 per
1153 2277 1334 2362 apostolica
1368 2277 1429 2341 tibi
1464 2277 1584 2363 scripta
1613 2277 1816 2355 mandamus,

162 2379 315 2462 quatinus
339 2379 562 2446 satisfactione
585 2381 626 2445 ab
649 2381 826 2446 heredibus
851 2381 996 2445 defuncti
1021 2403 1119 2467 super
1136 2380 1310 2445 homicidio
1335 2387 1368 2444 66
1390 2381 1543 2446 incendio
1567 2381 1704 2467 prestita
1728 2401 1815 2444 com-

157 2483 300 2568 petenti,
331 2505 429 2568 super
460 2485 522 2549 hoe
552 2486 745 2550 auctoritate
774 2493 887 2549 nostra
914 2485 1030 2564 facias,
1059 2484 1145 2570 quod
1175 2485 1355 2549 secundum
1378 2484 1487 2550 Deum
1511 2492 1544 2549 66
1567 2485 1636 2550 6166
1661 2483 1814 2548 scandalo

157 2585 278 2650 videris
300 2585 497 2654 faciendum.

265 2706 341 2772 Dat.
367 2708 518 2776 Lateran.
541 2708 625 2774 XVI
646 2707 720 2773 Kal.
744 2707 873 2774 Ianuar.
896 2732 982 2775 anno
1006 2711 1158 2798 septimo.

780 2955 1192 2962 ffl———u-—m

942 3181 1028 3254 114.

268 3293 456 3386 fflaertas
478 3322 544 3386 III
557 3343 645 3402 papa
661 3321 848 3385 Hermanno
870 3321 1018 3402 arapistro
1040 3325 1068 3384 et
1089 3323 1246 3400 fratribus
1262 3322 1396 3387 Sanctae
1412 3322 1543 3386 Martae
1561 3320 1817 3386 theotonicorum

95 3473 103 3483 -
160 3431 317 3494 libertates
339 3431 368 3490 ct
390 3426 600 3490 immanitates
621 3426 663 3488 as
688 3425 728 3487 ab
753 3422 892 3488 Otalearo
914 3445 982 3505 repe
1004 3424 1172 3488 Bclremiac
1195 3444 1361 3503 concessae,
1383 3426 1463 3489 sieut
1486 3425 1520 3488 ia
1536 3425 1704 3507 pmetlepio
1724 3442 1818 3502 saper

159 3532 213 3597 hoe
233 3553 265 3595 a.
289 3534 383 3608 1222,
405 3530 487 3611 Ara.
511 3531 555 3592 26
576 3527 710 3607 eoafeeta
731 3533 761 3591 et
781 3527 831 3592 616
852 3528 969 3590 inserto
993 3528 1176 3608 coatiaetar,
1199 3531 1372 3610 confirmat.
1508 3530 1602 3605 1222,
1624 3526 1699 3591 Dee.
1724 3527 1773 3587 19.

264 3651 337 3705 Ηοπ.
358 3653 411 3703 ΙΙΙ
426 3649 495 3718 Rep.
520 3647 647 3711 166117,
670 3651 714 3711 22,
732 3651 785 3712 23,’
810 3646 873 3700 Lib.
899 3646 961 3715 VII,
986 3651 1031 3700 80.
1077 3649 1114 3701 Ia
1138 3648 1230 3702 codice
1252 3649 1307 3702 talr.
1331 3665 1387 3719 rep.
1406 3648 1498 3701 Beral.
1516 3646 1542 3700 h.
1560 3648 1586 3701 I.
1608 3649 1635 3700 0.
1655 3651 1688 3699 12
1705 3645 1754 3714 sol.
1774 3645 1817 3706 ΙΙ,

160 3738 425 3794 1236661661166
447 3735 571 3804 formula
595 3733 811 3793 confirmationis
830 3733 945 3802 papatis
961 3735 1166 3803 praemittitur,
1192 3751 1263 3804 areae
1286 3736 1315 3788 ta
1339 3734 1420 3803 copia
1440 3733 1547 3787 Pertzt'r'
1567 3748 1623 3786 aaa
1642 3731 1757 3799 lapiton
1780 3731 1817 3798 es.

159 3825 290 3890 strotella,
313 3824 378 3876 Tot.
396 3821 455 3876 ord.
481 3819 576 3875 Tteut.
592 3836 621 3888 p.
639 3823 697 3884 161,
715 3837 741 3873 a.
759 3823 821 3875 176.

263 3911 401 3974 Potthaat,
420 3909 490 3977 Ray.
510 3910 591 3960 6901.

280 4147 289 4164 .
320 4146 328 4163 .
356 4089 565 4181 magistro
593 4091 633 4160 et
659 4085 880 4158 fratribus
908 4083 1166 4176 Hospitalis
1193 4088 1352 4157 sancte
1379 4083 1515 4158 Maria
1542 4083 1701 4156 domus

596 4207 979 4280 Theutonicorum
1006 4205 1378 4279 lerosolimitane.

268 4352 309 4415 ln
337 4350 468 4414 nomine
497 4354 608 4414 sancte
639 4348 807 4412 Trinitatis
837 4354 871 4412 et
900 4346 1065 4411 individue
1094 4347 1227 4410 unitatis
1256 4367 1318 4430 ego
1343 4344 1508 4425 Odoacar,
1536 4365 1595 4408 rex
1618 4343 1817 4409 Boemorum

166 4457 300 4530 tertius,
340 4453 533 4517 Hermanno
567 4452 723 4536 magistro
758 4450 943 4536 Hospitalis
982 4457 1093 4515 sancte
1128 4450 1231 4514 Marie
1266 4448 1382 4513 domus
1414 4448 1692 4512 Thcutonicorum
1726 4448 1816 4513 Iero-

86 4616 90 4626 .
164 4561 349 4624 solimitane
373 4558 509 4642 eiusque
533 4555 697 4634 fratribus,
721 4563 786 4618 tam
810 4554 1019 4639 presentibus
1044 4575 1138 4638 quam
1162 4555 1289 4634 futuris,
1313 4554 1345 4617 in
1370 4559 1575 4638 perpetuum.
1622 4552 1703 4616 Cum
1728 4553 1816 4635 regie

162 4661 407 4748 magnificentie
432 4667 465 4724 66
489 4659 707 4722 munificentie
729 4657 891 4723 beneficia
914 4657 955 4721 ad
978 4679 1092 4722 omnes
1115 4658 1330 4743 3666166661ο
1355 4655 1497 4719 debcant
1527 4655 1679 4735 extendi,
1707 4663 1819 4718 666616

163 4779 273 4834 tamen
297 4766 445 4830 consulte
469 4763 616 4828 decrevit
639 4763 798 4827 serenitas
823 4783 880 4826 cos
904 4762 990 4826 tueri
1013 4762 1179 4847 potentius
1206 4767 1239 4825 et
1263 4761 1373 4824 fovere
1391 4759 1596 4838 clementius,
1621 4759 1676 4844 qui
1700 4757 1818 4821 divinis

162 4870 356 4938 insudantes
397 4867 563 4952 obsequiis
605 4887 669 4930 non
710 4866 814 4929 solum
855 4887 907 4930 166
951 4886 1027 4929 6666
1067 4886 1125 4950 pro
1160 4864 1262 4930 Terre
1296 4863 1415 4928 Sancta
1450 4861 1640 4927 defensione
1682 4860 1819 4944 largiter

163 4972 374 5061 expendunt,
410 4979 461 5035 set
499 4971 598 5034 etiam
631 4990 767 5055 corpora
801 4990 861 5033 666
891 4969 999 5033 animo
1032 4969 1269 5056 imperturbato
1305 4976 1338 5034 et
1372 4969 1490 5032 affectu
1525 4968 1579 5053 pio
1615 4965 1818 5052 gravissimis

165 5077 321 5166 periculis
345 5079 513 5160 exponunt
536 5072 697 5138 devotius.
742 5071 880 5136 Noverit
902 5073 1012 5157 itaque
1035 5078 1101 5135 tam
1125 5094 1261 5157 presens
1285 5079 1356 5138 etas
1380 5093 1476 5157 quam
1500 5071 1608 5135 166616
1631 5070 1817 5156 posteritas,

164 5180 251 5266 quod
275 5201 334 5244 nos
358 5177 471 5242 domos
501 5183 535 5241 66
558 5177 787 5263 possessiones
818 5183 852 5240 et
875 5175 992 5240 fratres
1015 5175 1201 5261 Hospitalis
1231 5183 1341 5240 sancte
1365 5175 1467 5239 616116
1497 5172 1612 5237 donrus
1635 5172 1817 5236 Thcutoni-

164 5305 276 5349 corum
299 5280 563 5346 lerosolimitanc
587 5287 621 5344 ct
643 5280 776 5365 insuper
798 5299 911 5343 omnes
934 5280 968 5342 in
991 5299 1105 5343 eorum
1129 5280 1393 5365 possessionibus
1415 5278 1600 5344 habitantes
1625 5276 1819 5342 constitutos

164 5391 197 5454 in
221 5408 324 5472 regno
348 5393 477 5464 nostro,
500 5385 621 5448 tamin
645 5383 785 5447 Boemia
807 5403 903 5467 quam
925 5383 958 5447 iu
981 5382 1128 5448 Moravia
1151 5406 1210 5449 seu
1233 5384 1266 5448 in
1289 5384 1361 5447 61116
1385 5381 1559 5469 provinciis
1584 5401 1685 5466 regno
1707 5385 1819 5443 nostro

352 5545 501 5552 Μ-..
507 5543 895 5550 μ--μ--μ--νη-
1645 5543 1710 5548 .--

280 5647 304 5712 ·)
323 5647 488 5698 1161666166
506 5645 538 5696 R.
621 5643 644 5708 b)
663 5647 680 5697 ι’.
698 5661 719 5695 e.
738 5643 836 5694 reddito
855 5644 886 5695 lt.
969 5643 990 5710 ⁰)
1008 5647 1128 5713 geralitor
1146 5645 1178 5696 n.

271 5753 332 5802 1666.
352 5752 430 5802 Posr.
449 5751 468 5801 l.
