4590 6366
761 352 959 406 arrsromn
978 333 1165 408 suaseras.
1203 353 1278 408 raso.
1779 355 1838 418 ool

197 521 347 589 absoluta
370 525 438 588 suis
461 525 589 598 actibus
612 526 764 591 fermenti
787 527 892 592 minus
921 527 1085 612 ingereret
1108 525 1173 590 odii
1197 529 1249 592 vel
1271 527 1408 607 amoris,
1438 528 1493 612 qui
1524 549 1560 594 se
1588 529 1694 615 ipsum
1724 535 1757 594 et
1784 549 1843 593 suu

198 630 386 715 relinquens
424 631 458 693 in
491 630 593 694 divini
624 633 743 696 amoris
782 633 988 697 altitudinem
1023 633 1196 696 evolasset.
1259 632 1340 706 Quis
1381 632 1468 696 illius
1509 633 1689 698 sinceritati
1728 653 1843 718 rugam

201 733 395 818 suspicionis
423 734 567 810 obicere,
600 737 671 820 quis
695 738 781 801 illius
810 738 985 823 puritatem
1007 758 1091 801 nevo
1120 737 1319 823 duplicitatis
1343 737 1493 822 opposito
1516 738 1637 823 poterit
1660 737 1843 817 obfuscare,

200 858 297 923 quem
317 846 470 925 suscepta
492 840 706 926 professionis
736 841 832 906 beate
861 842 976 926 religio
1006 842 1094 906 carni
1118 849 1151 906 et
1174 841 1294 906 mundo
1318 840 1468 920 abstulit,
1501 861 1600 924 quem
1621 839 1695 906 Deo
1718 841 1842 905 fructus

200 940 411 1006 laudabilium
434 964 568 1028 operum
592 945 706 1009 etrite
724 947 879 1010 sanctitas
896 945 1153 1010 commendavit?
1177 944 1247 1008 Neo
1264 945 1349 1009 euim
1371 944 1461 1009 locus
1481 935 1615 1028 originis
1628 952 1715 1009 recte
1733 952 1844 1010 contra

198 1066 273 1110 eum
290 1045 322 1108 in
341 1047 537 1132 suspicionis
559 1056 786 1134 argumentum
803 1050 966 1114 inducitur
976 1051 996 1130 ¹,
1020 1071 1093 1114 oum
1115 1070 1180 1113 non
1204 1048 1331 1112 bonitas
1354 1047 1495 1111 hominis
1511 1045 1710 1114 deformetur
1725 1071 1745 1113 a
1759 1049 1843 1130 loco,

200 1157 250 1214 set
272 1150 382 1234 potius
406 1151 469 1215 loci
493 1152 617 1216 malitia
639 1174 698 1238 per
720 1153 885 1218 hominem
909 1152 1111 1218 reformetur.
1156 1152 1278 1217 Probat
1300 1152 1372 1230 hoc,
1396 1149 1482 1236 quod
1505 1173 1566 1216 nec
1590 1153 1703 1238 pietati
1720 1152 1843 1217 Christi

198 1254 371 1339 quicquam
394 1254 532 1320 mundus
556 1255 717 1320 subtraxit
739 1257 873 1343 impius,
904 1278 965 1321 nec
997 1257 1104 1320 celum
1126 1257 1205 1320 feeit
1229 1263 1377 1320 sanctum
1400 1255 1574 1320 demonem
1595 1277 1656 1320 nee
1679 1256 1843 1320 hominem

198 1358 379 1444 paradisus.
414 1358 527 1423 Genus
544 1359 698 1424 etiamad
716 1367 804 1424 tuam
820 1360 1034 1424 intentionem
1050 1381 1115 1424 non
1139 1360 1299 1440 sufficere,
1322 1361 1419 1423 immo
1441 1380 1502 1424 nec
1517 1361 1675 1446 proficere
1691 1361 1842 1442 creditur,

200 1463 276 1548 quia
297 1463 416 1527 frustra
435 1464 468 1527 in
493 1464 549 1528 illo
574 1465 744 1549 parentele
766 1465 844 1528 vitia
865 1464 1152 1551 condempnantur,
1176 1465 1230 1550 qui
1252 1487 1312 1551 per
1335 1464 1590 1529 conversationis
1615 1471 1726 1529 sancta
1749 1486 1842 1530 mun-

197 1565 310 1630 ditiam
326 1588 345 1630 a
360 1568 465 1652 patria
481 1574 515 1631 et
530 1568 730 1653 parentibus,
747 1569 840 1654 quasi
856 1569 1005 1632 invirum
1022 1576 1164 1632 mutatus
1181 1569 1289 1647 alium,
1306 1568 1410 1632 factus
1427 1573 1479 1632 est
1494 1568 1625 1654 penitus
1637 1569 1841 1653 peregrinus.

199 1669 284 1743 Quid
307 1671 421 1756 plura?
445 1671 580 1736 Frustra
603 1672 680 1758 quid
703 1672 994 1758 adprobationem
1017 1672 1153 1736 alicuius
1177 1670 1350 1750 inducitur,
1375 1669 1461 1755 quod
1476 1668 1558 1734 illud
1572 1691 1633 1734 neo
1656 1671 1844 1756 frequenter

197 1795 259 1839 nec
286 1774 551 1860 inseparabiliter
577 1777 757 1841 comitatur.
812 1775 1015 1860 Suffragatur
1037 1783 1147 1840 autem
1175 1776 1215 1840 ad
1242 1776 1305 1840 hoc
1336 1775 1558 1840 testimonium
1588 1774 1698 1840 dilecti
1727 1775 1785 1838 filii
1809 1825 1841 1841 ..

197 1877 346 1962 magistri
378 1878 551 1965 hospitalis
584 1887 697 1944 sancte
725 1879 829 1945 Maria
860 1879 1144 1959 Teutonioomm²,
1174 1887 1207 1943 et
1236 1880 1276 1961 ei,
1307 1878 1414 1965 quod⁸
1442 1879 1507 1944 alia
1533 1878 1605 1942 vice
1634 1879 1740 1965 ipsum
1770 1900 1844 1944 cum

201 1981 321 2046 dilecto
344 1982 411 2046 filio
433 1990 546 2048 nostro
569 1983 690 2048 Ottone
714 1983 826 2048 Sancti
848 1983 977 2048 Nicolai
1004 1984 1036 2046 in
1058 1982 1197 2048 Caruere
1221 1982 1371 2047 Tulliano
1396 1982 1533 2046 diacono
1557 1981 1714 2046 cardinali
1737 1990 1842 2048 trans-

197 2087 356 2150 missum³
379 2087 440 2150 tibi
464 2095 652 2174 suspectum
667 2088 769 2153 fuisse
789 2089 921 2167 asseris,
945 2087 1137 2171 refragatur,
1161 2107 1233 2150 cum
1250 2087 1355 2172 ipsum
1372 2085 1471 2150 nichil
1487 2084 1618 2166 fecisse,
1641 2085 1728 2150 uude
1746 2087 1842 2151 celsi-

198 2189 303 2254 tudini
327 2191 488 2276 imperiali
512 2199 683 2277 suspectus
706 2193 822 2256 merito
845 2193 982 2257 deberet
1004 2190 1128 2267 haberi,
1153 2212 1261 2256 eoram
1285 2189 1379 2254 nobis
1402 2189 1534 2274 publiea
1561 2209 1641 2253 voce
1665 2189 1787 2255 dixerit
1810 2197 1843 2255 et

187 2287 273 2359 'eum
297 2295 383 2359 cirea
405 2295 668 2360 observationem
697 2296 821 2360 iustitie
853 2296 1029 2382 plurimum
1059 2293 1301 2360 commendarit.
1358 2292 1565 2358 Erubescere
1597 2293 1696 2379 igitur
1722 2294 1845 2380 poterit

198 2419 301 2463 novus
324 2401 459 2484 logycus
483 2399 524 2464 de
547 2399 641 2464 nobis
669 2401 746 2463 mali
777 2401 915 2464 alicuius
939 2400 1067 2464 initium
1089 2399 1142 2462 vel
1164 2397 1371 2484 participium
1394 2397 1614 2483 paralogismo
1638 2397 1842 2480 concludere,

201 2502 293 2566 cuius
317 2489 494 2568 falsitatem
517 2506 614 2568 etiam
638 2504 780 2590 imperiti
808 2503 849 2569 de
879 2504 976 2589 longe
1009 2504 1216 2590 speculantes
1245 2509 1382 2588 possunt
1410 2503 1483 2567 luca
1507 2502 1625 2567 clarius
1648 2502 1843 2589 improbare,

199 2630 272 2674 cum
296 2609 425 2694 publice
448 2609 571 2673 bonum
595 2616 627 2673 et
651 2609 823 2673 manifesta
846 2608 923 2672 boni
954 2607 1081 2693 species
1114 2607 1226 2686 fuerit,
1260 2605 1347 2689 quod
1374 2605 1504 2690 legatus
1533 2605 1574 2670 ad
1604 2606 1843 2672 reformandam

198 2733 313 2799 pacem
336 2714 421 2777 inter
444 2719 476 2778 te
500 2735 538 2778 ac
560 2713 764 2778 Lombardos
788 2734 807 2776 a
830 2712 922 2776 nobis
947 2711 1128 2776 destinatus
1156 2711 1311 2791 accessit,
1340 2711 1391 2775 cui
1414 2711 1515 2775 nichil
1538 2710 1657 2798 posseb
1681 2710 1842 2775 credimus

197 2817 360 2902 imputari,
385 2817 413 2880 si
437 2837 475 2880 eo
498 2824 652 2903 presente
676 2815 790 2880 sedata
814 2816 878 2878 sint
900 2815 1056 2879 intestina
1078 2813 1166 2878 bella
1184 2813 1364 2895 Placentia,
1389 2815 1416 2878 si
1438 2815 1547 2900 alique
1571 2815 1720 2880 civitates
1743 2814 1842 2878 Lom-

146 2965 149 2972 -
198 2919 322 2996 bardie,
345 2918 492 2983 cladibus
515 2921 693 3005 preliorum
716 2941 887 3005 oppresse,
911 2918 952 2982 ad
974 2919 1065 3004 pacis
1088 2918 1211 2983 fuerint
1233 2917 1441 2983 dulcedinem
1465 2919 1611 2984 invitate.
1657 2918 1842 2992 Quinimmo

123 3050 149 3089 25

200 3024 261 3088 tibi
284 3022 325 3087 ad
347 3024 514 3088 infamiam
530 3030 709 3110 reputatur,
733 3023 828 3110 quod,
853 3023 995 3088 eeclesia
1010 3033 1087 3088 suoc
1109 3024 1236 3110 prefato
1253 3023 1417 3089 mediante
1438 3025 1558 3108 legato,
1582 3043 1697 3108 pacem
1714 3023 1843 3109 imperii

198 3127 385 3212 dedigneris
402 3129 454 3193 vel
476 3149 542 3192 non
564 3128 697 3213 patiaris
713 3127 821 3213 potius
837 3127 1015 3191 reformari.
1052 3127 1110 3192 Set
1127 3134 1177 3192 est
1191 3128 1331 3192 fortasse
1348 3129 1403 3212 qui
1419 3127 1514 3208 dicat,
1538 3126 1623 3212 quod
1639 3126 1715 3191 dum
1731 3133 1845 3192 contra

197 3230 247 3295 fas
271 3238 304 3295 et
325 3231 449 3295 licitum
473 3233 661 3318 episcopum
684 3231 844 3317 prefatum
868 3231 932 3294 tuis
956 3252 1021 3295 non
1045 3230 1146 3296 habes
1170 3232 1255 3296 votis
1278 3231 1409 3295 omnino
1431 3231 1618 3316 propitium,
1642 3251 1717 3295 eum
1740 3231 1842 3316 impe-

199 3335 333 3399 rialibus
356 3336 496 3399 extimes
512 3335 684 3399 desideriis
708 3335 885 3414 inimicum,
909 3343 942 3400 et
958 3357 1021 3420 quo
1045 3337 1193 3422 equalius
1216 3335 1355 3400 eundem
1372 3335 1414 3398 ad
1429 3335 1598 3419 quodlibet
1620 3335 1843 3422 oppositorum

199 3446 396 3518 extremum,
427 3449 463 3506 ut
490 3449 625 3528 utraque
649 3464 748 3506 unum
772 3443 910 3518 efficiat,
940 3442 1105 3508 declinare
1134 3443 1361 3528 perspexeris,
1390 3463 1428 3507 eo
1458 3441 1574 3506 fortius
1605 3440 1712 3524 ipsum
1746 3438 1843 3503 celsi-

199 3544 320 3609 tudinis
343 3552 398 3608 tue
421 3546 621 3630 profectibus
644 3547 842 3610 contrarium
865 3547 1053 3632 suspiceris.
1097 3545 1149 3610 De
1163 3568 1237 3632 quo,
1262 3548 1289 3610 si
1312 3547 1430 3633 placet,
1453 3543 1844 3610 obtrectationiscessent

199 3649 366 3735 obloquia,
395 3650 569 3715 cuiuslibet
598 3651 767 3736 prudentis
802 3659 835 3715 et
867 3650 947 3716 boni
973 3652 1131 3737 principis
1157 3651 1302 3716 moribus
1326 3651 1473 3728 inimica,
1507 3648 1562 3734 qui
1591 3649 1637 3713 sic
1667 3648 1718 3711 ius
1749 3667 1843 3711 suum

198 3751 339 3818 discrete
356 3754 570 3839 prosequitur,
594 3754 680 3840 quod
696 3754 729 3817 in
745 3755 877 3834 nullius,
900 3756 1075 3840 presertim
1091 3755 1236 3819 timentis
1252 3755 1360 3820 Deum
1377 3762 1410 3820 et
1426 3754 1584 3841 episcopi,
1608 3751 1844 3816 detractionem

199 3863 351 3920 armatur.
400 3856 524 3920 Vemm
551 3878 593 3921 ue
619 3858 729 3943 aliqua
757 3857 797 3922 de
828 3857 906 3922 sede
937 3858 1119 3944 apostoliea
1147 3881 1223 3924 rere
1254 3860 1307 3924 vel
1335 3864 1534 3944 apparenter
1561 3855 1756 3921 excellentie
1787 3862 1842 3918 tue

200 3960 333 4045 querela
349 3967 533 4044 consurgat,
557 3961 617 4024 tibi
633 3969 746 4025 contra
761 3961 943 4047 predictum
959 3964 1114 4046 legatum,
1139 3961 1255 4048 queml
1278 3962 1420 4027 nondum
1437 3961 1588 4047 probatio
1605 3981 1664 4024 seu
1680 3959 1843 4023 confessio

137 4111 142 4124 .
201 4064 320 4129 obiecti
343 4064 487 4128 criminis
511 4072 544 4128 et
567 4065 669 4148 ignoti
694 4066 867 4146 convincit,
891 4066 1034 4151 experiri
1057 4065 1180 4130 volenti
1203 4088 1313 4130 sumus
1337 4066 1495 4130 iustitiam
1519 4064 1676 4130 exhibere
1699 4063 1815 4149 parati.

122 5109 147 5148 45

306 4166 473 4247 Ceterum,
497 4189 537 4232 ne
566 4190 665 4254 super
695 4169 873 4255 imperialis
898 4169 1101 4234 celsitudinis
1124 4170 1164 4235 de
1189 4170 1403 4252 cohercenda,
1426 4177 1462 4234 ut
1485 4169 1549 4233 tuis
1572 4167 1682 4232 verbis
1705 4174 1843 4246 utamur,

200 4272 403 4337 contumacia
416 4271 675 4336 Lombardorum
697 4274 875 4359 petitione⁰
898 4275 1144 4359 responsionem
1167 4273 1337 4339 videamur
1358 4296 1418 4362 per
1440 4273 1640 4338 oblivionem
1662 4272 1714 4336 vol
1738 4271 1843 4356 negli-

199 4378 342 4462 gentiam
356 4375 533 4457 distulisse,
552 4365 657 4441 diotus
672 4379 828 4462 magister
839 4378 900 4442 tibi
915 4379 1105 4443 satisfacere
1118 4379 1234 4465 potuit,
1250 4379 1291 4443 de
1311 4380 1402 4444 cuius
1419 4377 1555 4444 consilio
1571 4375 1725 4441 dilectum
1741 4376 1844 4440 filium

200 4480 261 4544 Q*
284 4479 516 4544 subdiaconum
540 4487 574 4544 et
590 4481 794 4566 capellanum
816 4490 964 4546 nostrum
988 4481 1028 4546 ad
1052 4482 1256 4547 tractandum
1272 4482 1312 4548 de
1333 4504 1414 4569 paee
1431 4482 1584 4547 duximus
1601 4479 1843 4544 destinandum.

201 4584 308 4658 Quare
332 4584 501 4669 responsio
524 4584 584 4648 tibi
611 4592 703 4668 grata
726 4605 792 4648 nou
813 4593 942 4672 poterat
956 4586 1037 4666 fieri,
1061 4608 1120 4672 per
1137 4608 1233 4673 quem
1251 4593 1426 4651 tractatum
1442 4584 1615 4650 concordie
1633 4584 1844 4669 contingebat

199 4688 329 4773 penitus
352 4687 513 4773 impediri.
559 4687 628 4752 Nec
652 4688 750 4752 etiam
772 4689 867 4753 nobis
890 4689 931 4754 de
955 4690 1085 4755 obieeta
1108 4691 1156 4754 eis
1180 4693 1384 4756 contumacia
1408 4689 1567 4769 constitit,
1601 4687 1642 4753 ad
1676 4709 1757 4774 quos
1784 4710 1843 4775 pro

199 4792 284 4854 facto
308 4791 437 4877 imperii
459 4791 646 4855 mandatum
670 4793 900 4877 apostolicum,
929 4794 981 4857 cui
1004 4793 1147 4878 superba
1170 4795 1296 4858 cervice
1321 4794 1519 4874 restiterint,
1541 4792 1726 4857 nullatenus
1755 4811 1844 4856 erna-

199 4894 302 4971 naviu
327 4895 502 4981 quinimmo
527 4896 796 4981 compromissum
820 4896 852 4959 in
875 4917 990 4960 manus
1013 4904 1141 4962 nostras
1158 4898 1337 4963 venerabili
1353 4897 1452 4962 fratre
1475 4904 1587 4961 nostro
1611 4896 1845 4982 ..patriarcha

197 4997 426 5063 Antiocheno⁵
448 5008 642 5085 procurante
671 5007 769 5085 teque
800 5007 934 5085 petente
959 5001 1145 5082 firmantes,
1175 5002 1239 5065 etsi
1267 5001 1351 5065 infra
1380 5007 1510 5085 tempus
1540 4999 1667 5063 nunciis
1697 4999 1762 5062 tuis
1785 5020 1844 5084 pro

200 5109 256 5166 tua
285 5102 451 5166 voluntate
481 5103 640 5188 prefixum
670 5104 711 5167 ad
740 5110 885 5168 nostram
914 5104 1113 5190 presentiam
1145 5105 1258 5171 venire
1288 5104 1511 5192 nequiverint,
1543 5102 1702 5166 maculam
1734 5111 1845 5167 tamen

303 5261 443 5268 --Ἣ
1131 5265 1223 5270 --
1232 5262 1482 5270 ---..——.———.-
1489 5261 1536 5266 ...-

301 5365 322 5426 “)
342 5363 426 5432 Iluyu.
447 5375 469 5416 et
488 5365 522 5415 ΙΙ.
531 5365 576 5427 Β.;
602 5368 646 5433 qui
674 5366 703 5416 P.
813 5365 836 5430 ι’)
855 5365 939 5432 Rayn.
965 5376 988 5418 et
1015 5366 1107 5426 H.B.,·
1132 5368 1200 5418 circa
1225 5383 1299 5433 possa
1318 5365 1347 5416 P.
1455 5367 1475 5430 ⁸)
1493 5364 1537 5426 P.,·
1562 5381 1608 5416 seu
1627 5364 1711 5432 Rupes.
1730 5372 1753 5414 et
1770 5363 1845 5415 ΗΒ.

210 5446 232 5514 dl
252 5449 295 5512 r,-
312 5467 363 5516 que
381 5449 465 5518 haya
483 5460 506 5502 a
524 5451 595 5503 aa.
675 5453 696 5518 e)
714 5452 759 5514 r,-
777 5453 898 5520 pensons
916 5453 984 5504 (usu
1001 5469 1043 5520 ap.
1062 5451 1146 5518 Rapa
1166 5461 1189 5502 a
1206 5449 1280 5502 ,un

303 5569 329 5632 1)
348 5567 508 5639 Episcopus
526 5569 691 5636 Placentiae,
709 5587 790 5640 quum
801 5569 938 5624 ciuitatem
950 5569 985 5622 ab
997 5569 1162 5637 imperatore
1174 5567 1387 5632 abalienaverat,
1405 5573 1490 5622 uatus
1502 5573 1569 5623 erut.
1638 5567 1665 5634 2)
1684 5566 1845 5622 Hernicum.

198 5655 225 5724 3)
245 5671 271 5710 a.
289 5659 375 5716 1232,-
393 5656 430 5723 cf.
449 5672 474 5708 a.
494 5659 557 5709 466.
626 5659 654 5726 4)
674 5655 839 5730 (frepus-ium
856 5657 889 5710 de
906 5654 1050 5710 Romania.
1120 5656 1147 5722 b)
1165 5652 1285 5708 alberto.

301 5755 363 5808 lira
381 5755 461 5806 Pom.
481 5755 500 5806 1.
1608 5749 1641 5804 76
