4596 6406
789 385 990 440 EPISTOLAE
1007 387 1197 444 SELECTAE.
1234 387 1309 443 1240.

311 559 351 628 In
375 558 514 624 eundem
539 559 672 625 modum
698 561 866 626 ..abbati
890 567 924 627 et
947 563 1124 628 conventui
1145 561 1363 626 Fiscannensi
1373 562 1394 626 ¹.

311 662 351 725 In
375 661 514 728 eundem
538 661 670 727 modum
696 711 729 728 ..
753 663 865 729 abbati
889 671 922 730 et
945 667 1121 732 conventui
1143 664 1312 730 Dolensi².

311 766 351 829 In
375 765 515 831 eundem
538 766 670 831 modum
695 815 729 832 ..
753 768 864 832 abbati
882 776 916 834 et
931 771 1107 836 conventui
1129 769 1242 834 Sancti
1257 768 1390 834 Martini
1405 767 1635 835 Landunensis
1652 793 1711 858 pro
1735 769 1862 835 duobus

203 868 337 933 milibus
360 868 518 934 librarum
542 870 794 937 Turonensium.

143 986 155 1024 ⁵
317 971 355 1036 In
378 973 519 1038 eundem
542 973 674 1038 modurn
698 1023 731 1040 ..
754 977 941 1061 preceptori
965 983 997 1040 et
1020 976 1174 1040 fratribus
1198 975 1366 1040 domorum
1389 975 1503 1041 militie
1519 976 1647 1063 Templi
1670 978 1703 1042 in
1724 977 1863 1041 Francia

205 1095 263 1159 pro
286 1073 415 1140 duobus
438 1077 568 1142 milibus
592 1099 785 1144 marcarum.

314 1178 353 1242 ln
377 1179 518 1245 eundem
540 1181 673 1246 modum
697 1231 729 1246 ..
754 1184 941 1268 preceptori
964 1190 997 1249 et
1019 1182 1175 1248 fratribus
1204 1182 1373 1248 domorum
1396 1183 1580 1270 Hospitalis
1603 1183 1859 1249 Ierosolimitani

206 1282 240 1345 in
262 1281 402 1347 Francia
424 1305 482 1369 pro
506 1284 651 1350 totidem.

312 1385 352 1450 ln
375 1387 515 1452 cundem
540 1389 672 1453 modurn
696 1438 729 1455 ..
753 1389 866 1454 Ottoni
884 1390 995 1454 Sancti
1011 1389 1140 1454 Nicolai
1164 1390 1197 1453 in
1213 1389 1353 1455 Carcere
1370 1388 1520 1454 Tulliano
1541 1389 1677 1456 diacono
1695 1389 1863 1470 cardinali,

132 1506 157 1544 ιο
210 1490 392 1575 apostolice
417 1492 506 1556 sedis
528 1493 654 1577 legato,
683 1515 803 1578 usque:
833 1494 1025 1572 incurrisse,
1056 1493 1289 1558 discretionem
1319 1500 1407 1557 tuam
1437 1515 1606 1558 monemus
1634 1502 1667 1560 et
1694 1495 1863 1559 hortamur

209 1599 345 1674 attente,
369 1619 429 1682 per
450 1599 631 1684 apostolica
654 1598 713 1662 tibi
737 1599 858 1684 scripta
874 1598 1078 1678 mandantes,
1102 1599 1265 1684 quatinus,
1289 1599 1372 1662 sicut
1387 1597 1496 1684 diligis
1511 1597 1668 1664 honorem
1683 1596 1862 1684 apostolice

208 1697 295 1762 sedis
318 1705 352 1762 et
375 1706 530 1781 nostram,
553 1701 726 1787 pecuniam
749 1702 781 1765 in
799 1702 931 1786 Anglie,
955 1702 1064 1768 Scotie
1088 1725 1126 1766 ac
1142 1701 1290 1767 Ybernie
1314 1702 1425 1786 regnis
1448 1724 1507 1788 pro
1532 1703 1672 1768 ecclesie
1690 1703 1862 1768 collectam

208 1803 354 1868 subsidio
378 1809 412 1867 et
434 1804 535 1868 etiam
558 1803 798 1889 colligendam·
819 1805 938 1870 dilecto
961 1806 1026 1869 lilio
1050 1805 1142 1869 fratri
1158 1802 1319 1869 Riccardo
1343 1803 1383 1869 de
1407 1804 1504 1870 domo
1528 1806 1641 1872 militie
1660 1805 1798 1891 Templi,
1821 1803 1863 1870 ad

208 1905 476 1971 satisfaciendum
499 1906 539 1972 de
567 1909 640 1994 ipsa
670 1907 888 1974 creditoribus
917 1909 1089 1974 antedictis
1121 1909 1208 1996 apud
1240 1909 1372 1973 domum
1401 1908 1550 1974 eiusdem
1581 1910 1694 1976 militie
1717 1909 1862 1974 Parisios

208 2011 396 2096 peripsum
419 2010 560 2077 fideliter
582 2012 803 2095 deferendam,
828 2035 985 2101 procures
1009 2013 1202 2098 quantocius
1226 2014 1395 2098 assignare
1407 2013 1430 2094 ³,
1461 2014 1508 2079 ita
1531 2012 1619 2099 quod
1641 2035 1684 2078 ex
1707 2013 1862 2077 dilatione

207 2113 380 2177 solutionis
403 2113 591 2179 huiusmodi
614 2115 710 2180 sedes
734 2116 915 2202 apostolica
940 2115 1148 2202 dispendium
1171 2138 1237 2181 non
1266 2118 1424 2198 incurrat,
1454 2139 1580 2203 nosque
1610 2115 1863 2181 sollicitudinem

208 2224 296 2283 tuam
329 2220 448 2285 exinde
477 2221 509 2284 in
537 2220 679 2286 Domino
709 2221 992 2299 commendemus,
1029 2222 1247 2308 rescripturus
1276 2221 1372 2287 nobis
1400 2222 1477 2308 quid
1507 2229 1540 2286 ct
1568 2226 1723 2306 quantum
1755 2217 1864 2283 eidem

207 2321 299 2387 fratri
322 2323 457 2389 duxeris
481 2325 724 2410 assignandum.

319 2446 397 2510 Dat.
420 2447 572 2512 Lateran.
598 2445 681 2510 VIII
704 2446 782 2511 Idus
806 2446 983 2511 Novembr.
1007 2469 1092 2512 anno
1114 2446 1229 2514 XIIII.

318 2567 358 2632 In
382 2566 523 2633 eundem
553 2569 621 2633 lere
652 2567 784 2632 moduni
813 2570 971 2654 magistro
994 2569 1094 2636 Petro
1118 2568 1235 2634 Rubeo
1263 2568 1381 2633 clerico
1409 2573 1521 2633 nostro
1549 2587 1668 2652 usquc:
1698 2586 1863 2629 commen-

209 2670 333 2736 demus.
383 2670 544 2744 Quocirca
570 2669 779 2752 mandamus,
811 2673 966 2758 quatinus
997 2674 1141 2758 legatum
1170 2672 1277 2758 ipsum
1307 2670 1348 2736 ad
1375 2671 1408 2736 id
1438 2671 1617 2736 sollicitans
1646 2669 1801 2733 attentius
1832 2673 1865 2731 et

211 2774 388 2840 exhortans
420 2774 527 2839 studio
556 2775 707 2860 diligenti
741 2796 915 2862 procures,
952 2776 1040 2863 quod
1070 2775 1258 2841 mandatum
1293 2781 1440 2840 nostrum
1471 2795 1570 2862 super
1597 2773 1660 2838 lroc
1689 2771 1866 2837 efficaciter

209 2878 393 2965 impleatur,
416 2879 463 2944 ita
486 2879 572 2964 quod
595 2880 766 2966 diligentia
789 2885 846 2944 tua
869 2880 989 2945 exinde
1013 2881 1121 2945 valeat
1145 2878 1375 2945 commendari.

322 2982 362 3046 In
386 2982 527 3048 eundem
550 2983 683 3048 modurn
705 2984 861 3070 magistro
886 2984 986 3050 Petro
1009 2983 1049 3050 de
1073 2985 1218 3072 Supinor
1242 2984 1391 3072 scriptori
1415 2987 1535 3048 nostro.

998 3456 1084 3528 788.

319 3567 510 3678 Grepoaus
531 3596 588 3662 IX
608 3619 699 3678 popa
725 3599 862 3678 capitato
890 3597 1092 3662 Anconitaao
1117 3600 1147 3660 ct
1171 3595 1252 3660 clero
1278 3592 1415 3657 civitatis
1442 3595 1470 3654 et
1496 3591 1625 3654 diocesis
1646 3591 1866 3654 anconitanae

210 3701 380 3785 significat,
409 3722 441 3765 sc
463 3699 690 3785 [Marcellino]
716 3701 857 3782 episcopo
879 3702 1026 3779 Aretino,
1054 3701 1111 3782 qai
1139 3697 1346 3765 aFridcrico
1374 3697 1455 3761 dr'cto
1482 3696 1667 3775 imperatore
1693 3693 1867 3758 reddttr'bus

210 3804 435 3887 erriscopalilrae
456 3803 611 3883 spalatus
632 3804 690 3884 sit,
715 3808 883 3884 proveraas
903 3804 1098 3886 crdscopctas
1111 3798 1308 3868 Arrcorrllarii
1330 3801 1527 3877 concessisse·
1548 3801 1664 3873 morrei,
1693 3800 1728 3860 at
1749 3797 1867 3861 eosdem

211 3909 240 3972 ci
261 3907 402 3972 calidae
424 3909 542 3970 errent.
1529 3903 1623 3980 1240,
1644 3899 1723 3966 Noc.
1749 3903 1779 3965 7.

316 4025 400 4097 (ἔτερ.
418 4025 468 4079 ΙΧ
485 4025 555 4096 Rep.
577 4025 635 4081 Vol.
661 4024 728 4093 VII,
747 4029 784 4079 33
790 4044 800 4093 ,·
819 4024 881 4080 Lib.
900 4024 984 4090 XIV,
1003 4028 1064 4079 184.

137 4283 163 4322 ω
254 4240 460 4332 Capitulo
488 4240 769 4314 Anconitano
798 4245 840 4314 et
866 4240 988 4314 clero
1017 4236 1219 4312 civitatis
1246 4240 1289 4309 et
1314 4234 1511 4308 diocesis
1538 4233 1832 4308 Anconitane.

324 4391 535 4458 Venerabilis
566 4391 669 4455 frater
694 4396 807 4455 noster
831 4437 865 4454 ..
890 4390 1065 4476 episcopus
1087 4385 1259 4466 Aretinus,
1288 4405 1493 4471 nequaquam
1526 4384 1653 4450 sincere
1681 4385 1866 4450 devotionis

214 4505 247 4562 et
270 4497 347 4562 fidei
369 4518 467 4583 quarn
491 4517 623 4581 sempor
647 4495 734 4558 circa
757 4493 869 4560 sedem
899 4492 1113 4581 apostolicam
1142 4490 1327 4556 observavit
1356 4489 1492 4569 oblitus,
1524 4489 1633 4576 potius
1657 4511 1677 4554 a
1698 4487 1866 4553 Friderico

214 4601 301 4665 dicto
324 4602 535 4686 imperatore,
565 4597 630 4664 Dei
662 4605 696 4663 ct
724 4599 864 4663 ecclesie
897 4599 1046 4678 inimico,
1078 4594 1327 4684 persecutiones
1355 4601 1389 4658 et
1418 4593 1482 4658 alia
1505 4593 1733 4679 temporalium
1757 4613 1867 4658 rerum

216 4705 387 4792 dispendia
409 4705 571 4769 sustinere
594 4703 707 4784 voluit,
730 4724 828 4789 quam
848 4702 889 4768 ab
913 4703 986 4789 ipsa
1012 4699 1187 4766 deuotione
1211 4698 1245 4762 in
1266 4698 1375 4783 aliquo
1398 4696 1592 4770 declinaret;
1623 4703 1757 4783 propter
1781 4695 1867 4782 quod

137 4833 163 4872 u
215 4829 285 4888 nos,
309 4809 471 4874 sustinere
495 4808 644 4872 nolentes
667 4806 754 4892 quod
776 4806 881 4887 idern,
910 4807 965 4891 qui
988 4826 1048 4891 per
1070 4803 1193 4868 dictum
1215 4799 1418 4864 Fridericum
1441 4799 1623 4865 redditibus
1646 4800 1714 4864 suis
1738 4800 1866 4886 episco-

214 4912 345 4999 palibus
369 4919 420 4976 est
443 4911 572 4997 penitus
597 4910 770 4997 spoliatus,
793 4911 827 4975 in
851 4909 1048 4996 episcopalis
1071 4905 1237 4992 dignitatis
1267 4910 1301 4968 et
1327 4903 1507 4988 apostolice
1538 4903 1626 4966 sedis
1658 4901 1868 4988 opprobrium

215 5014 402 5080 mendicare
432 5021 585 5099 cogatur,
619 5015 792 5100 presertim
826 5036 898 5079 cum
933 5015 1041 5100 ipsum
1071 5033 1130 5098 pro
1163 5009 1306 5096 negotiis
1339 5006 1480 5073 ecclesie
1508 5005 1542 5069 in
1571 5003 1717 5069 Marohia
1748 5005 1868 5070 morari

216 5119 425 5200 mandemus,
469 5120 499 5184 ei
532 5127 710 5206 proventus
747 5119 956 5206 episcopatus
994 5116 1193 5182 Anconitani
1227 5135 1285 5202 pro
1320 5110 1558 5177 sustentatione
1594 5129 1653 5172 sua
1687 5129 1794 5194 usque
1827 5107 1868 5172 ad

221 5231 368 5290 nostrum
390 5222 637 5307 beneplacitum
665 5222 817 5288 duximus
846 5223 1085 5288 concedendos.
1136 5220 1298 5294 Quocirca
1320 5215 1566 5281 universitatem
1589 5219 1731 5278 vestram
1754 5231 1867 5278 mone·

323 5385 348 5390 --.
356 5383 576 5390 *———-
582 5383 759 5390 --.----..
770 5385 792 5390 -.
798 5385 804 5390 -
812 5385 913 5391 ..Η-...-
919 5373 1764 5391 -υ--ᾕ--ῄ--ῇ--α---μ--ῳωι-

140 5503 168 5542 to
327 5483 353 5550 ⁸)
371 5485 516 5552 colligenda
535 5485 568 5538 R.
655 5483 682 5550 l’)
700 5485 781 5553 Supill
796 5485 827 5536 R.

321 5603 347 5672 1)
369 5601 488 5672 Ftcamp
507 5618 541 5656 ea
559 5603 744 5671 septentrione
760 5603 810 5656 cie.
826 5601 868 5656 Le
886 5601 982 5655 Horra
1003 5600 1034 5652 ia
1051 5613 1103 5652 ora
1120 5595 1273 5660 maritimas
1290 5593 1377 5650 autu
1391 5591 1552 5648 wettelmus
1570 5590 1632 5645 ΙΙΙ.
1701 5591 1729 5658 2)
1748 5593 1783 5644 [a
1800 5589 1869 5646 dioc.

219 5687 392 5750 Bramme
409 5687 447 5742 ad
458 5689 562 5762 flumen
579 5687 665 5746 lucre
683 5689 764 5746 aava
781 5688 831 5744 cia.
853 5687 1058 5746 coerceam.
1144 5683 1171 5754 3)
1192 5681 1235 5753 Cf.
1252 5699 1279 5737 οι
1301 5684 1364 5750 781,
1381 5678 1407 5734 1.
