4596 6406
1008 407 1055 461 EX
1075 407 1251 462 GREGOR-ll
1272 409 1308 461 IX
1329 407 1509 463 REGISTRO

1218 667 1298 733 XII.
1345 701 1348 706 ·

537 787 587 872 Al
590 787 723 873 ibertus]
744 788 811 853 dac
833 788 995 854 Senoniae
1011 809 1133 869 popam
1154 793 1258 871 repat,
1286 793 1321 852 nt
1344 787 1388 853 od
1408 787 1587 852 concordiae
1608 786 1755 851 anienem
1776 787 1918 852 accedere
1939 787 2090 870 dipnctm

400 885 402 890 ’
429 895 459 952 et
479 890 612 970 fratrem
638 892 818 958 Ocnrodmn
840 891 996 973 qreondom
1019 891 1232 973 lantpraoinm
1253 891 1453 956 mediatorem
1474 891 1605 955 existere
1622 891 1794 972 permittet.

1210 1093 1307 1158 XIII.

536 1214 730 1301 I[oleannes]
750 1219 780 1280 et
796 1215 901 1301 0[tto]
920 1215 1039 1296 fratres
1060 1215 1255 1280 marchiones
1276 1215 1313 1279 dc
1327 1214 1540 1299 Brandcbnrp
1554 1215 1655 1280 verbis
1670 1216 1798 1280 mutatis
1819 1215 1900 1278 idem
1920 1214 1988 1296 fere
2003 1213 2089 1294 qnod

428 1318 496 1382 dna
517 1319 554 1382 do
576 1319 747 1382 Brnnsroic
767 1320 918 1384 scribant.

1050 1565 1460 1573 ——--———-

1217 1843 1302 1916 ree.
1367 1815 1371 1824 '

535 1951 725 2062 Graecos
762 1981 817 2046 IX
847 2002 936 2063 papa
968 1982 1142 2068 [licetine]
1177 1983 1418 2065 archiepiscopo,
1450 1985 1558 2064 priori
1592 1983 1733 2064 [rutrum
1762 1982 2021 2047 Praedicotcrnm
2055 1985 2086 2046 et

430 2089 576 2153 ministro
594 2086 739 2171 fratrom
761 2084 929 2150 Minorem
943 2086 1178 2152 Beneventanis
1192 2086 1332 2165 mandat,
1354 2091 1390 2150 at
1408 2088 1523 2169 populo
1537 2087 1760 2152 Beneventano
1781 2086 1941 2169 oblepondi
1961 2086 2086 2169 repotia

426 2192 470 2257 ad
498 2193 598 2256 sedem
623 2188 824 2271 apostoticam
848 2190 1042 2269 pertinentia
1075 2209 1172 2272 usqne
1203 2190 1247 2254 ad
1271 2210 1424 2256 sesamam
1456 2191 1699 2273 quinpentarnm
1730 2190 1897 2254 unciarum
1923 2190 2000 2253 anri
2021 2211 2087 2270 pro

426 2295 650 2359 sustentatione
670 2292 799 2358 rectoris
820 2296 849 2355 et
866 2312 1042 2372 pauperum
1069 2292 1221 2358 labilium
1244 2293 1288 2359 ad
1295 2293 1506 2375 papnnndam
1528 2298 1558 2357 et
1578 2294 1777 2374 reparatione
1798 2313 1959 2357 mnramm
1980 2296 2086 2357 terrra

429 2419 504 2462 snae
525 2399 708 2479 fucultatem
728 2395 905 2463 concedant.
1694 2399 1787 2476 1240,
1810 2395 1917 2476 April.
1944 2399 1995 2460 10.

533 2516 614 2586 Grep.
634 2517 683 2570 IX
700 2517 768 2585 Rea.
790 2516 850 2572 Vol.
872 2516 940 2581 VII,
960 2520 991 2584 3;
1009 2515 1071 2572 Lib.
1090 2516 1175 2582 XIV,
1195 2522 1233 2572 tl.

532 2603 753 2674 Paterniana.
774 2606 875 2658 10865.

429 2858 465 2877 ..
489 2800 832 2892 archiepiscopo
861 2805 904 2873 et
932 2855 971 2873 ..
999 2801 1136 2891 priori
1163 2801 1352 2874 fratrum
1380 2798 1716 2873 Predieatorum
1744 2803 1785 2871 et
1813 2854 1847 2872 ..
1872 2797 2083 2871 ministro

847 2922 1037 2996 fratrum
1062 2923 1281 2996 Minerum
1308 2920 1658 2997 Beneventanis

536 3069 583 3135 Ut
611 3071 723 3137 dilecti
751 3071 810 3135 filii
836 3073 977 3158 populus
1007 3071 1261 3137 Beneventanus
1295 3071 1410 3137 fideles
1446 3071 1549 3135 nostri
1579 3069 1620 3133 ad
1649 3068 1874 3134 defensionem
1904 3075 1993 3132 terre
2023 3090 2083 3133 sue

429 3175 546 3240 fortius
570 3177 755 3241 animentur
777 3196 839 3240 nec
862 3176 1011 3241 rideatur
1034 3177 1083 3241 eis
1106 3176 1224 3242 deesse
1254 3177 1367 3240 auxilii
1396 3175 1499 3240 nostri
1528 3195 1660 3254 manus,
1692 3171 1899 3252 mandamus,
1928 3173 2083 3256 quatinus
2138 3175 2162 3212 ¹⁵

432 3278 599 3364 obligandi
631 3279 756 3363 regalia
787 3285 898 3344 nostra
928 3301 1032 3366 usque
1059 3281 1100 3346 ad
1130 3302 1289 3346 summam
1321 3280 1573 3366 quingentarum
1599 3279 1767 3342 unciarum
1801 3276 1888 3354 auri,
1923 3283 1989 3339 tem
2025 3297 2086 3361 pro

429 3382 666 3446 sustentatione
691 3431 699 3446 .
723 3432 731 3448 .
755 3383 892 3446 rectoris
916 3388 950 3447 et
973 3403 1154 3468 pauperum
1181 3383 1341 3447 habilium
1369 3382 1410 3446 ad
1439 3381 1649 3468 pugnandum
1673 3402 1769 3467 quam
1792 3400 1851 3465 pre
1874 3380 2085 3464 reparatione

427 3505 592 3549 murorum
616 3491 702 3550 terre
727 3486 873 3550 eiusdem
898 3486 1132 3571 expendendas
1149 3508 1210 3572 per
1224 3507 1340 3550 manus
1354 3493 1491 3567 vestras,
1515 3487 1562 3552 eis
1579 3485 1773 3550 auctoritate
1788 3489 1900 3548 nostra
1914 3483 2084 3547 licentiam

428 3589 631 3670 concedatis,
672 3597 805 3676 recepte
838 3591 928 3677 prius
963 3591 1004 3655 ab
1038 3592 1119 3677 ipsis
1150 3591 1326 3656 sufficienti
1355 3598 1388 3656 et
1416 3591 1534 3656 idonea
1564 3590 1714 3654 cautione
1744 3588 1830 3673 quod
1862 3587 2083 3672 oportunitate

425 3693 582 3780 temporis
599 3692 740 3758 Domine
764 3701 896 3758 auctore
920 3715 1079 3758 concessa
1101 3694 1248 3781 predicta
1271 3695 1397 3780 regalia
1420 3696 1490 3759 sine
1514 3693 1706 3758 difficultate
1722 3691 1867 3776 qualibet
1882 3690 2081 3772 liberabunt,
2135 3699 2163 3739 ²⁰

425 3798 519 3862 nobis
549 3798 703 3883 quicquid
731 3798 807 3862 inde
835 3798 979 3863 feceritis
1006 3798 1148 3863 fideliter
1176 3799 1376 3885 rescripturi.
1433 3798 1528 3873 Quod
1559 3798 1585 3861 si
1615 3817 1680 3860 non
1708 3817 1822 3859 omnes
1852 3801 1931 3876 etc,
1966 3803 2002 3858 tu
2030 3815 2082 3876 ca,

424 3901 526 3966 frater
549 3901 808 3987 archiepiscope,
833 3907 895 3965 etc.

535 4022 623 4087 Date
646 4023 801 4088 Lateran.
823 4021 894 4087 IIII
915 4022 993 4088 Idus
1018 4023 1121 4109 April.
1144 4044 1230 4089 anno
1253 4022 1367 4089 XIIII.

1043 4268 1455 4276 ——u-——o———a-——n

1210 4548 1295 4621 770.

532 4656 722 4768 Grcporins
743 4687 799 4752 IX
816 4707 903 4768 papa
925 4685 1035 4751 iisdem
1057 4687 1204 4764 aranda,
1232 4691 1268 4750 nt
1290 4689 1392 4770 lopatu
1414 4693 1443 4752 ct
1461 4689 1536 4770 fidei
1559 4691 1721 4755 commissa
1742 4691 1778 4753 in
1803 4689 1918 4754 Terrae
1940 4689 2079 4755 Sanctae

423 4790 598 4854 submotam
619 4791 727 4855 relicta
749 4791 785 4852 in
806 4809 883 4854 asne
899 4811 1078 4872 pauperum
1099 4791 1252 4856 fictitiam
1276 4793 1320 4856 aet
1334 4794 1545 4876 prepnandam
1566 4798 1596 4858 et
1616 4795 1652 4858 in
1668 4794 1899 4874 reparat-ionem
1914 4814 2077 4857 nemorum
2132 4803 2157 4842 ²⁵

422 4894 559 4957 civitatis
581 4896 768 4957 convertant.
814 4933 815 4936 =
1692 4900 1786 4976 1240,
1808 4897 1916 4978 April.
1939 4901 1989 4961 10.

438 5047 443 5056 ,
528 5010 609 5080 Grec.
630 5011 679 5064 IX
696 5011 764 5081 Rea.
789 5012 845 5066 Vol.
868 5011 937 5078 VII,
957 5018 988 5070 3.·
1007 5010 1070 5066 Leo.
1090 5013 1167 5081 XIV,
1185 5016 1227 5067 12.

526 5099 661 5165 poeitae,
678 5097 748 5168 nep.
768 5102 869 5152 rosor.

1154 5226 1341 5303 Eisdem.

529 5375 653 5439 Invicto
683 5374 758 5439 fidei
789 5380 822 5438 et
851 5373 1017 5438 indefesse
1046 5374 1230 5439 devotionis
1254 5377 1409 5458 affectus,
1440 5400 1536 5464 quem
1566 5380 1677 5444 dilecti
1707 5381 1764 5444 filii
1794 5375 1933 5467 populus
1964 5379 2074 5445 Bene·
2131 5408 2158 5449 sa

421 5488 582 5545 ventanae
606 5480 722 5544 fideles
746 5481 848 5544 nostri
874 5501 954 5564 erga
976 5501 1035 5544 nos
1059 5487 1092 5544 ct
1105 5481 1286 5546 Romanam
1310 5484 1484 5547 ecclesiam
1508 5489 1644 5546 matrem
1669 5505 1760 5548 suam
1785 5485 1869 5547 sieut
1891 5485 1948 5547 tilii
1972 5485 2075 5549 bene-

420 5583 572 5647 dictionis
597 5591 629 5648 ct
652 5584 756 5668 gratie
780 5583 988 5648 laudabiliter
1011 5583 1185 5662 exhibent,
1215 5606 1341 5649 necnon
1371 5593 1405 5648 et
1435 5587 1585 5669 angustie
1617 5607 1655 5648 ae
1685 5609 1854 5673 pressure,
1882 5608 1962 5672 quas
1991 5609 2076 5674 pene

420 5685 540 5770 iugiter
568 5688 750 5773 patiuntur,
784 5685 878 5750 nobis
913 5685 1091 5750 efficaciter
1119 5687 1335 5771 persuadent,
1367 5694 1404 5752 ut
1431 5689 1514 5751 sieut
1543 5709 1600 5753 eos
1635 5690 1787 5774 specialis
1823 5690 2006 5755 dilectionis
2042 5702 2078 5758 et
