4576 6390
773 395 972 454 EPISTOLAE
991 398 1179 454 suLuouAu.
1217 400 1291 454 1234.
1793 403 1855 469 467

206 573 369 640 hereticos
393 575 566 662 accepisti,
597 575 736 638 sollicite
765 574 989 650 attendentes,
1020 595 1085 637 nou
1115 573 1267 637 inmerito
1297 575 1449 659 specialis
1479 574 1664 640 dilectionis
1690 582 1722 640 et
1752 577 1857 661 gratie

206 686 238 742 te
268 680 378 743 favore
414 679 643 764 prosequimur
675 685 708 742 et
741 687 878 764 paterna
909 679 1132 742 benivolentia
1159 676 1381 741 confovemus.
1437 678 1636 765 Eapropter‚
1674 678 1793 744 dilecte
1824 681 1857 743 in

206 780 347 845 Domino
379 783 442 862 fili,
476 783 540 845 tuis
575 781 702 844 devotis
732 782 1025 867 supplicationibus
1059 781 1206 844 inclinati
1236 802 1410 866 personam
1443 788 1532 844 tuam
1561 783 1793 868 persistentem
1824 784 1857 847 iu

206 883 378 949 devotione
404 886 542 949 ecclesie
567 907 639 948 oum
663 885 799 964 familia,
829 892 916 948 terra
945 891 978 949 et
1000 885 1095 948 bonis
1119 884 1287 964 omnibus,
1318 906 1379 969 que
1403 885 1688 971 impresentiarum
1711 887 1855 949 rationa-

144 1010 156 1048 s
206 987 316 1051 biliter
349 988 517 1073 possides,
557 988 616 1052 sub
651 989 741 1052 beati
773 989 865 1052 Petri
899 995 932 1052 et
967 995 1078 1052 nostra
1110 988 1314 1072 protectione
1350 995 1411 1052 eto.
1445 1008 1564 1071 usquc:
1608 990 1855 1070 communimus,

207 1098 387 1156 statuentes
411 1099 447 1155 ut
470 1093 613 1176 quandiu
635 1092 820 1156 huiusmodi
845 1093 977 1176 negotio
1001 1093 1054 1177 pio
1078 1090 1211 1154 duxeris
1235 1091 1462 1170 insistendum,
1487 1112 1526 1154 ea
1548 1092 1677 1175 integra
1701 1100 1854 1156 maneant

207 1202 240 1260 et
263 1197 383 1279 quieta.
428 1195 519 1259 Nulli
543 1217 622 1279 ergo
646 1203 757 1259 nostre
780 1195 995 1280 protectionis
1020 1201 1052 1259 ct
1076 1194 1319 1258 constitutionis
1343 1203 1404 1258 eto.
1452 1193 1487 1257 Si
1510 1193 1582 1279 quis
1605 1200 1716 1258 autem
1740 1201 1800 1258 etc.

293 1315 368 1380 Dat.
391 1317 546 1381 Lateran.
570 1316 623 1380 III
647 1315 695 1380 Id.
718 1315 817 1382 Febr.
840 1338 925 1380 anno
949 1317 1099 1400 septimo.

992 1837 1077 1909 573.

312 1953 502 2063 Greporios
524 1977 580 2044 IX
601 1999 691 2058 popo
717 1979 740 2063 [
739 1977 882 2044 Conrado
904 1977 963 2060 ΙΙ]
985 1975 1235 2040 Hildoslremcnsi
1262 1980 1291 2039 ct
1312 1975 1488 2060 [Eccardo]
1510 1975 1762 2059 Morscburpcrrsi
1791 1975 1856 2056 epi-

128 2113 152 2150 10
204 2087 303 2166 scopis
324 2089 353 2147 et
374 2082 578 2168 [liettardo]
599 2084 690 2146 olcoto
711 2082 976 2165 Mopdelmrpcusi
998 2081 1079 2144 idom
1101 2081 1238 2156 orrrrtiot
1261 2080 1362 2160 iisque
1384 2080 1525 2156 oraadot,
1547 2101 1586 2144 ne
1608 2101 1676 2144 cum
1698 2079 1857 2142 molestari

196 2190 396 2270 permittant.
1486 2186 1579 2261 1234,
1601 2183 1695 2250 Febr.
1719 2186 1769 2244 11.

308 2306 390 2376 Grep.
409 2307 459 2360 IX
475 2306 544 2376 Ray.
566 2305 625 2359 Vol.
644 2306 665 2358 Ι
669 2305 697 2372 V,
716 2309 778 2369 146;
797 2304 859 2358 Lib.
885 2304 950 2366 VII,
971 2307 1035 2356 535.

307 2393 443 2457 Pottliast,
462 2392 531 2458 lico.
550 2395 633 2444 9400.

280 2664 289 2681 .
319 2665 327 2680 .
355 2605 643 2678 lldesemensi
671 2609 711 2677 et
739 2660 748 2676 .
779 2661 787 2676 .
815 2603 1120 2694 Mesburgeusi
1148 2602 1374 2694 episcopis
1402 2608 1443 2675 et
1472 2657 1480 2674 .
1510 2658 1518 2674 .
1547 2599 1777 2693 preposito

127 2766 151 2802 η
376 2725 716 2816 Madeburgeusi
743 2726 794 2797 nd
822 2725 1058 2797 ecclesiam
1084 2723 1482 2814 Madeburgensem
1509 2719 1678 2794 electo¹.

310 2879 390 2942 Tam
415 2876 613 2942 sinceritatis
630 2877 782 2939 affectum
800 2880 861 2938 etc.
879 2895 1001 2958 usque:
1026 2870 1066 2934 ad
1089 2872 1347 2958 predicationem
1370 2878 1470 2949 tuem,
1494 2869 1595 2935 frater
1610 2868 1856 2942 Ildesemensis‚

202 2991 315 3049 contra
337 2984 500 3048 hereticos
524 2981 653 3063 signum
677 2980 782 3043 crucis
807 2978 951 3063 accepit,
983 2976 1123 3039 sollicite
1147 2973 1368 3054 attendentes,
1399 2981 1460 3036 etc.
1484 2993 1602 3058 usque:
1635 2971 1856 3036 confovemus.

202 3087 297 3152 Unde
322 3089 389 3150 suis
413 3086 541 3149 devotis
563 3083 859 3170 supplicationibus
876 3080 1034 3160 inclinati,
1058 3100 1232 3165 personam
1256 3100 1347 3142 suam
1368 3078 1601 3163 persistentem
1624 3077 1657 3139 in
1681 3075 1856 3139 devotione

202 3192 341 3256 ecclesie
366 3211 437 3254 oum
460 3189 593 3268 familia,
618 3196 706 3251 terra
729 3194 791 3250 etc.
814 3205 932 3269 usque:
957 3185 1078 3268 quieta.
1124 3180 1267 3266 Ideoque
1291 3180 1494 3258 mandamus,
1519 3180 1670 3265 quatinus
1693 3199 1856 3243 memora·

125 3321 151 3358 ro
203 3301 271 3358 tum
294 3293 437 3357 nobilem
461 3314 525 3355 non
548 3290 744 3378 permittatis
762 3295 875 3352 contre
895 3286 1110 3373 protectionis
1135 3291 1168 3348 et
1193 3285 1435 3348 constitutionis
1458 3291 1569 3346 nostre
1586 3289 1732 3347 tenorem
1757 3302 1857 3368 super

200 3397 370 3484 premissis
398 3397 439 3460 ab
471 3394 635 3480 aliquibus
664 3393 811 3456 indebito
842 3390 1026 3470 molestari,
1060 3389 1290 3452 molestatores
1319 3385 1506 3450 huiusmodi
1530 3391 1589 3450 etc.
1612 3405 1735 3469 usque:
1767 3405 1856 3448 com·

199 3500 376 3587 poscendo.
422 3499 577 3564 Ceterum
601 3497 795 3561 auctoritate
825 3494 1030 3580 presentium
1053 3491 1234 3555 districtius
1258 3492 1459 3568 inhibemus,
1491 3511 1532 3553 ne
1562 3489 1734 3552 occasione
1758 3487 1855 3550 iuris·

201 3603 353 3666 dictionis
381 3601 568 3666 huiusmodi
601 3603 633 3665 iu
663 3597 879 3686 preludieium
906 3597 985 3659 iuris
1010 3601 1042 3659 et
1070 3595 1231 3660 libertatis
1256 3593 1467 3658 ecclesiarum
1496 3590 1619 3676 aliquid
1643 3591 1855 3676 attemptetis.

201 3706 296 3780 Quod
319 3707 434 3769 sinon
457 3728 570 3770 omnes
594 3713 656 3769 eto.
681 3702 820 3788 quilibet
842 3709 988 3763 vestrum
1012 3708 1074 3762 etc.

309 3827 384 3892 Dat.
407 3834 444 3891 ut
468 3849 577 3913 supra.

309 3946 349 4010 In
372 3947 513 4011 eundem
535 3945 666 4010 modum
691 3944 848 4029 seriptum
878 3949 929 4004 est
956 3940 1058 4003 nobili
1082 3940 1150 4002 viro
1173 3933 1345 4023 Hlenrico]
1370 3936 1481 4000 comiti
1502 3933 1681 4012 Aseharie‚
1711 3930 1855 4018 palatino

202 4051 313 4114 comiti
338 4049 514 4126 Saxonie²,
539 4045 678 4136 Olttoni]
705 4047 780 4110 duci
803 4046 843 4109 de
868 4043 1075 4122 Bruneswic,
1105 4038 1279 4128 Hleurico]
1305 4037 1484 4104 marchioni
1507 4037 1682 4115 Misnensi‚
1716 4033 1856 4099 Iohanni

203 4161 236 4220 ct
259 4151 396 4240 Olttoni]
421 4155 577 4218 tratribus
601 4151 844 4216 marchionibus
868 4149 907 4212 de
933 4147 1168 4230 Brandeborg³
1192 4145 1445 4228 crucesignatis3
1470 4149 1503 4206 ot
1524 4161 1582 4226 pro
1607 4138 1756 4203 omnibus
1780 4143 1856 4201 sunt

201 4258 301 4324 iidem
325 4263 582 4322 conservatores.

825 4405 1235 4417 Μ

985 4669 1071 4741 574.

124 4839 150 4878 ³⁰
311 4791 501 4900 Geapolim
525 4815 580 4879 IX
598 4836 684 4895 popo
702 4814 859 4894 praelatis
881 4816 910 4874 ct
931 4809 1088 4872 coicere-is
1113 4806 1233 4872 Christi
1253 4801 1398 4885 fidelibus
1417 4822 1475 4882 per
1499 4799 1693 4874 carucatam,
1716 4796 1856 4872 Latmum,

200 4924 408 4998 Dalmatiam,
430 4920 597 4996 Bosrrimn,
623 4919 792 4991 direntium,
816 4915 959 4980 Seroiata
982 4917 1011 4976 ct
1032 4913 1116 4975 alios
1132 4909 1317 4974 sclavonico
1334 4907 1444 4986 portes
1460 4901 1635 4966 coristitatis
1658 4899 1797 4974 mandat,
1819 4902 1855 4960 at

198 5030 336 5109 priorem
358 5023 541 5088 monasterii
570 5022 672 5085 salicti
693 5017 930 5084 Bortlrolomoei
951 5016 988 5079 de
1013 5015 1152 5078 Trisrrlto
1177 5010 1390 5078 Cartasicusis
1412 5005 1545 5081 ordiam,
1576 5003 1627 5066 cui
1657 5003 1692 5064 in
1711 5001 1857 5082 partibus

305 5180 635 5194 ‚—-.-.-—-.-.-.-

306 5287 327 5352 ¹)
348 5285 514 5350 Brandeborg
531 5282 562 5331 lt

305 5422 330 5484 1)
348 5419 394 5474 Dc
411 5419 461 5470 lroc
479 5416 514 5481 cf.
534 5430 561 5467 n.
582 5417 643 5466 554.
747 5411 774 5472 2)
796 5410 834 5462 Et
855 5408 994 5462 Hernicus
1013 5407 1108 5475 Ruspe
1127 5411 1151 5458 rt
1177 5405 1235 5458 cios
1254 5405 1345 5472 frater
1365 5398 1509 5454 Corradus
1529 5400 1554 5450 et
1573 5413 1663 5450 rorum
1681 5409 1765 5466 arpos
1785 5393 1855 5445 Ilrr-

124 5531 149 5569 35
201 5523 316 5562 incurras
344 5501 493 5571 lantpraoii
525 5498 694 5567 rtur-inpiae
721 5496 829 5547 corrritrs
852 5494 994 5562 palatinos
1019 5491 1160 5546 Saxoniuc
1186 5507 1214 5545 se
1237 5488 1427 5558 appellabant,
1453 5485 1490 5550 cs.
1516 5483 1646 5536 Chartam
1672 5499 1719 5550 op.
1739 5480 1857 5542 Hermes,

206 5595 272 5648 uu.
291 5595 317 5648 d.
335 5590 454 5644 derrtsclr.
475 5586 540 5640 Ord.
560 5592 577 5638 t.
596 5584 621 5652 1,
637 5601 666 5654 p.
680 5589 740 5645 102,
759 5599 785 5634 n.
805 5586 845 5634 91.
883 5581 938 5634 Sed
956 5597 1014 5634 cum
1029 5581 1150 5632 Histrico
1169 5595 1195 5632 n.
1215 5582 1269 5630 572
1288 5580 1317 5629 ut
1336 5574 1442 5628 videtur
1460 5571 1564 5623 directa
1584 5569 1621 5622 sit
1639 5573 1664 5620 et
1680 5569 1856 5620 Hcrrrrarmus

198 5697 271 5752 puer
288 5685 344 5733 tum
362 5675 457 5744 suerit,
479 5669 636 5740 t'orrrndrrm
651 5686 730 5738 papa
748 5667 852 5736 alloqui
870 5667 986 5722 videtur.
1025 5665 1068 5732 Of.
1087 5683 1113 5717 a.
1132 5667 1194 5717 557.

1598 5748 1651 5801 59*
