4576 6390
415 381 479 452 4³8
997 371 1045 434 EX
1064 369 1239 435 assoosu
1256 365 1296 430 IX
1313 365 1494 431 assuras

416 560 446 622 et
482 551 719 641 Wfflllsclmnm]
749 553 885 637 fratrem
916 553 984 618 eins
1015 557 1045 618 et
1075 550 1234 632 complices
1267 569 1384 628 omnm,
1418 549 1474 632 qni
1506 541 1717 636 [Henricnm]
1748 537 2016 632 archiepiscopum
2038 531 2078 615 'ct

415 661 574 726 codesiam
599 658 811 726 Golonicnsem
824 661 1068 740 persequantur,
1090 655 1326 720 atcacessilms
1346 653 1414 718 sais
1436 659 1634 734 compescant.
1718 658 1812 735 1233,
1835 656 1912 721 Inn.
1936 658 1988 720 17.

523 779 606 848 orep.
624 776 674 831 rx
689 777 756 848 aa.
779 778 836 834 va.
854 777 909 845 1v,
929 780 976 838 aa·
994 775 1058 831 mc.
1082 775 1148 841 ιιι,
1166 780 1231 831 202.

468 980 472 986 ’
507 971 725 1064 Episcopo
754 969 1092 1062 Osnaburgensi
1119 975 1158 1044 et
1187 1026 1195 1043 .
1225 1025 1234 1044 .
1261 967 1446 1041 maioris
1473 966 1661 1042 ecclesie
1689 973 1732 1042 st
1759 1026 1767 1042 .
1798 1025 1806 1042 .
1835 969 1985 1042 Sancti

846 1089 1063 1166 Gereonis
1090 1087 1372 1162 Coloniensis
1398 1087 1654 1179 prepositis
2143 1137 2155 1176 ,

529 1239 582 1305 Ad
604 1238 805 1304 audientiam
827 1245 972 1305 nostram
996 1238 1153 1305 noveritis
1176 1236 1386 1324 pervenisse,
1417 1234 1504 1320 quod
1532 1236 1593 1314 filii
1622 1236 1883 1323 nephandissimi
1912 1236 2080 1324 quondam

420 1342 579 1409 Friderici
610 1343 738 1408 comitis
770 1342 811 1408 de
836 1342 1003 1428 Isimburg
1031 1340 1239 1406 Coloniensis
1271 1339 1429 1420 diocesis,
1459 1347 1573 1404 contra
1602 1360 1700 1425 quem
1728 1362 1794 1406 vox
1822 1342 1991 1428 sanguinis
2023 1342 2081 1428 pie

161 1517 163 1522 .
283 1447 578 1524 cen.r,1o.mcmorie
601 1495 609 1510 .
633 1496 641 1512 .
665 1445 872 1512 Coloniensis
895 1443 1157 1533 archiepiscopi¹
1181 1442 1221 1508 ab
1246 1464 1286 1509 eo
1310 1441 1487 1507 crudeliter
1509 1441 1693 1508 interfecti²
1717 1442 1758 1509 de
1780 1450 1870 1510 terra
1892 1445 2013 1510 clamat
2036 1443 2081 1509 ad

287 1574 326 1618 m.
342 1577 408 1628 rara.
422 1550 616 1632 Dominum,
647 1549 741 1637 quasi
769 1549 809 1615 de
839 1549 947 1616 radice
976 1548 1101 1614 colubri
1132 1545 1341 1633 egredientes
1368 1546 1475 1630 reguli
1503 1547 1672 1629 venenati,
1703 1569 1768 1612 una
1799 1569 1873 1613 cum
1894 1547 1950 1612 W.
1974 1548 2080 1613 fratre

423 1653 502 1719 dicti
532 1653 661 1718 comitis
695 1652 842 1718 eiusdem
875 1652 1017 1718 diocesis
1051 1651 1085 1715 in
1119 1651 1288 1736 impietate
1320 1671 1528 1715 successores
1561 1648 1709 1715 ciusdem
1742 1656 1776 1715 et
1808 1650 1896 1716 illius
1929 1651 2080 1737 nequitie
2135 1683 2161 1722 ιο

424 1763 614 1838 sectatores,
638 1762 826 1843 contempto
843 1756 959 1821 timore
976 1754 1086 1820 divino
1105 1761 1138 1819 et
1154 1753 1316 1819 adiunctis
1333 1753 1397 1818 sibi
1413 1751 1609 1839 quibusdam
1626 1753 1839 1840 complicibus
1862 1753 1904 1819 ad
1918 1755 2081 1819 malitiam

423 1860 561 1926 liberius
585 1858 820 1942 exercendam,
845 1859 1076 1925 Coloniensem
1100 1859 1276 1924 ecclesiam
1299 1865 1333 1922 et
1355 1859 1427 1923 eius
1449 1857 1733 1945 archiepiscopum
1755 1859 1942 1925 immaniter
1963 1879 2081 1946 perse·

426 1969 585 2049 quantur,
619 1963 807 2050 opprimunt
835 1963 1062 2050 multipliciter
1092 1969 1126 2028 et
1161 1961 1328 2048 affligunt,
1364 1981 1499 2046 quorum
1536 1962 1691 2048 superbia
1719 1962 1893 2028 mitescere
1926 1963 2082 2028 nesciens

425 2067 556 2154 gravius
587 2067 778 2146 invalescit,
812 2066 917 2133 donec
948 2067 1038 2132 illam
1074 2066 1201 2132 iustitia
1233 2087 1275 2131 ex
1309 2066 1374 2130 alto
1404 2065 1576 2152 preveniat
1607 2073 1641 2131 et
1673 2065 1852 2132 subvertat.
1895 2065 1946 2132 Ne
1981 2067 2084 2152 igitur

425 2171 569 2258 ipsorum
599 2170 698 2236 noxie
721 2171 883 2236 voluntati
907 2169 1002 2236 detur
1031 2177 1082 2235 set
1111 2169 1322 2235 subtrahatur
1348 2169 1457 2255 potius
1480 2168 1620 2235 nocendi
1643 2169 1799 2250 facultas,
1828 2170 1884 2255 qui
1906 2191 1962 2234 eor
1985 2191 2082 2235 suum
2136 2207 2160 2244 ι,

426 2281 539 2340 contra
571 2272 750 2339 Dominum
792 2274 961 2338 elevantes
996 2274 1103 2360 ipsum
1140 2280 1174 2338 et
1213 2272 1403 2354 ecclesiam,
1444 2272 1561 2357 spiritu
1594 2271 1636 2337 ad
1676 2274 1863 2359 superbiam
1898 2273 2082 2356 obfirmato,

426 2377 594 2444 audaciter
616 2383 730 2443 contra
752 2399 788 2442 se
812 2398 991 2466 provocare
1013 2383 1221 2464 presumunt,
1250 2376 1458 2458 mandamus,
1490 2378 1643 2462 quatinus
1664 2377 1893 2443 malefactores
1915 2378 2084 2465 predictos

427 2488 461 2548 et
490 2489 603 2547 eorum
631 2480 810 2567 complices
841 2487 875 2546 et
903 2481 1049 2546 fautores
1079 2501 1098 2544 a
1131 2487 1223 2545 tante
1256 2481 1512 2566 presumptionis
1542 2501 1685 2546 excessu
1715 2481 1811 2546 modo
1842 2480 1990 2569 predicto
2022 2501 2085 2567 per

427 2585 598 2652 censuram
631 2584 891 2650 ecclesiasticam
926 2584 1161 2672 compescatis,
1194 2585 1241 2649 ita
1274 2584 1361 2669 quod
1394 2584 1616 2670 inquisitionis
1650 2605 1842 2671 processus,
1878 2606 1975 2670 quam
2010 2585 2085 2650 fieri

427 2686 653 2753 mandavimus
683 2686 724 2752 de
755 2687 1002 2775 archiepiscopo
1033 2694 1230 2768 memorato,
1262 2693 1437 2773 propterea
1465 2687 1653 2754 nullatenus
1683 2686 1877 2754 retardetur.
1930 2685 2026 2761 Quod
2057 2687 2085 2752 si
2138 2722 2163 2762 ,ι

427 2813 493 2856 non
516 2811 629 2856 omnes
653 2827 704 2872 -‚
727 2796 764 2855 tu
786 2811 835 2871 ea,
858 2792 960 2856 frater
982 2792 1147 2877 episcope,
1170 2796 1232 2858 eto.

537 2911 613 2976 Dat.
635 2910 790 2977 Lateran.
813 2909 877 2975 XV
900 2908 1068 2976 Kalendas
1091 2910 1179 2990 Iulii,
1202 2931 1287 2975 anno
1310 2910 1461 2997 septimo.

1049 3153 1461 3164 ———-·———--·—---.-—

1214 3380 1301 3454 541.

533 3473 723 3586 Greyorins
737 3501 795 3566 IX
808 3521 897 3583 popo
916 3501 1064 3583 fidelitas
1086 3506 1116 3566 ct
1136 3503 1285 3567 vassallis
1306 3502 1448 3567 ccclcm'm
1471 3502 1666 3568 colonicam
1688 3503 1768 3568 idern
1790 3504 1906 3583 scr-itit,
1928 3504 2091 3570 nandans

429 3609 466 3669 nt
485 3604 660 3690 [Henrico]
680 3605 909 3688 archiepiscopo
930 3609 960 3671 et
980 3606 1123 3672 cmlcsmc
1149 3605 1328 3672 Coloniensi
1348 3605 1511 3672 assistam.
1730 3609 1825 3687 1233,
1846 3607 1922 3673 lan.
1947 3612 2000 3673 17.

535 3722 617 3795 Grec.
635 3725 685 3779 IX
701 3725 771 3795 Bao.
789 3724 851 3780 In't.
875 3725 942 3794 VII,
959 3729 1025 3782 203.

599 3921 832 3996 Universis
858 3921 1070 3997 fidelibus
1097 3928 1140 3997 ct
1167 3921 1380 3996 vassallis
1408 3919 1595 3996 ecclesie
1623 3922 1918 3998 Coloniensis

537 4072 593 4138 Ad
614 4073 817 4140 audientiam
839 4079 986 4139 nostram
1009 4079 1072 4138 etc.
1097 4079 1135 4136 ut
1158 4092 1258 4158 supra
1279 4092 1398 4156 usque:
1428 4076 1636 4158 presumunt,
1665 4071 1874 4137 universitati
1896 4078 2006 4137 vestre
2029 4094 2092 4159 per

432 4177 613 4264 apostolica
648 4179 771 4265 scripta
804 4176 1015 4258 mandamus,
1058 4177 1211 4263 quatinus
1250 4197 1323 4241 oum
1359 4175 1400 4240 ad
1438 4176 1666 4242 defensionem
1700 4174 1908 4241 Coloniensis
1947 4176 2090 4242 ecclesio

432 4281 611 4346 teneamini
629 4303 700 4368 per
720 4302 779 4346 vos
801 4283 892 4369 ipsos
916 4287 950 4348 et
972 4280 1060 4346 illius
1083 4279 1233 4345 debeatis
1256 4280 1438 4366 periculum
1459 4281 1628 4367 proprium
1650 4285 1819 4366 reputare,
1850 4285 1963 4344 contra
1985 4280 2090 4345 male-

431 4384 575 4450 factores
603 4384 769 4472 predictos
802 4386 942 4451 ecclesie
974 4406 1012 4451 ac
1040 4384 1105 4471 ipsi
1135 4383 1385 4471 archiepiscopo
1415 4391 1568 4472 potenter
1598 4389 1632 4450 et
1662 4383 1805 4449 fideliter
1834 4383 2014 4464 assistatis,
2043 4383 2092 4447 ita
2145 4427 2173 4466 ,⁰

433 4487 520 4573 quod
543 4487 577 4552 in
598 4487 800 4554 defensionis
823 4491 946 4556 auxilio
976 4491 1103 4556 sincere
1126 4487 1295 4554 fidelitatis
1318 4489 1431 4555 titulus
1455 4490 1616 4556 enitescat
1639 4495 1673 4554 et
1702 4488 1778 4554 inde
1800 4489 1934 4576 possitis
1957 4486 2091 4553 laudern

435 4597 468 4655 et
483 4591 621 4676 gratiam
636 4594 827 4678 promereri.
871 4593 1032 4659 Nolumus
1048 4599 1169 4675 tamen,
1192 4597 1229 4657 ut
1245 4593 1466 4678 inquisitionis
1482 4613 1657 4680 processus
1674 4599 1869 4679 stansque:
1893 4590 2089 4656 retardetur.

542 4709 620 4774 Dat.
642 4717 679 4777 ut
701 4733 809 4799 supra.

1059 4837 1470 4846 Ἥ

1225 5061 1311 5136 542.

542 5152 733 5266 (drepanius
747 5182 804 5249 IX
810 5203 900 5264 popo
915 5181 1093 5247 mnsatttm
1115 5187 1144 5247 ct
1159 5183 1278 5265 populo
1295 5183 1452 5251 (lontano
1469 5184 1608 5271 formam
1620 5187 1718 5267 pacis,
1739 5189 1805 5253 scit.
1822 5209 1891 5254 mem
1906 5189 2093 5271 imperatore

434 5284 602 5365 incundae,
625 5285 822 5364 mansoritlit,
845 5303 953 5366 cosque
967 5283 1119 5365 hortatur,
1140 5289 1177 5350 nt
1197 5287 1227 5351 si
1248 5307 1317 5352 eom
1331 5287 1482 5354 dnacrint
1494 5289 1728 5371 acceptandam,
1749 5291 1805 5356 too
1825 5291 1892 5355 sedi
1906 5293 2094 5372 apostolicae
2147 5335 2172 5373 a

429 5408 491 5468 per
512 5389 756 5453 instrumentum
771 5386 937 5469 publicem
963 5387 1109 5453 intiment
1134 5393 1163 5453 ct
1184 5390 1388 5475 pmoitcpmm
1409 5392 1568 5475 qnondam
1591 5393 1751 5458 indultam
1774 5395 1946 5462 remittant.
1968 5433 2011 5442 —-
2034 5395 2092 5462 Sc-

540 5648 567 5716 1)
585 5644 755 5713 Enpctlrcrti.
824 5645 852 5714 2)
871 5663 897 5699 ιι.
916 5651 995 5716 1225,
1014 5648 1085 5704 Noc.
1106 5653 1130 5704 7.
