4590 6366
1048 381 1097 445 nx
1115 383 1290 448 GREGORH
1309 383 1347 446 IX
1364 382 1545 446 REGISTRO

1115 644 1124 661 .
1153 643 1162 660 .
1190 587 1281 680 regi
1308 587 1476 663 Tunici.

573 728 763 794 Nobilitatis
791 735 847 793 tue
878 727 997 792 litteris
1021 729 1134 794 debita
1164 732 1369 816 benignitate
1400 732 1543 817 receptis
1568 738 1601 795 et
1630 749 1741 794 earum
1770 723 1953 812 diligenter
1977 726 2135 814 inspecto

466 840 591 912 tenore,
615 855 655 898 ca
677 854 739 917 que
757 832 895 896 dilectus
918 832 1025 896 filius¹⁴
1048 835 1166 898 nobilis
1191 837 1241 898 vir
1258 835 1351 899 Oddo
1368 835 1535 908 Adelardi,
1559 835 1609 898 vir
1631 831 1784 919 providus
1808 837 1842 894 et
1858 829 2031 894 discretus
2057 831 2135 894 tibi-

467 957 528 1020 que
552 935 659 1001 fidelis
691 957 729 1000 ae
757 937 790 999 in
815 939 997 1002 commissis
1026 961 1046 1002 a
1072 946 1104 1003 te
1134 939 1307 1023 prudentie
1338 961 1396 1004 sue
1428 940 1570 1024 negotiis
1600 935 1782 1015 studiosus,
1816 941 1849 998 et
1875 933 2006 1018 Symon
2032 933 2135 1014 Melo,

467 1039 557 1103 cives
580 1039 777 1116 Ianuenses,
808 1041 842 1104 in
869 1047 981 1104 nostra
1004 1043 1171 1127 presentia
1194 1043 1391 1122 retulerunt,
1423 1042 1598 1127 diligenter
1628 1039 1826 1116 audivimus,
1855 1045 1913 1102 tue
1939 1036 2135 1101 devotionis

466 1143 619 1206 affectum
651 1148 823 1228 acceptum
851 1151 884 1206 et
914 1145 1070 1229 placitum
1095 1152 1294 1231 reputantes.
1343 1146 1468 1209 Verum
1495 1167 1568 1209 cum
1592 1141 1791 1228 superbiis,
1826 1163 1891 1227 que
1920 1141 2020 1206 fuere
2054 1163 2134 1226 pro-

466 1246 588 1332 posita,
621 1252 777 1310 tractatus
807 1247 1019 1333 sollempnior
1049 1249 1217 1333 exigatur,
1246 1249 1401 1314 dilectum
1429 1250 1532 1313 filium
1564 1248 1698 1311 fratrem
1721 1245 1904 1309 Iohannem
1937 1244 2136 1308 ministrum

468 1348 589 1413 ordinis
614 1348 779 1413 Minorum
802 1349 842 1414 de
865 1350 1024 1416 Barbaria
1048 1359 1081 1416 et
1102 1402 1108 1416 .
1129 1401 1136 1415 .
1160 1353 1294 1417 fratrem
1318 1351 1468 1417 ciusdem
1491 1351 1625 1430 ordinis,
1650 1371 1730 1434 quos
1754 1349 1897 1432 benigne
1922 1348 2077 1433 recipias
2102 1356 2136 1412 et

467 1459 667 1539 pertractes,
700 1453 741 1516 ad
767 1459 855 1517 tuam
884 1456 1086 1539 presentiam
1117 1456 1271 1520 duximus
1299 1454 1522 1521 destinandos.
1567 1454 1666 1518 Dicto
1697 1450 1827 1536 quidem
1854 1451 1952 1513 fratri
1977 1450 2005 1516 I.
2031 1472 2137 1536 super

467 1555 541 1637 hiis,
565 1578 628 1642 que
651 1557 712 1620 tibi
736 1578 778 1620 ex
801 1564 893 1642 parte
916 1565 1029 1622 nostra
1051 1560 1210 1650 retulerit,
1233 1559 1312 1624 fidei
1335 1559 1574 1646 plenitudinem
1597 1557 1758 1641 largiaris:
2186 1600 2209 1639 ,0

574 1675 651 1742 Dat.
674 1677 815 1759 Perusii,
837 1677 885 1741 Id.
909 1678 999 1761 Maii,
1022 1703 1107 1744 anno
1131 1703 1227 1746 nono.

1090 1887 1502 1897 Μ

1248 2083 1337 2155 eto.

574 2174 764 2286 Grcpcrias
787 2206 843 2271 IX
857 2227 948 2287 papa
966 2208 1070 2288 priori
1085 2208 1280 2288 provinciali
1298 2206 1443 2293 fratrum
1464 2205 1723 2272 Praedicatorara
1743 2205 1779 2270 ia
1804 2202 1959 2270 Pcatoaia
1982 2203 2133 2281 marcrici,

465 2309 500 2368 at
525 2305 651 2386 aliquos
680 2307 803 2371 ordinis
832 2311 883 2374 sui
908 2331 969 2391 pro
997 2313 1116 2393 arpotio
1141 2311 1257 2374 Terrae
1280 2311 1415 2375 Soactoc
1438 2311 1688 2391 praedicationis
1710 2307 1814 2394 officio
1836 2309 1977 2388 deputet,
2011 2308 2134 2388 qai-ibas

465 2410 575 2472 carias
596 2409 813 2491 indalpcntias
834 2413 1009 2495 clarpicrrdi
1029 2418 1209 2494 potestatem
1233 2414 1377 2479 concedit.
1754 2413 1848 2490 1235,
1870 2410 1956 2476 Mai.
1982 2413 2037 2476 15.

569 2527 652 2600 Crep.
671 2530 721 2582 IX
737 2529 805 2597 Rep.
825 2531 885 2585 Vol.
906 2531 938 2596 V,
959 2535 1011 2598 .3o;
1033 2532 1096 2586 Lib.
1116 2533 1175 2592 IX,
1196 2537 1237 2586 81.
1275 2533 1321 2586 Ad
1338 2535 1408 2587 hanc
1426 2533 1569 2602 epistolam
1587 2535 1746 2586 annotatam
1765 2537 1804 2584 cat
1821 2533 1916 2594 vacat,
1939 2530 1959 2582 i.
1980 2548 2002 2584 e.
2023 2531 2132 2584 deleas.

465 2613 558 2666 Aliam
576 2614 609 2668 de
627 2616 677 2668 hac
694 2633 724 2670 rc
743 2632 774 2670 eo
792 2623 911 2686 tempore
929 2620 1059 2687 scriptam
1077 2621 1228 2686 nescimus,
1245 2636 1308 2672 nam
1327 2637 1374 2685 aa,
1393 2636 1464 2688 quac
1481 2636 1527 2688 ap.
1547 2619 1665 2688 Ripolb',
1683 2618 1757 2672 Ball.
1778 2618 1879 2670 Praed.
1899 2619 1917 2670 t.
1937 2617 1957 2668 I
1960 2658 1968 2682 ,
1984 2634 2015 2685 p.
2038 2622 2086 2681 75,
2104 2635 2133 2670 a.

466 2703 519 2752 126
538 2716 572 2753 ea
589 2699 656 2769 Rep.
675 2701 836 2771 deprompta
853 2704 964 2774 legitur,
988 2705 1049 2759 ticet
1065 2705 1214 2759 nonnullas
1235 2706 1363 2759 lectiones
1380 2705 1540 2772 differentes
1559 2705 1659 2758 babeat
1676 2721 1763 2773 acque
1779 2705 1862 2756 vacat
1878 2702 2057 2770 adscriptam
2076 2703 2131 2755 ibi·

466 2786 525 2839 dem
543 2795 770 2854 commemoretur,
791 2797 862 2843 certe
880 2791 971 2844 eodem
990 2797 1042 2857 cst,
1061 2809 1142 2860 qaam
1159 2807 1210 2845 nos
1227 2793 1417 2862 proponimus.
1458 2792 1554 2846 Utrum
1568 2809 1648 2860 papo
1667 2793 1750 2845 oliam
1769 2789 1912 2858 epistolam
1932 2789 2053 2840 exarari
2071 2804 2131 2841 aaa

466 2872 588 2939 iusserit,
606 2889 642 2926 an
661 2877 778 2928 carrata
796 2876 864 2946 Ray.
883 2878 988 2930 inserta
1005 2893 1061 2930 noa
1081 2877 1126 2943 sit,
1145 2893 1201 2930 aaa
1219 2879 1310 2946 liquet.

570 2961 706 3028 Potthast,
726 2961 795 3032 Rep.
816 2965 899 3015 9903.

468 3175 477 3193 .
508 3176 516 3192 .
552 3120 692 3211 priori
725 3123 990 3214 provinciali
1026 3124 1195 3197 ordinis
1229 3123 1413 3196 fratrum
1448 3122 1780 3196 Prodicatoram
1811 3123 1854 3194 in
1885 3121 2128 3194 Teutonis.

318 3291 378 3336 pia,
392 3299 446 3344 mo,
576 3261 739 3336 Quantum
762 3287 821 3330 nos
844 3275 961 3351 urgeat
981 3268 1148 3351 negotium
1165 3266 1266 3330 Terre
1286 3265 1417 3346 Sancte,
1440 3267 1468 3329 is
1487 3266 1577 3329 novit
1594 3265 1733 3350 plenius,
1757 3264 1812 3349 qui
1835 3284 1931 3327 renea
1956 3268 2130 3326 scrutatur

466 3371 500 3430 et
529 3366 642 3448 corda,
675 3390 747 3432 oum
777 3369 818 3432 ad
848 3371 1079 3435 liberationem
1110 3370 1214 3456 ipsius
1244 3371 1321 3433 totis
1354 3369 1526 3434 desideriis
1562 3370 1754 3455 aspiremus.
1812 3366 1993 3451 Cupientes
2023 3366 2129 3448 igitur

465 3471 584 3534 multos
620 3473 747 3557 accingi
780 3495 841 3558 per
870 3475 975 3537 erucis
1007 3474 1144 3558 gloriam
1181 3473 1221 3537 ad
1251 3475 1420 3560 corporale
1453 3473 1647 3558 tyrocinium
1680 3472 1844 3536 exercitus
1876 3470 1953 3534 Iesu
1984 3469 2125 3552 Christi,

465 3574 668 3658 presentium
691 3575 752 3638 tibi
769 3579 963 3640 auctoritate
980 3576 1181 3657 mandamus,
1206 3578 1358 3661 quatinus
1374 3577 1501 3661 aliquos
1518 3575 1639 3638 ordinis
1664 3576 1711 3638 tui
1733 3575 1861 3662 fratres,
1884 3594 1964 3658 quos
1989 3573 2032 3637 ad
2057 3575 2124 3638 hoc
2193 3636 2198 3648 ,

307 3677 602 3760 2,r1m,2‚a,idoneos
635 3699 708 3742 esse
739 3680 969 3766 perspexeris,
1002 3681 1035 3743 in
1064 3702 1201 3765 quorum
1229 3702 1285 3744 ore
1316 3702 1380 3743 non
1411 3680 1452 3743 sit
1483 3678 1615 3743 verbum
1647 3678 1779 3742 Domini
1810 3678 1998 3761 alligatum,
2029 3679 2128 3741 iuxta

466 3787 614 3845 tenorem
637 3781 837 3862 litterarum,
868 3804 948 3867 quas
981 3805 1079 3869 super
1109 3784 1171 3847 hoc
1200 3783 1260 3846 tibi
1284 3783 1480 3863 direximus,
1512 3803 1571 3867 pro
1598 3781 1732 3866 negotio
1756 3781 1862 3844 crucis
1885 3778 2126 3865 predicationis

467 3883 574 3948 officio
591 3885 724 3949 studeas
742 3885 911 3971 deputare,
935 3887 990 3971 qui
1011 3894 1048 3950 ut
1070 3886 1185 3950 fideles
1203 3886 1315 3972 populi
1337 3886 1493 3950 libentius
1517 3891 1550 3949 ct
1571 3886 1752 3949 ferventius
1775 3891 1904 3948 currant
1927 3882 2126 3947 adverbum

466 3987 601 4052 Domini
625 3989 832 4069 audiendum,
857 3991 1007 4055 omnibus
1031 4013 1107 4055 vere
1132 3990 1354 4077 penitentibus
1378 3996 1411 4053 et
1435 3990 1605 4068 confessis,
1629 3989 1683 4075 qui
1706 3989 1747 4052 ad
1771 3988 1984 4072 sollempnem
2008 3987 2125 4072 predi-

466 4093 628 4157 cationem
652 4114 765 4158 eorum
788 4094 999 4174 accesserint,
1023 4094 1224 4158 moderatam
1241 4094 1433 4157 auctoritate
1458 4099 1570 4156 nostra
1592 4092 1716 4176 aliquot
1731 4089 1858 4154 dierum
1881 4088 2123 4173 indulgentiam
2178 4151 2182 4164 ,

465 4195 666 4280 largiantur,
698 4199 782 4261 sicut
810 4197 951 4261 viderint
978 4197 1146 4283 expedire.
1192 4197 1235 4261 Et
1256 4204 1293 4260 ut
1315 4197 1415 4260 nichil
1439 4196 1569 4258 omnino
1594 4194 1680 4258 desit
1703 4193 1744 4257 ad
1766 4193 1951 4257 huiusmodi
1975 4192 2124 4256 officium

466 4299 712 4383 exequendum,
746 4300 938 4364 absolvendi
966 4302 1058 4364 iuxta
1081 4301 1217 4365 formam
1241 4301 1381 4364 ecclesio
1412 4321 1565 4364 manuum
1595 4299 1769 4362 iniectores
1794 4299 1826 4361 in
1851 4298 1987 4360 clericos
2012 4304 2045 4360 et
2069 4297 2123 4361 in-

466 4401 649 4465 cendiarios
679 4425 717 4466 ac
746 4404 1047 4468 excommunicatos
1079 4426 1136 4490 pro
1169 4404 1298 4468 decima
1327 4404 1380 4468 vel
1412 4404 1569 4466 vicesima
1599 4401 1755 4488 deputata
1786 4400 1876 4486 pacis
1908 4406 1941 4464 et
1970 4399 2048 4463 fidei
2081 4422 2123 4464 ae

465 4503 567 4568 Terre
594 4503 714 4569 Sancte
737 4508 870 4590 negotio
895 4529 960 4571 non
985 4508 1105 4587 soluta,
1137 4529 1285 4570 necnon
1310 4508 1488 4592 sacrilegos
1513 4513 1546 4570 et
1570 4528 1625 4571 eos
1650 4506 1704 4591 qui
1733 4503 1943 4591 sepulchrum
1966 4501 2122 4566 Domini-

466 4614 676 4672 cumcontra
702 4610 956 4695 prohibitionem
985 4610 1198 4697 apostolicam
1221 4610 1409 4690 visitarant,
1440 4611 1515 4673 illos
1543 4629 1672 4693 quoque
1702 4609 1756 4693 qui
1785 4609 1817 4671 in
1847 4607 1995 4692 partibus
2019 4606 2118 4670 Albi·

466 4711 616 4793 gencium
643 4712 799 4778 hereticis
831 4721 944 4778 contra
978 4715 1157 4778 catholicos
1191 4715 1349 4779 auxilium
1380 4713 1626 4800 impenderunt,
1649 4719 1699 4777 ‘ac
1734 4734 1792 4777 eos
1822 4712 1877 4797 qui
1906 4719 2123 4797 portaverunt

466 4811 603 4893 ferrum,
632 4836 737 4896 arma,
766 4817 856 4903 ligna
880 4825 913 4882 et
940 4839 1066 4882 merces
1096 4817 1280 4903 prohibitas
1306 4817 1495 4882 sarrecenis
1518 4819 1572 4881 vel
1600 4818 1681 4880 alias
1705 4817 1753 4880 eis
1777 4822 1889 4879 contra
1912 4813 2121 4880 Christianos

465 4915 625 4980 dederunt
654 4920 848 5000 consilium,
880 4921 1037 4986 auxilium
1061 4927 1094 4984 et
1117 4921 1277 5002 favorem,
1310 4942 1348 4985 ac
1375 4920 1609 4985 reconciliandi
1636 4921 1840 5005 penitentes,
1871 4918 2121 5001 crucesignatos

465 5019 635 5085 dumtaxat
659 5028 692 5086 et
715 5023 769 5108 qui
786 5025 950 5088 voluerint
973 5007 1142 5088 assumere
1166 5025 1295 5110 signum
1321 5025 1436 5102 crucis,
1460 5046 1498 5087 aa
1520 5023 1740 5087 commutandi
1761 5029 1839 5086 vota
1861 5023 1926 5085 alia
1948 5022 1982 5085 in
2005 5029 2121 5087 votum

463 5122 650 5188 huiusmodi
684 5127 816 5211 pietatis
844 5128 1038 5192 auctoritate
1067 5129 1269 5213 presentium
1301 5129 1349 5193 eis
1379 5127 1589 5192 concedimus
1619 5131 1834 5212 potestatem;
1864 5125 1995 5212 proviso
2028 5127 2118 5210 quod

463 5227 524 5309 hii,
548 5229 603 5312 qni
626 5251 684 5314 pro
707 5231 853 5295 violenta
876 5231 1051 5295 iniectionc
1075 5254 1228 5297 manuum
1253 5231 1600 5296 excommunicationis
1624 5231 1752 5294 vinculo
1777 5237 1851 5292 sunt
1873 5229 1983 5312 ligati,
2006 5232 2118 5314 passis

464 5330 626 5412 iniuriam,
651 5339 685 5396 et
699 5333 901 5414 incendiarii,
919 5333 1036 5418 quibus
1054 5335 1194 5422 dampna
1208 5337 1390 5400 intulerunt
1405 5356 1465 5420 per
1480 5333 1641 5410 incendia,
1659 5332 1863 5397 satisfaciant
1881 5339 2118 5418 competenter,

463 5454 501 5496 ac
534 5433 723 5498 detentores
755 5437 909 5501 vicesima
940 5459 978 5501 ac
1008 5437 1134 5503 decime
1166 5439 1311 5504 debitam
1343 5438 1599 5502 satisfactionem
1628 5435 1835 5523 impendant,
1867 5457 1929 5498 nec
1959 5456 2024 5498 non
2055 5438 2119 5520 illi,

570 5692 592 5762 ⁸)
611 5710 647 5744 aa
664 5695 750 5746 dilecti
767 5697 829 5750 filii?
