4596 6406
819 437 1021 495 EPlS'l'OLAE
1038 440 1228 498 SELEC'I'AE.
1265 445 1340 499 1238.

1017 742 1100 815 735.

342 845 532 957 (imperius
563 877 619 941 IX
646 899 733 959 propo
760 881 927 964 [lucebunt
951 882 1140 967 Tenpolnns]
1161 883 1266 946 deeccrn
1295 887 1325 946 ct
1358 885 1515 948 ciuitatem
1544 885 1726 951 Venetorum
1756 893 1882 970 proptor

234 981 422 1046 devotiorem
443 1001 548 1043 eornm
569 1003 642 1065 erpa
664 983 823 1049 ecetesiam
845 985 1023 1050 Romanam
1044 987 1101 1050 sub
1120 986 1307 1067 protectione
1328 1009 1386 1052 sue
1409 990 1548 1072 suscipit.

806 1089 808 1092 ’
1552 1097 1644 1173 1238,
1666 1093 1741 1162 Dec.
1765 1097 1795 1158 5.

340 1205 422 1273 Grec.
440 1205 489 1258 IX
511 1205 579 1276 Rep.
598 1206 662 1260 Lib.
680 1206 755 1274 XII,
774 1212 838 1262 325.
874 1208 993 1264 Eetimna
1020 1227 1054 1264 ex
1076 1211 1169 1283 Royn.
1192 1212 1263 1266 Ann.
1287 1213 1491 1283 ecel.o.1;‘38,
1516 1221 1532 1282 §
1553 1221 1595 1281 71,
1621 1216 1746 1272 adhibito
1770 1217 1882 1288 Uenerii,

171 1312 183 1351 5
237 1295 303 1348 ltat.
321 1310 411 1356 sucro,
430 1299 448 1347 t.
470 1293 501 1358 V,
518 1312 546 1363 p.
564 1299 642 1349 1265.

338 1381 475 1450 Potttrnst,
494 1381 562 1450 Ren.
581 1385 681 1434 10677.

843 1579 952 1652 Duci
980 1580 1280 1656 Venetorum&

345 1727 562 1792 sacrosancta
596 1727 746 1792 Romana
780 1729 937 1808 ecelesia,
975 1750 1037 1813 qne
1071 1729 1126 1815 pie
1160 1733 1273 1795 matris
1305 1733 1425 1797 affeetu
1457 1733 1490 1796 in
1523 1733 1666 1798 caritatis
1700 1735 1881 1798 visceribus

238 1833 359 1897 Christi
392 1833 505 1898 fideles
536 1834 744 1919 amplectitur
770 1834 953 1908 universos,
984 1835 1190 1919 prerogativa
1219 1836 1327 1919 gratie
1351 1838 1502 1923 specialis
1525 1836 1699 1902 confovere
1722 1837 1820 1902 debet
1843 1860 1881 1901 ac

161 1961 185 1998 ιο
236 1936 408 2002 defensare
431 1936 582 2014 devotos,
612 1944 649 2000 ut
671 1945 704 2001 et
727 1937 770 2000 hii
794 1937 989 2001 sinceritatis
1022 1958 1079 2001 sue
1103 1937 1202 2022 digna
1225 1939 1350 2024 premia
1372 1946 1613 2024 consequantur
1635 1947 1668 2005 et
1690 1941 1745 2004 alii
1768 1963 1881 2005 eorum

235 2044 386 2128 exemplo
410 2042 451 2107 ad
474 2041 680 2107 devotionem
708 2043 796 2107 sedis
820 2043 999 2128 apostolice
1023 2051 1251 2127 provocentur.
1298 2043 1380 2107 Cum
1410 2043 1509 2128 igitur
1540 2044 1654 2108 civitas
1677 2044 1879 2109 Venetorum

235 2167 314 2230 erga
336 2144 515 2210 Romanam
548 2146 722 2211 eeclesiam
763 2155 900 2212 matrem
932 2168 1038 2227 suam,
1079 2149 1162 2212 sicut
1195 2154 1284 2212 certo
1318 2168 1427 2212 rerum
1461 2149 1686 2234 experimento
1715 2149 1901 2234 probatur,

235 2251 469 2328 reverentiam,
505 2249 712 2314 devotionem
747 2257 780 2314 et
810 2249 907 2314 fidem
936 2273 1066 2337 semper
1095 2251 1245 2316 habuerit
1275 2258 1307 2315 et
1330 2249 1450 2316 habeat
1482 2251 1659 2338 specialem
1671 2253 1692 2331 ¹,
1726 2272 1786 2315 nos
1817 2253 1880 2315 tuis

235 2353 542 2438 supplicationibus,
581 2374 660 2437 quas
694 2353 835 2418 libenter
869 2352 1083 2434 admittimus,
1122 2356 1266 2420 inclinati
1305 2375 1478 2441 personam
1512 2363 1604 2420 tuam
1645 2361 1678 2420 et
1718 2357 1880 2420 civitatem

237 2457 375 2521 eandem
408 2458 440 2520 in
474 2455 647 2522 devotione
683 2457 771 2522 sedis
807 2443 987 2543 epdstolioa
1022 2460 1236 2545 persistentes
1267 2458 1328 2522 sub
1357 2458 1446 2522 beati
1475 2458 1565 2522 Petri
1595 2466 1628 2523 et
1660 2465 1772 2523 nostra
1804 2481 1879 2544 pro-

235 2561 379 2624 tectione
397 2561 591 2646 suscipimus
615 2567 649 2626 et
664 2562 826 2646 presentis
849 2562 960 2647 scripti
976 2562 1154 2647 patrocinio
1179 2561 1445 2627 communimus².
1489 2561 1579 2626 Nulli
1602 2583 1681 2646 ergo
1705 2599 1746 2609 —
1768 2569 1880 2626 nostre

235 2666 450 2750 protectionis
474 2672 537 2729 etc.
583 2664 712 2750 Siquis
735 2673 795 2731 eto.

343 2784 418 2851 Dat.
442 2785 552 2850 Later.
576 2784 659 2850 Non.
683 2785 844 2854 Decemb.
868 2810 953 2854 anno
975 2787 1051 2854 ΧΠ.

852 3032 1262 3041 -————————-

1017 3294 1102 3367 736.

339 3406 529 3516 Gereoni-us
544 3433 600 3496 IX
614 3456 703 3514 prope
719 3434 870 3514 Sophiam
890 3436 1031 3500 relictam
1051 3435 1139 3499 ducis
1153 3433 1332 3511 Meruniuc,
1354 3455 1432 3514 erute
1454 3438 1521 3498 voto
1536 3437 1706 3514 perpetuae
1727 3433 1881 3497 castitatis

234 3539 344 3602 enimse
365 3536 433 3601 Deo
452 3536 608 3618 temulari
629 3536 788 3614 desideret,
811 3557 879 3601 curn
901 3538 1043 3602 omnibns
1064 3537 1153 3602 bonis
1174 3537 1231 3602 snb
1248 3537 1436 3619 protectione
1457 3558 1516 3602 snio
1538 3537 1676 3616 memnii.

1527 3643 1621 3718 1238,
1643 3638 1718 3703 Dec.
1742 3642 1794 3704 14.

341 3725 422 3796 erec.
440 3724 491 3778 rx
506 3723 576 3794 my.
598 3723 656 3780 vu.
680 3724 727 3790 vr,
748 3728 797 3790 ec·
814 3725 875 3779 ceo.
894 3725 969 3791 xri,
988 3730 1051 3780 339.

483 3922 635 3996 Nobili
665 3923 843 3997 mulieri
869 3923 1053 4015 Sophie‚
1080 3923 1244 3998 relicte
1271 3925 1388 3998 bone
1415 3921 1630 3997 memorie

830 4101 839 4118 .
868 4101 877 4118 .
906 4045 1041 4118 ducis
1066 4045 1287 4119 Mi1·anie³.

343 4195 556 4260 Promerente
580 4202 635 4258 tue
659 4195 798 4279 puritate
821 4193 897 4258 fidei
920 4201 953 4258 te
977 4194 1154 4280 specialem
1177 4195 1262 4259 inter
1284 4194 1423 4258 ecclesie
1439 4194 1546 4258 filiasb
1568 4193 1722 4280 reputari,
1746 4192 1879 4278 dignum

235 4300 305 4362 fore
339 4297 554 4384 providimus,
593 4305 630 4361 ut
668 4299 702 4360 in
739 4297 801 4360 hiis
835 4318 898 4382 que
935 4298 988 4383 pie
1022 4297 1169 4382 postulas
1206 4296 1266 4361 tibi
1306 4297 1502 4363 favorabiles
1550 4298 1741 4362 existamus.
1798 4295 1879 4359 Cum

234 4402 334 4486 igitur
356 4407 401 4480 tu,
432 4402 516 4466 sicut
537 4401 742 4486 accepimus,
773 4400 994 4486 inspirationis
1018 4399 1126 4464 divine
1150 4401 1254 4485 gratia
1276 4402 1415 4467 faciente
1439 4407 1513 4466 voto
1536 4407 1695 4487 perpetue
1719 4399 1879 4464 castitatis

236 4506 357 4569 emisso
390 4504 573 4584 desideres,
612 4504 698 4590 quod
728 4506 853 4569 intenta
886 4505 1031 4569 caritatis
1068 4505 1222 4590 operibus
1265 4504 1297 4568 in
1331 4503 1514 4570 humilitate
1556 4505 1686 4590 spiritus
1726 4503 1879 4568 virtutum

237 4606 368 4673 domino
392 4610 570 4690 famuleris,
593 4631 654 4672 nos
672 4608 736 4672 tuis
760 4607 886 4672 devotis
907 4607 1061 4694 precibus
1090 4608 1236 4672 inclinati
1263 4630 1436 4694 personam
1464 4615 1497 4672 et
1526 4608 1682 4672 familiam
1710 4615 1783 4671 tuas
1806 4629 1878 4672 eum

341 4801 788 4810 ————-———--.--...-.-..-..⁴.....
795 4803 894 4809 --—-...-„--
902 4803 952 4808 ...-
967 4802 1036 4808 ——-.
1049 4803 1184 4807 -..---—
1190 4801 1776 4808 ——a———fi--a-w--ss

332 4939 354 5002 ⁸)
382 4938 444 4990 teneo
474 4939 607 5005 inscriptio
641 4937 709 4989 deest
738 4955 782 5003 op.
812 4937 897 5005 Royn
924 4947 947 4990 et
979 4937 1057 5004 lr'ptr.;
1092 4939 1266 5005 mpprteoimur
1293 4954 1350 4989 eone
1379 4955 1410 4990 ee
1441 4939 1486 5003 iic,
1525 4957 1573 5006 que
1603 4939 1679 4990 iidem
1714 4945 1879 4988 annotarunt.

246 5019 271 5087 e)
288 5023 354 5074 filios
370 5025 398 5074 in
416 5042 505 5092 opopr.
525 5024 625 5076 Pertzii.

341 5143 366 5205 1)
385 5144 456 5197 Neo.
477 5147 515 5197 30
540 5143 658 5198 elumen
684 5142 753 5196 unni
777 5139 938 5195 Venetorum
965 5147 990 5195 et
1015 5139 1197 5195 Ionuensinm
1223 5141 1351 5195 civitates
1376 5155 1429 5209 per
1455 5140 1571 5210 tepotor,
1597 5140 1647 5210 qni
1664 5139 1777 5195 ‘Itoniae
1803 5137 1881 5208 opud

236 5229 403 5282 Lateranum
421 5230 451 5282 in
469 5229 588 5298 qnadmn
606 5245 714 5283 cornera
731 5227 835 5280 domini
847 5228 952 5297 popne’
969 5230 1159 5291 converrerent,
1186 5227 1286 5296 foedus
1311 5242 1361 5296 per
1386 5227 1551 5280 nooersninrn
1576 5227 1704 5290 inierunt,
1731 5225 1880 5295 quainter

235 5314 293 5368 olto
310 5315 425 5368 invicem
440 5316 628 5384 protruserunt
646 5331 675 5368 re
693 5315 815 5382 ntiquom
829 5314 987 5382 pactionem
1004 5329 1065 5367 curn
1083 5315 1246 5382 imperatore
1271 5314 1329 5368 nisi
1354 5312 1387 5366 de
1412 5327 1544 5366 consensu
1565 5329 1660 5383 papae
1676 5313 1803 5380 [acturos
1823 5327 1880 5364 non

237 5417 307 5462 ease,·
327 5400 622 5464 limitaret-Brenthe,
641 5401 657 5454 t.
674 5414 696 5452 c.
711 5407 729 5453 t.
748 5399 778 5466 V,
794 5416 823 5468 p.
845 5405 920 5452 1223.
1024 5399 1052 5467 2)
1072 5399 1176 5452 Eodem
1196 5415 1270 5452 onero
1283 5416 1364 5468 popo
1382 5399 1462 5452 etiam
1475 5399 1627 5452 lentienses
1645 5399 1694 5450 rub
1709 5397 1880 5468 protectione

234 5503 288 5542 eno
304 5487 420 5557 recepit,·
447 5489 519 5541 Anii.
539 5487 747 5552 Ion.n.1238,
770 5485 819 5540 88.
838 5491 856 5541 t.
875 5484 995 5548 XVIII,
1012 5503 1042 5556 p.
1063 5489 1124 5538 189.
1227 5485 1256 5551 3)
1274 5485 1311 5538 ln
1337 5483 1446 5553 [unitio
1473 5483 1572 5538 dumam
1590 5482 1734 5538 Meronioe
1750 5482 1881 5552 Sopbiam

232 5589 289 5626 non
315 5573 467 5627 inoenirnue
491 5573 547 5628 nisi
572 5589 686 5628 uxoren
713 5571 830 5625 Henrici
855 5571 1023 5626 marchionis
1051 5570 1169 5638 Istriae,
1197 5569 1257 5637 qni,
1279 5569 1360 5638 filine
1380 5569 1526 5624 Berttioldi
1552 5569 1571 5624 Ι
1576 5569 1600 5623 V
1622 5569 1701 5624 ducis
1728 5569 1881 5638 Meronioe,

233 5663 578 5715 o.1228mortnnserut.
615 5659 660 5714 De
682 5657 776 5712 eodem
794 5657 832 5725 es.
849 5659 932 5712 etium
950 5658 1043 5712 Notae
1063 5655 1222 5712 Dieesenaer
1239 5673 1266 5710 o.
1284 5659 1362 5721 1256,
1379 5657 1431 5712 SS.
1449 5663 1468 5712 t.
1487 5655 1588 5722 XVII,
1602 5673 1633 5727 p.
1652 5659 1714 5712 326.
1749 5656 1794 5711 Ad
1811 5656 1882 5712 bone

230 5761 336 5818 popum
353 5745 405 5800 boe
422 5744 528 5801 litteras
545 5745 678 5804 directam
696 5745 874 5802 arbitramur.

337 5845 399 5898 uec.
416 5845 498 5898 Ponr.
516 5846 537 5898 l.
1641 5837 1676 5893 80
