4590 6366
762 386 963 443 EPIS'I'OLAE
980 387 1171 446 SELECTAE.
1207 391 1282 448 1235.
1782 397 1844 460 555

192 565 303 631 ferens
340 565 525 651 angustias,
560 567 691 633 labores
726 565 845 631 nimios
881 565 982 630 subiit
1018 587 1056 630 ac
1091 587 1273 653 expensas,
1308 567 1423 653 gravis
1455 567 1603 655 pericula
1634 566 1851 650 imminerent,

193 677 327 757 recepta
349 671 390 735 ab
414 672 495 757 ipsis
510 671 761 737 Acconensibus
779 672 931 736 cautione
955 671 1040 756 quod
1063 673 1185 737 nostris
1200 673 1343 738 debeant
1357 693 1473 759 parere
1490 672 1663 754 mandatis,
1686 673 1851 760 prefatum

154 831 157 837 .
194 775 365 839 dumtaxat
388 776 608 840 relaxavimus
632 774 857 854 interdictum,
887 795 928 840 ne
952 775 1013 839 tibi
1037 784 1071 840 et
1093 776 1180 842 dicto
1203 784 1280 842 nato
1304 784 1361 842 tuo
1384 778 1560 864 dampnum
1584 776 1625 842 ds
1648 798 1751 862 regno
1774 798 1850 863 pre·

193 878 281 942 dicto
310 877 438 942 modica
468 877 550 943 hora
576 879 797 962 contingeret,
834 877 921 963 quod
952 879 1008 941 vix
1042 880 1133 965 longi
1163 880 1257 945 labor
1284 881 1443 967 temporis
1470 887 1681 968 restauraret.
1727 879 1851 944 Vemm

119 995 121 1001 '
193 982 313 1047 dilecto
349 981 415 1045 filio
446 982 603 1066 magistro
636 981 735 1046 Petro
760 982 800 1045 de
822 982 938 1046 Vincis
972 982 1081 1048 iudice
1110 1005 1148 1048 ac
1176 985 1290 1049 nuntio
1320 991 1377 1048 tuo
1406 983 1447 1048 ad
1477 991 1622 1050 nostram
1650 983 1851 1070 presentiam

116 5598 141 5638 m

193 1084 401 1171 postmodum
429 1085 622 1161 accedente,
652 1093 686 1150 et
719 1091 784 1150 tam
815 1084 936 1150 dilecto
965 1086 1032 1150 filio
1064 1136 1098 1153 ..
1130 1089 1237 1152 electo
1265 1087 1452 1168 Paotensi¹,
1480 1086 1566 1173 apud
1597 1108 1657 1151 nos
1684 1107 1750 1152 non
1779 1087 1850 1151 sins

192 1191 294 1254 multa
324 1189 542 1254 sollicitudine
576 1211 636 1276 pro
665 1190 730 1253 tuis
757 1190 929 1253 insistente
959 1190 1118 1275 negotiis,
1152 1213 1248 1276 qnam
1278 1192 1394 1257 eodem
1425 1192 1538 1257 nuntio
1566 1191 1703 1256 anobis
1727 1211 1770 1256 ex
1793 1197 1851 1254 tua

192 1300 286 1380 parto
309 1293 499 1378 petentibus
527 1313 717 1378 processum
746 1291 887 1379 predicti
915 1293 1155 1380 archiepiscopi
1189 1296 1388 1378 confirmari,
1419 1296 1524 1360 nuntii
1553 1300 1586 1360 et
1620 1299 1849 1381 procuratores

193 1397 352 1462 dictomm
374 1396 634 1476 Acconensium,
668 1394 953 1483 compromittendi
983 1398 1016 1461 in
1043 1419 1102 1462 nos
1126 1399 1287 1465 habentes
1309 1400 1491 1485 plenariam
1512 1404 1731 1485 potestatem,
1762 1398 1850 1463 ordi-

194 1501 320 1566 nationi
344 1508 378 1565 et
399 1501 605 1586 dispositioni
635 1507 748 1566 nostre
781 1523 880 1588 super
910 1502 1079 1587 premissis
1110 1504 1256 1568 articulis
1286 1505 1491 1569 committere
1520 1523 1555 1566 se
1578 1502 1742 1567 volebant.
1791 1500 1850 1566 Set

193 1605 270 1690 quia
296 1604 402 1669 dictus
429 1605 587 1689 magister
616 1627 658 1669 ex
687 1610 780 1691 parte
810 1613 867 1668 tna
894 1604 956 1668 hoc
984 1606 1093 1690 ipsum
1121 1607 1315 1692 acceptandi
1341 1607 1530 1671 mandatum
1560 1613 1596 1670 ut
1618 1605 1761 1670 asseruit
1783 1625 1850 1669 non

193 1707 352 1787 habebat,
381 1707 422 1772 ad
449 1707 757 1773 determinationem
787 1708 920 1794 procedi
950 1729 1014 1774 non
1041 1711 1149 1794 potnit
1176 1710 1362 1776 huiusmodi
1391 1711 1584 1796 questionis.
1629 1708 1718 1774 Dicti
1751 1709 1850 1773 etiam

193 1813 318 1876 clectus
343 1818 377 1875 et
399 1812 572 1895 magister,
602 1811 765 1896 eligentes
796 1812 905 1898 potius
936 1811 969 1874 in
997 1811 1058 1876 hac
1086 1819 1181 1898 parte
1211 1820 1303 1878 tuum
1333 1821 1512 1900 expectare
1533 1835 1727 1900 responsum
1750 1833 1848 1898 quam

192 1914 314 2000 aliquid
337 1915 522 1980 inconsulto
546 1921 578 1980 te
601 1936 736 2000 gerere,
769 1916 944 1980 noluerunt
968 1937 1067 2002 super
1089 1916 1151 1982 hoc
1175 1918 1300 2005 aliquid
1323 1926 1508 2005 acceptare.
1553 1919 1700 2004 Ideoque
1724 1917 1850 1983 sereni-

193 2025 295 2083 tatem
323 2025 413 2082 tuam
441 2017 637 2083 monendam
659 2018 812 2083 duximus
842 2024 875 2083 et
903 2019 1116 2101 hortandam,
1149 2023 1301 2106 quatinus
1332 2023 1483 2109 inspecta
1506 2022 1639 2100 cedula,
1668 2041 1766 2108 qnam
1789 2020 1850 2085 tibi

191 2122 252 2186 snb
275 2121 366 2186 bulla
387 2127 499 2186 nostra
522 2122 680 2186 mittimus
703 2122 932 2203 interclusam,
964 2144 1062 2209 super
1092 2123 1156 2189 hiis
1186 2131 1242 2191 tue
1264 2126 1443 2191 voluntatis
1471 2126 1716 2213 beneplacitum
1743 2125 1849 2210 impe·

189 2226 324 2290 rialibus
347 2225 442 2290 nobis
471 2225 637 2290 insinnare
666 2226 785 2290 litteris
814 2248 880 2290 non
910 2233 1102 2314 postponas.
1149 2229 1302 2295 Cetemm
1331 2251 1538 2316 nequaqnam
1561 2251 1661 2317 snper
1683 2227 1850 2293 interdicti

190 2329 309 2417 prelati
336 2329 541 2394 relaxatione
571 2328 729 2408 turberis,
761 2351 835 2394 cum
868 2351 911 2395 ex
941 2330 1003 2394 hoc
1034 2332 1094 2396 tibi
1126 2335 1253 2398 nullum
1282 2333 1500 2420 preiudioium
1528 2339 1722 2420 generetur,
1754 2338 1788 2397 et
1816 2330 1850 2394 id

191 2434 316 2498 bonore
339 2438 395 2496 tuo
420 2431 625 2498 considerato
650 2432 692 2497 ob
715 2439 838 2497 statum
862 2433 967 2520 ipsius
991 2441 1078 2499 terre
1110 2437 1236 2523 integro
1261 2437 1522 2504 conservandum
1544 2437 1737 2518 fecerimus,
1770 2457 1849 2501 nec·

192 2559 258 2602 non
288 2536 331 2602 ad
366 2536 570 2623 imperialem
600 2538 851 2618 exaltationem,
888 2537 994 2623 ipsam
1031 2560 1105 2604 esse
1142 2548 1287 2606 nostram
1317 2547 1350 2606 et
1380 2543 1519 2608 ecclesie
1550 2540 1764 2629 proculdubio
1796 2560 1849 2604 re-

189 2647 355 2727 putantes,
378 2640 411 2704 in
434 2639 497 2703 hiis
523 2645 556 2704 et
578 2640 651 2704 aliis
674 2641 811 2706 tirmiter
833 2641 1028 2727 aspiremus.

297 2761 374 2826 Dat.
396 2759 510 2842 Asinii,
533 2759 566 2823 X
588 2759 663 2824 Kal.
687 2760 806 2827 Octob.
829 2783 914 2827 anno
938 2784 1037 2828 nono.

997 2968 1042 3035 II.

937 3098 1101 3171 Eidem.

301 3247 408 3336 Super
430 3249 564 3334 negotio
588 3246 682 3332 regni
704 3245 961 3312 Ierosolimitani
984 3247 1193 3334 beneplacito
1221 3254 1277 3312 tuo
1301 3245 1396 3312 nobis
1419 3245 1511 3332 prius
1535 3245 1705 3330 exposito,
1729 3245 1849 3325 omnia,

192 3352 299 3437 quoad
328 3353 379 3417 ius
407 3351 626 3438 possessionis
655 3356 689 3415 et
719 3351 945 3436 proprietatis,
976 3351 1109 3416 insum
1134 3357 1272 3433 statum,
1303 3352 1337 3416 in
1361 3371 1424 3437 quo
1447 3354 1523 3415 ante
1546 3347 1742 3413 discordiam
1764 3349 1850 3413 inter

191 3455 389 3520 Riccardum
417 3454 641 3540 Filangerium
671 3454 907 3518 marescalcum
937 3461 1029 3518 tunm
1060 3461 1094 3519 et
1124 3455 1253 3520 nobiles
1287 3461 1321 3520 et
1355 3453 1497 3518 barones
1525 3452 1619 3537 regni
1649 3450 1789 3538 predicti
1816 3456 1850 3515 et

193 3559 281 3622 cives
299 3559 509 3622 Acconenses
533 3557 637 3621 fnisse
660 3561 849 3636 noscuntur,
873 3555 1042 3638 reducere,
1065 3564 1099 3620 et
1121 3563 1157 3622 ut
1181 3558 1269 3623 cives
1293 3566 1327 3623 et
1350 3556 1468 3622 sindici
1483 3554 1697 3620 Acconenses
1720 3553 1849 3634 balivis,

192 3683 274 3747 qnos
297 3660 343 3724 ibi
365 3682 425 3746 pro
448 3667 596 3746 tompore
620 3659 755 3724 duxeris
779 3658 972 3724 statuendos
1002 3665 1059 3724 tuo
1089 3667 1123 3724 et
1149 3660 1269 3726 nobilis
1292 3662 1354 3724 viri
1378 3658 1519 3725 Oonradi
1542 3659 1611 3723 nati
1634 3658 1683 3723 tui
1705 3657 1847 3736 nomine,

192 3765 225 3828 in
254 3763 459 3828 ordinatione
490 3769 672 3828 castromm
703 3769 737 3827 et
768 3763 972 3844 officialium,
1007 3765 1220 3851 perceptione
1250 3763 1438 3829 reddituum
1471 3770 1505 3829 et
1534 3761 1677 3827 omnium
1710 3761 1850 3825 aliorum

193 3869 326 3948 iurium,
361 3889 424 3953 que
459 3868 492 3931 in
520 3868 592 3954 ipso
622 3888 723 3952 regno
753 3865 795 3930 ad
825 3888 938 3952 regem
961 3866 1002 3931 de
1032 3867 1166 3952 antiqua
1198 3873 1231 3932 et
1265 3874 1400 3954 optenta
1429 3865 1666 3933 consuetudine
1699 3871 1849 3951 spectare

192 3978 381 4052 noscuntur,
406 3971 506 4036 salvis
530 3971 658 4036 ascisiis
681 3991 809 4035 necnon
832 3970 975 4055 antiquis
999 3976 1034 4035 et
1056 3970 1247 4057 approbatis
1271 3972 1365 4057 regni
1388 3971 1529 4058 predicti
1545 3967 1849 4050 consuetudinibus,

192 4073 358 4153 obediant,
382 4079 415 4138 et
438 4073 501 4160 ipsi
524 4095 563 4138 ac
585 4072 714 4138 nobiles
732 4072 880 4137 eiusdem
898 4073 991 4157 regni
1008 4075 1226 4138 communiam
1242 4072 1434 4154 dissolvant,
1459 4095 1651 4160 campanam
1670 4072 1847 4158 deponant,

193 4185 226 4242 et
249 4184 422 4242 amoveant
445 4177 599 4243 consules
624 4183 657 4242 et
680 4177 871 4262 capitaneos
895 4176 937 4240 ab
961 4177 1009 4242 eis
1033 4183 1107 4263 post
1130 4183 1235 4240 ortam
1258 4175 1454 4242 discordiam
1478 4177 1663 4256 ordinatos,
1687 4181 1720 4240 et
1743 4174 1849 4238 omni-

192 4281 252 4345 bus
286 4282 478 4346 iuramentis
513 4281 608 4346 factis
643 4282 677 4344 in
711 4278 928 4366 preiudicium
962 4287 1055 4345 tuum
1090 4289 1123 4346 ct
1158 4280 1298 4346 Conradi
1333 4281 1480 4346 eiusdem
1513 4281 1645 4367 penitus
1679 4277 1848 4358 abiuratis,

194 4385 312 4450 iterato
336 4385 396 4450 tibi
419 4392 453 4450 et
476 4385 508 4450 ei
530 4385 698 4456 fidelitatis
722 4385 902 4450 exhibeant
925 4386 1119 4464 iuramenta,
1143 4407 1256 4449 snmus
1279 4392 1425 4450 statuere
1451 4391 1484 4450 et
1506 4383 1657 4448 ordinare
1681 4381 1797 4469 parati,
1821 4379 1849 4444 si

193 4488 234 4553 ad
258 4487 291 4552 id
314 4495 370 4552 tua
394 4490 554 4553 serenitas
571 4487 831 4554 accommodabit
847 4509 1030 4553 assensum.
1077 4489 1230 4554 Ceterum
1246 4485 1413 4574 predictus
1431 4487 1611 4552 Riccardus
1628 4485 1848 4550 marescalcus

192 4599 269 4656 tuus
300 4592 342 4656 ad
367 4591 577 4657 baiulationis
607 4591 750 4657 officium
781 4591 824 4655 ob
847 4599 939 4656 tuum
962 4594 1154 4658 restituetur
1175 4593 1353 4674 honorem,
1385 4594 1431 4657 ita
1460 4599 1571 4657 tamen
1599 4589 1685 4676 quod
1718 4588 1849 4653 baiulus

193 4694 366 4760 hincinde
391 4696 480 4760 omni
502 4716 616 4760 carens
640 4696 822 4782 suspitione
852 4695 885 4759 in
908 4694 1068 4760 Kalendis
1090 4697 1202 4761 Martii
1230 4697 1380 4783 proximo
1412 4695 1513 4760 futuri
1536 4714 1639 4780 regno
1662 4692 1850 4779 preficiatur

193 4799 315 4880 eidem,
344 4820 441 4885 quem
468 4799 660 4886 preficiendi
683 4800 778 4865 nobis
801 4821 862 4885 per
885 4807 958 4864 tuas
982 4801 1166 4865 committas
1190 4802 1319 4866 litteras
1342 4805 1550 4887 potestatem.
1596 4795 1640 4861 Et
1662 4797 1740 4880 quia
1762 4796 1849 4860 iuter

193 4903 301 4987 ipsum
330 4903 566 4967 marescalcum
597 4908 630 4967 et
659 4910 786 4989 partem
816 4905 954 4968 alteram
985 4911 1061 4968 sunt
1089 4905 1259 4969 inimicitie
1284 4903 1459 4990 capitales,
1493 4897 1641 4990 [quars]⁸
1663 4899 1750 4963 iusta
1774 4919 1848 4962 eum

194 5005 317 5070 habent
340 5005 465 5070 ratione
490 5013 697 5091 suspectum,
721 5007 808 5092 quod
832 5007 858 5070 si
883 5005 964 5071 illud
988 5013 1162 5072 exerceret
1185 5007 1345 5088 officium,
1369 5006 1460 5092 ipsos
1482 5002 1612 5090 gladius
1635 5002 1689 5066 vel
1712 5001 1849 5067 alterins

194 5109 326 5194 generis
359 5117 567 5174 consumeret
602 5111 781 5193 cmciatus,
818 5112 950 5176 interim
985 5110 1039 5174 alii
1075 5110 1178 5175 baiuli
1212 5110 1358 5174 officium
1392 5107 1642 5173 amministrant.
1701 5103 1755 5168 Ad
1787 5103 1850 5168 hec

193 5214 270 5299 quia
299 5233 363 5277 non
396 5213 480 5278 bene
512 5220 627 5300 posset
658 5216 777 5301 prefati
809 5217 904 5300 regni
938 5215 1046 5280 sedari
1074 5215 1233 5296 turbatio,
1269 5215 1297 5278 si
1323 5234 1461 5300 regnum
1492 5209 1593 5297 Cypri
1623 5209 1657 5272 in
1686 5205 1851 5270 discordia

193 5322 394 5397 remaneret,
429 5316 660 5381 excellentiam
694 5326 784 5383 tuam
818 5339 973 5404 rogamus
1000 5325 1034 5384 et
1062 5338 1232 5382 monemus
1264 5318 1442 5398 attentius,
1477 5314 1630 5400 quatinus
1663 5309 1850 5375 huiusmodi

301 5477 500 5484 -.--—--—.—----
513 5478 597 5484 ..---—
605 5479 796 5486 ---——--.-—..
1025 5479 1084 5485 ..—
1092 5471 1741 5484 -u———u——n--ssae--u———n

299 5577 321 5642 ¹)
340 5579 390 5628 lule
408 5577 470 5644 quid
487 5580 514 5629 iu
537 5579 567 5630 Il.
586 5579 660 5631 «lesse.

297 5697 323 5764 1)
343 5695 466 5766 Papaao.
