4604 6420
997 415 1045 470 EX
1064 414 1238 470 GREGORII
1256 414 1295 468 IX
1313 413 1493 469 REGIS'I‘RO

663 717 672 736 .
702 718 711 736 .
739 663 923 751 decane,
951 717 960 736 .
991 717 1000 736 .
1029 661 1202 736 cantori
1229 666 1270 735 et
1298 716 1307 734 .
1337 716 1346 734 .
1374 661 1612 736 scolastico
1640 659 1820 734 maioris

983 781 1169 857 ecclesie
1202 780 1503 856 Treverensis

524 930 629 996 Tanto
652 930 803 996 acerbius
827 936 993 1017 stuporem
1023 930 1119 996 nobis
1148 930 1270 1016 ingerit
1298 937 1332 996 et
1358 930 1529 996 horrorem
1551 929 1754 1016 quorundam
1782 927 1879 993 nimis
1908 923 2072 991 obstinata

416 1033 630 1120 perversitas,
662 1040 783 1119 quanto
807 1034 940 1099 eosdem
971 1035 1005 1099 in
1027 1033 1135 1099 altiori
1157 1031 1261 1118 gradu
1285 1033 1419 1119 specula
1442 1033 1575 1098 Domini
1598 1033 1813 1112 constitutos,
1839 1029 1971 1095 maioris
1994 1049 2071 1113 per·

416 1135 567 1201 fectionis
601 1136 799 1203 attendimus
833 1137 1029 1223 artiorisque
1064 1136 1188 1201 iustitie
1223 1135 1399 1202 debitores.
1450 1136 1600 1214 Etenim,
1634 1135 1720 1223 quod
1754 1155 1820 1200 non
1850 1134 1920 1198 sine
1955 1130 2068 1196 dolore

419 1237 607 1320 referimus,
638 1241 813 1326 optimates
840 1241 950 1326 gregis
980 1247 1014 1305 et
1043 1240 1151 1326 capita
1181 1242 1392 1326 populorum,
1424 1240 1481 1327 qui
1507 1241 1592 1306 viam
1614 1239 1747 1306 Domini
1777 1245 1811 1304 et
1838 1235 1994 1303 iudicium
2017 1232 2071 1298 dei

274 1361 352 1404 reram.
366 1366 408 1413 aa
423 1342 473 1405 sui
489 1342 629 1429 amplius
644 1363 703 1428 pre
720 1343 839 1409 ceteris
855 1345 1052 1428 cognovisse
1068 1341 1260 1424 debuerant,
1284 1365 1361 1410 ecce
1384 1345 1489 1430 magis
1510 1343 1558 1408 hii
1581 1343 1678 1409 simul
1694 1341 1926 1426 confregerunt
1947 1339 2070 1423 iugum,

419 1443 550 1508 vincula
571 1443 773 1532 diruperunt.
827 1445 870 1511 Et
895 1447 1006 1532 quiin
1029 1445 1254 1512 defensionem
1276 1447 1377 1532 positi
1399 1453 1475 1512 sunt
1504 1453 1537 1512 et
1568 1446 1731 1532 refugium
1754 1444 1977 1524 subditorum,
2007 1441 2072 1529 ipsi

297 1564 335 1607 m.
350 1569 404 1616 as.
419 1547 635 1632 periculosius
658 1549 788 1613 vineam
810 1548 943 1614 Domini
965 1549 1198 1635 depascentes,
1229 1549 1436 1614 sanctitatem
1458 1551 1667 1636 impugnant,
1695 1554 1915 1614 novereantur
1936 1545 2071 1624 iustitie,

420 1650 554 1717 obviant
576 1652 702 1737 pietati,
726 1673 831 1738 eoque
848 1653 1083 1719 inexorabilius
1107 1675 1166 1718 suo
1186 1652 1385 1740 redemptori
1407 1654 1440 1718 in
1463 1653 1618 1719 membris
1641 1653 1745 1740 ipsius
1764 1652 1982 1728 recalcitrant,
2005 1669 2070 1733 quo

279 1766 339 1811 Pul·
353 1749 408 1818 aar.
422 1753 530 1818 minus
553 1752 594 1819 de
617 1755 723 1841 pretio
745 1754 981 1843 redemptionis
1013 1759 1122 1822 anime
1153 1778 1211 1822 sue
1236 1778 1311 1822 sese
1335 1758 1534 1822 incrassatos
1556 1755 1739 1822 attendunt.
1793 1753 1909 1819 Prodit
1930 1772 2070 1837 namque

421 1877 464 1922 ex
492 1855 588 1944 adipe
615 1859 760 1945 ipsorum
790 1859 963 1947 iniquitas,
998 1862 1090 1926 euius
1120 1861 1242 1927 clamor
1270 1861 1335 1926 iam
1366 1862 1400 1925 in
1428 1868 1554 1925 tantum
1582 1860 1745 1936 ascendit,
1780 1857 1867 1944 quod
1893 1863 2007 1922 contra
2034 1875 2071 1919 se

420 1962 634 2048 apostolicam
655 1971 812 2048 provocat
834 1965 1022 2051 equitatem.
1066 1964 1273 2030 Dilectorum
1297 1964 1456 2051 siquidem
1473 1965 1623 2046 filiorum,
1646 1963 1854 2051 provincialis
1877 1966 1911 2027 et
1933 1960 2072 2027 aliorum

421 2064 565 2151 priorum
587 2086 648 2132 nec
670 2088 736 2131 non
758 2074 793 2134 et
814 2067 950 2134 fratrum
974 2067 1095 2133 ordinis
1117 2067 1366 2133 Prediestorum
1387 2067 1422 2131 in
1444 2067 1646 2148 Theutonia,
1676 2067 1741 2133 iam
1765 2065 1880 2132 crebra
1901 2064 1997 2130 nobis
2020 2067 2073 2128 est

421 2169 656 2260 conquestione
678 2179 907 2252 monstratum,
939 2171 1122 2257 quodcum
1146 2171 1224 2235 olim
1248 2219 1256 2235 .
1280 2220 1288 2234 .
1314 2169 1546 2236 Warmatiensi
1571 2171 1748 2258 episcopo¹
1772 2171 1896 2257 primo,
1927 2165 2072 2233 secundo

421 2278 456 2337 et
477 2273 574 2338 tertio
603 2273 740 2341 firmiter
769 2276 890 2340 nostris
920 2274 1106 2340 dederimus
1138 2275 1258 2340 litteris
1284 2275 1318 2338 in
1351 2275 1533 2361 preceptis,
1564 2282 1601 2339 ut
1623 2297 1643 2339 a
1665 2272 1894 2340 molestatione
1917 2273 2083 2360 ipserum,

421 2396 503 2461 quos
532 2377 642 2441 multis
673 2384 708 2442 et
734 2378 833 2442 variis
863 2377 1092 2442 vexationibus
1122 2385 1155 2444 et
1184 2379 1429 2463 gravaminibus
1458 2378 1618 2463 fatigabat
1644 2385 1679 2443 et
1708 2377 1814 2442 adhue
1841 2375 1980 2460 fatigare
2009 2396 2074 2440 non

422 2479 557 2561 desinit,
587 2481 721 2545 omnino
745 2488 907 2562 cessaret,
937 2479 1001 2545 sibi
1024 2501 1123 2567 super
1144 2481 1206 2546 hoc
1228 2481 1351 2567 pluries
1374 2481 1606 2546 executoribus
1629 2480 1812 2567 deputatis,
1844 2478 1970 2544 eisdem
1992 2499 2073 2543 exe·

421 2581 589 2648 autoribus
623 2582 847 2649 deferentibus
880 2584 1003 2649 homini
1038 2585 1111 2670 plus
1144 2604 1241 2669 quam
1275 2583 1348 2648 Deo
1380 2591 1415 2648 et
1447 2583 1635 2649 mandatum
1668 2590 1816 2649 nostrum
1853 2582 1974 2668 exequi
2007 2602 2073 2646 non

422 2686 629 2768 curantibus,
657 2686 763 2752 dietus
787 2689 962 2774 episcopus
984 2687 1108 2752 malitie
1131 2708 1189 2752 sue
1212 2685 1373 2752 adhibens
1397 2687 1617 2764 incrementa,
1640 2709 1706 2753 non
1730 2688 1834 2752 solum
1857 2707 1921 2750 non
1946 2684 2074 2751 destitit
2128 2699 2140 2739 2

422 2789 463 2855 ab
484 2789 632 2876 ipsorum
654 2790 814 2856 molestiis
843 2797 877 2855 et
898 2791 1078 2877 pressuris,
1108 2790 1167 2855 sed
1194 2791 1229 2854 in
1256 2791 1421 2855 cumulum
1451 2791 1637 2856 afflictionis
1667 2811 1780 2856 eorum
1802 2796 1878 2876 post
1900 2789 2073 2876 appellati-

423 2912 520 2957 onem
542 2890 583 2956 ad
606 2913 666 2957 nos
688 2893 915 2980 interpositam
938 2894 1084 2979 ipsorum
1107 2895 1273 2981 operarios
1296 2895 1338 2959 ab
1361 2915 1473 2959 eorum
1495 2894 1658 2960 hedificiis
1686 2894 1813 2981 expulit
1835 2893 2011 2973 violenter,
2041 2898 2075 2957 et

423 2994 510 3081 quod
542 2995 731 3061 horribilius
765 3005 818 3062 est
851 2996 982 3077 auditu,
1017 3018 1134 3084 corpus
1165 2997 1334 3063 cuiusdam
1368 2998 1478 3065 fratris
1512 3019 1626 3064 eorum
1653 2996 1797 3062 defuncti
1825 2995 1996 3061 exhumari
2032 2995 2073 3061 ab

423 3099 568 3184 ipsorum
592 3099 734 3164 oratorio
757 3107 793 3166 et
814 3099 856 3165 ad
878 3121 970 3165 suam
993 3100 1072 3165 fecit
1096 3101 1269 3166 ecelesiam
1293 3101 1468 3188 deportari.
1511 3101 1652 3188 Insuper
1673 3099 1750 3165 dum
1772 3099 1902 3186 quidam
1926 3119 1970 3164 ex
1992 3097 2074 3184 ipsis

424 3199 578 3266 fratribus
612 3200 730 3268 fuisset
763 3223 783 3266 a
814 3202 954 3288 quodam
988 3223 1054 3268 non
1092 3202 1217 3290 absque
1251 3204 1355 3291 ipsius
1389 3204 1506 3269 notitia
1541 3205 1749 3283 verberatus,
1789 3202 2074 3268 excomunicatum
2127 3213 2140 3254 2

424 3303 567 3368 nuntiari
596 3305 704 3391 ipsum
735 3308 930 3392 sacrilegum
961 3328 1026 3372 non
1054 3307 1214 3394 permisit.
1258 3306 1303 3371 Et
1329 3308 1422 3394 quasi
1450 3308 1581 3395 propria
1608 3307 1734 3374 malitia
1761 3306 1802 3373 ad
1829 3305 2075 3396 persequendos

424 3408 589 3495 predictos
623 3409 750 3476 fratres
776 3432 841 3477 non
875 3410 938 3476 sibi
969 3411 1152 3492 sufficeret,
1187 3412 1277 3476 nisus
1310 3418 1362 3476 est
1397 3420 1431 3476 et
1460 3412 1542 3477 alios
1573 3413 1625 3476 sui
1657 3411 1720 3477 sibi
1751 3411 1871 3477 erroris
1899 3430 2075 3496 procurare

424 3511 579 3593 fautores,
602 3520 639 3578 ut
660 3535 798 3580 assensu
819 3517 959 3603 plurium
983 3522 1016 3581 et
1038 3515 1161 3580 auxilio
1184 3515 1387 3600 constipatus
1409 3516 1556 3602 ipsorum
1572 3515 1792 3581 innocentiam
1807 3512 1947 3580 validius
1969 3513 2075 3600 possit

425 3621 458 3680 et
481 3617 692 3703 multiplicius
720 3619 921 3706 impugnare.
965 3619 1040 3683 Hiis
1063 3639 1191 3703 quoque
1221 3618 1354 3681 minime
1385 3624 1557 3683 contentus
1581 3626 1615 3684 et
1646 3620 1771 3705 impetu
1794 3639 1853 3683 suo
1876 3623 2000 3682 motum
2024 3615 2076 3680 sui

423 3718 523 3782 animi
545 3741 611 3786 non
633 3722 814 3800 refrenans,
837 3723 870 3787 in
893 3721 1025 3787 eosdem
1047 3721 1165 3785 fratres
1176 3719 1364 3785 Warmaeie
1379 3727 1618 3786 commorantes
1635 3720 1860 3808 suspensionis
1877 3719 2075 3785 sententiam

423 3823 653 3910 promulgavit.
697 3823 782 3898 Quia
808 3826 909 3911 igitur
937 3824 978 3889 ad
1000 3825 1063 3889 hoc
1087 3845 1199 3888 sumus
1230 3823 1275 3911 in·
1293 3824 1462 3889 beatorum
1494 3827 1716 3911 apostolorum
1741 3823 1897 3910 principis
1921 3821 2077 3889 cathedra

423 3926 565 3992 Domino
594 3926 790 4015 disponente
818 3929 896 3993 lieet
925 3927 1079 3992 immeriti
1110 3925 1290 4002 constituti,
1321 3932 1357 3991 ut
1386 3915 1534 4012 plantare
1562 3927 1740 3993 debeamus
1768 3947 1831 4012 que
1860 3927 1903 3992 ad
1930 3925 2076 3992 divinum

425 4037 575 4117 spectant
590 4029 753 4112 decorem,
777 4037 810 4096 et
833 4032 976 4095 evellere
1000 4037 1098 4115 atque
1115 4028 1282 4094 eradicare
1305 4051 1369 4115 que
1394 4038 1469 4095 suot
1484 4030 1581 4094 obvia
1596 4030 1715 4094 rationi
1738 4037 1772 4096 et
1794 4031 1908 4096 salutis
1925 4029 2077 4096 videntur

424 4132 582 4221 impedire
614 4132 812 4220 profectum,
844 4132 988 4199 iudicare
1012 4134 1113 4197 etiam
1136 4134 1169 4196 in
1192 4133 1319 4208 iustitia
1340 4153 1504 4219 pauperes
1527 4139 1562 4198 et
1588 4134 1622 4198 in
1645 4134 1790 4220 equitate
1813 4155 1872 4220 pro
1894 4133 2076 4198 mansuetis

424 4229 579 4321 arguere,
616 4235 806 4302 discretioni
839 4243 948 4302 vestre
982 4259 1042 4322 per
1075 4237 1257 4323 apostoliea
1291 4237 1412 4322 scripta
1447 4235 1595 4301 districte
1629 4235 1840 4324 precipiendo
1870 4236 2073 4317 mandamus,
2140 4276 2145 4286 ·

424 4340 595 4424 quatinus,
625 4340 653 4404 si
675 4348 726 4405 est
749 4340 811 4420 ita,
842 4361 915 4405 eum
937 4341 1078 4407 nolimus
1101 4340 1261 4406 dictorum
1284 4340 1429 4427 priorum
1457 4347 1492 4406 et
1520 4339 1656 4405 fratrum
1686 4340 1854 4405 molestias
1877 4344 1911 4405 et
1932 4339 2075 4405 iacturas

425 4440 674 4507 conniventibus
706 4443 808 4507 oeulis
837 4445 1050 4530 pertransire,
1081 4464 1162 4527 quos
1192 4444 1233 4508 ob
1261 4445 1328 4508 vite
1358 4444 1530 4508 sanctioris
1559 4443 1710 4508 meritum
1738 4451 1771 4509 et
1798 4443 1939 4508 utilioris
1962 4463 2075 4531 prero-

424 4546 567 4630 gativam
590 4546 688 4610 officii
711 4547 869 4632 singulari
898 4548 964 4613 iam
996 4546 1118 4611 dudum
1145 4547 1257 4612 favere
1281 4548 1429 4612 fovemus
1454 4555 1487 4612 ct
1516 4548 1652 4634 speciali
1680 4547 1907 4634 amplectimur
1929 4547 2076 4626 caritate,

424 4647 572 4734 predicta
595 4650 819 4736 suspensionis
843 4651 1007 4716 sententia
1027 4651 1094 4713 lata
1116 4650 1150 4713 in
1173 4651 1262 4737 ipsos
1286 4651 1377 4715 nulla
1400 4651 1532 4737 penitus
1556 4651 1715 4732 nuntiata,
1739 4649 1861 4714 dictum
1884 4649 2076 4736 episcopum

426 4757 460 4815 et
482 4751 564 4815 alios
587 4772 824 4838 quoscumque,
847 4753 934 4838 quod
956 4752 998 4817 ab
1021 4753 1165 4838 ipsorum
1189 4754 1349 4818 molestiis
1372 4760 1406 4818 et
1428 4755 1591 4840 pressuris
1613 4755 1744 4841 penitus
1768 4753 2017 4838 conquiescant,
2041 4760 2075 4818 et

426 4852 513 4939 quod
534 4874 592 4919 eos
618 4855 789 4921 occasione
818 4854 1018 4940 quarundam
1048 4876 1215 4937 arearum,
1249 4877 1329 4942 quas
1360 4857 1535 4942 emptionis
1564 4858 1660 4922 titulo
1684 4864 1759 4922 sunt
1781 4855 1910 4944 adepti,
1938 4856 2076 4921 ulterius

426 4978 490 5022 non
512 4958 706 5038 molestent,
736 4958 832 5023 modo
862 4958 1009 5044 predicto
1034 4959 1092 5023 sub
1115 4954 1297 5046 apostolica
1320 4959 1508 5025 obedientia
1534 4982 1595 5045 per
1623 4959 1881 5026 eeclesiasticam
1905 4979 2077 5024 censuram

426 5061 560 5147 cogatis.
605 5059 704 5126 Dicto
727 5082 805 5126 vero
828 5061 983 5148 episcopo
1006 5083 1066 5127 nec
1089 5083 1154 5127 non
1177 5062 1419 5127 Warmaeiensi
1442 5063 1603 5150 capitulo,
1631 5069 1668 5127 ut
1690 5063 1774 5127 infra
1796 5061 1982 5148 quindecim
2004 5061 2077 5127 dies

425 5172 499 5252 post
527 5165 740 5230 monitionem
767 5169 910 5230 vestram
945 5169 1062 5251 corpus
1093 5164 1212 5250 prefati
1245 5166 1355 5231 fratris
1388 5165 1549 5246 dehmcti,
1585 5165 1671 5253 quod
1703 5166 1738 5230 in
1766 5166 1911 5253 ipsorum
1941 5165 2077 5231 fratrum

425 5266 639 5356 preiudicium
670 5275 705 5334 et
733 5288 926 5354 gravamen,
956 5268 1136 5355 apostolice
1165 5289 1293 5355 quoque
1325 5269 1413 5335 sedis
1442 5269 1653 5357 opprobrium
1683 5276 1718 5334 et
1746 5274 1987 5356 contemptum,
2016 5289 2078 5355 per
2127 5288 2153 5328 rs

530 5598 557 5666 1)
577 5597 621 5664 Of.
639 5597 740 5652 Armal.
763 5596 891 5652 Womraa
913 5599 1045 5665 o.122⁶,
1070 5595 1120 5651 SS.
1143 5601 1162 5652 t.
1180 5595 1287 5668 XVII,
1309 5615 1338 5667 p.
1358 5600 1396 5651 38
1418 5599 1444 5650 et
1466 5595 1847 5666 Wiacamaaa,scre1ap.
1870 5593 1942 5650 aed.
1960 5609 1992 5664 p.
2012 5596 2077 5663 495,

423 5700 450 5740 a.
470 5686 530 5751 616,
547 5689 573 5739 et
586 5700 617 5756 p.
634 5685 699 5753 498,
716 5699 743 5738 ra
762 5687 821 5738 621.
