4494 6426
1009 385 1056 438 EX
1076 383 1232 438 HONORII
1251 382 1291 436 ΙΠ
1310 380 1490 436 REGISTRO

1208 680 1292 753 149.

485 811 490 818 ⁴
534 796 721 891 Honorias
745 819 812 885 111
835 839 921 900 papa
953 817 1132 904 monaco]
1159 823 1297 902 cpi-scopo
1318 820 1457 884 Mcteasi
1478 819 1599 897 scribit,
1626 839 1658 884 sc
1679 839 1848 900 personam
1870 821 1900 884 ct
1921 822 2080 886 ecclesiam

421 930 497 1009 eius,
520 949 592 993 cara
613 927 650 990 ia
668 925 784 989 Terrae
799 923 934 991 Sarectac
956 922 1129 988 subsidium
1143 925 1345 1005 proposuerit
1361 923 1526 1004 proficisci,
1549 925 1606 988 sab
1628 945 1686 988 saa
1703 925 1892 1005 protectione
1914 926 2080 1006 suscipere.

1743 1031 1837 1106 1220,
1860 1026 1936 1092 Dec.
1961 1031 1991 1094 1.

526 1119 599 1172 eon.
618 1115 677 1170 ru
693 1114 761 1183 aec.
786 1115 842 1168 ror.
862 1114 925 1182 ΠΙ,
945 1116 991 1181 es,
1012 1116 1061 1175 ea·
1081 1112 1144 1167 aa.
1168 1113 1272 1176 uror.

629 1341 670 1415 C.
701 1341 887 1415 Metensi
915 1340 1146 1432 episeopo,
1183 1338 1431 1431 imperialis
1457 1340 1557 1414 aule
1585 1339 1867 1413 cancellario.
2131 1371 2143 1406 e

531 1490 676 1576 Dignum
700 1497 760 1571 est,
784 1497 821 1554 ut
843 1489 962 1554 divinis
985 1491 1176 1554 insistentes
1201 1488 1367 1573 obsequiis
1394 1489 1567 1574 privilegio
1597 1488 1762 1574 gaudeant
1785 1489 1889 1573 gratie
1914 1490 2079 1575 specialis.

427 1597 509 1661 Cum
534 1597 634 1681 igitur
661 1594 732 1658 zelo
760 1593 836 1658 fidei
868 1601 901 1657 et
932 1591 1116 1658 devotionis
1148 1614 1305 1656 accensus
1329 1592 1540 1678 proposueris
1569 1593 1601 1655 in
1625 1591 1726 1656 Terre
1752 1591 1872 1656 Sancte
1896 1592 2079 1657 subsidium

429 1699 602 1786 proficisci,
627 1718 686 1761 nos
709 1717 883 1781 personam
907 1703 940 1760 et
956 1697 1128 1761 ecclesiam
1151 1705 1240 1760 tuam
1265 1717 1339 1759 cum
1363 1696 1512 1759 omnibus
1535 1694 1629 1758 bonis
1654 1697 1721 1758 suis
1746 1695 1805 1759 sub
1828 1696 1918 1760 beati
1932 1695 2023 1760 Petri
2047 1703 2081 1760 et

426 1808 540 1868 nostra
562 1800 766 1887 protectione
795 1800 1006 1885 suscipimus,
1036 1806 1218 1863 statuentes
1245 1806 1280 1863 ut
1309 1799 1368 1862 sub
1398 1799 1533 1884 speciali
1564 1798 1743 1883 apostolice
1771 1798 1859 1863 sedis
1887 1799 2079 1864 defensione

401 1891 404 1898 Α
427 1906 618 1984 consistant,
643 1903 746 1967 donec
770 1902 809 1967 de
833 1909 888 1966 tuo
905 1903 1011 1968 reditu
1034 1902 1088 1966 vel
1111 1902 1202 1966 obitu
1227 1903 1409 1966 certissime
1427 1907 1653 1985 cognoscatur.
1698 1901 1751 1965 Ad
1774 1901 1835 1966 hec
1858 1911 1895 1967 ut
1911 1903 2079 1967 comodius
2137 1921 2160 1956 ¹⁰

426 2010 546 2095 exequi
576 2009 688 2073 valeas
716 2014 829 2072 vetum
855 2015 961 2086 tuum,
993 2006 1159 2092 obligandi
1191 2012 1324 2092 prepter
1353 2006 1415 2069 hoe
1445 2004 1591 2069 redditus
1614 2026 1728 2070 mense
1755 2013 1811 2069 tue
1835 2027 1855 2069 a
1876 2006 1962 2071 leste
1990 2007 2081 2092 puri-

426 2113 609 2177 ficationis¹
641 2111 784 2176 instante
806 2132 910 2195 usque
933 2110 973 2174 ad
998 2109 1245 2195 quadriennium
1267 2109 1405 2173 liberam
1428 2109 1489 2172 tibi
1513 2108 1722 2172 concedimus
1745 2108 1944 2174 facultatem.
1990 2109 2083 2173 Nulli

425 2236 503 2300 ergo
542 2222 605 2280 etc.
639 2220 751 2282 nostre
784 2215 1016 2300 protectionis,
1053 2213 1294 2278 constitutionis
1329 2221 1362 2277 et
1398 2213 1652 2277 confirmationis
1687 2213 1875 2298 infringere.
1936 2211 1972 2277 Si
2007 2213 2081 2298 quis

423 2325 533 2383 autem
557 2325 619 2384 etc.

532 2438 608 2503 Dat.
630 2439 784 2504 Lateran.
807 2437 883 2502 Kal.
907 2437 1084 2503 Decembr.
1109 2460 1193 2503 anuo
1217 2439 1340 2525 quinto.

1153 2947 1154 2950 ’
1214 2945 1297 3016 150.

537 3051 725 3144 liriorta
752 3080 820 3145 III
839 3102 926 3163 papa
953 3083 1082 3147 Alberto
1113 3084 1216 3148 comiti
1248 3084 1285 3147 de
1314 3083 1475 3166 Marepoaa
1502 3082 1655 3164 praedura
1686 3082 1754 3146 ioca
1781 3085 1883 3146 terrac
1910 3082 2085 3146 moritissac

427 3185 608 3262 Mathildis,
631 3204 710 3265 quac
730 3185 857 3266 stapulo
878 3190 1111 3262 macerentur,
1134 3187 1169 3248 ia
1189 3186 1317 3266 feudum
1340 3186 1483 3263 concedit,
1505 3207 1542 3249 ca
1564 3185 1749 3263 conditiore,
1772 3189 1807 3248 at
1829 3187 1964 3268 strepat-is
1985 3187 2085 3249 anais

426 3309 527 3353 arram
550 3293 689 3353 astarem
714 3291 744 3351 et
767 3288 845 3352 daos
867 3288 990 3353 braccas
1012 3289 1112 3352 soleat
1140 3293 1167 3352 et
1190 3310 1258 3353 cam
1280 3294 1428 3370 quattuor
1449 3288 1602 3353 militibus
1625 3309 1683 3368 per
1705 3291 1769 3352 octo
1798 3288 1865 3352 dics
1891 3290 1928 3352 iu
1956 3289 2085 3352 scroitio

429 3393 571 3458 cadmiae
593 3395 739 3456 moretur.
1749 3394 1842 3469 1220,
1865 3391 1940 3480 Dec.
1965 3394 1994 3456 5.

533 3511 606 3565 Han.
626 3511 683 3564 ΙΙΙ
698 3510 764 3579 ch.
788 3510 845 3564 Vct.
863 3513 922 3575 III,
941 3515 986 3574 41;
1005 3512 1067 3583 Lib.
1092 3511 1121 3575 V,
1139 3517 1198 3566 211.
2137 3521 2165 3558 eo

530 3594 668 3666 Patttaot,
685 3595 751 3664 Περ.
771 3599 850 3649 6426.

617 3824 764 3898 Nobili
790 3827 885 3899 viro
912 3791 1096 3900 Alberto
1125 3827 1275 3899 comiti
1301 3828 1353 3900 de
1382 3819 1636 3919 Mangone²;
1667 3850 1763 3901 curn
1790 3834 1895 3903 seta.

535 3974 588 4041 Ad
604 3997 810 4041 communem
826 3977 974 4041 notitiam
990 3979 1140 4042 volumus
1158 3978 1340 4062 pervenire,
1364 3975 1449 4060 quod
1468 3976 1635 4041 fidelitatis
1651 3977 1834 4041 iuramento
1858 3999 1878 4041 a
1900 3985 1932 4042 te
1949 3986 2083 4065 recepto

430 4101 490 4165 pro
513 4085 600 4146 terra
622 4078 769 4160 Vallese,
792 4079 902 4144 Rocca
926 4079 1113 4160 Gomfienti,
1136 4079 1328 4162 Monticelli,
1351 4080 1469 4164 Barga,
1494 4079 1650 4164 Arigaza,
1672 4078 1834 4160 Pidierla,
1858 4080 1951 4162 Cast,
1974 4080 2083 4145 Recca

429 4181 470 4246 de
493 4183 596 4263 Vico,
628 4181 815 4262 (lastraola,
846 4182 1024 4267 Limang0,
1048 4183 1161 4263 Grata,
1185 4183 1339 4262 Mocoue,
1367 4182 1531 4262 Pollione,
1561 4182 1766 4264 Montieello,
1796 4183 1951 4262 Fossato,
1979 4182 2083 4264 Torri,
2136 4209 2153 4244 e

427 4284 523 4350 Baeti
551 4292 585 4350 et
617 4284 824 4370 Savingnano
856 4307 929 4350 cum
961 4287 1112 4351 omnibus
1144 4308 1256 4352 earum
1285 4286 1512 4372 pertinentiis,
1546 4306 1608 4370 que
1642 4285 1775 4350 fuerunt
1805 4284 1846 4352 de
1880 4293 1969 4352 terra
1999 4289 2086 4352 claro

429 4389 586 4453 memorie
621 4389 786 4453 comitisse
821 4388 985 4471 Matildis,
1019 4397 1052 4454 et
1087 4411 1149 4474 que
1183 4399 1279 4475 pater
1312 4397 1387 4453 tuus
1422 4389 1568 4453 noscitur
1601 4389 1767 4468 tenuisse,
1806 4396 1839 4454 te
1875 4390 1917 4455 de
1950 4391 2085 4456 fratrum

429 4497 614 4555 nostrorum
645 4492 782 4556 consilio
813 4499 847 4557 et
869 4513 1030 4557 consensu
1054 4493 1281 4558 investivimus
1305 4491 1346 4557 de
1370 4492 1510 4572 eisdem,
1542 4491 1636 4556 nobis
1663 4491 1704 4556 de
1733 4493 1895 4580 imperiali
1917 4495 2086 4558 voluntate

428 4594 533 4660 libere
558 4595 730 4676 restitutis,
754 4615 794 4659 ea
816 4596 850 4660 in
873 4595 1005 4660 feodum
1028 4597 1088 4661 tibi
1113 4603 1146 4660 et
1169 4597 1234 4660 tuis
1251 4596 1408 4680 legitimis
1425 4594 1602 4660 heredibus
1626 4594 1847 4676 concedendo,
1871 4597 2086 4662 ecclesiarum

429 4697 574 4762 omnium
597 4697 667 4762 iure
691 4698 792 4764 salvo.
839 4697 984 4783 Singulis
1007 4705 1117 4763 autem
1144 4700 1238 4763 annis
1268 4699 1362 4763 uobis
1395 4707 1428 4763 et
1451 4699 1697 4764 suecessoribus
1723 4699 1844 4763 nostris
1868 4699 1962 4764 dabis
1985 4721 2086 4764 unum

428 4801 595 4865 asturem³
627 4806 661 4865 et
683 4800 765 4865 duos
788 4801 947 4866 braccos⁴
979 4802 1012 4866 in
1035 4801 1123 4866 feodi
1147 4803 1410 4888 recognitionem
1433 4801 1589 4888 predicti,
1622 4809 1655 4867 et
1678 4823 1752 4867 oum
1774 4801 1875 4867 fueris
1898 4803 2087 4887 requisitus,

429 4905 533 4969 semel
557 4905 591 4967 in
613 4925 698 4968 anno
720 4903 834 4970 venies
858 4926 931 4968 cum
955 4911 1094 4990 quatuor
1110 4906 1279 4986 militibus,
1302 4905 1336 4969 in
1360 4905 1494 4970 servitio
1519 4927 1578 4970 seu
1601 4905 1750 4969 exercitu
1767 4905 1907 4970 ecclesie
1930 4927 1990 4992 per
2012 4914 2087 4971 octo

429 5006 500 5072 dies
523 5007 557 5071 in
582 5007 647 5072 tuis
671 5015 855 5072 moraturus
879 5008 1047 5093 expensis,
1070 5009 1225 5074 veniendi
1247 5030 1285 5074 ac
1301 5009 1460 5074 redeundi
1483 5015 1630 5094 tempore
1654 5009 1788 5073 minime
1805 5014 2003 5096 computato.
2048 5010 2088 5074 In

424 5111 525 5191 ¹huius
548 5118 662 5176 autem
685 5113 733 5177 rei
757 5111 949 5178 memoriam
972 5123 1144 5198 presentes
1172 5113 1299 5177 litteras
1329 5113 1389 5177 tibi
1413 5112 1637 5177 concessimus
1660 5112 1750 5177 bulla
1773 5119 1884 5178 nostre
1908 5113 2087 5178 munimine

429 5215 609 5280 roboratas.

539 5332 616 5398 Dat.
639 5333 792 5400 Lateran.
815 5335 918 5400 Nonis
941 5334 1116 5402 Decembr.
1139 5357 1224 5400 anno
1248 5337 1372 5422 quinto.

536 5591 563 5661 1)
582 5592 665 5646 Febr.
683 5597 709 5646 2.
812 5593 840 5661 2)
859 5592 909 5647 Ea
928 5593 1109 5662 septentrione
1131 5591 1209 5647 urbis
1227 5580 1428 5660 Florentinis
1499 5595 1526 5663 3)
1544 5593 1701 5664 accipitrem
1718 5596 1855 5651 amareris.
1957 5597 1987 5665 4)
2005 5612 2088 5650 curas

429 5693 548 5747 sapaces.
