4604 6420
421 405 484 466 404
1001 399 1048 454 Ex
1067 399 1241 455 GREGORII
1260 399 1298 454 IX
1317 399 1497 455 REGISTRO

420 573 590 659 negotium
625 572 786 638 catholice
819 572 896 637 fidei
929 573 962 637 in
994 574 1059 638 illis
1091 574 1241 660 partibus
1275 571 1532 659 promovendum
1566 577 1601 636 et
1632 567 1859 655 extirpandum
1894 567 2076 634 hereticam

421 677 616 763 pravitatem
638 676 794 740 habuisse
819 682 852 741 et
875 675 981 741 adhuc
1005 676 1127 743 habere
1144 677 1337 758 dinosceris,
1360 675 1580 756 attendentes,
1603 679 1715 762 preter
1737 692 1909 737 commune
1926 669 2076 756 debitum

420 779 595 864 pastoralis
618 778 733 860 oflicii,
765 798 829 864 quo
852 799 963 844 curam
995 800 1112 864 gerere
1135 780 1282 865 cogimur
1311 779 1532 864 singulorum,
1563 777 1740 864 specialem
1768 773 1828 839 tibi
1851 774 1991 857 gratiam
2014 794 2074 837 ex·

421 883 581 965 hibenda,
603 905 780 970 personam
803 889 910 964 tuam,
934 883 1027 948 iuxta
1050 883 1135 968 quod
1160 906 1179 949 a
1201 884 1298 948 nobis
1320 882 1472 949 devotius
1494 881 1685 970 postulasti,
1709 899 1783 945 cum
1806 877 1956 942 omnibus
1979 876 2075 941 bonis

420 987 486 1051 tuis
510 986 570 1051 sub
594 987 684 1052 beati
705 987 795 1053 Petri
819 993 880 1053 etc.
904 1007 1026 1072 usque:
1050 988 1297 1055 communimus.
1341 986 1433 1052 Nulli
1455 1007 1535 1072 ergo
1557 991 1670 1050 nostre
1693 981 1907 1069 protectionis
1931 988 1993 1044 etc.
2039 978 2076 1042 Si
2143 998 2155 1035 ⁵

420 1089 493 1172 quis
516 1095 627 1154 autem
651 1095 713 1154 etc.

529 1208 606 1274 Dat.
629 1206 793 1294 Anagnia,
816 1207 866 1273 VI
888 1207 966 1273 Idus
988 1207 1119 1276 Ianuar.
1142 1230 1227 1275 anno
1251 1215 1358 1276 sexto.

1043 1438 1454 1448 -—-—--——--

1204 1637 1288 1710 504.

496 1739 497 1744 ἵ
530 1745 721 1856 Gregorius
735 1771 791 1837 IX
804 1793 897 1854 papa
918 1775 1059 1840 mosem
1080 1775 1118 1841 de
1136 1777 1185 1841 Ilo
1206 1779 1235 1848 ct
1256 1775 1492 1842 archidiaconos
1505 1774 1691 1858 Astrirrpiac
1713 1778 1742 1836 ct
1755 1773 1943 1857 Hertinpice
1966 1777 2076 1852 rronet,

421 1883 458 1944 at
478 1878 564 1942 inter
585 1876 737 1941 Frisoncs
753 1896 864 1957 pacem
886 1875 1067 1962 reforment.
1723 1880 1816 1955 1233,
1840 1878 1913 1943 Ian.
1938 1879 1988 1941 19.

527 1996 679 2070 crepui
694 1997 763 2069 aa.
787 1997 843 2054 vor.
862 1999 925 2067 111,
945 2003 994 2060 ra·
1011 2000 1073 2054 aar.
1097 2000 1145 2064 V1.
1163 2003 1229 2056 255.

524 2084 662 2149 Potttraat,
680 2082 750 2155 Ray.
769 2087 859 2147 9077;
879 2084 931 2140 areb
951 2085 1016 2142 lca.
1033 2089 1079 2141 29.
1258 2081 1261 2088 ‘

566 2334 575 2353 .
605 2333 614 2353 .
642 2276 794 2351 abbati
822 2278 873 2353 de
900 2277 981 2354 Ile¹
1008 2276 1325 2352 Cisterciensis
1353 2278 1525 2351 ordinis
1552 2283 1594 2351 et
1621 2334 1631 2352 .
1660 2333 1670 2351 .
1699 2273 1940 2368 Astringie2

618 2457 628 2475 .
657 2452 666 2471 .
694 2403 737 2473 et
762 2397 1024 2492 Herlingie¹¹³
1052 2398 1373 2474 archidiaconis
1398 2399 1654 2472 Bremcnsis
1681 2398 1882 2472 diocesia.

531 2548 690 2634 Cogitans
723 2546 815 2634 pacis
853 2547 990 2613 consilia
1024 2547 1201 2631 Dominus,
1238 2549 1330 2614 cuius
1366 2548 1500 2634 spiritus
1533 2567 1599 2611 non
1630 2546 1694 2611 nisi
1730 2567 1830 2632 super
1864 2546 2009 2632 quietum
2043 2552 2078 2610 et

392 2695 393 2698 ,
421 2650 579 2715 humilem
601 2651 795 2736 requiescit,
829 2648 1014 2716 detestetur
1035 2650 1254 2718 dissentiones
1278 2658 1313 2718 et
1335 2651 1455 2738 prelia,
1479 2672 1541 2736 que
1564 2649 1710 2737 pericula
1731 2650 1864 2736 pariunt
1885 2651 2077 2731 animarum,
2131 2679 2157 2717 n

421 2761 557 2840 propter
585 2753 673 2840 quod
705 2759 833 2838 gratum
863 2753 936 2822 Deo
966 2763 1116 2843 prestant
1144 2758 1355 2844 obsequium,
1390 2757 1443 2842 qui
1475 2762 1513 2821 ut
1541 2752 1769 2820 discordantes
1799 2753 1840 2819 ad
1870 2752 2077 2820 concordiam

422 2856 576 2938 redeant,
604 2856 809 2942 diligentiam
839 2865 874 2924 et
901 2860 1156 2926 sollicitudinem
1186 2861 1408 2946 interponunt.
1454 2858 1722 2944 significantibus
1746 2878 1825 2924 sane
1849 2857 1977 2922 dilectis
2000 2856 2077 2920 filiis

425 3007 458 3024 ..
480 2957 628 3024 decano*
652 2966 685 3025 et
708 3008 741 3024 ..
765 2962 939 3027 scolastico
961 2961 1137 3029 Bremensi
1159 2963 1254 3028 nobis
1278 2962 1429 3042 innotuit,
1454 2961 1539 3046 quod
1561 2961 1595 3026 in
1618 2960 1936 3027 archidiaconatibus
1961 2959 2077 3025 officiis

424 3084 538 3129 eorum
560 3063 699 3130 annexis
723 3065 847 3151 populi,
871 3066 927 3151 qui
947 3066 1105 3133 Frisones
1128 3067 1308 3152 vulgariter
1330 3066 1549 3152 appellantur,
1579 3071 1734 3150 tanquam
1757 3063 1907 3130 odientes
1930 3063 2078 3149 requiem

424 3167 578 3232 continuo
601 3166 788 3232 adinvicem
810 3168 1009 3254 preliantur,
1037 3168 1079 3234 ad
1102 3176 1249 3235 mutuum
1273 3169 1505 3233 exterminium
1529 3174 1598 3233 toto
1622 3168 1793 3234 conamine
1816 3169 2004 3252 molientes,
2034 3168 2077 3234 od
2130 3193 2158 3232 eo

425 3291 506 3356 quos
539 3271 675 3356 regione
706 3272 839 3336 turbata
867 3270 1024 3338 accedere
1055 3272 1173 3357 aliquis
1201 3293 1266 3338 non
1293 3272 1469 3358 presumit,
1504 3272 1559 3357 qui
1590 3270 1632 3336 ad
1662 3269 1847 3337 faciendum
1878 3293 1994 3360 pacem
2022 3273 2077 3339 vel

423 3380 596 3460 treuguam
619 3373 753 3441 inducat
775 3374 920 3458 eosdem,
952 3397 1014 3442 neo
1043 3376 1107 3461 ipsi
1130 3376 1230 3441 etiam
1251 3375 1320 3462 pati
1343 3375 1467 3457 volunt,
1496 3381 1532 3439 ut
1554 3397 1614 3461 per
1636 3375 1717 3440 alios
1741 3395 1837 3461 quam
1859 3396 2077 3462 permagnos

422 3477 588 3564 principes
610 3479 665 3544 vel
688 3499 800 3545 eorum
820 3480 952 3545 nuntios
975 3478 1017 3544 ad
1040 3479 1102 3545 hoo
1125 3478 1307 3545 destinatos
1330 3478 1372 3546 ab
1395 3479 1477 3566 ipsis
1500 3476 1542 3544 ad
1562 3477 1767 3544 concordiam
1791 3478 1979 3561 invitentur,
2002 3500 2077 3544 cum

423 3578 465 3644 ad
489 3580 552 3644 hoc
575 3580 687 3646 induci
708 3602 768 3668 per
790 3581 873 3647 alios
897 3580 1053 3648 indecens
1075 3589 1230 3669 reputent
1252 3589 1286 3648 et
1309 3581 1488 3668 indignum.
1533 3581 1712 3668 Cupientes
1735 3581 1848 3667 igitur,
1879 3604 1953 3649 cum
1975 3583 2078 3648 simus

422 3682 511 3748 illius
533 3683 663 3764 vinarii,
694 3684 749 3769 qui
782 3690 834 3750 est
854 3685 946 3772 pacis
969 3691 1095 3751 amator
1117 3692 1152 3751 ct
1173 3692 1302 3762 auctor,
1333 3691 1370 3750 ut
1391 3684 1531 3772 predicti
1553 3685 1667 3771 populi
1689 3683 1731 3750 ad
1752 3686 1916 3750 vinculum
1939 3683 2076 3752 redeant
2129 3709 2156 3748 ss

423 3785 578 3867 caritatis,
601 3808 783 3869 monemus,
806 3789 959 3875 quatinus
982 3789 1025 3855 ad
1047 3792 1113 3856 eos'
1129 3811 1172 3857 ex
1193 3797 1286 3877 parte
1309 3796 1423 3855 nostra
1444 3790 1663 3876 personaliter
1686 3788 1893 3872 accedentes,
1916 3789 2078 3856 studeatis

422 3887 508 3954 inter
529 3889 620 3976 ipsos
641 3891 733 3977 pacis
762 3891 876 3958 federa
904 3892 1100 3974 reformare,
1131 3893 1206 3958 illos
1234 3893 1275 3958 ad
1307 3893 1369 3958 hoc
1398 3891 1549 3957 sollicitis
1578 3892 1711 3957 monitis
1735 3900 1769 3958 et
1791 3894 2076 3959 exhortationibus

422 3990 620 4074 inducendo,
649 3993 695 4057 ita
717 3992 804 4078 quod
832 4015 892 4080 per
920 3994 1124 4082 diligentiam
1147 4002 1290 4062 vestram
1321 3997 1406 4062 inter
1438 3997 1528 4082 ipsos
1552 3996 1751 4062 interveniat
1778 3996 1873 4062 fedus
1906 3998 2012 4083 pacis,
2042 4004 2077 4061 et

422 4115 479 4158 vos
503 4095 639 4182 possitis
662 4117 706 4160 en
728 4094 791 4161 hoc
813 4096 981 4163 felicitatis
1004 4104 1117 4165 eterne
1140 4099 1262 4186 gaudia
1283 4099 1474 4187 promereri.
1520 4098 1615 4174 Quod
1639 4101 1667 4164 si
1690 4105 1755 4166 non
1778 4121 1892 4168 omnes
1914 4107 1977 4166 etc.

529 4213 606 4284 Dat.
631 4213 794 4302 Anagnis,
817 4215 921 4281 XIIII
943 4217 1017 4283 Kal.
1040 4219 1197 4285 Februar.
1221 4241 1306 4286 anno
1330 4226 1436 4287 sexto.

1207 4647 1294 4722 505.

529 4754 719 4866 (irapinas
734 4783 791 4849 lx
803 4805 894 4867 papa
909 4785 1074 4852 Friderico
1088 4785 1303 4853 Rauracorum
1324 4789 1508 4870 imperatori
1528 4789 1585 4854 sub
1602 4811 1707 4872 poena
1728 4790 1826 4854 triam
1847 4789 1969 4855 milium
1990 4811 2076 4854 mar-

420 4905 527 4949 carum
553 4886 678 4967 arpenti
698 4885 837 4968 mandat,
860 4894 1015 4972 utusque
1037 4890 1080 4956 ad
1100 4891 1276 4973 qaindecim
1298 4892 1364 4957 dics
1380 4898 1454 4973 post
1471 4892 1588 4977 festam
1608 4894 1845 4959 commeationis
1866 4893 1992 4977 [Arrii.
2016 4894 2076 4978 17]

415 4993 636 5069 promrarores
650 4990 848 5075 sufficienter
862 4994 1031 5060 instructos
1046 5015 1109 5075 pro
1125 5017 1204 5076 paco
1219 5017 1288 5062 rum
1302 4997 1489 5063 Lcmbcrdis
1504 4997 1673 5063 tractanda
1694 4997 1738 5061 ad
1758 4997 1859 5062 sedem
1873 4997 2076 5078 apostoticam

420 5092 533 5157 mittat.
1723 5105 1817 5181 1233,
1841 5101 1912 5166 Ian.
1935 5103 1987 5165 26.

524 5210 608 5283 (ἔτερ.
627 5212 677 5266 lx
693 5213 762 5285 Ray.
787 5215 843 5270 Vol.
862 5215 925 5282 ΙΙΙ,
945 5215 1076 5283 75;L1't.
1102 5216 1148 5282 VI,
1166 5222 1233 5273 258.

1007 5359 1963 5371 ——-—-—.--.-.---——.-.---.——..-..—-———--·—--——-.-—

523 5456 545 5523 ¹)
562 5457 679 5525 H'lingie
697 5457 728 5509 R.

524 5594 551 5658 1)
569 5593 631 5649 Ilrlo
646 5592 677 5648 in
696 5593 793 5650 arira
812 5596 909 5651 wirnt.
924 5611 1016 5667 prope
1033 5596 1147 5651 Acrisii.
1216 5596 1245 5665 2)
1263 5597 1433 5653 territorium
1452 5598 1611 5669 Oestrr'cprn
1630 5600 1737 5654 itidem.
1807 5601 1834 5670 3)
1854 5601 2078 5671 Harlinpertaad

416 5678 524 5745 ibidem,
541 5694 593 5734 ora
609 5681 756 5736 maritima.
826 5683 855 5750 4)
876 5681 1033 5740 (lemnado.
