4494 6426
404 393 445 453 64
991 386 1038 439 ΕΧ
1057 385 1214 440 HONORII
1234 385 1273 438 Ill
1291 383 1473 440 REGISTRO

409 561 528 628 litteris
552 582 651 647 super
673 559 901 644 omnibusque
923 559 957 622 in
980 559 1104 624 eisdem
1123 560 1375 624 continebantur
1396 568 1532 646 paterne
1553 564 1663 623 vestre
1693 556 1818 641 absque
1841 577 1932 620 mora
1953 553 2063 641 parui-

408 687 480 730 mus
503 663 734 744 exhortationi,
758 663 963 728 remittentes
987 669 1020 726 et
1043 660 1260 727 concedentes
1288 662 1419 726 domino
1453 664 1627 748 episcopo¹
1654 662 1787 746 suisque
1819 658 2063 725 successoribus

408 768 630 833 institutiones
655 773 688 831 et
709 766 949 846 destitutiones,
973 766 1093 829 tamin
1117 766 1265 830 ecclesiis
1287 787 1383 851 quam
1403 767 1438 829 in
1454 766 1637 852 prelaturis,
1661 767 1751 828 salvo
1768 763 1837 828 iure
1860 768 2064 850 patronatus,

410 879 444 938 91
465 872 585 937 11911919
607 872 640 935 19
658 869 881 958 spiritualibus
896 869 937 933 de
959 871 1110 956 personis
1136 871 1326 934 clericorum
1344 870 1522 935 secundum
1539 870 1713 934 canonicas
1730 875 1764 933 et
1778 869 1958 953 apostolice
1975 866 2063 931 sedis

411 975 671 1054 constitutiones,
705 974 795 1038 nulla
830 973 895 1037 illis
919 974 1093 1037 occasione
1126 994 1241 1037 manus
1276 959 1457 1054 violentas,
1493 975 1578 1038 sicut
1610 973 1769 1036 hactenus
1802 971 1905 1034 notati
1933 970 2064 1046 fuimus,
2117 987 2129 1024 1

410 1079 572 1156 iniecturi,
588 1099 626 1142 ac
646 1078 790 1162 aliaque
807 1082 985 1140 noscuntur
999 1075 1040 1139 ad
1056 1076 1107 1140 ius
1123 1076 1319 1161 pontificalis
1337 1077 1436 1140 officii
1452 1078 1627 1163 pertinere.
1666 1075 1863 1161 Episcopum
1881 1094 2009 1159 quoque
2032 1073 2065 1136 in

407 1182 547 1246 liberam
571 1187 604 1246 et
619 1181 761 1266 quietam
779 1179 1021 1265 possessiouem
1038 1180 1137 1242 totius
1153 1179 1360 1265 episcopatus
1379 1181 1428 1244 sui
1443 1202 1502 1266 per
1517 1185 1744 1266 procuratores
1760 1200 1836 1244 suos
1853 1179 2066 1252 restituimus,

409 1285 554 1370 benigno
584 1284 729 1349 caritatis
754 1283 873 1347 aflectu
906 1283 1053 1368 recipere
1076 1283 1263 1347 venientem
1291 1283 1536 1368 promittentes:
1567 1303 1666 1369 super
1693 1281 1841 1368 dampnis
1869 1289 1903 1347 et
1929 1281 2066 1360 iniuriis,

410 1388 473 1452 sibi
490 1394 524 1452 et
539 1386 601 1450 hiis
617 1387 673 1472 qui
689 1386 752 1450 sibi
768 1385 975 1466 adheserunt,
993 1391 1164 1470 postquam
1180 1407 1199 1448 a
1215 1385 1309 1449 nobis
1325 1387 1472 1466 recessit,
1490 1387 1653 1470 irrogatis,
1669 1407 1773 1470 usquc
1789 1385 1831 1450 ad
1847 1393 1913 1451 tres
1934 1405 2066 1450 menses

413 1491 508 1556 adie
537 1489 697 1554 aduentus
721 1489 771 1552 sui
795 1493 828 1553 et
851 1490 984 1573 querele
1007 1487 1156 1574 deposito
1186 1490 1317 1573 plenam
1345 1490 1525 1553 exhibituri
1557 1490 1816 1554 satisfactionem
1848 1488 1888 1552 de
1914 1489 2067 1572 hiisque
2121 1498 2144 1534 ¹⁰

411 1594 452 1660 ad
475 1614 639 1658 cameram
663 1591 715 1656 vel
738 1590 779 1655 ad
802 1612 882 1655 usus
907 1599 1035 1656 nostros
1059 1593 1242 1656 constiterit
1266 1613 1340 1656 esse
1369 1601 1510 1678 recepta.
1555 1592 1607 1658 De
1634 1593 1707 1656 aliis
1736 1599 1845 1656 autem
1873 1613 1935 1676 que
1958 1597 2070 1677 preter

413 1703 558 1761 nostram
582 1696 783 1759 voluntatem
812 1716 831 1758 a
853 1693 1109 1780 quibuscumque
1139 1694 1546 1781 (1119111911119119111191111,
1577 1697 1661 1760 infra
1690 1698 1862 1761 terminum
1887 1693 2069 1782 predictum

413 1799 568 1864 iudicium
592 1803 625 1861 et
648 1798 805 1861 iustitiam
828 1796 1000 1861 bonafide
1025 1797 1202 1861 secundum
1232 1799 1325 1883 regni
1356 1800 1459 1862 nostri
1484 1799 1753 1864 consuetudinem
1777 1799 1951 1880 faciemus,
1984 1797 2070 1861 datis

413 1907 447 1968 et
469 1900 655 1966 constitutis
678 1899 718 1964 ad
741 1900 803 1964 hoc
828 1899 1056 1984 exequendum
1078 1900 1325 1965 fideiussoribus
1342 1923 1401 1964 sex
1425 1902 1591 1966 nobilibus
1608 1903 1701 1986 regni
1722 1902 1826 1966 nostri
1842 1901 2070 1979 denominatis,

414 2005 540 2070 scilicet
567 2003 740 2084 Zlauoone,
771 2003 956 2084 Zhlawata,
981 2004 1191 2082 Rudwoione,
1215 2005 1620 2087 lienessone,1arosoue,
1644 2012 1678 2070 91
1693 2005 1875 2082 Witicone,
1907 2005 1961 2088 qui
1982 2002 2071 2090 apud

414 2129 484 2188 nos,
508 2108 536 2171 si
557 2107 773 2192 negligentes,
798 2106 884 2191 quod
908 2107 1010 2186 absit,
1042 2110 1075 2171 in
1103 2109 1167 2172 hiis
1196 2110 1399 2194 exequendis
1424 2111 1662 2190 inveniremur,
1697 2108 1873 2172 efficaciter
1901 2107 2071 2184 deberent,

415 2213 499 2277 siout
514 2209 577 2276 tide
590 2209 665 2274 data
679 2211 907 2296 promiserunt,
926 2212 1105 2276 elaborare.
1137 2212 1189 2276 Ad
1205 2213 1266 2277 heo
1283 2212 1426 2277 decimas
1441 2213 1619 2277 seeundum
1633 2211 1901 2276 consuetudinem
1914 2210 2072 2274 hactenns

414 2315 558 2380 habitam
586 2314 766 2392 solvemus,
801 2318 834 2376 et
863 2314 967 2377 sicubi
1002 2335 1066 2377 non
1102 2322 1357 2395 consueverunt,
1392 2317 1474 2379 solvi
1506 2316 1546 2380 de
1571 2323 1682 2380 cetero
1706 2315 1863 2380 faciemus
1893 2312 2073 2378 secundum

414 2416 684 2484 cousuetudinem
716 2415 872 2490 eandem;
905 2419 1115 2482 securitatem
1151 2440 1290 2505 persone
1324 2441 1382 2482 suo
1412 2441 1484 2483 cum
1515 2419 1700 2483 reverentia
1728 2418 1841 2483 debita
1873 2417 1958 2482 siout
1987 2416 2072 2502 patri

416 2519 597 2608 spiritualib
620 2525 653 2583 91
676 2519 832 2605 episcopo
857 2527 968 2584 nostro
991 2524 1220 2606 promittentes
1246 2530 1278 2586 et
1295 2529 1487 2588 statuentes.
1532 2523 1576 2587 Et
1598 2529 1633 2587 ut
1656 2523 1716 2587 hec
1740 2522 1848 2586 omnia
1870 2528 1940 2585 rata
1963 2521 2073 2583 firma·
2125 2538 2135 2574 1

416 2646 479 2712 que
504 2623 567 2688 sibi
590 2622 724 2706 suisque
756 2623 1001 2686 successoribus
1031 2646 1224 2709 permanere
1257 2624 1399 2689 debeant
1427 2633 1461 2689 et
1491 2647 1511 2689 a
1543 2626 1638 2689 nobis
1673 2624 1859 2700 observari,
1893 2623 1956 2686 fide
1988 2622 2075 2695 data,

416 2728 528 2792 habito
550 2726 686 2790 consilio
711 2731 745 2789 et
767 2747 928 2790 consensu
951 2727 1108 2790 nobilium
1131 2734 1318 2791 nostrorum
1342 2729 1566 2814 promisimus,
1596 2728 1671 2792 dum
1701 2727 1786 2792 idem
1810 2725 1957 2812 episcopi
1979 2724 2075 2788 nobis

416 2831 607 2895 fidelitatem
630 2827 774 2892 debitam
791 2828 1001 2892 exhibuerint
1017 2835 1050 2892 et
1067 2828 1322 2902 subiectionem;
1347 2837 1380 2895 et
1403 2832 1473 2894 vice
1491 2832 1651 2896 cautionis
1674 2831 1781 2916 sigillo
1804 2836 1917 2893 nostro
1940 2826 2077 2914 speciali

418 2954 492 2998 cum
515 2932 623 3016 sigillo
648 2932 809 2995 communi
833 2933 925 3016 regni
948 2932 1101 3010 Boemic,
1135 2932 1290 2998 videlicet
1326 2935 1426 2998 999911
1452 2934 1661 3014 Wencczlai,
1697 2934 1772 3018 quia
1805 2933 1940 2996 comites
1972 2929 2076 2993 nostri

419 3035 554 3121 speciali
578 3053 643 3098 nou
665 3039 801 3099 utuntur
823 3035 856 3097 iu
883 3034 969 3098 sacto
993 3036 1155 3099 communi
1186 3036 1310 3120 sigillo,
1339 3037 1474 3102 fecimus
1505 3037 1698 3120 confirmari,
1729 3037 1864 3101 testium
1889 3035 1944 3120 qui
1971 3034 2073 3098 inter·

418 3139 550 3204 fuerunt
571 3137 780 3202 adnotatione
803 3137 890 3201 idem
913 3137 1034 3202 iactum
1058 3139 1208 3203 similiter
1230 3141 1470 3208 confirmantes.

525 3241 635 3306 Huius
657 3241 706 3305 rei
728 3245 830 3305 testes
854 3247 943 3305 sunt:
973 3242 1037 3328 ipsi
1066 3248 1271 3323 executores,
1296 3245 1422 3309 scilicet
1449 3244 1601 3308 dominus
1625 3241 1795 3308 Conradus
1822 3239 2076 3326 Ratisponensis

420 3346 602 3432 episcopus,
617 3343 830 3409 Eberhardus
846 3343 948 3408 abbas
971 3343 1011 3408 de
1028 3344 1172 3424 Hebcra,
1196 3345 1406 3410 Hermaunus
1429 3347 1532 3411 abbas
1557 3346 1598 3410 de
1615 3345 1842 3418 Waltsassen;
1865 3343 2075 3408 Dluhomilus

420 3470 548 3535 quoque
572 3449 696 3513 electus
720 3446 760 3511 de
784 3446 963 3519 Breuuow;
988 3455 1021 3512 et
1043 3448 1181 3512 abbates
1204 3450 1342 3534 reliqui:
1387 3449 1547 3515 Silvester
1575 3450 1615 3515 de
1650 3448 1810 3528 Oladrub,
1834 3447 2011 3512 Cassianus
2035 3443 2075 3508 de

420 3552 622 3638 Pozilliport,
646 3549 808 3615 Reiuerus
832 3550 873 3616 de
896 3551 1021 3626 Insula,
1045 3551 1253 3617 Hermannus
1278 3553 1318 3617 (19
1336 3553 1516 3620 Wilsmov:
1540 3554 1677 3619 abbates
1694 3573 1821 3638 quoque
1846 3548 2075 3614 Cisterciensis
2127 3565 2152 3602 ³0

421 3655 560 3720 ordinis:
583 3653 762 3718 Heinricus
784 3654 824 3718 de
839 3654 1029 3734 Lancheim,
1053 3655 1251 3720 Hartmuoth
1265 3656 1306 3720 de
1322 3657 1546 3743 Nepomuoch,
1569 3657 1727 3721 Albertus
1751 3654 1791 3719 de
1814 3653 1908 3728 Plaz3
1937 3651 2076 3715 abbates

422 3759 521 3823 etiam
543 3757 859 3822 Prcmonstrateusis
883 3757 1019 3821 ordinis:
1044 3758 1150 3822 Adam
1175 3758 1215 3823 de
1240 3759 1398 3844 Stragow,
1419 3760 1648 3825 Willehelmus
1672 3759 1712 3823 de
1730 3753 2075 3843 Syloe,Willehelmus

422 3861 462 3927 de
483 3861 597 3947 Tepla,
620 3868 654 3924 et
675 3861 823 3946 precipui
850 3861 969 3946 quique
993 3861 1130 3926 Boemie
1154 3863 1291 3927 comites
1315 3884 1388 3927 cum
1412 3864 1515 3927 multa
1537 3863 1729 3927 clericorum
1752 3868 1786 3926 et
1808 3858 1946 3923 militurn
1971 3856 2077 3921 turba.

1219 4212 1279 4284 87.

535 4303 724 4398 Honorius
739 4333 806 4398 ΙΙΙ
817 4353 908 4414 papa
923 4332 1073 4413 potestati
1087 4332 1269 4398 Nicterinoe
1291 4336 1330 4419 [i.
1346 4357 1371 4399 c.
1385 4291 1582 4418 Nucerirmc]
1596 4333 1734 4409 mundat,
1757 4336 1792 4395 at
1813 4333 1907 4396 99911
1921 4329 2078 4413 quondum

423 4433 1611 4524 [0991991911Π19119199]ᾱ99198119191911111919999919199191991.
1746 4436 1991 4514 12191991.
2129 4450 2154 4489 91

529 4553 762 4623 1199111199.
787 4553 843 4608 Vol.
863 4557 903 4618 11,
922 4557 971 4616 aa
991 4553 1053 4606 99.
1074 4557 1131 4616 111,
1150 4560 1214 4610 aaa

527 4640 664 4705 1911199,
682 4638 752 4708 Rq.
772 4643 854 4692 5960.

454 4873 462 4889 .
492 4873 499 4887 .
527 4817 744 4910 potestati
772 4822 813 4890 91
837 4817 1061 4891 991191919
1088 4823 1174 4890 1991
1202 4819 1398 4894 civitatis
1428 4842 1558 4913 quam
1586 4817 1779 4893 diocesis
1805 4817 1837 4888 N
1845 4816 2052 4890 icterine.

534 4967 744 5032 Presentium
766 4965 858 5030 vobis
877 4966 1071 5031 auctoritate
1094 4967 1302 5048 mandamus,
1327 4972 1479 5053 quatinus
1503 4970 1607 5035 donec
1631 4969 1672 5034 de
1695 4970 1766 5054 ipso
1790 4966 1911 5032 ducatu
1932 4965 2080 5052 plenarie

426 5072 648 5158 disponamus,
672 5070 776 5135 nobili
799 5069 928 5134 mulieri
953 5118 997 5148 ..,
1020 5071 1115 5134 uxori
1140 5071 1302 5155 quondam
1326 5121 1358 5136 ..
1382 5072 1474 5138 ducis
1499 5071 1678 5159 Spoletani,
1702 5071 1742 5136 de
1762 5071 1826 5136 hiis
1850 5091 1912 5154 quc
1936 5068 1977 5132 de
2001 5068 2080 5132 civi·
2133 5086 2158 5123 ⁴0

426 5181 494 5240 tate
517 5182 628 5240 restra
650 5195 688 5239 ac
711 5174 868 5239 comitatu
891 5173 994 5259 ipsius
1018 5171 1058 5235 ad
1082 5174 1205 5238 curiam
1230 5177 1397 5260 pertinent
1429 5176 1620 5251 intendatis;
1645 5175 1801 5261 episcopi,
1832 5173 2024 5238 clericorum
2049 5178 2082 5235 91

428 5279 638 5345 ecclesiarum
662 5299 720 5364 per
744 5279 852 5342 omnia
874 5277 945 5341 iure
969 5277 1088 5341 salvor.

535 5380 612 5446 Dat.
635 5381 790 5446 Lateran.
814 5380 882 5444 VII
904 5379 982 5444 Idus
1006 5379 1135 5445 Ianuar.
1159 5402 1246 5446 anno
1269 5385 1376 5448 191119.

533 5571 556 5639 “)
575 5574 670 5626 directa
688 5572 720 5625 R.
801 5571 823 5638 b)
840 5573 878 5625 ia
895 5571 996 5634 Itidem
1013 5570 1117 5642 speciali
1135 5587 1226 5640 opopa.
1243 5581 1365 5626 oestrum.
1447 5572 1561 5638 1)991119
1580 5571 1611 5626 R.

532 5675 558 5747 1)
576 5673 713 5732 Andreae.
