4560 6420
995 428 1050 486 ‘Ex
1069 425 1244 486 eaaeoau
1261 426 1300 486 IX
1317 425 1499 486 caeterae

1205 751 1293 824 816.

482 835 483 839 ¹
530 850 720 961 (irrentus
738 875 794 941 IX
810 895 900 956 popo
912 874 1130 940 Ancoacccsae
1152 876 1213 938 cici
1228 873 1371 938 Romano
1393 873 1510 951 scribit,
1533 869 1565 938 sc
1587 876 1747 950 statatum,
1769 891 1830 952 qao
1845 868 2084 936 Montalieuscs

420 981 501 1046 bono
522 981 624 1063 ipsius
645 1001 714 1046 cum
735 999 886 1044 consensa
907 978 1068 1042 Fcidctici
1088 979 1164 1044 dicti
1184 978 1382 1060 imperatoris
1404 978 1488 1041 inter
1510 997 1542 1041 sc
1564 977 1738 1054 diviserint,
1761 975 1902 1039 irritare.

1714 1082 1808 1157 1241,
1834 1078 1915 1144 ulai.
1937 1081 1993 1145 20.

525 1168 606 1239 Grcq.
625 1169 675 1224 IX
690 1169 758 1240 ch.
780 1167 840 1224 Vol.
861 1167 930 1236 VII,
950 1170 1001 1231 76,·
1018 1165 1081 1221 Lib.
1100 1166 1165 1230 XV,
1185 1173 1225 1222 51.

588 1365 735 1438 Nobili
764 1365 860 1438 viro
887 1363 1174 1437 Ancozacase
1202 1364 1288 1437 civi
1314 1363 1517 1435 Romano
1546 1383 1681 1435 cruce
1709 1361 1898 1452 signato.
2145 1378 2156 1416 ⁵

529 1497 581 1562 Ex
615 1505 708 1587 parte
739 1504 797 1562 tua
827 1495 888 1561 fuit
920 1496 1123 1583 propositum
1162 1517 1271 1561 coram
1312 1495 1422 1578 uobis,
1457 1495 1547 1581 quod
1577 1544 1617 1562 ..
1647 1500 1794 1581 potestas
1832 1500 1866 1558 et
1902 1514 2081 1558 commune

421 1599 544 1666 Montis
567 1603 634 1683 alti,
658 1623 716 1690 pro
741 1623 780 1667 eo
805 1600 891 1687 quod
907 1608 1043 1666 vocatus
1067 1601 1107 1665 ab
1132 1601 1181 1665 eis
1204 1599 1245 1665 ad
1268 1601 1358 1688 ipsos
1381 1599 1488 1665 redire
1513 1621 1551 1662 ac
1575 1599 1623 1664 eis
1646 1598 1804 1664 adherere
1829 1606 1943 1663 contra
1968 1599 2081 1662 eccle-

421 1704 502 1768 siam
526 1712 559 1769 et
581 1704 680 1770 fidem
704 1705 899 1772 catholicam
921 1706 955 1768 in
977 1705 1122 1769 favorem
1145 1704 1304 1770 Friderici
1327 1703 1407 1768 dicti
1435 1699 1659 1790 imperatoris,
1690 1703 1753 1766 Dei
1783 1710 1816 1767 et
1846 1703 1991 1769 ecclesie
2015 1703 2080 1766 ini-

419 1808 512 1890 mici,
535 1809 689 1890 nolebas,
719 1810 966 1896 possessiones,
1002 1816 1123 1892 terras,
1157 1808 1289 1889 domos,
1326 1808 1455 1888 vineas,
1486 1806 1632 1872 redditus
1656 1813 1690 1870 et
1718 1828 1769 1870 res
1794 1807 1895 1887 alias,
1930 1827 2014 1891 quas
2045 1807 2081 1870 in

419 1910 568 1976 districtu
591 1911 713 1978 Montis
742 1912 800 1976 alti
826 1913 896 1977 iure
923 1911 1121 1977 hereditario
1153 1911 1341 1990 obtinebas,
1370 1911 1454 1974 iuter
1483 1931 1518 1975 se
1542 1909 1691 1995 nequiter
1714 1909 1911 1990 diviserunt,
1943 1909 2080 1973 edicto
2131 1921 2156 1956 ¹⁰

419 2016 595 2083 Frederico
619 2040 719 2105 super
740 2018 802 2083 hoc
826 2017 1079 2083 confirmationis
1103 2017 1229 2080 litteras
1253 2016 1449 2080 obtinentes.
1501 2013 1580 2078 Tuis
1612 2015 1713 2099 igitur
1738 2013 1891 2101 precibus
1915 2013 2081 2088 inclinati,

419 2119 506 2206 quod
539 2143 638 2209 super
664 2123 725 2186 hoc
755 2143 774 2186 a
802 2121 957 2208 predictis
985 2120 1153 2186 Friderico
1185 2127 1218 2185 et
1248 2125 1413 2207 potestate
1444 2140 1482 2182 ae
1514 2119 1676 2182 communi
1708 2125 1833 2184 temere
1860 2118 1986 2182 factum
2016 2123 2079 2198 est,

420 2223 571 2290 duximus
594 2225 802 2306 irritandum,
835 2232 1016 2292 statuentes
1047 2233 1082 2290 ut
1110 2247 1170 2313 per
1200 2225 1263 2288 hoc
1293 2224 1418 2287 nullum
1449 2223 1511 2287 iuri
1534 2228 1590 2288 tuo
1614 2224 1646 2286 in
1669 2229 1837 2308 posterum
1859 2222 2081 2309 preiudieium

419 2335 608 2412 generetur,
640 2330 718 2414 quin
740 2331 848 2417 potius
872 2330 985 2394 habita
1007 2329 1164 2393 facultate
1194 2326 1235 2392 ad
1264 2326 1493 2415 possessiones
1522 2333 1555 2390 et
1584 2327 1664 2390 alias
1692 2349 1746 2391 res
1776 2325 1942 2412 predictas
1973 2325 2081 2389 libere

419 2433 605 2497 revertaris.
650 2431 741 2499 Nulli
765 2455 843 2519 ergo
868 2471 910 2482 -
933 2439 1043 2498 nostre
1068 2432 1316 2497 constitutiones
1341 2437 1403 2496 etc.
1449 2429 1579 2515 Siquis
1603 2437 1714 2495 autem
1738 2437 1799 2495 etc.
2130 2457 2151 2495 a

526 2552 603 2624 Dat.
627 2553 780 2648 Lateran.
804 2554 890 2618 XIII
912 2553 987 2621 Kal.
1011 2553 1107 2642 Iunii,
1130 2552 1340 2640 pontificatus
1363 2552 1467 2616 nostri
1489 2573 1574 2617 anno
1597 2551 1673 2615 XV.
1777 2609 1779 2612 .

1203 3023 1292 3096 817.

527 3118 717 3228 (irrentus
729 3145 785 3209 IX
792 3164 881 3225 popo
898 3145 1052 3209 civitatem
1062 3147 1253 3212 Fimmnom
1275 3167 1345 3210 cum
1366 3146 1511 3211 districta
1534 3145 1636 3226 ipsias
1658 3145 1701 3209 od
1722 3163 1835 3208 omaus
1856 3165 1934 3208 suas
1956 3146 2081 3228 recipit,

419 3269 487 3313 com
508 3249 549 3313 ob
572 3248 718 3312 metibus
739 3252 892 3312 rectorum
913 3247 1080 3313 Morcbioc
1102 3251 1250 3316 eximens.
1709 3251 1804 3327 1241,
1826 3246 1911 3312 Mai.
1934 3251 1990 3315 29.

524 3368 607 3451 (ἔτερ.
626 3368 675 3422 IX
691 3367 760 3435 Bcp.
781 3366 840 3422 Vol.
862 3365 931 3432 VII,
951 3371 1002 3432 80;
1018 3369 1079 3422 Isib.
1098 3370 1164 3436 XV,
1184 3373 1228 3424 65.

520 3455 660 3523 Potttoet,
678 3454 748 3523 Ray.
768 3460 860 3508 11020.
2131 3475 2156 3514 ,ο

1009 3565 1239 3640 Communi
1267 3566 1486 3640 Firmano,

525 3700 746 3768 Attendeutes
769 3707 863 3786 grata
886 3700 1060 3787 obsequia,
1091 3723 1153 3788 que
1186 3702 1258 3768 sedi
1280 3704 1462 3791 apostolice
1486 3703 1693 3788 impendistis
1716 3702 1874 3768 haetenus
1898 3710 1932 3767 et
1956 3704 2081 3789 iugiter

417 3805 575 3870 exhibere
599 3805 735 3887 curatis,
762 3825 801 3870 ac
829 3805 1058 3871 tribulationes
1088 3813 1122 3871 et
1144 3809 1331 3893 angustias,
1364 3829 1444 3893 quae
1467 3830 1487 3871 a
1509 3806 1678 3874 Friderico
1701 3805 1766 3871 Dei
1789 3813 1822 3871 et
1845 3807 1990 3871 ecclesie
2015 3808 2079 3872 iui-

417 3910 501 3974 mico
524 3909 746 3996 proeoclesie
775 3915 809 3974 et
837 3909 1017 3996 apostolice
1046 3909 1133 3974 sedis
1161 3911 1318 3976 fidelitate
1347 3911 1508 3976 servanda
1539 3911 1710 3996 patimini,
1744 3910 1859 3974 honori
1882 3917 1917 3974 et
1938 3912 2079 3976 utilitati

418 4015 560 4078 civitatis
583 4020 693 4078 vestre
715 4012 859 4078 libenter
878 4013 1082 4103 intendimus
1105 4022 1139 4080 et
1154 4016 1264 4106 'ipsius
1293 4015 1460 4101 obsequiis
1484 4021 1578 4100 grata
1599 4013 1834 4079 beneficiorum
1857 4014 2078 4096 exhibitione,
2129 4037 2153 4074 a

417 4124 514 4205 prout
536 4115 717 4182 secundum
732 4115 839 4180 Deum
863 4139 1048 4202 possumus,
1072 4120 1322 4206 respondemus.
1368 4120 1456 4184 Hinc
1480 4126 1543 4201 est,
1567 4119 1653 4203 quod
1669 4120 1788 4184 vestris
1803 4119 1957 4204 precibus
1982 4127 2078 4204 grato

418 4227 650 4286 concurrentes
672 4241 828 4300 assensu,
858 4220 1023 4286 civitatem
1051 4222 1157 4308 ipsam
1181 4245 1255 4288 cum
1277 4223 1427 4288 districtu
1457 4244 1516 4287 suo
1540 4222 1582 4286 ad
1606 4243 1721 4287 manus
1744 4229 1873 4288 nostras
1898 4224 2079 4310 recipimus

416 4346 520 4410 usque
555 4323 596 4396 ad
630 4331 742 4389 nostre
776 4325 1020 4412 beneplacitum
1058 4329 1253 4410 voluntatis,
1294 4327 1433 4393 eandem
1471 4328 1603 4392 interim
1635 4314 1677 4391 ab
1716 4327 1870 4392 oneribus
1908 4336 2079 4392 rectorum

416 4428 576 4509 Marchie,
599 4428 656 4512 qui
678 4448 737 4512 pro
762 4434 909 4513 tempore
933 4429 1063 4513 fuerint,
1088 4432 1272 4498 eximentes
1284 4433 1304 4498 ¹.

524 4547 601 4612 Dat.
624 4546 778 4613 Lateran.
801 4547 850 4614 IV
872 4548 947 4614 Kal.
971 4549 1067 4633 Iunii,
1091 4574 1176 4618 anno
1199 4553 1275 4619 XV.

1039 4799 1450 4806 Ἣ

1200 5023 1288 5097 818.

521 5113 711 5226 Grcyorius
732 5144 789 5211 IX
802 5165 893 5226 popo
914 5145 937 5230 [
935 5145 1100 5210 Gerimrdo
1110 5145 1169 5229 11]
1191 5146 1597 5226 archicpiscopoBrcmensi
1619 5149 1736 5227 scribit,
1758 5149 1905 5230 quomodo
1916 5148 2078 5234 [Christi-

414 5245 515 5329 aaus]
536 5247 695 5327 episcopas
709 5246 860 5312 Prosciac
882 5249 1001 5314 obsides
1020 5249 1157 5332 poponis
1178 5249 1423 5334 [Somloadinc]
1438 5271 1501 5330 pro
1523 5252 1708 5317 liberatione
1729 5271 1789 5317 suo
1810 5252 1899 5316 datos
1921 5255 2078 5319 reriirtrcrc

411 5349 521 5430 possit.
1660 5425 1661 5430 .
1735 5358 1830 5434 1241,
1853 5355 1930 5421 Irin.
1955 5362 1986 5421 1.

519 5467 599 5538 Grec.
618 5470 667 5523 IX
684 5469 752 5538 Περ.
776 5470 832 5524 Vol.
854 5470 924 5537 VII,
942 5475 992 5532 83:
1009 5471 1072 5526 Lib.
1091 5471 1155 5536 XV,
1176 5475 1221 5526 83.

518 5555 654 5622 Pollioni,
672 5559 740 5627 ch.
759 5557 832 5613 Adri.
850 5559 876 5625 1,
894 5561 1011 5613 11026o.

517 5733 542 5799 l)
561 5709 783 5784 Ariamenen
802 5731 892 5786 eodem
909 5733 954 5787 dic
971 5733 1011 5787 eis
1029 5734 1108 5802 [octo
1127 5735 1178 5789 sub
1195 5751 1222 5788 a.
1242 5738 1300 5788 814.
