4448 6420
672 327 871 384 EPIS'I'OLAE
889 327 1079 384 submersu.
1117 328 1193 384 1223.

892 629 979 702 239.

214 742 402 837 Honorias
424 770 491 835 III
506 791 597 852 papa
619 769 841 834 mercatoribus
867 769 1035 834 Perusinis
1066 769 1215 848 canmdit,
1245 774 1280 834 at
1307 770 1406 835 soleis
1427 791 1486 852 per
1511 771 1615 835 ornnia
1638 770 1765 836 statutis

107 871 296 959 llobannis]
318 875 404 940 tituli
423 875 558 941 Sanctae
574 871 733 936 Procedit
752 873 925 954 presbyteri
946 871 1122 937 cardinal-is
1144 893 1183 938 ea
1205 892 1236 937 se
1252 877 1383 938 rectores
1401 874 1528 956 eliaam,
1551 874 1607 956 qai
1625 874 1765 954 puniant

103 974 257 1060 falsarios
277 996 442 1041 mensurae
464 980 493 1040 et
513 978 652 1039 monetae
674 977 703 1038 et
722 976 813 1056 parts
833 974 960 1056 tbedera
982 975 1102 1038 ineant.
1406 979 1499 1056 1223,
1521 975 1601 1041 Non.
1623 979 1676 1041 27.

209 1095 283 1149 Han.
302 1098 358 1148 III
372 1094 442 1166 Rep.
463 1094 522 1150 Vct.
541 1094 593 1159 IV,
612 1098 678 1160 124;
696 1093 758 1148 Lib.
783 1093 864 1164 VIII,
883 1098 945 1149 106.

57 1197 67 1234 s
211 1180 433 1253 Pottbaet,1teq.
453 1184 532 1234 7107.

636 1305 959 1380 Mercatoribus
985 1306 1230 1382 Perusinis.

214 1454 310 1519 Licet
332 1455 366 1518 in
390 1455 520 1519 civitate
544 1454 703 1519 Perusina
725 1475 784 1539 per
808 1459 931 1517 statuta
955 1453 1068 1518 dilecti
1093 1455 1152 1518 filii
1174 1457 1278 1521 nostri
1300 1457 1328 1521 1.
1352 1455 1581 1528 tituliSancte
1602 1456 1764 1522 Praxedis

107 1557 294 1642 presbyteri
324 1556 498 1621 cardinalis
531 1557 758 1641 colligationes
789 1577 901 1620 omnes
934 1562 968 1621 et
999 1558 1175 1623 societates
1206 1559 1360 1624 universe
1391 1559 1551 1625 dissolute
1579 1566 1764 1638 noscantur,

107 1659 307 1724 falsitatibus
330 1667 439 1724 tamen
463 1667 496 1724 et
518 1660 638 1744 iniquis
661 1658 949 1724 adinventionibus
972 1660 1187 1747 plurimorum
1212 1663 1346 1726 obviare
1370 1663 1537 1743 volentes,
1560 1663 1762 1728 universitat‘

43 1788 64 1826 u
110 1769 218 1828 vestre
241 1763 443 1850 presentium
466 1763 659 1828 auctoritate
676 1763 895 1842 concedimus,
919 1768 955 1827 ut
978 1763 1104 1848 aliquos
1127 1764 1261 1850 possitis
1286 1786 1329 1830 ex
1351 1765 1445 1830 vobis
1468 1772 1613 1831 rectores
1630 1766 1764 1851 eligere,

109 1867 162 1950 qui
191 1867 329 1952 puniant
357 1866 534 1931 falsitatem
566 1867 599 1930 in
634 1887 786 1930 mensura
819 1873 852 1930 et
884 1865 1029 1952 pondere
1062 1869 1319 1950 committentes,
1355 1875 1389 1933 et
1418 1876 1515 1955 prout
1549 1869 1765 1934 consuevistis

110 1975 229 2034 stratas
252 1971 417 2050 reficiant,
447 1971 537 2058 pacis
559 1971 663 2034 iniant
686 1969 813 2049 federa,
838 1976 871 2034 et
893 1970 934 2034 de
959 1969 1120 2035 conductu
1146 1972 1276 2057 possint
1297 1971 1470 2058 providere
1499 1993 1632 2053 securo,
1665 1972 1764 2037 salvis

109 2074 300 2158 peremnia
323 2072 455 2138 statutis
479 2073 615 2152 eisdem,
637 2080 674 2138 ut
696 2074 869 2139 occasione
886 2073 1072 2139 huiusmodi
1095 2096 1156 2140 nec
1181 2076 1357 2141 societates
1380 2076 1434 2140 vel
1458 2076 1686 2161 colligationes
1709 2082 1765 2140 aut

109 2176 173 2239 alia
190 2197 250 2261 per
265 2176 406 2241 eundem
423 2176 623 2242 cardinalem
639 2177 779 2242 inhibita
794 2185 1010 2242 resumantur.
1054 2178 1146 2243 Nulli
1164 2200 1243 2264 ergo
1260 2185 1323 2244 etc.
1339 2185 1451 2243 nostre
1469 2179 1691 2243 concessionis
1713 2215 1764 2243 —.

41 2301 62 2339 n
112 2277 148 2343 Si
170 2279 243 2364 quis
267 2286 329 2344 etc.

217 2400 294 2465 Dat.
317 2401 469 2466 Lateran.
495 2402 526 2467 V
548 2401 623 2467 Kal.
647 2402 821 2468 Decembr.
846 2422 930 2466 anno
955 2407 1080 2467 octavo.

215 2727 351 2792 Aderat
365 2728 510 2794 Perter'ns
522 2733 643 2809 partem
658 2730 868 2808 instrumenti,
890 2748 950 2809 qno
966 2728 1160 2813 1[obannes]
1181 2728 1267 2792 tr‘tnle'
1282 2728 1418 2794 Sanctae
1433 2726 1592 2791 Procedit
1606 2727 1766 2811 presbyter

109 2829 292 2904 cardinalis
307 2832 456 2895 universa
477 2833 658 2897 iuramenta
684 2835 713 2897 ct
732 2833 895 2913 pactiones
921 2833 957 2896 r'n
980 2832 1103 2896 civitate
1126 2831 1283 2895 reatae
1311 2831 1415 2911 factas
1440 2831 1484 2895 ad
1510 2829 1680 2894 sedandam
1702 2828 1766 2893 dis-

65 3005 67 3010 ,
110 2932 247 2996 mrdrarn
277 2954 308 2997 a.
336 2935 435 3011 1223,
466 2935 530 3002 Iul.
561 2939 603 2999 11
623 2939 754 3017 penam
782 2936 980 3013 irritaverat,
1014 2934 1154 3017 qnodque
1175 2955 1266 3015 papa
1294 2933 1358 2999 Oct.
1387 2938 1408 2997 4
1437 2936 1695 3017 confinnaoerat;
1725 2933 1765 3013 cf.

39 3063 63 3100 n
114 3033 256 3113 I'lteinea
283 3035 356 3102 aaa.
379 3035 456 3117 dipl.
480 3037 558 3104 dom.
586 3043 676 3120 temp.
697 3059 721 3104 s.
743 3037 805 3103 scd.
829 3042 850 3102 t.
874 3038 903 3115 I,
923 3059 955 3118 p.
979 3041 1030 3118 76,
1052 3057 1084 3104 n.
1109 3040 1182 3101 127.

214 3154 288 3209 non.
307 3156 359 3208 111
375 3155 444 3225 nep.
469 3155 526 3209 roz.
545 3156 597 3221 rr,
622 3159 784 3220 ror-roa
803 3156 865 3210 nro.
889 3155 976 3222 ΠΗ,
1001 3161 1044 3211 ee.

531 3421 540 3438 .
570 3421 578 3439 .
608 3369 825 3456 potestati
853 3373 894 3440 et
922 3366 1092 3458 populo
1119 3365 1361 3440 Perusino,

218 3513 259 3577 In
288 3514 419 3578 nomine
441 3511 574 3578 Domini
603 3537 708 3580 amen.
753 3515 834 3581 Cum
865 3537 925 3581 nos
949 3515 976 3581 I.
999 3515 1064 3579 Dei
1093 3515 1199 3599 gratia
1227 3514 1314 3578 tituli
1343 3512 1462 3579 Sancte
1484 3513 1644 3579 Praxedis
1672 3534 1766 3599 pres·

111 3618 207 3704 byter
238 3618 410 3682 cardinalis
441 3617 482 3682 ad
514 3619 692 3685 sedandam
721 3621 917 3686 discordiam
946 3621 1032 3684 inter
1059 3619 1179 3684 milites
1210 3626 1244 3685 et
1274 3639 1432 3705 sequaces
1461 3637 1573 3681 eorum
1601 3638 1644 3680 ex
1673 3622 1766 3703 parte

50 3748 70 3786 u
114 3743 193 3802 una,
221 3727 255 3786 et
283 3723 457 3810 populares
479 3725 656 3790 Penrsinos
680 3731 714 3790 et
736 3724 902 3789 adiutores
927 3745 1040 3789 eorum
1069 3744 1112 3787 ex
1141 3723 1260 3801 altera,
1290 3721 1331 3786 de
1360 3718 1512 3785 mandato
1536 3718 1658 3784 domini
1680 3741 1765 3805 pape

113 3824 285 3889 Petusium
301 3826 518 3907 venissemus,
540 3826 660 3892 habitis
677 3826 717 3891 ab
736 3829 784 3893 eis
801 3827 841 3893 de
858 3826 1001 3914 parendo
1019 3847 1117 3912 super
1132 3824 1296 3889 discordia
1312 3825 1384 3909 ipsa
1401 3821 1562 3886 mandatis
1577 3822 1767 3909 apostolicis

114 3933 210 4012 atque
233 3928 354 3992 nostris
377 3929 583 4010 iuramentis,
607 3930 816 4016 pignoribus,
840 3929 1010 3995 obsidibus
1034 3949 1071 3993 ac
1093 3928 1232 4008 tenutis,
1263 3934 1296 3992 et
1318 3926 1493 3992 intellectis
1516 3946 1578 4011 que
1601 3932 1712 4012 partes
1734 3925 1768 3988 in

114 4036 224 4094 nostra
247 4050 449 4115 proposuere
471 4033 656 4118 presentia,
679 4034 831 4098 universa
854 4034 1051 4111 iuramenta,
1074 4031 1259 4118 pactiones,
1283 4029 1517 4114 obligationes,
1542 4027 1768 4112 colligationes

115 4138 147 4196 et
180 4133 435 4218 promissiones,
470 4147 551 4220 que⁸
582 4141 647 4199 tam
682 4156 725 4199 ex
758 4142 851 4222 parte
885 4135 1094 4214 societatum,
1131 4133 1396 4196 communitatum
1433 4153 1492 4197 seu
1525 4131 1768 4195 fraternitatum

52 4257 74 4296 a
116 4235 309 4316 cedonumb,
345 4239 607 4325 pellipariorum,
642 4238 807 4302 lanificam
837 4245 869 4303 et
903 4239 1041 4302 aliorum
1077 4236 1236 4300 artificum
1273 4236 1446 4300 occasione
1482 4234 1680 4320 generaliter
1716 4235 1769 4299 vel

118 4339 329 4424 singulariter
350 4339 436 4406 facte
459 4348 534 4406 sunt
562 4363 658 4428 quam
682 4348 839 4428 exparte
862 4341 1000 4405 militum
1025 4345 1058 4404 et
1079 4338 1226 4426 peditum
1249 4339 1282 4402 in
1305 4339 1436 4402 civitate
1458 4337 1620 4402 Perusina
1642 4336 1768 4402 eteius

117 4442 277 4524 districtu,
299 4443 431 4528 penitus
454 4445 629 4528 irritamus,
652 4466 689 4510 ac
712 4444 752 4510 ab
776 4467 889 4510 eorum
913 4443 1140 4510 observatione
1164 4442 1364 4507 absolvimus
1387 4441 1568 4506 universos.

742 4685 1149 4692 ..ΝΜ-α...-

901 4913 989 4986 240.

227 5027 416 5120 Honoras
448 5055 514 5119 ΠΙ
534 5075 625 5136 papa
651 5053 878 5138 [noueram]
911 5054 1016 5119 anam
1044 5052 1196 5118 Aeaeae
1229 5051 1353 5129 aaa,
1383 5047 1466 5131 aaa
1490 5044 1640 5130 upum]
1671 5061 1771 5124 recen

121 5157 249 5241 benigne
264 5161 443 5240 pertractet,
465 5177 595 5238 enmane
617 5157 770 5234 bortatur,
792 5161 828 5220 nt
849 5157 886 5220 in
906 5156 961 5222 boc
976 5159 1161 5238 perseveret.
1401 5152 1495 5229 1224,
1516 5147 1609 5214 Febr.
1631 5149 1684 5213 22.

69 5287 97 5330 a
223 5274 297 5329 Han.
317 5278 368 5328 111
384 5275 452 5346 neq.
473 5274 532 5330 va.
550 5276 602 5339 rv,
620 5278 679 5340 rer,
698 5278 767 5336 raa·
785 5274 847 5329 mo.
872 5275 952 5340 Vror,
970 5277 1035 5330 eas.

221 5361 359 5426 Portare,
376 5361 444 5430 nea.
464 5366 543 5418 7177.

223 5607 246 5672 ¹)
264 5624 316 5675 que
334 5607 485 5658 societatum
503 5633 536 5642 -
558 5608 623 5658 iacto
640 5613 702 5658 sunt
719 5613 772 5660 tarn
788 5623 821 5659 ex
838 5612 910 5675 parte
927 5622 1005 5673 quam
1022 5605 1050 5657 in
1067 5611 1139 5674 parte
1157 5602 1267 5655 militum
1285 5598 1316 5651 R.
1399 5597 1422 5664 b)
1440 5615 1476 5648 an
1493 5595 1649 5648 monum?

223 5720 285 5772 ura.
304 5719 385 5772 Pom.
403 5719 422 5770 I.
1532 5703 1567 5758 22
