4524 6412
435 388 497 454 260
1028 386 1074 441 ax
1093 384 1249 442 Houoan
1268 385 1308 440 111
1326 383 1505 440 uacusruo

434 583 494 648 per
526 583 657 628 manum
688 562 860 649 publicam
882 563 1020 648 scriptas
1050 569 1084 627 et
1112 562 1213 625 vestri
1239 583 1278 626 ao
1306 559 1426 625 nobilis
1455 561 1515 624 viri
1547 559 1743 625 marchionis
1766 560 1890 626 Montis
1919 557 2032 626 ferrati
2059 565 2091 624 et

435 666 653 750 quammlibet
680 665 847 731 civitatum
876 665 917 730 de
939 671 1049 730 vestra
1072 666 1229 730 societate
1254 664 1435 749 sigillorum
1457 665 1659 750 appensione
1682 664 1840 744 munitas,
1872 683 1933 729 vos
1954 685 1976 728 a
1997 662 2091 728 nobis

436 775 471 832 et
492 769 605 834 nuntio
628 769 732 855 ipsius
755 770 978 857 imperatoris,
1009 769 1065 855 qui
1098 790 1197 855 super
1223 769 1285 832 hoc
1316 789 1376 854 pro
1399 775 1491 854 parte
1516 789 1576 833 sua
1596 769 1724 834 litteras
1748 768 1929 834 secundum
1951 767 2038 852 quod
2060 767 2090 832 ei

436 872 627 958 scripsimus
650 873 860 954 destinavit¹,
888 873 1010 937 diutius
1034 873 1216 958 expectati,
1247 870 1333 957 quod
1356 870 1580 936 mandavimus
1604 871 1734 938 efficere
1757 894 1822 937 non
1846 872 2002 952 curastis,
2032 891 2092 956 per

437 975 599 1060 quendam
623 977 804 1064 simplicem
827 977 976 1042 nuntium
999 983 1123 1041 tantam
1154 976 1390 1060 negligentiam
1419 982 1453 1040 et
1481 982 1701 1062 contemptum
1732 997 1892 1042 excusare
1922 981 2091 1053 conantes,

437 1085 610 1145 causantes
634 1080 801 1162 cedulam,
828 1082 861 1146 in
895 1101 958 1166 qua
980 1080 1044 1144 fuit
1065 1078 1152 1143 dicta
1175 1079 1278 1143 forma
1300 1079 1500 1164 conscripta,
1529 1078 1687 1144 cecidisse
1712 1079 1745 1143 in
1768 1100 1901 1164 aquam,
1933 1086 1967 1143 et
1989 1079 2091 1142 luisse

437 1179 483 1243 ita
506 1181 592 1265 quod
623 1184 690 1269 legi
718 1185 904 1270 nequiverit
930 1184 1094 1263 vitiatam,
1125 1187 1223 1267 atque
1254 1182 1287 1245 in
1316 1188 1544 1267 argumentum
1571 1182 1620 1246 rei
1649 1182 1744 1246 nobis
1776 1183 1943 1268 paginam,
1972 1182 2005 1245 in
2029 1201 2093 1266 qua

437 1283 565 1350 inclusa
593 1285 655 1351 luit
684 1286 872 1373 supradicta
902 1287 1034 1367 cedula,
1062 1287 1308 1364 transmisistis,
1340 1286 1374 1350 in
1403 1306 1468 1370 qua
1493 1285 1572 1371 quid
1599 1285 1819 1350 notaverimus
1845 1307 1911 1349 non
1940 1283 2092 1349 duximus

439 1389 649 1474 presentibus
681 1391 942 1478 exprimendum.
988 1390 1074 1455 Sane
1104 1411 1168 1454 non
1198 1390 1258 1453 fuit
1286 1394 1395 1453 vestre
1424 1386 1596 1473 prudentie
1625 1389 1829 1454 occasionem
1857 1395 1925 1453 tam
1947 1389 2094 1474 ineptam

439 1489 634 1575 obtendere,
664 1501 698 1559 et
728 1495 903 1560 ecclesiam
926 1494 1109 1559 Romanam
1138 1501 1172 1558 et
1200 1494 1429 1579 imperatorem
1458 1514 1496 1556 ac
1527 1495 1632 1579 ipsum
1656 1495 1765 1558 lesum
1789 1493 1969 1572 Christum,
1999 1492 2092 1556 cuius

442 1595 623 1676 servitium,
647 1597 802 1662 videlicet
819 1599 920 1663 Terre
936 1597 1056 1661 Sancto
1082 1618 1267 1668 succursus,
1291 1618 1351 1682 per
1372 1596 1434 1660 hoc
1458 1605 1570 1682 posset
1592 1597 1690 1662 facilc
1714 1597 1874 1683 impediri,
1899 1605 2011 1662 contra
2034 1617 2093 1660 vos

440 1697 551 1762 taliter
573 1721 761 1784 provocare.
807 1701 954 1787 Repulsa
985 1723 1063 1786 ergo
1095 1701 1255 1787 petitione
1278 1708 1389 1764 vestra
1415 1699 1456 1764 de
1480 1700 1691 1765 dilationibus
1719 1701 1847 1783 dandis,
1878 1722 1976 1784 quam
1998 1700 2094 1764 nobis

440 1802 621 1886 paralium
642 1804 807 1884 nuntium,
837 1805 967 1888 qualem
989 1805 1083 1868 vobis
1107 1805 1244 1890 placuit,
1273 1803 1516 1877 transmisistis,
1545 1803 1733 1868 discretioni
1758 1811 1866 1870 vestre
1890 1804 2094 1890 presentium

440 1905 633 1970 auctoritate
663 1905 854 1972 mandamus
883 1913 917 1971 ct
946 1907 1092 1972 districtc
1120 1908 1336 1994 precipimus,
1367 1908 1535 1993 quatinus,
1566 1909 1651 1971 sicut
1673 1929 1781 1972 caram
1803 1909 1934 1973 habetis
1957 1909 2095 1993 gratiam

441 2007 583 2072 divinam
606 2016 640 2074 et
662 2017 825 2092 nostram,
853 2010 979 2074 litteras
1004 2011 1182 2075 secundum
1206 2017 1411 2096 prenotatam
1435 2011 1589 2089 formam,
1620 2032 1717 2095 quam
1738 2033 1824 2075 nune
1848 2032 1977 2098 quoque
1999 2011 2093 2074 vobis
2156 2034 2165 2071 s

441 2112 502 2177 sub
526 2112 616 2178 bulla
638 2121 750 2180 nostra
773 2115 976 2179 destinamus
1001 2116 1177 2194 inclusam,
1202 2115 1295 2178 nobis
1319 2121 1352 2179 et
1374 2115 1438 2199 ipsi
1461 2115 1649 2200 imperatori
1672 2117 1759 2179 omni
1783 2116 1955 2180 occasione
1979 2121 2014 2179 et
2036 2135 2095 2178 ex-

441 2217 610 2282 cusatione
635 2220 842 2283 cessantibus
866 2220 912 2282 ita
935 2219 1088 2284 celeriter
1111 2218 1349 2286 transmittatis,
1374 2217 1459 2302 quod
1482 2239 1547 2281 non
1568 2219 1674 2303 possit
1696 2219 1737 2282 ad
1759 2219 1862 2305 ipsius
1886 2219 2095 2304 imperatoris

440 2319 552 2385 venire
581 2321 746 2404 notitiam,
776 2323 829 2386 vel
856 2344 914 2386 vos
952 2323 1097 2408 ipsarum
1129 2323 1311 2386 litterarum
1344 2321 1536 2386 missionem
1564 2321 1730 2388 distulisse
1758 2329 1825 2386 tam
1852 2321 1923 2402 diu,
1954 2322 2007 2386 vel
2036 2343 2096 2387 nos

441 2423 535 2488 vobis
559 2447 658 2512 super
680 2426 742 2491 hoc
766 2425 885 2490 iterato
909 2425 1093 2511 scripsisse,
1117 2447 1155 2489 ac
1177 2426 1307 2489 interim
1331 2424 1562 2489 nichilominus
1585 2446 1658 2489 cum
1682 2447 1722 2490 ea
1745 2426 1975 2506 sollieitudine,
1999 2448 2097 2512 quam

441 2529 593 2613 angustia
620 2530 778 2616 temporis
812 2529 933 2613 exigit,
967 2551 1006 2594 aa
1035 2551 1097 2615 que
1126 2551 1184 2614 pro
1213 2529 1317 2615 ipsius
1340 2527 1441 2593 Terre
1466 2527 1586 2593 Sancte
1617 2551 1772 2595 succursu
1800 2531 1908 2596 facere
1936 2530 2096 2594 tenemini
2170 2529 2173 2532 ’

442 2632 642 2717 preparetis,
671 2654 713 2697 ne
737 2633 800 2718 ipsi
825 2633 1014 2718 imperatori
1037 2632 1209 2698 differendi
1232 2632 1380 2697 eiusdem
1404 2632 1506 2697 Terre
1532 2632 1651 2699 Sancte
1677 2654 1864 2698 succursum
1889 2634 2097 2699 occasionem

442 2734 617 2800 videamini
640 2734 728 2816 dare,
751 2758 790 2800 ao
812 2757 872 2822 per
893 2736 955 2800 hoc
980 2745 1093 2800 contra
1115 2758 1173 2801 vos
1196 2736 1306 2801 Deum
1330 2745 1363 2800 et
1384 2737 1534 2801 homines
1557 2738 1760 2823 provocetis;
1791 2738 1932 2802 scientes
1956 2737 2047 2821 quod
2070 2739 2099 2801 si

442 2859 500 2902 vos
525 2839 558 2903 in
581 2845 671 2904 tanto
696 2840 783 2904 facte
805 2838 870 2904 Dei
894 2847 927 2904 et
950 2841 1053 2904 nostri
1077 2847 1320 2925 contemptores
1344 2841 1561 2925 illusoresque
1585 2842 1800 2920 senserimus,
1823 2842 1869 2904 nil
1892 2840 1982 2906 aliud
2005 2840 2097 2906 vide-

443 2963 515 3005 mus
538 2948 680 3022 restare,
704 2943 767 3006 nisi
791 2948 827 3006 ut
850 2944 955 3007 colum
978 2949 1011 3007 et
1034 2951 1155 3008 terram
1179 2950 1292 3007 contra
1314 2949 1456 3008 vostram
1479 2945 1685 3009 insolentiam
1709 2946 1908 3011 invocemus.
1946 2945 2099 3010 Misimus

442 3050 552 3108 autem
576 3045 690 3109 advos
713 3053 848 3131 propter
869 3047 931 3110 heo
948 3046 1101 3112 dilectum
1118 3047 1219 3110 filium
1236 3045 1375 3110 Gualam
1390 3046 1523 3111 fratrem
1540 3048 1662 3112 ordinis
1677 3048 1934 3129 Predioatorum,
1957 3050 2098 3114 latorem
2152 3063 2172 3098 '·'·

443 3148 661 3232 presentium,
693 3150 748 3232 qui
776 3155 896 3212 statum
925 3155 959 3212 et
986 3149 1257 3233 tranquillitatem
1285 3148 1433 3214 eiusdem
1455 3151 1638 3236 provincie,
1669 3152 1754 3216 sicut
1776 3152 1950 3216 manifeste
1974 3173 2098 3238 cogno·

442 3250 559 3328 vimus,
582 3249 689 3336 diligit
712 3258 746 3316 et
768 3273 827 3338 pro
851 3274 891 3316 ea
905 3252 1096 3337 frequenter
1118 3251 1204 3338 apud
1226 3273 1286 3316 nes
1310 3253 1521 3338 interpellare
1546 3255 1680 3336 curavit,
1704 3277 1763 3341 per
1785 3256 1878 3320 cuius
1902 3257 2099 3321 relationem

444 3353 573 3438 plenius
597 3355 680 3419 scire
703 3356 868 3440 poteritis,
884 3362 1055 3446 ,quantum
1084 3356 1272 3420 huiusmodi
1301 3378 1390 3421 more
1421 3357 1591 3442 diffugium
1620 3359 1716 3423 nobis
1740 3366 1774 3423 et
1795 3359 1952 3424 fratribus
1975 3361 2099 3425 nostris

443 3477 542 3540 grave
565 3457 664 3554 luerit
685 3478 723 3523 ao
744 3459 929 3524 molestum.

549 3576 626 3642 Dat.
649 3576 802 3643 Lateran.
826 3579 875 3644 VI
897 3578 976 3645 Idus
999 3579 1121 3660 Martii,
1145 3602 1230 3645 anno
1253 3579 1314 3648 XI.

547 3836 574 3909 1)
591 3851 619 3890 a.
639 3840 702 3892 340.
