4576 6390
444 381 506 447 500
1021 363 1526 438 *exasscosnrxsrsrsmo

443 555 588 642 poribus,
611 577 671 642 per
694 555 790 621 huius
813 555 917 620 nostri
931 553 1057 620 decreti
1072 556 1226 640 paginam
1242 555 1482 635 constituimus,
1504 553 1609 618 modis
1632 553 1781 618 omnibus
1803 551 1972 617 universis
1995 550 2109 614 cuius-

443 660 525 725 libet
553 661 694 725 ecclesie
723 659 910 747 presulibus
944 660 1160 744 omnibusque
1190 659 1318 724 clericis
1347 659 1581 742 cuiuscumque
1612 656 1745 722 honoris
1775 655 1937 740 dignitate
1966 653 2110 740 preditis

443 763 603 848 laicisque
627 763 778 828 omnibus
809 764 934 848 pariter
956 764 1188 848 cuiuscumque
1211 763 1386 850 potestatis
1400 759 1663 841 interdicentes,
1697 760 1890 844 colligantes
1915 759 2020 822 etiarn
2045 757 2107 822 sub

443 867 662 932 anathematis
692 867 838 948 vinculo,
873 873 910 930 ut
943 887 1017 931 cum
1044 866 1126 932 Iuda
1162 868 1196 931 in
1232 870 1381 931 eternum
1413 865 1593 945 crucietur,
1626 864 1821 949 quicumque
1856 862 1954 926 huius
1991 864 2107 923 nostre

445 971 564 1036 seriem
587 970 803 1035 institutionis
826 968 989 1034 diabolico
1007 977 1202 1056 presumptu
1224 991 1323 1034 ausus
1345 969 1445 1033 fuerit
1468 974 1630 1046 evertere,
1654 973 1710 1030 aut
1731 965 1839 1031 Deum
1864 970 2107 1048 contempnens

444 1080 558 1138 nostra
579 1072 742 1149 mandata,
767 1094 830 1159 que
854 1075 1090 1159 suprascripta
1112 1078 1197 1154 sunt,
1220 1072 1413 1137 demoniaca
1432 1071 1563 1135 inflatus
1581 1069 1737 1155 superbia
1757 1069 1899 1133 noluerit
1915 1066 2110 1142 observare,

446 1184 502 1241 aut
524 1177 580 1263 qui
607 1177 753 1263 ipsarum
777 1177 964 1242 sanctiones
995 1177 1241 1262 scripturarum,
1274 1196 1337 1261 que
1368 1175 1410 1240 ab
1437 1177 1510 1261 ipsa
1539 1173 1745 1259 imperatrice
1778 1172 1900 1257 optima
1924 1169 2109 1234 constitute

447 1286 537 1361 sunt,
566 1282 619 1345 vel
642 1279 812 1367 subripere
836 1280 890 1345 vel
913 1279 1025 1344 delere
1047 1281 1101 1344 vel
1124 1281 1172 1345 eis
1197 1280 1359 1344 contraire
1382 1277 1628 1365 presumpserit.
1678 1275 1802 1354 Huius,
1832 1275 1895 1339 nisi
1919 1273 2110 1359 resipiscat,

271 1407 341 1461 spos.
359 1406 427 1455 mre.
447 1383 575 1447 auferat
590 1382 684 1449 Deus
708 1389 835 1470 partem
858 1383 899 1448 de
922 1389 1011 1448 terra
1033 1383 1212 1448 virentium
1236 1389 1269 1448 et
1290 1403 1411 1448 nomen
1434 1383 1505 1446 eius
1528 1381 1678 1446 deleatur
1699 1378 1740 1443 de
1763 1377 1847 1444 libro
1870 1378 1949 1458 vite,
1973 1382 2011 1440 ut
2034 1397 2110 1440 cum

349 1513 355 1519 ·
447 1485 544 1549 iustis
567 1506 634 1550 non
657 1487 820 1551 scribatur
843 1485 902 1549 sed
926 1506 999 1550 cum
1028 1485 1137 1572 impiis
1161 1492 1195 1551 et
1222 1484 1390 1570 sacrilegis
1413 1484 1578 1570 deputatis
1610 1481 1747 1546 flammis
1774 1480 1925 1565 gehenne
1956 1479 2106 1543 inextin-

449 1588 628 1673 guibilibus
652 1594 882 1653 concremetur
902 1589 936 1651 in
960 1588 1072 1652 secula
1095 1589 1290 1653 seculorum.

556 1706 633 1771 Dat.
657 1707 691 1771 Π
713 1707 799 1774 Non.
815 1709 920 1795 April.
943 1728 1027 1772 anno
1050 1706 1224 1773 Dominice
1247 1708 1480 1773 incarnationis
1495 1703 1754 1772 DOOOGXOVI
1768 1703 1790 1786 ¹,
1813 1701 1993 1767 indictione
2009 1698 2109 1764 VIII.

449 1809 538 1874 Data
561 1808 682 1878 Sutria.

557 1929 717 1997 Nolumus
740 1937 869 2015 eutem,
897 1930 984 2016 quod
1014 1952 1056 1996 ex
1084 1933 1294 1997 innovatione
1322 1931 1510 1996 huiusmodi
1537 1953 1659 1997 novum
1686 1930 1737 1993 ius
1768 1927 1874 1993 eidem
1902 1923 2108 1989 monasterio

450 2037 651 2122 acquiratur,
676 2034 735 2101 sed
757 2043 794 2100 ut
817 2035 986 2119 antiquum
1008 2034 1058 2098 ius
1082 2034 1114 2098 ei
1136 2057 1196 2122 per
1217 2036 1405 2100 innovatum
1429 2036 1637 2122 privilegium
1661 2038 1883 2097 conservetur.

557 2173 633 2239 Dat.
656 2173 799 2254 Perusii,
823 2173 858 2236 II
882 2167 958 2236 Kal.
981 2169 1139 2237 Decemb.
1164 2173 1372 2260 pontificatus
1394 2173 1499 2237 nostri
1522 2194 1606 2238 anno
1631 2177 1756 2236 octavo.

1074 2450 1484 2459 ...-.—.....—-—-——-

1232 2743 1320 2815 610.

561 2872 752 2980 Gregorius
767 2897 824 2961 IX
842 2917 929 2978 papa
950 2897 1114 2962 abbatibus
1136 2898 1344 2978 etprimitias
1365 2897 1623 2962 monasteriorum
1641 2900 1829 2960 exemtorum
1850 2915 2016 2975 eorumque
2038 2913 2113 2958 con-

450 3002 593 3067 centibras
614 3000 838 3082 Mogontiaco,
870 2999 1067 3065 Preccrcnsis
1096 3005 1126 3066 ct
1159 3000 1352 3067 Coloniensis
1378 2999 1614 3080 provinciarum
1635 2999 1732 3064 mittit
1752 2996 1882 3062 Petrum
1911 2997 1948 3061 dc
1975 2998 2112 3078 Supina,

453 3105 633 3186 scriptorem
655 3121 755 3180 suum,
777 3107 812 3166 ut
834 3103 916 3167 sectis
937 3105 1124 3184 apostolicae
1146 3108 1176 3168 ct
1196 3105 1339 3168 ecclcsiae
1359 3107 1475 3166 statum
1496 3103 1539 3165 iis
1560 3103 1722 3184 explanem
1744 3101 1892 3184 quomodo
1912 3102 1949 3164 in
1970 3102 2113 3166 instanti

453 3208 631 3272 necessitate
653 3205 715 3270 sibi
736 3224 915 3271 succurrere
935 3207 1041 3286 velint,
1057 3228 1119 3288 per
1139 3207 1269 3272 eundem
1291 3206 1352 3271 sibi
1373 3207 1527 3270 intiment.
1749 3294 1833 3355 1234
1865 3290 1904 3354 N
1966 3295 2010 3354 30

1834 3341 1843 3368 ,
1898 3311 1944 3354 co.
2013 3342 2021 3355 .

559 3411 640 3480 (ἶνες.
660 3410 709 3463 IX
724 3410 792 3481 lisy.
814 3410 873 3466 Vol.
892 3411 913 3465 I
917 3412 946 3477 V,
963 3415 1038 3478 2385
1057 3411 1119 3466 Lib.
1145 3411 1228 3476 VIII,
1248 3415 1308 3465 344.

679 3714 681 3718 .
1034 3639 1266 3714 Universis
1293 3641 1529 3715 abbatibus

482 3766 524 3835 et
551 3759 776 3852 prioribus
802 3762 1174 3834 monasteriorum
1203 3767 1509 3854 exemplorum
1535 3766 1577 3836 et
1604 3783 1757 3835 eorum
1784 3760 2082 3834 conventibus

555 3901 633 3972 per
651 3880 968 3973 Magantinam,
995 3880 1315 3956 Treverensem
1343 3888 1385 3956 et
1412 3882 1719 3956 Coloniensem
1747 3881 2003 3973 provincias

1146 4002 1420 4076 constitutis.

568 4149 696 4214 Statum
732 4154 881 4214 nostrum
915 4155 950 4214 et
979 4151 1119 4216 ecclesie
1150 4151 1243 4216 vobis
1280 4152 1487 4218 innotescere
1521 4151 1711 4237 cupientes,
1745 4149 1852 4236 ipsum
1886 4149 2112 4214 commisimus

457 4255 577 4319 dilecto
600 4253 667 4317 filio
690 4253 846 4338 magistro
870 4252 969 4318 Petro
993 4253 1034 4326 de
1060 4253 1214 4341 Supinot,
1241 4255 1392 4340 scriptori
1415 4259 1547 4332 nostro,
1578 4253 1618 4318 de
1642 4254 1734 4317 cuius
1756 4252 1821 4317 tide
1844 4273 1882 4317 ae
1903 4252 2111 4317 discretionis

457 4357 617 4421 industria
640 4357 803 4421 sinceram
825 4355 976 4420 fiduciam
997 4357 1195 4437 obtinemus,
1217 4379 1277 4444 per
1299 4379 1373 4422 eum
1395 4358 1489 4422 vobis
1512 4359 1609 4442 plene
1632 4378 1670 4420 ac
1692 4355 1835 4420 fideliter
1855 4355 2109 4442 explanandum.

457 4460 527 4525 Vos
566 4459 664 4543 igitur
693 4458 886 4540 intellectis,
923 4481 985 4544 que
1022 4459 1109 4525 idem
1148 4481 1189 4524 ex
1223 4467 1315 4546 parte
1345 4467 1459 4525 nostra
1493 4459 1699 4524 universitati
1729 4466 1837 4524 vestre
1867 4459 1998 4524 duxerit
2031 4480 2110 4543 pro-

458 4560 625 4648 ponenda,
655 4561 702 4623 ita
719 4561 901 4646 ¹providere
932 4564 1068 4643 curetis,
1102 4561 1189 4647 quod
1217 4563 1249 4626 in
1279 4563 1431 4626 instantis
1458 4564 1665 4628 necessitatis
1688 4563 1827 4628 articulo
1849 4569 1957 4627 vestre
1981 4561 2110 4627 devoti-

459 4664 531 4728 onis
554 4663 707 4727 sffectum
731 4664 853 4728 certius
875 4685 1054 4749 agnoscere
1082 4666 1249 4730 valeamus
1277 4687 1320 4730 ex
1347 4687 1457 4752 opere,
1487 4686 1524 4730 ac
1553 4666 1696 4751 experiri
1719 4667 1930 4752 pleniuspcr
1955 4666 2111 4730 effectum

459 4761 632 4849 quantum'
648 4765 836 4830 libertatem
871 4768 1128 4832 eeclesiasticam
1163 4769 1314 4833 zelemini
1350 4776 1383 4833 et
1416 4768 1588 4834 honorem
1649 4768 1810 4854 Quicquid
1844 4775 1952 4833 antem
1988 4769 2112 4853 singuli

459 4873 603 4932 vestrum
626 4865 702 4932 inde
726 4867 886 4934 duxeritis
908 4867 1106 4951 iaciendum,
1129 4871 1224 4935 nobis
1250 4893 1309 4958 per
1332 4871 1471 4936 eundem
1493 4873 1613 4936 vestris
1637 4873 1757 4936 curetis
1780 4872 1967 4958 patentibus
1989 4872 2111 4936 litteris

459 4972 620 5038 intimare.

566 5107 643 5173 Dat.
669 5109 811 5191 Perusii,
835 5110 870 5173 II
892 5108 968 5174 Kal.
990 5109 1151 5177 Decemb.
1175 5113 1383 5199 pontificatus
1406 5113 1509 5178 nostri
1533 5131 1618 5176 anno
1642 5118 1767 5176 octavo.

565 5403 587 5470 ¹)
605 5407 687 5473 Snpifi
706 5406 739 5456 R.

564 5558 591 5622 1)
610 5555 704 5626 Lepas
728 5555 935 5610 Dcccexcv
953 5564 1072 5626 propter
1093 5558 1267 5612 indictionem
1288 5558 1381 5627 VIII,
1409 5562 1477 5628 994,
1503 5560 1578 5630 Sept.
1597 5565 1716 5632 1-995‚
1740 5562 1811 5631 Aup.
1831 5568 1879 5630 31,
1903 5581 1974 5632 quae
1997 5566 2114 5624 maioris

458 5643 587 5700 momenti
603 5646 650 5697 cst.
