4596 6406
674 371 676 376 '
777 368 976 424 nrls'ronsn
994 369 1183 424 SEliliC'l'hE.
1221 371 1296 458 naar.
1802 377 1865 442 eoo

189 613 190 616 Ἴ
212 537 468 625 irreparabiliter
483 542 667 628 dissipatur.
695 543 802 628 Ipsius
818 565 947 628 quoque
970 542 1098 608 baiulus
1115 542 1335 608 venerabilem
1351 543 1484 609 fratrem
1505 553 1650 612 nostruin
1663 545 1841 611 Vestonum
1855 547 1864 585 ¹

213 644 415 730 episcopum,
439 646 623 710 conlectum
648 648 749 726 senio,
773 669 894 732 genere
918 647 1072 727 nobilem,
1095 647 1136 712 de
1160 647 1255 712 domo
1281 670 1339 712 sua
1364 650 1500 734 turpiter
1517 650 1638 714 eiciens
1657 662 1864 736 castrumque

216 769 254 812 ac
285 749 447 813 civitatem
477 751 615 815 ecclesie
648 773 706 815 sue
741 752 803 814 sibi
836 751 1004 830 auferens,
1034 753 1098 815 alia
1127 751 1269 837 dompne
1296 753 1408 836 gravia
1438 752 1697 839 multiplicesque
1733 755 1864 819 iniurias

217 851 371 936 irrogavit
394 851 511 918 eidem.
560 854 675 919 Dictus
707 857 806 920 etiarn
837 875 947 919 comes
975 853 1170 919 detestanda
1198 855 1373 918 salinarum
1404 853 1560 940 pedagia,
1583 876 1647 940 que
1671 867 1763 942 pater
1787 879 1864 921 suus

218 955 294 1017 olim
318 956 532 1032 abiurarerat,
557 959 588 1021 in
611 967 698 1022 terra
720 959 884 1023 Venexini
908 957 947 1022 de
970 979 1054 1022 novo
1079 959 1250 1022 instituens
1274 979 1311 1020 ac
1342 959 1374 1021 in
1406 959 1516 1022 multis
1540 957 1602 1023 Dei
1636 961 1808 1024 ecclesiam
1832 968 1865 1025 et

216 1058 286 1122 cius
309 1059 452 1143 prelatos
475 1082 596 1126 vexare
621 1084 823 1147 presumens,
848 1085 930 1126 ausu
953 1063 1112 1146 sacrilego
1137 1062 1348 1126 ecclesiarum
1372 1062 1460 1125 bona
1484 1073 1516 1126 ct
1547 1063 1693 1127 redditus
1717 1074 1865 1150 occupat,

214 1184 274 1226 nec
299 1184 377 1248 sepe
401 1166 541 1229 monitus
565 1188 584 1228 a
607 1167 733 1252 prefato
758 1167 1002 1252 archiepiscopo
1027 1165 1148 1252 aliquid
1172 1165 1212 1229 de
1236 1165 1300 1228 hiis
1324 1165 1500 1229 emendare
1524 1175 1685 1252 procuret.
1727 1168 1865 1253 Propter

215 1288 278 1352 que
302 1268 378 1331 licet
402 1272 747 1334 excommunicationis
773 1271 934 1335 sententia
958 1272 999 1334 sit
1020 1271 1150 1355 ligatus,
1174 1270 1413 1334 absolutionem
1430 1279 1549 1349 tamen,
1564 1271 1616 1334 vel
1631 1272 1737 1357 potius
1756 1272 1864 1336 clares

217 1371 368 1446 ecclesie,
385 1372 600 1457 vilipendens
624 1376 725 1438 multa
748 1375 808 1442 hiis
832 1375 1063 1438 contrallcum
1087 1385 1119 1438 et
1143 1374 1316 1439 ecclesiam
1340 1374 1496 1459 presumit
1518 1375 1630 1460 peiora
1654 1377 1864 1448 committere,

219 1493 281 1556 que
305 1495 403 1558 grave
427 1483 516 1540 esset
540 1479 746 1562 presentibus
770 1479 946 1564 explicare.
991 1477 1059 1540 Nes
1083 1479 1179 1562 igitur
1202 1476 1424 1556 attendentes,
1455 1477 1542 1562 quod
1568 1479 1593 1541 si
1617 1478 1781 1564 predictus
1805 1501 1865 1543 rex

217 1585 329 1640 contra
360 1577 492 1643 eosdem
522 1580 720 1645 Sarracenos
752 1581 812 1644 hac
843 1580 1025 1644 retardatus
1054 1580 1226 1644 occasione
1257 1578 1434 1664 precedere
1469 1600 1535 1643 non
1563 1581 1699 1660 valeret,
1733 1583 1865 1660 utilitas,

168 1691 169 1694 ’
217 1700 312 1764 quam
336 1702 379 1745 cx
402 1682 463 1745 hoc
488 1682 671 1748 Christiane
701 1684 777 1748 fidei
808 1684 967 1748 credimus
998 1691 1243 1770 proventuram,
1275 1704 1317 1746 ex
1344 1703 1434 1746 mora
1457 1683 1605 1748 hostibus
1630 1683 1750 1747 Christi
1778 1685 1864 1748 vires

217 1784 420 1848 sumentibus
444 1786 604 1866 fortiores,
627 1788 763 1852 forsitan
786 1787 959 1874 deperiret,
984 1795 1016 1852 et
1040 1809 1081 1852 ex
1105 1787 1166 1850 hoc
1190 1793 1279 1850 tanta
1300 1796 1434 1874 possent
1455 1809 1643 1872 guerrarum
1666 1789 1810 1874 pericula
1832 1789 1865 1850 in

216 1886 442 1973 Albigcnsium
466 1913 503 1954 ac
527 1892 697 1956 Provincia
728 1893 873 1979 partibus
904 1892 1054 1972 suboriri,
1085 1891 1170 1977 quod
1198 1893 1259 1955 nisi
1288 1900 1461 1975 antequam
1491 1892 1630 1977 amplius
1653 1891 1865 1970 invalescunt,

153 2043 158 2055 .
219 1999 406 2054 occurratur
429 1992 561 2074 eisdem,
578 1997 632 2058 vix
652 2005 708 2059 siut
731 2018 896 2081 nunquam
920 2019 961 2060 cx
983 1997 1144 2083 postfacto
1168 1997 1246 2081 ipsis
1270 1996 1403 2059 salutari
1426 1995 1568 2058 remedio
1592 1996 1710 2081 poterit
1733 1995 1864 2074 obviari,

217 2097 382 2179 negotium
406 2119 534 2182 quoquc
564 2101 653 2185 pacis
678 2110 710 2164 ct
732 2101 822 2180 fidei,
850 2100 890 2164 ad
914 2122 1047 2185 quornm
1079 2101 1342 2164 observationem
1365 2099 1470 2162 dictus
1495 2121 1603 2162 eomes
1626 2099 1809 2162 Tolosanus
1833 2100 1865 2162 in

217 2219 315 2261 manu
344 2202 539 2265 venerabilis
568 2205 675 2266 fratris
700 2206 801 2268 nostri
824 2205 1013 2269 Portuensi's
1038 2204 1211 2290 episcopil,
1235 2211 1310 2266 tunc
1335 2202 1514 2288 apostolice
1538 2202 1623 2266 sedis
1646 2203 1755 2286 legati,
1778 2203 1865 2266 iura-

217 2311 325 2366 mento
348 2306 484 2389 prestito
509 2329 544 2370 sc
568 2309 728 2388 astrinxit,
752 2309 865 2394 grandi
889 2308 1066 2372 discrimini
1095 2306 1301 2383 subderetur,
1330 2328 1369 2370 eo
1399 2306 1485 2391 quod
1508 2305 1644 2370 durante
1668 2307 1745 2369 inibi
1768 2328 1865 2392 guer-

208 2428 323 2471 rarum
347 2408 475 2472 turbine
498 2409 595 2474 fidem
619 2421 763 2475 nostram
787 2423 922 2498 possent
940 2412 1076 2475 heretici
1092 2412 1237 2476 securius
1256 2431 1455 2496 expugnare,
1479 2409 1579 2473 Terre
1596 2411 1729 2495 insuper
1744 2411 1864 2474 Sancte

141 2553 151 2565 -
220 2511 409 2588 subsidium,
434 2513 475 2577 ad
500 2514 705 2600 quodetiam
731 2518 800 2604 ipse
825 2539 934 2581 comes
959 2539 994 2580 sc
1017 2516 1192 2580 transferre
1216 2511 1362 2594 tenetur,
1386 2511 1507 2598 grande
1531 2511 1617 2598 quod
1640 2513 1725 2576 absit
1748 2511 1865 2576 exinde

216 2615 395 2680 incurreret
418 2617 661 2696 detrimentum,
695 2619 736 2683 ob
765 2620 797 2684 id
821 2620 907 2705 quod
935 2621 967 2683 in
990 2620 1125 2706 prelatis
1154 2620 1278 2704 guerris
1310 2626 1342 2681 et
1373 2616 1541 2681 discordiis
1575 2618 1681 2702 ipsum
1714 2618 1864 2680 comitem

218 2718 403 2804 expendere
421 2728 585 2806 oporteret
601 2745 649 2796 em
673 2746 736 2808 que
760 2745 844 2787 nune
862 2724 996 2788 deberet
1017 2745 1074 2786 sue
1098 2722 1369 2786 transfretationis
1392 2720 1504 2784 usibus
1521 2742 1698 2800 reservare,
1715 2720 1865 2805 idemque

218 2844 326 2885 eomes
350 2845 478 2912 semper
499 2827 696 2891 inueniretur
713 2827 754 2890 nd
771 2827 1044 2891 transfretandum
1062 2826 1224 2906 inhabilia,
1241 2826 1267 2888 si
1282 2833 1409 2910 tempus
1435 2823 1496 2888 sibi
1515 2845 1707 2888 concessum
1730 2845 1749 2886 a
1772 2823 1865 2887 nobis

216 2947 281 2990 non
299 2931 536 2993 conservationi
559 2931 646 2993 licite
669 2944 719 2995 set
742 2931 979 3018 consumptioni
1003 2931 1166 3017 prohibite
1188 2930 1296 3016 potius
1315 2928 1498 3014 deputaret:
1516 2929 1725 2993 serenitatem
1741 2929 1864 3012 regiam

141 3049 167 3090 ei
220 3030 397 3114 rogandam
421 3030 572 3096 duximus
597 3043 629 3097 et
653 3034 844 3098 hortanda-m
868 3037 940 3101 etc.³

327 3143 401 3208 Dat.
425 3144 573 3226 Viterbii,
598 3145 682 3211 XIII
706 3147 779 3214 Kal.
804 3149 899 3228 Iunii,
922 3169 1007 3212 oirno
1032 3147 1091 3212 xl.

328 3627 517 3740 Grcperers
539 3659 595 3722 IX
609 3679 701 3739 propa
722 3659 887 3724 Ir'riderico
909 3659 1121 3723 Buritanorum
1153 3657 1335 3736 imperatori
1361 3655 1504 3728 nuntiat,
1531 3673 1562 3714 sc
1583 3654 1750 3731 postquam
1777 3649 1867 3712 andi·

220 3761 310 3837 merit,
348 3782 426 3842 qiam
453 3761 694 3846 [Hermarchus]
720 3763 867 3844 nrapister
900 3762 1134 3826 Teutenr'eerum
1169 3763 1198 3822 ct
1228 3758 1377 3842 Patras]
1404 3757 1440 3820 de
1469 3755 1568 3818 Vinea
1600 3754 1661 3818 sibi
1693 3751 1868 3828 retulerint,
1918 3801 1924 3812 .

220 3863 459 3950 [Itoana-idum]
481 3866 654 3946 ‹piscopum
672 3865 842 3930 Ostiensem
863 3869 892 3929 et
905 3865 1087 3950 Th[omam]
1108 3865 1193 3928 tituli
1216 3863 1350 3928 Sanctae
1372 3861 1511 3926 Sabinae
1528 3857 1742 3938 presbyterum
1764 3854 1866 3920 cardi-

144 3987 170 4026 io
221 3967 324 4030 rralcm
354 3989 420 4031 curn
442 3969 557 4048 plenae
584 3969 748 4052 tractionis
780 3969 881 4049 allicio
911 3970 945 4031 in
973 3968 1195 4033 Lombardiam
1223 3967 1359 4046 inimicam
1390 3967 1491 4028 menet
1518 3982 1603 4038 enin,
1631 3964 1667 4023 nt
1697 3980 1777 4040 qrrac
1803 3959 1868 4023 sint

220 4069 320 4133 deuoti
338 4071 402 4151 prii
422 4072 506 4136 cirea
527 4073 684 4136 ecetesiam
700 4076 920 4152 prosequatur.
1506 4069 1599 4143 1237,
1622 4064 1706 4130 Mai.
1728 4066 1781 4129 23.

326 4181 405 4249 Grae.
424 4182 473 4234 IX
491 4183 559 4250 Rea.
578 4183 640 4235 Lib.
659 4183 714 4247 XI,
734 4187 780 4236 88.
816 4182 935 4238 Edinms
954 4201 987 4236 ra
1005 4183 1098 4251 Ruyn.
1118 4183 1189 4234 Arra.
1208 4182 1269 4234 eccl.
1287 4198 1314 4235 a.
1332 4184 1413 4242 1237,
1431 4183 1448 4244 §
1466 4185 1491 4232 5.

326 4265 465 4332 Potllrasl,
484 4267 553 4340 Rq.
572 4273 674 4323 10375.

262 4447 503 4536 Friderico,
531 4448 834 4521 Romanorum
861 4449 1117 4540 imperatori
1145 4467 1317 4536 semper
1345 4447 1554 4536 auguste,
1582 4442 1821 4515 Ierusalem

146 4599 171 4638 ³⁵
776 4577 816 4644 et
843 4570 991 4644 Sicilie
1018 4569 1108 4661 regi
1135 4567 1315 4640 illustri.

330 4702 513 4788 Diligenter
545 4703 663 4767 auditis
695 4725 757 4788 que
787 4702 895 4768 dilecti
928 4704 1006 4767 filiis
1034 4704 1189 4788 magister
1216 4701 1385 4787 hospitalis
1418 4707 1529 4764 sancte
1561 4697 1664 4762 Mario
1688 4699 1867 4763 'lheutoni-

224 4827 335 4870 corum
358 4817 390 4870 et
413 4807 571 4891 magister
593 4807 629 4872 P.
652 4806 693 4870 dc
717 4806 824 4871 Vinea
847 4829 955 4871 coram
986 4806 1079 4873 nobis
1112 4813 1144 4870 ct
1170 4804 1323 4870 fratribus
1351 4805 1469 4868 nostris
1500 4825 1542 4867 ex
1571 4811 1662 4889 perte
1690 4811 1745 4867 tue
1773 4803 1868 4866 eelsi-

328 4951 363 4956 -—
377 4951 440 4956 -——-
454 4951 478 4954 —
493 4951 539 4954 —--
554 4951 570 4954 —
593 4951 597 4954 -
611 4949 1159 4956 —-.---.-—---.-.--.--—.-.—-—.—-.-.—..
1172 4945 1343 4954 ..—,.,..„--—
1357 4945 1481 4952 --——-·
1496 4947 1520 4952 -—
1534 4945 1681 4952 --·——-·---
1710 4945 1760 4950 -—-·-

325 5034 348 5102 ¹)
366 5039 474 5089 dilectus
491 5037 561 5089 lilius
579 5037 664 5104 Rapa

328 5153 715 5225 1)Vm'sen‚m'p.Vaacmse.
785 5156 812 5218 2)
830 5153 958 5209 Ronrenr'.
977 5156 1041 5206 tnnc
1052 5153 1080 5206 S.
1088 5151 1187 5218 :tapeti
1205 5150 1317 5204 diaconi
1335 5148 1492 5204 cardinalis.
1562 5149 1589 5212 3)
1607 5145 1702 5200 ‘Addit
1715 5163 1821 5216 preces,
1840 5148 1870 5200 nt

147 5259 174 5299 ro
225 5241 420 5311 Raymnndmn
436 5257 488 5296 sua
505 5242 669 5297 (ructor-itate
687 5261 705 5296 a
723 5240 833 5296 tamdia
852 5238 1068 5294 Massiliensium
1083 5237 1215 5307 partibus
1231 5237 1361 5303 abducat,
1378 5253 1410 5290 ac
1426 5235 1495 5289 mre
1513 5233 1548 5288 ab
1567 5249 1599 5287 eo
1615 5231 1870 5288 lentataemendere

224 5330 348 5383 studeat.
362 5327 455 5397 Rayn.
466 5357 498 5368 -
512 5328 587 5382 Idem
603 5331 747 5398 praeterea
765 5329 859 5393 nmnet,
874 5343 980 5396 papam
997 5325 1030 5379 de
1048 5324 1141 5378 eadem
1157 5341 1187 5377 re
1205 5324 1381 5378 Francorum
1397 5321 1518 5390 rapinae,
1541 5321 1683 5388 Tolosano,
1702 5317 1870 5373 Britanniae

225 5422 250 5472 et
268 5415 414 5470 Meretrice
434 5414 577 5468 corriitilrus
598 5431 631 5468 ac
653 5413 781 5484 pluribus
810 5413 875 5468 aliis
901 5413 1006 5466 litteras
1029 5411 1149 5476 misisse,
1174 5410 1244 5463 sicut
1269 5413 1332 5478 post
1354 5409 1425 5462 hanc
1446 5407 1588 5477 epistelam
1609 5407 1640 5460 in
1662 5405 1730 5476 Rey.
1755 5405 1870 5474 lepatnr.

224 5503 380 5574 Epistolam
397 5501 434 5556 ad
452 5504 573 5556 camitem
595 5502 757 5556 Tolosanum
774 5500 905 5555 directam
922 5499 1008 5553 edidit
1025 5515 1059 5552 ea
1078 5481 1232 5551 dntlrentice
1253 5496 1353 5560 Tealet,
1378 5495 1507 5564 Lepcim
1528 5494 1567 5548 dn
1589 5494 1675 5548 trisor
1692 5493 1739 5546 des
1757 5490 1871 5556 chartea,

224 5597 242 5648 t.
261 5593 304 5658 ΙΙ,
322 5609 349 5661 p.
369 5595 433 5654 339,
454 5609 482 5647 n.
495 5595 574 5660 2514,
592 5592 681 5646 vermi
699 5589 805 5662 quidem
822 5605 883 5646 curn
901 5605 941 5658 ea,
960 5605 1042 5660 quam
1059 5601 1109 5640 noe
1123 5583 1310 5670 proponimus,
1328 5584 1518 5650 coamentem
1533 5581 1582 5636 aed
1598 5597 1658 5634 cum
1675 5582 1741 5634 reeta
1758 5577 1871 5632 chrone-

146 5687 172 5726 ⁴⁵
226 5679 329 5754 topica:
346 5677 397 5734 XV
416 5677 477 5732 Kal.
496 5677 557 5733 Iun.

325 5779 387 5836 Rae.
405 5777 485 5832 Pori.
504 5779 524 5833 1.
1633 5762 1665 5818 ll
