4576 6390
1014 394 1062 448 EX
1081 393 1256 451 GREGORII
1274 393 1313 448 IX
1331 392 1512 447 uualsrno
1613 437 1614 442 ,

1218 709 1304 782 592.

542 825 812 936 (ireamiusIX
830 872 917 932 papa
939 851 1112 926 comitibus,
1144 850 1327 926 baronibus,
1348 849 1567 930 potestatibus,
1589 846 1862 912 communitatibus
1883 850 1913 910 ct
1934 843 2094 908 uniuersis

427 977 489 1037 per
510 956 656 1020 Tusciam
678 956 853 1020 constitutis
874 955 1015 1034 mandat,
1037 958 1073 1018 ut
1094 954 1294 1034 beneplacitis
1310 952 1504 1038 R[aynerii]
1525 952 1653 1016 diaconi
1673 949 1851 1014 cardinalis
1872 952 1916 1014 ad
1938 967 1990 1012 eos
2011 967 2094 1011 acce

433 1059 536 1124 dentis
557 1059 725 1141 diligenter
746 1058 923 1122 intendant.
1750 1055 1844 1131 1234,
1866 1053 1951 1134 Aaou.
1974 1056 2005 1118 1.

538 1179 619 1248 ara.
636 1179 687 1233 rx
703 1178 773 1251 neq.
797 1178 853 1233 1⁷01.
872 1177 925 1242 ru,
943 1180 1008 1241 197;
1027 1175 1090 1230 rac.
1112 1175 1200 1244 Vm,
1219 1179 1280 1230 no.

930 1370 1171 1444 Nobilibus
1190 1347 1305 1443 'viris
1328 1369 1586 1466 comitibus,

535 1493 798 1582 baronibuS,
826 1492 1146 1584 potestatihuS,
1176 1491 1565 1564 communitatibus
1594 1496 1635 1563 et
1660 1489 1886 1563 universis
1912 1512 1992 1582 per

1008 1611 1214 1684 Tusciam
1243 1611 1519 1684 constitutis.

529 1757 664 1824 ¹Arduis
688 1765 722 1825 et
743 1760 872 1845 magnis
895 1760 1055 1844 negotiis,
1087 1780 1223 1843 quorum
1246 1759 1415 1846 expeditio
1447 1760 1596 1825 imminet
1620 1760 1761 1824 ecclesie
1786 1758 1892 1823 studio
1916 1759 2094 1843 generalis,

436 1871 487 1930 est
510 1865 692 1949 apostoliea
715 1863 812 1927 sedes
835 1862 875 1927 de
899 1863 962 1926 hiis
986 1861 1159 1949 providere
1184 1863 1333 1944 sollicita,
1357 1864 1412 1948 qui
1436 1863 1561 1930 efficaci
1584 1862 1792 1949 providentia
1814 1869 1847 1926 et
1871 1862 2092 1926 sollicitudine

435 1968 569 2032 rutilant
592 1965 757 2052 expedita.
803 1965 885 2031 Cum
908 1966 1008 2049 igitur
1030 1965 1187 2029 dilectum
1210 1966 1312 2029 filium
1336 1974 1483 2030 nostrum
1497 1965 1553 2036 Rs
1599 1965 1719 2030 Sancte
1735 1964 1839 2029 Maris
1864 1965 1897 2028 in
1920 1964 2093 2029 Cosmidin

434 2073 605 2136 diaconum
623 2069 830 2149 cardinalem,
853 2069 958 2133 virum
980 2069 1093 2155 utique
1118 2068 1294 2154 prudentia
1310 2075 1343 2132 et
1361 2069 1631 2153 magnanimitate
1648 2069 1861 2155 conspicuum
1884 2090 1921 2133 ae
1937 2068 2096 2132 virtutum

434 2175 620 2260 insignibus
636 2173 864 2258 multipliciter
880 2172 1076 2252 redimitum,
1101 2193 1158 2257 pro
1176 2172 1369 2237 defensione
1386 2173 1575 2258 patrimonii
1596 2173 1687 2236 beati
1702 2171 1794 2236 Petri
1817 2178 1851 2236 et
1867 2172 2094 2260 ecclesiastice

433 2278 597 2344 libertatis
635 2277 669 2340 in
706 2276 828 2340 dictum
862 2275 1095 2361 patrimonium
1131 2296 1191 2361 per
1219 2274 1373 2339 Tusciam
1406 2275 1627 2356 destinemus,
1664 2274 1912 2339 universitatem
1949 2280 2095 2339 vestram

434 2403 588 2468 rogamus
615 2386 649 2446 et
672 2380 840 2445 hortamur
870 2385 1015 2461 attente,
1048 2379 1108 2442 sub
1139 2377 1250 2443 debito
1279 2378 1447 2444 fidelitatis
1471 2379 1618 2444 districte
1642 2379 1734 2442 vobis
1765 2377 1976 2464 precipiendo
2000 2399 2096 2442 man-

435 2487 569 2568 dantes,
601 2484 753 2571 quatinus
777 2482 976 2548 cardinalem
999 2481 1141 2547 sundem
1173 2489 1340 2568 tamquam
1363 2504 1538 2569 personam
1562 2489 1707 2547 nostram
1729 2488 1921 2547 reverenter
1942 2481 2093 2566 recipere

435 2599 469 2656 et
499 2596 641 2654 tractare
671 2587 869 2668 honorifice,
905 2586 989 2650 sicut
1021 2585 1211 2670 diligentius
1242 2592 1276 2650 et
1306 2586 1487 2651 studiosius
1514 2587 1682 2673 poteritis,
1713 2585 1910 2671 procuretis,
1943 2586 1991 2649 sic
2021 2585 2095 2648 eius

437 2692 654 2779 beneplacitis
685 2687 905 2769 intendendo,
945 2695 982 2754 ut
1013 2687 1055 2753 ad
1088 2689 1317 2776 complendum
1353 2696 1387 2755 et
1422 2688 1662 2754 observandum
1696 2688 1854 2767 fideliter,
1888 2708 2095 2772 quecumque

436 2796 589 2862 statuerit
611 2795 665 2859 vel
687 2791 871 2871 mandabit,
896 2792 968 2855 sitis
991 2792 1109 2876 vigiles
1133 2800 1167 2856 et
1189 2792 1371 2869 ferventem
1399 2799 1591 2879 preceptum
1614 2797 1761 2856 nostrum
1783 2791 1894 2855 taliter
1916 2790 2097 2875 impleturi,

436 2907 473 2965 ut
495 2906 528 2964 et
550 2899 658 2984 ipsum
681 2895 830 2961 sentiatis
861 2895 895 2958 in
924 2895 1182 2959 necessitatibus
1210 2897 1325 2961 utilem
1355 2903 1389 2960 et
1418 2895 1532 2960 sedem
1564 2896 1778 2982 apostolicam
1800 2896 1835 2958 in
1857 2893 2098 2958 benedictionis

437 3023 572 3067 munere
595 2999 774 3064 liberalem.
820 2998 975 3082 Alioquin
999 2999 1195 3064 sententiam
1219 3000 1421 3086 spiritualem
1446 3007 1479 3064 et
1502 3000 1727 3086 temporalem,
1751 3019 1847 3082 quam
1870 2996 1958 3061 idem
1981 2996 2097 3061 tulerit

437 3105 471 3168 in
508 3104 668 3181 rebelles,
706 3109 810 3166 ratam
844 3101 1040 3166 habebimus
1076 3109 1110 3165 et
1144 3101 1302 3166 faciemus
1337 3109 1471 3168 auctore
1504 3102 1578 3168 Deo
1613 3122 1717 3187 usque
1756 3101 1799 3164 ad
1836 3100 2099 3165 satisfactionem

438 3206 890 3292 condignam‘inviolabiliter
912 3206 1090 3270 observari.

545 3328 621 3394 Dat.
645 3328 763 3410 Reate,
777 3300 947 3393 ¹Kalendis
970 3327 1123 3412 Augusti,
1146 3347 1232 3390 anno
1256 3332 1382 3391 octavo.

1059 3606 1469 3613 ——b———q——n

1225 3865 1311 3938 593.

544 3977 735 4087 Gregorius
750 4004 806 4071 IX
818 4025 909 4085 papa
926 4003 1099 4068 Iohannem
1116 4004 1153 4068 de
1169 4004 1290 4068 lbelino
1310 4008 1420 4081 monet,
1443 4007 1480 4066 nt
1492 4003 1659 4068 Friderico
1672 4003 1889 4068 Romanorum
1902 4004 2098 4083 imperatori,

437 4127 528 4190 quem
547 4108 732 4190 pacasino
754 4106 932 4186 offenderit,
959 4128 1018 4188 per
1046 4108 1174 4170 nuntios
1202 4106 1448 4192 satisfactionum
1476 4107 1611 4171 debitam
1638 4108 1802 4171 ultroncus
1829 4105 1955 4185 offerat,
1986 4107 2036 4172 oct
2064 4127 2097 4171 sc

437 4211 632 4275 ordinationi
653 4211 797 4276 ecclcsiae
818 4210 981 4275 Romanm
1004 4211 1180 4275 committat.
1752 4212 1847 4288 1234,
1868 4210 1951 4292 Aua.
1976 4215 2006 4276 7.

542 4327 625 4397 Gneo.
644 4330 694 4384 IX
709 4330 780 4401 Rea.
804 4330 862 4385 Vct.
880 4328 935 4397 IV,
952 4333 1020 4397 199;
1037 4330 1099 4384 Lib.
1124 4329 1209 4394 VIII,
1228 4332 1289 4384 184.

543 4415 680 4483 Pottbost,
698 4415 768 4483 Rea.
788 4419 872 4469 9503.

544 4605 691 4680 Nobili
716 4607 809 4680 viro
839 4607 1024 4681 Iohanni
1051 4609 1101 4680 de
1128 4606 1318 4680 Belliuo¹
1343 4606 1549 4699 spiritum
1576 4607 1754 4680 consilii
1781 4607 1990 4684 sanioris.

544 4754 599 4819 Ad
631 4776 728 4819 aures
767 4759 895 4818 nostras
933 4755 1063 4819 noveris
1097 4755 1309 4841 pervenisse,
1346 4755 1432 4839 quod
1470 4763 1507 4819 tu
1546 4756 1658 4840 iniqua
1691 4759 1903 4842 suggestione
1938 4759 2095 4826 seductus

438 4860 642 4926 carissimum
666 4859 700 4921 in
724 4857 855 4922 Christo
877 4858 980 4921 filium
1003 4865 1151 4922 nostrum
1173 4856 1392 4939 Fridericum,
1424 4860 1586 4922 illustrem
1609 4857 1830 4925 Romanorum
1860 4862 2095 4948 imperatorem

438 4983 571 5048 semper
585 4968 772 5046 augustum,
794 4961 975 5026 Ierusalem
992 4969 1025 5026 et
1041 4962 1153 5027 Sicilie
1171 4983 1294 5048 regem,
1318 4963 1511 5047 gravissime
1529 4962 1708 5044 offendisti,
1731 4965 1916 5030 celsitudini
1932 4967 2097 5054 imperiali

437 5088 504 5131 non
532 5065 684 5130 deferens
715 5087 777 5130 nec
807 5086 986 5152 precavens
1016 5066 1077 5130 tibi
1106 5066 1252 5151 ipsi,'ut
1280 5064 1467 5130 huiusmodi
1496 5065 1698 5130 difficultatis
1728 5067 1899 5132 articulum
1923 5070 2096 5136 evitasses.

438 5169 524 5244 Quia
553 5190 632 5234 vero
662 5189 807 5253 congrua
836 5177 887 5235 est
919 5169 1103 5235 adhibenda
1133 5170 1261 5234 vulneri
1293 5169 1473 5247 medicina,
1505 5169 1711 5234 nobilitatem
1742 5177 1831 5235 tuam
1862 5193 2032 5238 monemus
2062 5183 2097 5239 et

2150 3025 2176 3064 20

437 5274 606 5338 hortamur
628 5281 752 5339 attente
776 5282 810 5340 et
832 5275 893 5340 tibi
917 5275 1117 5340 consulimus
1140 5275 1227 5338 bona
1249 5273 1332 5354 fide,
1356 5275 1508 5358 quatinus
1533 5295 1605 5337 cum
1629 5277 1808 5341 consultius
1832 5297 1905 5342 esse
1928 5284 2094 5359 noscatur,
2149 5301 2175 5339 ss

540 5533 564 5601 ⁸)
581 5552 628 5604 per
644 5536 674 5587 in
690 5537 843 5604 apographo
860 5545 957 5589 nostro.

541 5671 568 5742 1)
587 5671 708 5728 Domino
726 5673 837 5747 Beryti,
855 5672 904 5746 qut
922 5676 1006 5743 caput
1024 5668 1246 5727 adversariorum
1264 5667 1443 5741 imperatorie
1461 5667 1491 5728 in
1513 5669 1600 5728 Terra
1619 5669 1723 5726 Sancta
1742 5675 1808 5728 mat.
