4576 6390
1028 365 1075 421 EX
1094 364 1269 422 GREGORII
1287 365 1326 420 IX
1344 364 1525 424 Ruelsvao

1230 755 1317 827 602.

555 879 744 991 Grcporics
766 910 823 974 IX
838 931 927 991 popa
949 910 1129 996 [Siqcfrirlo
1151 912 1231 995 ΙΙΙ]
1259 911 1489 991 archiepiscopo
1511 910 1701 990 Moqrmtirco
1727 907 1871 984 recredet,
1904 912 1940 971 at
1969 908 2015 972 ad
2036 909 2110 972 sct-

446 1014 618 1076 ocationcm
648 1013 790 1076 ecclcsiae
812 1015 960 1094 procirno
983 1015 1097 1098 stetero
1123 1016 1247 1079 Martio
1275 1020 1332 1078 aut
1358 1035 1426 1080 ctera
1457 1013 1575 1077 dcccmte'
1602 1013 1718 1076 rrrilitie
1745 1013 1810 1092 ipsc
1840 1011 1945 1086 coortat
1975 1016 2049 1088 aet,
2080 1013 2111 1074 si

446 1115 551 1179 venire
572 1115 755 1195 nequiverit,
778 1137 846 1180 corn
868 1118 980 1181 crittnt.
1029 1117 1079 1202 Of.
1102 1139 1134 1182 n.
1160 1122 1232 1184 607.

1756 1203 1851 1279 1234,
1877 1197 1940 1264 Oct.
1964 1203 2017 1264 24.

553 1286 635 1353 Greq.
654 1285 703 1338 IX
721 1285 788 1352 Req.
813 1285 869 1340 Vol.
889 1287 941 1352 IV,
960 1293 1029 1354 21&
1047 1288 1109 1342 Lib.
1131 1289 1218 1358 VIII,
1238 1293 1303 1344 273.
2175 1299 2187 1336 ⁵

552 1370 693 1440 Parrhase,
707 1371 781 1443 aeq.
801 1376 883 1426 erar.

920 1645 929 1662 .
958 1644 967 1661 .
997 1588 1338 1680 archiepiscopo
1366 1589 1638 1680 Maguntino.

556 1735 683 1802 Cuncta
718 1737 886 1823 sapienter
920 1735 960 1802 ab
999 1737 1092 1802 initio
1129 1737 1305 1823 disponens
1345 1739 1507 1825 sapientia
1541 1738 1606 1803 Dei
1639 1737 1747 1801 Patris
1784 1741 1972 1800 sacrosante
2007 1733 2107 1798 matri

449 1840 589 1905 ecclesie
614 1862 733 1925 sponse
758 1862 816 1905 sue
847 1840 990 1926 providit
1013 1849 1103 1906 certa
1131 1841 1290 1914 remedia,
1322 1863 1466 1928 perque
1496 1843 1568 1928 ipso
1597 1842 1729 1904 favente
1753 1861 1773 1903 a
1794 1839 2030 1904 necessitatum
2054 1837 2106 1900 in·

448 1944 598 2009 cursibus
621 1941 776 2008 reddetur
799 1944 939 2009 feliciter
962 1944 1128 2030 expedita.
1174 1944 1262 2009 Hinc
1285 1953 1351 2025 est,
1375 1943 1460 2030 quod
1484 1967 1558 2010 eum
1580 1946 1654 2030 ipsa
1676 1945 1787 2009 multis
1811 1944 1974 2008 excitetur
1998 1942 2103 2006 Terre
2162 1961 2189 1998 ιο

448 2047 568 2112 Sancte
593 2048 807 2128 clamoribus,
831 2057 867 2112 ut
890 2049 961 2112 eius
984 2048 1170 2112 miserando
1194 2049 1293 2112 statui
1318 2069 1506 2113 succursum
1531 2050 1673 2113 celerem
1697 2047 1829 2112 studeat
1852 2046 2026 2132 impertiri,
2051 2045 2106 2109 eui

446 2148 613 2234 prestandi
644 2151 826 2215 subsidium
855 2151 1057 2236 oportunitas
1087 2152 1229 2227 tollitur,
1260 2151 1337 2236 quin
1373 2152 1462 2236 prius
1493 2151 1526 2220 iu
1549 2150 1676 2215 dissidii
1709 2150 1878 2214 constituti
1902 2148 2106 2226 discrimine,

447 2275 583 2339 quorum
614 2276 731 2340 presse
762 2255 923 2321 molestiis
954 2256 1083 2340 cogitur
1110 2256 1251 2319 ecclesie
1281 2255 1430 2340 suspiriis
1463 2255 1639 2333 inundare,
1671 2255 1704 2317 in
1735 2253 1825 2339 pacis
1855 2251 1968 2316 federe
1998 2251 2105 2314 refor-

446 2364 592 2437 mentur,
621 2379 680 2423 uos
705 2358 745 2423 de
778 2366 810 2423 te
844 2359 960 2423 merito
984 2366 1229 2444 presumentes,
1260 2366 1296 2422 ut
1319 2359 1393 2443 quir
1415 2358 1631 2444 dispositione
1655 2357 1766 2421 divine
1797 2379 1833 2421 es
1858 2355 1898 2420 de
1923 2354 2105 2418 maioribus

447 2460 595 2524 eiusdem
629 2461 783 2526 membris
814 2462 971 2540 ecclesie,
1008 2461 1071 2524 sibi
1103 2461 1243 2524 letanter
1273 2460 1397 2524 debeas
1433 2461 1466 2523 in
1499 2461 1708 2524 necessitatis
1745 2460 1881 2524 articulo
1915 2458 2105 2538 subvenire,
2162 2483 2187 2520 a

446 2563 643 2627 fraternitati
659 2571 714 2628 tue
730 2587 790 2651 per
805 2566 987 2650 apostolica
1007 2565 1129 2649 scripta
1144 2564 1280 2627 firmiter
1301 2564 1513 2649 precipiendo
1530 2563 1730 2642 mandemus,
1755 2563 1908 2649 quatinus
1925 2560 2108 2647 prudenter

447 2665 620 2730 advertens
644 2667 730 2751 quod
754 2667 786 2730 id
809 2668 885 2731 filiis
907 2667 1028 2732 debeat
1051 2668 1160 2730 inesse
1183 2668 1407 2753 potissimum,
1431 2676 1467 2731 ut
1489 2675 1594 2732 mater
1617 2690 1729 2731 eorum
1753 2670 1878 2731 intenta
1899 2665 2106 2752 profectibus

446 2769 569 2855 vigoris
594 2778 627 2834 et
649 2771 796 2855 potentie
821 2770 969 2834 obtineat
991 2771 1235 2848 fulcimentum,
1267 2777 1301 2834 et
1323 2770 1409 2855 quod
1439 2770 1594 2834 membris
1619 2770 1746 2834 roboris
1770 2771 1937 2834 munimen
1960 2768 2107 2852 adigitur

447 2873 475 2936 si
498 2873 591 2937 firma
606 2872 779 2958 dispositio
797 2874 912 2959 eapitis
928 2873 1099 2949 habeatur,
1123 2895 1249 2938 memor
1265 2875 1364 2938 etiam
1380 2874 1562 2954 iuramenti,
1587 2874 1674 2958 quod
1697 2895 1757 2961 pro
1781 2873 1912 2940 tuendis
1935 2872 2105 2956 regalibus

448 2983 481 3040 et
509 2975 705 3061 patrimonio
735 2976 824 3040 beeti
852 2976 944 3040 Petri
972 2975 1042 3041 sedi
1072 2978 1253 3064 apostolice
1284 2978 1474 3063 prestitisti,
1505 2977 1548 3041 sd
1578 2978 1828 3042 subventionem
1858 2977 2014 3057 ecclesie,
2043 2995 2104 3062 pro

420 3077 541 3141 ‘cuius
572 3078 726 3142 libertate
760 3079 881 3142 tuenda
915 3080 1104 3144 carissimus
1138 3081 1172 3143 in
1208 3079 1339 3144 Christo
1374 3081 1462 3144 filius
1496 3088 1611 3145 noster
1643 3080 1845 3160 Fridericus,
1880 3078 2106 3144 Romanorum

446 3180 623 3265 imperator
650 3201 781 3267 semper
805 3190 979 3267 augustus,
1009 3183 1191 3248 Ierusalem
1219 3191 1253 3248 et
1277 3183 1388 3248 Sicilie
1417 3205 1476 3248 rex
1504 3185 1658 3262 illustris,
1688 3189 1821 3271 paratus
1852 3189 1904 3248 est
1930 3183 2104 3268 magnifice

447 3285 617 3370 prosequi,
646 3306 707 3370 per
729 3285 814 3370 quod
843 3293 910 3350 tem
934 3287 1075 3351 ecclesie
1102 3308 1197 3370 quam
1226 3287 1356 3372 imperii
1384 3287 1455 3350 iura
1477 3287 1610 3350 favente
1632 3285 1774 3350 Domino
1799 3287 1930 3350 valcant
1953 3286 2105 3371 optineri,

447 3393 605 3473 apparatu
629 3395 761 3452 strenuo
788 3395 820 3453 te
845 3388 977 3454 studeas
1001 3391 1216 3469 communire,
1247 3391 1294 3454 ita
1322 3389 1409 3475 quod
1432 3389 1592 3454 ecclesiab
1615 3391 1765 3475 proximo
1796 3391 1905 3454 futuro
1927 3388 2046 3453 Martio
2069 3397 2104 3452 te

446 3491 665 3577 personaliter
687 3490 818 3555 decenti
841 3492 971 3572 militie,
1005 3513 1067 3576 que
1098 3494 1131 3555 in
1156 3493 1311 3578 expensis
1334 3493 1399 3556 tuis
1423 3514 1482 3578 per
1505 3499 1572 3556 tres
1596 3513 1727 3557 menses
1750 3499 1862 3579 preter
1884 3500 2013 3577 tempus
2036 3513 2102 3576 quo

446 3593 581 3657 venient
607 3600 641 3658 et
666 3594 824 3658 recedent
852 3594 892 3658 ad
924 3594 1072 3659 eiusdem
1102 3605 1247 3660 moretur
1270 3597 1443 3681 obsequia,
1474 3597 1663 3660 comitatum
1686 3597 1739 3660 vel
1767 3597 1884 3661 saltem
1914 3596 2104 3662 iamdictam

446 3696 611 3777 militiam,
640 3697 668 3760 si
691 3698 803 3762 venire
825 3698 1031 3783 nequiveris,
1064 3721 1137 3764 curn
1162 3701 1364 3764 exultatione
1390 3700 1541 3785 recipiet,
1573 3720 1610 3762 ac
1639 3699 1704 3762 tuis
1728 3706 1761 3763 et
1784 3700 1922 3764 aliorum
1946 3701 2106 3786 expedita

449 3799 605 3864 subsidiis
622 3799 663 3862 ed
676 3797 907 3885 Redemptoris
924 3800 1062 3884 gloriam
1086 3802 1119 3865 in
1142 3803 1232 3887 pacis
1250 3802 1370 3888 gaudio
1388 3802 1596 3876 reflorescat3
1620 3801 1807 3866 mandatum
1823 3810 1969 3868 nostrum
1993 3805 2105 3868 taliter

447 3904 660 3990 impleturus,
691 3903 776 3988 quod
808 3905 873 3968 tuis
902 3910 936 3968 et
965 3907 1106 3970 ecclesie
1136 3914 1192 3972 tue
1217 3907 1379 3988 comodis,
1411 3927 1484 3969 cum
1508 3914 1703 3991 oportunum
1734 3907 1848 3986 fuerit,
1878 3906 2104 3971 favorabiliter

447 4006 688 4072 intendemus¹.

555 4127 631 4193 Det.
655 4127 795 4208 Perusii,
819 4126 868 4191 IX
890 4126 965 4192 Kal.
989 4127 1197 4210 Novembris,
1221 4129 1430 4215 pontificatus
1452 4128 1555 4192 nostri
1578 4150 1664 4194 anno
1689 4137 1814 4196 octavo.

555 4247 594 4311 In
617 4247 757 4314 eundern
780 4247 911 4312 modum
935 4298 942 4314 .
967 4295 975 4311 .
999 4250 1154 4336 episcopo
1177 4247 1438 4333 Bambergensi²
1461 4255 1496 4313 ut
1520 4271 1619 4335 supra
1642 4272 1702 4336 per
1724 4253 1842 4316 omnia.

1072 4543 1483 4551 ———--—-—--—-—-

1231 4835 1318 4909 603.

555 4961 746 5073 Geryones
761 4990 818 5055 IX
825 5012 915 5072 popo
930 4992 1099 5056 rectoribus
1114 4994 1269 5059 societatis
1283 4994 1494 5059 Lomlrordiac
1508 4998 1646 5070 nuntiat,
1669 4996 1872 5061 Fridcricum
1886 4996 2101 5062 Romanorum

446 5093 663 5173 imperatorem
684 5097 780 5157 totvm
794 5095 957 5177 nepotiane,
980 5095 1062 5175 qnod
1084 5097 1167 5159 inter
1190 5098 1291 5178 ipsam
1313 5102 1342 5162 ct
1356 5097 1549 5163 Lombordos
1571 5103 1720 5176 vertatur,
1743 5099 1937 5164 ordinationi
1958 5101 2101 5165 ecclesiae

447 5197 639 5275 conmisisse,
662 5197 744 5261 nacte
766 5198 808 5260 iis
829 5197 977 5274 mandat,
1000 5203 1036 5260 ut
1058 5200 1087 5262 si
1108 5199 1188 5263 idem
1206 5199 1315 5285 fecere
1337 5201 1448 5279 oelirrt,
1469 5205 1610 5281 petentes
1633 5202 1768 5280 litteras,
1791 5224 1926 5283 quercea
1949 5207 2036 5267 tenor
2057 5206 2100 5268 sit
2154 5243 2180 5283 ³,

555 5489 577 5554 'l
595 5490 640 5556 qui
657 5469 727 5542 dmi
742 5491 769 5541 ¹¹⁷¹
787 5491 819 5542 R·
902 5491 925 5558 ¹³)
943 5512 989 5560 pro
1007 5495 1115 5546 eeclesia
1133 5495 1165 5545 Il.

552 5625 578 5694 1)
598 5624 673 5680 Eius
692 5626 830 5681 caedium
848 5628 957 5697 quaerit
973 5632 1070 5684 contra
1087 5629 1200 5684 rebelles
1219 5630 1369 5685 Ronmnos.
1437 5631 1464 5698 2)
1484 5629 1616 5703 Epterto.
