4590 6366
443 405 505 471 aas
927 368 936 385 '
1074 394 1122 452 ax
1140 392 1315 452 anscoan
1333 393 1372 451 ns
1390 391 1574 450 nacrsrso
1655 409 1656 412 κ

444 577 626 643 rectoribus
651 577 711 642 sub
733 575 824 639 bulla
846 580 958 639 nostra
979 572 1128 636 misimus
1151 572 1380 651 interclusam,
1412 571 1539 656 precise
1567 587 1690 656 ponere
1713 587 1778 632 non
1802 566 1957 646 omittat,
1994 564 2112 650 sicque

442 682 512 760 fiat,
544 680 630 765 quod
659 678 752 744 vobis
782 698 915 742 causam
946 676 1119 755 dantibus,
1155 698 1214 761 per
1244 699 1341 760 quam
1376 676 1513 760 strepitu
1543 682 1695 738 cessante
1728 672 1893 736 discordie
1925 673 2043 758 possit
2071 671 2112 735 de

441 783 640 848 Lombardie
664 782 833 869 provincia
856 781 954 845 rebus
979 785 1013 843 et
1041 778 1230 844 homiuibus
1254 781 1388 865 copiosa
1410 779 1511 842 Terre
1536 777 1655 842 Sancte
1680 776 1887 841 commodum
1912 775 2111 862 provenire,

441 893 552 951 vestra
580 887 752 950 sinceritas
781 885 929 971 proficiat
955 882 997 947 ad
1020 883 1246 947 retributionis
1275 891 1388 948 eterne
1418 883 1596 969 premium,
1628 881 1714 966 quod
1738 902 1855 966 pacem
1878 878 2111 963 diligentibus

441 989 569 1075 paravit
591 987 740 1052 conditor
763 989 973 1072 singulorum.

548 1108 625 1172 Dat.
648 1108 789 1187 Perusii,
811 1107 844 1170 V
865 1107 941 1171 Kal.
963 1107 1048 1192 Aug.
1072 1129 1156 1173 anno
1179 1129 1275 1174 nona.

1061 1367 1472 1374 u———n-*q-—n

1223 1610 1310 1682 649.

416 1816 424 1827 ,
552 1724 743 1835 &reportas
763 1750 819 1816 IX
833 1771 924 1832 papa
942 1751 1138 1830 praeceptori
1160 1754 1189 1812 ct
1205 1748 1369 1834 fratribus
1390 1747 1571 1828 Hospitalis
1593 1746 1874 1829 Hierosolymitani
1894 1749 2048 1822 mandat,
2072 1754 2109 1812 at

442 1858 548 1921 baiolo
574 1859 604 1920 et
628 1856 726 1938 legato
753 1855 953 1934 imperatoris
981 1855 1017 1917 ia
1042 1853 1142 1917 Terra
1164 1853 1284 1918 Sancta
1311 1852 1477 1916 constituta
1504 1871 1592 1916 aneae
1619 1852 1778 1915 auritium
1794 1852 1988 1931 praebeant,
2024 1857 2108 1918 etsi

442 1959 603 2024 lebannes
624 1957 661 2022 da
684 1958 808 2022 Ibeliaa
831 1960 861 2020 et
880 1957 1015 2038 papatus
1036 1957 1226 2020 Accoaensis
1248 1955 1292 2019 ad
1319 1955 1507 2018 obsidionem
1529 1955 1665 2018 civitatis
1690 1954 1768 2035 Tyri
1783 1955 1974 2034 procedant,
2008 1977 2063 2022 eos
2085 1980 2107 2022 a

441 2064 554 2125 canan
576 2079 632 2123 sao
653 2059 798 2124 desistere
814 2059 950 2144 saciant.
1753 2059 1846 2137 1235,
1869 2058 1936 2122 Iat.
1955 2063 2013 2128 26.

547 2177 630 2247 drap.
647 2179 698 2232 IX
715 2178 784 2248 Rea.
806 2180 864 2235 Vol.
885 2179 918 2246 V,
937 2183 986 2246 583
1005 2177 1067 2233 Ia'b.
1086 2179 1142 2244 IX,
1161 2183 1224 2236 170.

544 2267 681 2333 Parmam,
701 2265 771 2336 Ray.
790 2269 871 2319 9974.

655 2461 912 2554 Preceptori
939 2467 981 2534 et
1006 2461 1225 2535 fratribus
1252 2460 1506 2551 Hospitalis
1532 2460 1889 2533 lerosolimitani.

550 2609 697 2674 Eridane
723 2617 774 2674 est
797 2617 831 2674 et
854 2609 1079 2694 ambiguitatis
1109 2609 1257 2673 nubilum
1279 2629 1344 2672 non
1368 2607 1527 2688 admittit,
1559 2607 1644 2693 quod
1669 2605 1709 2670 ad
1733 2607 1794 2672 hoa
1817 2609 1991 2694 potissime
2018 2612 2099 2676 reli-

441 2714 548 2798 gionis
576 2713 723 2777 habitum
753 2714 993 2798 assumpsistis,
1023 2719 1060 2777 ut
1089 2713 1122 2776 in
1150 2712 1252 2776 Terre
1278 2711 1398 2776 Sancte
1427 2710 1575 2797 partibus
1606 2702 1808 2796 ampliatiorii
1836 2712 1982 2777 vacando
2019 2713 2102 2778 fidei

441 2815 575 2902 possitis
607 2816 714 2901 patrie
744 2835 886 2900 superne
914 2816 1040 2879 civibus
1071 2814 1255 2899 aggregari.
1300 2813 1409 2898 Digne
1436 2814 1536 2898 igitur
1562 2814 1656 2877 vobis
1688 2813 1826 2878 suadere
1854 2836 2034 2900 possumus
2068 2824 2103 2880 ct

441 2915 618 2998 debemus,
647 2923 685 2981 ut
713 2938 785 2981 cum
813 2919 1016 3003 propositum
1039 2925 1184 3008 restrum
1215 2938 1258 2980 ex
1288 2938 1327 2980 eo
1354 2917 1509 3002 precipue
1533 2917 1717 3002 promoveri
1745 2918 1869 2998 valeat,
1899 2918 1986 3002 quod
2012 2918 2102 2984 Sirie

441 3020 589 3106 partibus
612 3018 745 3104 aliquod
768 3018 975 3085 adversitatis
999 3022 1147 3086 nubilum
1169 3042 1235 3085 non
1258 3019 1441 3097 incumbat,
1474 3019 1531 3082 illa
1553 3021 1713 3105 promptis
1736 3019 1908 3084 affectibus
1934 3021 2102 3088 studeatis

443 3122 591 3200 efficere,
622 3145 682 3209 per
711 3143 773 3207 que
800 3123 906 3208 possit
934 3124 1049 3189 eadem
1076 3125 1167 3209 pacis
1199 3131 1232 3186 et
1263 3123 1384 3206 quietis
1416 3122 1543 3207 gaudiis
1572 3123 1734 3187 exultare.
1785 3122 1953 3207 Rogamus
1985 3126 2101 3210 itaque

441 3225 691 3290 universitatem
705 3232 849 3289 vestram
872 3232 904 3289 et
927 3227 1096 3292 hortamur
1117 3232 1255 3305 attente,
1277 3247 1336 3311 par
1360 3227 1542 3311 apostolica
1557 3225 1651 3290 robis
1676 3225 1797 3310 scripta
1819 3226 1852 3288 in
1868 3227 1989 3291 virtute
2016 3229 2100 3294 obe-

443 3327 566 3392 dientie
590 3327 800 3414 precipiendo
824 3329 1026 3408 mandantes,
1051 3330 1203 3413 quatinus
1228 3329 1364 3414 provida
1387 3329 1599 3394 meditatione
1622 3337 1801 3414 pensantes
1824 3329 1901 3414 quid
1925 3331 2102 3396 carissimo

442 3431 476 3495 in
499 3430 630 3496 Christo
653 3433 719 3496 filio
743 3439 854 3496 nostro
877 3432 1055 3512 Fridericc,
1078 3432 1301 3496 Romanorum
1324 3433 1515 3517 imperatori
1539 3439 1616 3512 eta,
1641 3453 1683 3496 ex
1707 3452 1746 3496 eo
1769 3431 1891 3495 favoris
1915 3432 2101 3499 debeamus

443 3540 476 3596 et
498 3534 625 3620 premii,
649 3534 735 3619 quod
758 3536 790 3598 in
814 3535 980 3621 obsequiis
1003 3534 1116 3597 matris
1141 3535 1293 3615 ecclesie,
1318 3535 1402 3598 sicut
1425 3556 1516 3598 suam
1534 3534 1765 3598 excellentiam
1783 3534 1900 3616 decuit,
1924 3545 2102 3622 promptus

443 3643 476 3700 et
498 3636 617 3701 efficax
649 3636 774 3702 studuit
801 3637 958 3718 inveniri,
991 3686 998 3700 .
1024 3689 1030 3702 .
1055 3637 1165 3701 baiulo
1183 3644 1222 3700 et
1248 3639 1359 3722 legato
1392 3639 1475 3701 suo¹
1497 3638 1530 3700 in
1559 3637 1717 3724 predictis
1745 3639 1892 3724 partibus
1916 3641 2100 3704 constituto

442 3761 538 3804 omne
562 3739 648 3826 quod
671 3742 822 3826 poteritis
847 3742 881 3804 in
896 3742 1114 3827 imperialium
1132 3742 1378 3805 conservatione
1396 3742 1513 3804 iurium
1530 3742 1702 3804 consilium
1726 3750 1759 3806 et
1781 3743 1939 3805 auxilium
1963 3742 2099 3808 sublato

442 3842 645 3907 difficultatis
677 3844 847 3908 obstaculo
877 3843 1060 3929 prebeatis,
1096 3864 1206 3907 curam
1236 3851 1270 3908 ct
1297 3843 1441 3907 studium
1472 3843 1631 3922 babituri,
1666 3852 1703 3909 ut
1734 3845 1763 3908 si
1791 3845 1874 3909 forte
1903 3846 2024 3910 nobilis
2049 3848 2102 3911 vir

440 3943 605 4010 Iohannes
629 3945 669 4010 de
693 3947 835 4010 Ybelino
859 3967 898 4009 ac
921 3947 1062 4032 populus
1078 3945 1283 4010 Acooucnsis
1307 3945 1455 4010 eiusdem
1480 3948 1748 4032 suggestionibus
1770 3948 1947 4032 instigatus
1971 3947 2013 4012 ad
2037 3950 2100 4013 ob-

443 4046 614 4116 sidendum
643 4049 808 4112 civitatem
831 4048 909 4133 Tyri
937 4050 990 4112 vel
1022 4049 1164 4132 aliquam
1198 4055 1359 4112 terrarum
1387 4048 1427 4112 ad
1462 4049 1639 4113 dominium
1674 4051 1844 4136 imperiale
1877 4053 2100 4136 spectantium

441 4149 620 4234 procedere
644 4151 850 4235 aliquatenus
874 4157 1109 4236 attemptarent
1119 4150 1142 4226 ²,
1174 4151 1343 4215 efficacem
1376 4173 1472 4237 opem
1495 4161 1529 4217 et
1557 4175 1690 4239 operam
1713 4155 1900 4238 apponatis,
1929 4161 1966 4218 ut
1990 4156 2056 4240 ipsi
2080 4179 2101 4220 a

443 4273 502 4316 suo
527 4259 647 4317 conatu
670 4262 822 4318 corruant
845 4262 879 4318 et
902 4253 1059 4318 adversus
1082 4256 1315 4341 imperatorem
1339 4256 1479 4320 eundem
1507 4277 1543 4319 se
1574 4257 1713 4321 ulterius
1737 4258 1864 4342 erigere
1886 4279 1953 4321 non
1975 4280 2097 4344 presu-

442 4363 546 4437 mant,
582 4358 693 4442 sicque
724 4358 796 4440 fiat,
831 4356 916 4442 quod
946 4358 1011 4422 illis
1041 4380 1061 4422 a
1091 4359 1241 4443 concepti
1274 4359 1394 4422 erroris
1424 4360 1654 4444 prosecutione
1687 4361 1891 4424 cessantibus
1920 4368 1954 4426 et
1983 4371 2100 4427 vestra

443 4458 585 4522 faciente
608 4457 781 4543 prudentia
805 4459 891 4544 quod
922 4460 955 4523 iu
985 4460 1140 4545 predictis
1172 4462 1321 4547 partibus
1344 4462 1490 4526 vitentur
1519 4461 1733 4526 dissensionis
1763 4471 1796 4527 et
1825 4463 1970 4528 scandali
1993 4464 2099 4530 detri-

444 4567 569 4639 menta,
597 4582 673 4641 nos,
703 4564 758 4646 qui
780 4561 958 4626 honoribus
990 4565 1129 4628 ecclesie
1153 4569 1342 4650 reputamus
1366 4562 1451 4626 adici
1474 4564 1628 4648 quicquid
1651 4565 1830 4630 secuudum
1853 4566 1960 4631 Deum
1985 4577 2100 4654 potest

443 4663 597 4726 utilitatis
621 4669 654 4726 et
676 4664 781 4747 glorie
796 4665 958 4751 imperiali
975 4667 1172 4732 excellentie
1189 4667 1357 4744 cumulari,
1381 4666 1526 4732 reddatis
1543 4668 1636 4731 vobis
1653 4669 1686 4731 in
1703 4670 1822 4733 vestris
1838 4671 2098 4737 necessitatibus

444 4764 624 4849 obligatos,
652 4773 686 4830 et
716 4767 922 4852 imperatoris
952 4769 1100 4834 eiusdem
1127 4770 1276 4853 potentia
1306 4769 1349 4832 sit
1376 4769 1469 4833 vobis
1498 4772 1666 4855 oportunis
1698 4773 1902 4858 temporibus
1930 4777 2097 4858 gratiosa3

444 4868 557 4932 scituri
580 4867 666 4952 quod
696 4891 770 4933 cum
793 4869 981 4954 sepedictus
1004 4872 1181 4956 imperator
1204 4873 1247 4936 sit
1269 4873 1304 4936 in
1327 4880 1453 4938 remoto
1476 4874 1621 4959 positus,
1653 4895 1753 4958 quare
1776 4877 1872 4940 nobis
1895 4877 1936 4942 de
1960 4900 2099 4944 suorum

444 4972 691 5040 conservatione
715 4973 833 5037 iurium
857 4995 936 5038 cura
957 4975 1106 5039 imminet
1129 4976 1292 5062 specialis,
1318 4977 1345 5040 si
1370 4997 1445 5041 eum
1467 4977 1501 5040 iu
1524 4977 1692 5062 premissis
1717 4979 1771 5043 rel
1793 4980 1866 5043 aliis
1889 5001 2099 5065 equaquam

444 5074 565 5140 offendi
588 5077 806 5160 contingeret,
835 5077 928 5162 quasi
957 5083 1047 5142 esset
1076 5077 1168 5142 illata
1189 5079 1284 5144 nobis
1307 5080 1440 5159 iniuria,
1472 5080 1582 5164 gravis
1606 5101 1661 5144 cor
1683 5089 1831 5145 nostrum
1853 5083 1997 5147 turbatio
2020 5085 2099 5149 fati-

442 5184 547 5262 garet,
572 5178 824 5244 succedentibus
846 5181 980 5244 ultionis
1004 5180 1164 5266 condigne
1188 5182 1319 5264 studiis,
1348 5204 1411 5268 que
1442 5182 1557 5246 haberi
1581 5182 1742 5249 condecet
1768 5173 1802 5248 in
1830 5193 2099 5272 presumptorum

443 5279 637 5346 excessibus
663 5279 877 5366 corrigendis.

549 5399 626 5464 Dat.
649 5399 789 5482 Perusii,
812 5402 843 5466 V
866 5401 942 5470 Kal.
965 5404 1052 5490 Aug.
1076 5427 1160 5470 anno
1183 5427 1280 5470 nono.

550 5557 820 5566 ·----—-——...—.-
986 5565 1226 5572 ---.....-.....-.-
1237 5566 1303 5572 -ψ-η
1310 5565 1423 5570 ----—2·-—
1431 5565 1459 5569 —
1471 5565 1523 5570 -—
1532 5561 1989 5580 —-*-—-——-———-——-———...,

546 5658 573 5728 1)
591 5657 728 5713 Riccarda
746 5661 909 5732 Filanycrio
927 5665 1100 5720 marescalco.
1170 5666 1197 5733 2)
1219 5665 1261 5734 Os.
1279 5682 1306 5720 a.
1327 5669 1390 5721 650.
