4494 6426
413 402 473 464 116
998 395 1046 450 nx
1066 353 1228 450 nouonu'
1240 389 1280 446 1n
1297 392 1478 448 nncrsrno

409 571 471 636 viri
493 571 552 636 filii
567 572 721 638 comitum
736 570 866 636 Alberti
882 576 915 635 et
930 569 1083 635 Naresii¹
1107 575 1269 634 castrum³
1288 565 1444 653 Gonzage
1469 589 1542 632 cum
1557 569 1763 654 pertinentiis
1787 570 1854 635 suis
1871 571 2062 638 detinebant

410 674 574 754 invasum,
604 674 768 762 predictus
797 673 1012 738 cancellarius
1041 673 1089 737 eis
1119 672 1179 736 sub
1209 692 1296 758 pena
1323 671 1412 737 mille
1440 692 1622 736 marcarum
1649 673 1825 754 iniuncxit,
1855 681 1892 739 ut
1921 683 2061 740 castmm

410 779 518 866 ipsum
541 781 611 844 sinc
634 779 827 844 difficultate
850 777 996 862 qualibet
1018 776 1223 861 resignarent
1231 800 1239 851 ;
1269 775 1345 861 quia
1374 774 1407 838 id
1435 775 1566 841 efficere
1597 782 1776 841 renuerunt
1803 799 1864 842 nce
1887 779 2061 844 voluerunt

410 883 445 946 in
467 883 554 968 regis
578 882 745 970 presentia
768 901 972 968 comparere,
1001 879 1089 944 idem
1116 901 1176 944 rex
1197 879 1238 943 dc
1271 878 1407 942 consilio
1431 900 1563 943 sucrum
1585 879 1767 965 principum
1789 881 1934 945 bannum
1957 882 2061 968 ipsius

411 987 599 1050 cancellarii
622 986 837 1066 confirmavit,
870 990 904 1049 et
931 1005 1090 1070 personas
1113 1004 1225 1049 eorum
1249 982 1309 1046 sub
1331 987 1491 1067 perpetuo
1514 982 1642 1068 imperii
1664 983 1773 1047 banno
1800 1005 1942 1070 ponens,
1974 985 2061 1050 bona

410 1088 564 1173 ipsorum,
588 1090 785 1176 ubicumque
808 1090 942 1154 inventa
964 1089 1082 1169 forent,
1106 1087 1277 1153 confiscari
1298 1086 1456 1171 precepit,
1479 1085 1543 1149 nisi
1565 1107 1668 1170 usque
1691 1085 1732 1150 ad
1755 1085 1842 1152 diem
1865 1087 2064 1153 dominicum

411 1192 560 1277 proximo
595 1199 674 1257 tunc
707 1198 879 1257 venturum
913 1193 1121 1277 resignarent
1158 1191 1191 1255 in
1224 1189 1375 1254 manibus
1408 1188 1651 1274 capellanorum
1685 1190 1828 1274 ipsorum
1860 1191 1915 1255 vel
1950 1213 2063 1257 eorum

412 1293 548 1360 alterius
583 1302 725 1361 castrum
758 1296 876 1382 ipsum.
942 1294 1096 1380 Precepit
1129 1313 1258 1379 quoque
1292 1291 1590 1366 Cremonensibus,
1624 1292 1875 1373 Parmensibus,
1914 1294 2063 1380 Reginis,

412 1398 664 1480 Mutinensibus,
682 1399 946 1464 Bononiensibus
963 1406 996 1462 et
1012 1397 1210 1481 generaliter
1221 1395 1383 1460 universis
1397 1392 1549 1458 fidelibus
1568 1394 1647 1474 suis,
1661 1401 1698 1458 ut
1713 1395 1870 1481 predictis
1885 1398 2062 1478 nobilibus,

410 1501 614 1567 adiutoribus
638 1507 672 1566 et
693 1501 877 1566 fautoribus
899 1500 953 1566 vel
975 1501 1049 1565 eliis
1072 1499 1295 1566 detentoribus
1318 1498 1417 1562 castri
1439 1497 1577 1584 predicti
1599 1497 1746 1563 lacerent
1767 1500 1875 1564 rivam
1898 1522 2060 1585 guerram.
2114 1531 2136 1567 n

410 1604 559 1668 Inhibuit
581 1605 681 1669 etiam
701 1605 899 1686 Mantuanis,
922 1603 1181 1682 Veronensibus,
1204 1600 1481 1681 Ferrariensibus,
1505 1599 1734 1666 Brixiensibus
1758 1609 1791 1667 et
1813 1603 1886 1666 aliis
1909 1603 2063 1669 fidelibus

412 1708 480 1771 suis
503 1708 564 1772 sub
588 1707 726 1772 obtentu
741 1707 908 1772 fidelitatis
931 1714 965 1772 et
988 1713 1077 1772 certa
1093 1727 1188 1791 pena,
1211 1725 1253 1769 ne
1277 1705 1358 1790 ipsis
1376 1702 1602 1790 impenderent
1624 1706 1806 1787 consilium,
1827 1708 1988 1772 auxilium
2011 1710 2064 1775 vel

412 1809 569 1891 favorem,
593 1811 676 1875 sicut
698 1810 732 1874 in
754 1811 873 1875 litteris
896 1811 988 1896 regio
1013 1810 1121 1895 sigillo
1144 1808 1278 1872 munitis
1301 1807 1531 1894 perspeximus
1553 1807 1682 1894 plenius
1707 1810 1877 1875 contineri.
1921 1811 1966 1875 ln
1988 1813 2065 1896 quia

413 1919 554 1977 castrum
577 1912 753 1979 Bondense
776 1921 871 1978 vetus
894 1913 1036 1978 dirutum
1060 1920 1145 1994 erat,
1173 1932 1277 1997 nuper
1300 1910 1525 1975 reedificatum
1549 1917 1600 1976 est
1627 1917 1660 1975 et
1687 1911 1728 1976 ab
1751 1914 1890 1979 ecclesie
1913 1915 2064 1981 Romane

412 2015 562 2080 fidelibus
585 2016 719 2102 pacifice
743 2017 919 2081 habitatur.
964 2016 1117 2082 Dilectus
1141 2035 1269 2100 quoque
1292 2013 1378 2077 filius
1395 2011 1554 2078 Albertus
1577 2035 1686 2079 comes
1703 2014 1872 2082 Prateusis
1895 2017 2063 2084 fidelitatis
2115 2045 2136 2082 u

411 2119 506 2183 nobis
529 2119 667 2204 prestito
691 2119 872 2184 iuramento
897 2170 904 2186 .
929 2170 937 2186 .
961 2170 968 2185 .
994 2119 1018 2182 .²
1050 2125 1158 2184 castra
1184 2117 1310 2203 recepit
1337 2137 1356 2180 a
1389 2116 1482 2180 nobis
1506 2117 1539 2180 in
1562 2116 1711 2199 feodum,
1740 2139 1839 2182 unum
1863 2127 2010 2186 asturem
2033 2127 2066 2187 et

411 2221 493 2287 duos
516 2221 651 2287 braceos
674 2243 732 2308 pro
749 2221 873 2288 eisdem
897 2224 1013 2287 castris
1037 2223 1177 2287 ecclesie
1192 2221 1340 2285 Romane
1364 2220 1457 2284 annis
1479 2219 1617 2304 singulis
1639 2221 1836 2304 redditurus,
1858 2244 1941 2309 quos
1964 2227 2065 2290 ctiam

411 2325 507 2390 nobis
529 2346 587 2410 pro
610 2346 675 2390 uno
699 2346 783 2390 anno
807 2327 974 2413 persolvit.
1020 2326 1179 2390 Preterea
1206 2324 1285 2388 licet
1313 2323 1493 2388 marchiam
1516 2321 1754 2388 Anconitanum
1780 2325 1822 2388 ad
1848 2347 1964 2390 manus
1989 2348 2066 2392 suas

412 2427 553 2492 ecclesia
578 2427 726 2492 Romana
755 2451 813 2515 pro
841 2430 956 2494 maiori
990 2435 1082 2515 parte
1111 2433 1261 2509 teneret,
1291 2427 1521 2492 nichilominus
1550 2432 1660 2492 tamen
1691 2428 1858 2514 predictus
1887 2431 2067 2517 imperator

412 2551 484 2594 eam
513 2531 608 2595 nobis
631 2531 762 2596 omnino
792 2533 943 2618 quietans
974 2539 1007 2597 et
1030 2531 1259 2596 refutationem
1286 2531 1425 2610 faciens,
1460 2537 1557 2616 prout
1587 2530 1622 2593 in
1650 2531 1753 2615 ipsius
1787 2533 1907 2598 littoris
1934 2535 2065 2621 plenius
2115 2559 2137 2596 ro

412 2634 612 2714 continetur,
646 2635 795 2722 precepit
822 2635 971 2700 omnibus
1004 2635 1045 2701 de
1072 2635 1233 2716 marchia,
1266 2641 1303 2699 ut
1337 2635 1433 2699 nobis
1462 2641 1627 2719 tamquam
1655 2632 1785 2698 dominc
1821 2656 1880 2698 suo
1911 2635 2066 2702 decetcrc

411 2738 558 2825 plenarie
579 2737 828 2824 responderent.
874 2738 1021 2825 Cumque
1044 2760 1104 2804 nos
1126 2737 1333 2824 postmodum
1356 2737 1476 2802 dilecto
1499 2737 1565 2802 filio
1594 2737 1697 2802 nobili
1725 2737 1795 2801 viro
1819 2787 1827 2803 .
1853 2786 1861 2801 .
1884 2740 2067 2806 marchioni

412 2841 568 2906 Estensi³
597 2862 669 2906 eam
701 2843 735 2906 in
765 2842 899 2908 feudum
929 2843 1119 2908 duxerimus
1151 2841 1408 2920 concedendam,
1440 2847 1593 2928 presente
1622 2842 1818 2928 imperatore
1849 2841 2067 2910 investientes

412 2942 553 3009 eundem
575 2942 615 3009 de
637 2945 711 3031 ipsa
732 2945 877 3010 marchia
899 2968 959 3032 per
979 2945 1148 3028 vexillum,
1172 2967 1231 3010 nos
1253 2945 1516 3032 prenominatum
1537 2943 1746 3024 Pandulfum,
1770 2943 2009 3010 subdiaconum
2033 2954 2066 3013 et

409 3047 572 3112 notarium
599 3053 762 3130 nostrum,
792 3055 826 3114 et
852 3049 1031 3135 imperator
1058 3049 1281 3115 venerabilem
1310 3048 1443 3112 fratrem
1472 3053 1619 3112 nostrum
1643 3095 1684 3110 ..
1715 3047 1936 3132 patriarcham
1959 3049 2063 3135 Aqui·
2114 3075 2136 3112 n

409 3150 601 3236 legensem‘
627 3151 704 3215 illuc
728 3153 913 3217 curarimus
936 3151 1117 3234 destinare,
1148 3158 1184 3216 ut
1208 3173 1283 3218 eum
1306 3152 1339 3215 in
1361 3151 1606 3238 possessiouem
1629 3150 1774 3215 marchie
1798 3149 2010 3236 inducentes,
2034 3155 2066 3220 ei

409 3253 556 3320 facerent
578 3253 618 3319 de
650 3255 800 3320 omnibus
829 3255 1010 3320 rationibus
1039 3256 1107 3320 suis
1136 3257 1263 3340 integre
1292 3253 1499 3339 responderi,
1531 3253 1661 3317 civitate
1691 3259 1801 3319 tamen
1823 3254 2065 3338 Anchonitana,

363 3383 364 3388 ¹
410 3356 564 3442 quamdiu
586 3357 682 3422 nobis
705 3358 882 3444 placuerit,
913 3360 946 3424 in
973 3360 1093 3424 nostris
1123 3360 1273 3424 manibus
1303 3364 1487 3438 reservata,
1518 3363 1551 3421 et
1578 3358 1732 3422 universo
1755 3358 1952 3442 patrimonio
1976 3361 2065 3425 beati

408 3460 499 3525 Petri
522 3481 541 3524 a
564 3467 663 3547 ponte
688 3459 875 3547 Ceperani⁵
903 3483 1005 3548 usque
1028 3462 1269 3528 Radicofanum
1295 3483 1450 3548 possesso
1479 3467 1513 3524 et
1541 3460 1699 3546 disposito
1729 3460 1865 3546 pacifice
1890 3482 1929 3526 ac
1952 3463 2064 3547 quiete

409 3584 467 3650 pro
490 3569 601 3630 nostre
623 3565 830 3651 beneplacito
853 3566 1039 3630 voluntatis.
2112 3591 2136 3628 n

515 3682 592 3747 Dat.
616 3684 782 3768 Laterani,
805 3685 874 3749 XII
898 3685 974 3751 Kal.
998 3686 1117 3766 Martii,
1140 3684 1348 3770 pontificatus
1372 3683 1475 3748 nostri
1498 3704 1582 3748 anno
1606 3684 1752 3768 quintet

1194 4397 1279 4470 166.

521 4525 710 4617 Honorias
725 4549 885 4630 IIIpapa
907 4549 1058 4632 magistro
1076 4549 1220 4615 Conrado
1238 4549 1481 4632 poenitentiario
1503 4553 1532 4614 ct
1551 4550 1691 4616 Iohanni
1712 4551 1892 4616 scholastico
1905 4553 2063 4618 Xantenai

408 4658 553 4739 mandat,
583 4659 620 4720 nt
641 4653 810 4740 pecnnrarp
837 4652 874 4718 de
896 4653 1102 4734 redemptione
1124 4657 1406 4738 nnoesqnatornnr
1434 4655 1573 4718 anacam
1595 4656 1750 4722 collectam
1772 4657 1808 4720 in
1834 4655 2063 4736 Coloniensiet

407 4760 576 4826 Brennnsi
591 4757 768 4840 marianis
783 4757 966 4840 retinentes,
989 4777 1057 4822 earn
1077 4759 1113 4821 in
1131 4759 1367 4842 praeparandis
1388 4759 1523 4823 namins
1543 4759 1587 4824 ad
1600 4778 1781 4824 snenrrsnm
1797 4759 1913 4825 Terrae
1928 4762 2062 4828 Sanctae

407 4864 532 4945 faciant
554 4861 696 4946 expendi.
1704 4865 1797 4940 1221,
1819 4862 1923 4929 Mart.
1945 4869 1977 4932 2.
2111 4899 2141 4961 eq

512 5001 585 5055 Han.
605 4999 664 5055 111
678 4998 747 5067 ch.
770 4998 827 5052 Vol.
845 5001 904 5062 ΙΙΙ,
924 5001 974 5065 84,·
991 4997 1053 5052 Ia‘b.
1076 4999 1106 5062 V,
1124 5003 1186 5054 422.

511 5088 584 5143 Bibl.
603 5086 719 5142 Potrici.
737 5083 811 5139 Han.
830 5084 887 5138 III
901 5084 956 5154 Ep.
975 5083 1039 5139 Lib.
1063 5083 1093 5149 V,
1110 5100 1136 5139 n.
1155 5088 1220 5140 276.

894 5244 1053 5251 ---—--
1069 5244 1083 5249 -
1107 5244 1140 5250 -.
1161 5244 1248 5250 ---
1262 5244 1305 5250 -..ψ
1316 5241 1956 5250 .—--—·---—--0--—-.———.—-

512 5365 652 5433 ¹)'Nercsii
669 5365 714 5431 qui
731 5371 846 5415 castrum
865 5361 897 5412 R.

510 5519 536 5584 1)
556 5517 600 5586 Of.
619 5513 916 5583 Rumori-Brittones,
936 5513 1012 5569 Hist.
1031 5513 1096 5583 dipl.
1117 5513 1198 5569 Frid.
1216 5513 1260 5577 11,
1278 5517 1296 5568 t.
1315 5512 1340 5578 I,
1360 5517 1426 5567 855.
1515 5513 1542 5580 2)
1560 5511 1597 5580 cf.
1614 5528 1642 5567 n.
1661 5515 1723 5566 150.
1816 5511 1845 5581 3)
1863 5511 1970 5565 Arroni
1994 5508 2061 5563 VII.

406 5606 433 5670 4)
452 5603 621 5658 Bertoldnrn.
707 5603 734 5669 5)
753 5601 831 5671 apud
851 5600 1029 5656 Gariliannrn
1055 5617 1068 5654 r
1095 5600 1207 5654 rucridic
1231 5599 1352 5655 Verulae.
1439 5599 1467 5666 fi)
1486 5598 1591 5652 Datum
1610 5597 1739 5652 Prrtainc
1756 5598 1895 5666 supplerit
1913 5613 1947 5650 ea
1967 5595 2058 5650 Gencii
2108 5615 2132 5652 ro

406 5690 468 5744 libr.
487 5705 559 5744 cern.
577 5690 627 5759 sot.
648 5690 709 5742 167.
