4560 6420
467 427 529 497 734
1131 416 1438 480 sonrrlucsruu.

466 611 502 670 et
533 625 705 670 commune
739 601 912 670 armabunt
947 600 1159 668 medietatem
1195 600 1417 688 predictarum
1451 599 1620 684 galearum
1658 593 1726 660 ruis
1763 589 1921 681 expensis
1957 597 1992 656 et
2027 585 2125 656 aliam

456 708 679 775 *medietatem
705 707 862 794 expensis
888 705 1010 772 domini
1031 726 1116 792 pape
1140 712 1174 770 et
1197 705 1347 784 Romane
1371 703 1521 783 ecclesie,
1544 703 1618 789 ipso
1642 699 1772 764 dominc
1794 706 1900 785 papa·
1924 703 1959 762 et
1973 695 2126 760 Romana

466 811 608 878 eeclesia
630 812 728 878 dante
751 833 811 899 pro
829 818 993 876 armatura
1008 809 1184 874 cuiuslibet
1199 810 1294 894 galee
1317 806 1470 888 ermande
1494 806 1650 893 expensis
1675 806 1744 869 suis
1766 825 1826 891 pro
1843 803 1991 888 quolibet
2006 824 2122 868 mense

466 915 625 982 ducentas
654 916 863 1002 septuaginta
885 915 1029 1000 quinque
1051 912 1174 978 librasb
1199 912 1408 978 denariorum
1427 911 1640 975 Iannensium
1661 909 1714 975 vel
1737 930 1849 973 aarum
1866 907 2117 973 extimationem

466 1021 501 1084 in
522 1021 698 1107 peccunia,
728 1027 762 1085 et
790 1039 952 1105 expensas
982 1017 1127 1104 ipsarum
1150 1018 1320 1102 galearum
1341 1016 1433 1080 dabit
1454 1015 1605 1080 dominus
1628 1033 1715 1100 papa
1744 1019 1778 1078 et
1800 1012 1944 1077 ecclesia
1966 1010 2120 1074 Romana

466 1144 526 1210 pro
554 1145 615 1190 sex
644 1122 824 1188 mensibus.
871 1121 906 1185 Si
928 1141 1007 1186 vero
1029 1119 1180 1185 dominus
1204 1140 1289 1206 papa
1310 1120 1482 1206 pauciores
1505 1118 1630 1203 galleas
1653 1117 1754 1182 vellet
1773 1115 1903 1196 armari,
1928 1115 1971 1178 sit
1993 1113 2029 1178 in
2053 1115 2123 1178 eins

464 1227 686 1313 beneplacito,
722 1225 799 1290 dum
832 1232 943 1290 tamen
977 1221 1189 1288 medietatem
1224 1243 1445 1310 expensarum
1477 1222 1606 1286 illarum
1638 1221 1837 1307 gallearum,
1884 1239 1966 1304 quas
2002 1217 2122 1282 armari

466 1331 620 1413 voluerit,
649 1331 755 1395 solvat
782 1329 933 1395 dominus
960 1349 1047 1415 papa
1070 1333 1103 1390 et
1124 1326 1275 1391 Romana
1303 1327 1446 1392 ecclesia
1469 1331 1502 1390 et
1524 1326 1623 1390 aliam
1650 1323 1859 1390 medietatem
1884 1321 1953 1388 dux
1977 1329 2010 1386 et
2034 1342 2123 1385 com-

467 1443 565 1499 mune
587 1434 716 1522 prefati.

574 1538 659 1602 Item
685 1535 906 1624 promittimus
934 1555 994 1620 per
1021 1533 1266 1620 stipulationem
1301 1540 1335 1598 et
1357 1534 1570 1598 convenimus
1594 1533 1725 1598 nornine
1749 1539 1782 1597 et
1803 1532 1876 1597 vice
1899 1531 2122 1620 predictorum

468 1640 558 1706 ducis
592 1647 625 1706 et
648 1640 845 1722 communis,
881 1637 968 1725 quod
991 1638 1053 1725 ipsi
1076 1635 1145 1702 dux
1168 1643 1201 1701 et
1230 1658 1402 1702 commune
1429 1619 1552 1702 facient
1580 1637 1704 1724 portari
1727 1635 1762 1700 in
1788 1636 1887 1721 lignis
1919 1641 1953 1698 et
1982 1633 2123 1698 navibus

468 1745 536 1810 suis
556 1765 661 1831 usqne
684 1744 727 1809 ad
748 1750 913 1810 trecentos
937 1743 1058 1806 milites
1081 1741 1114 1807 in
1137 1762 1274 1827 regnum
1290 1741 1473 1828 predictum
1497 1749 1531 1806 et
1552 1761 1611 1827 pro
1628 1739 1776 1827 quolibet
1798 1739 1901 1803 milite
1917 1736 2123 1802 dextrarium

467 1869 578 1929 unum,
601 1849 752 1914 roncinos
775 1847 867 1928 duos,
891 1846 1064 1913 scutiferos
1088 1853 1155 1911 tres
1179 1866 1253 1910 cum
1275 1845 1374 1910 armis
1398 1850 1431 1909 et
1453 1845 1527 1909 aliis
1544 1844 1740 1910 necessariis
1764 1849 1798 1908 at
1817 1840 1959 1906 vivanda
1981 1840 2024 1904 ad
2042 1839 2124 1903 duos

466 1973 610 2035 menses,
634 1952 766 2018 domino
781 1974 869 2040 papa
883 1951 981 2017 dante
998 1972 1056 2037 pro
1078 1949 1225 2036 quolibet
1248 1949 1351 2014 milite
1369 1949 1435 2012 XX
1450 1949 1550 2014 libras
1570 1947 1782 2012 Ianuensium
1797 1946 1851 2012 vel
1873 1945 2124 2009 extimationem

467 2076 579 2121 earum
601 2057 636 2120 in
657 2057 817 2143 peccunia
840 2078 899 2142 pro
923 2055 1050 2120 duobus
1073 2053 1258 2134 mensibus,
1280 2053 1370 2118 facte
1392 2053 1554 2119 solutione
1578 2053 1683 2140 ipsius
1707 2051 1865 2139 peccunie
1889 2050 1922 2113 in
1948 2048 2056 2114 initio.

574 2159 660 2224 Item
682 2160 903 2246 promittimus
925 2179 985 2245 per
1012 2158 1258 2244 stipulationem
1281 2162 1315 2222 et
1342 2157 1554 2222 convenimus
1578 2157 1709 2222 nomine
1738 2163 1772 2220 et
1793 2154 1867 2219 vice
1897 2151 2124 2240 predictorum

470 2263 563 2328 ducis
587 2269 621 2327 et
643 2263 841 2344 communis,
876 2262 963 2348 quod
986 2262 1014 2328 si
1036 2283 1155 2347 guerra
1179 2261 1312 2328 duraret
1333 2264 1419 2327 ultra
1442 2285 1502 2328 sex
1524 2283 1657 2328 menses
1680 2262 1858 2350 predictos,
1893 2258 1974 2324 dicti
1997 2257 2068 2322 dux
2092 2263 2125 2322 et

469 2387 640 2432 commune
657 2366 783 2432 dabunt
805 2368 873 2432 suis
897 2369 1054 2454 expensis
1069 2374 1208 2454 quatuor
1230 2368 1343 2454 galeas
1366 2373 1518 2450 armatas,
1543 2373 1576 2432 et
1598 2367 1660 2431 hoc
1684 2367 1713 2430 si
1735 2366 1912 2452 imperator
1933 2385 2003 2428 non
2026 2362 2125 2427 luerit

466 2471 500 2535 in
523 2470 732 2535 Lombardia.

576 2573 661 2640 Item
688 2575 908 2661 promittimus
937 2595 997 2661 per
1026 2576 1271 2662 stipulationem
1302 2581 1336 2641 et
1359 2576 1569 2640 convenimus
1592 2575 1724 2640 nomine
1748 2580 1782 2640 et
1802 2573 1875 2638 vice
1898 2570 2124 2659 predictorum

468 2676 560 2742 ducis
588 2683 626 2744 et
649 2679 844 2760 communis,
879 2676 966 2765 quod
999 2699 1096 2764 quem
1129 2678 1185 2743 diu
1216 2679 1382 2744 duraverit
1410 2680 1579 2765 negotium
1602 2680 1636 2743 in
1659 2678 1747 2743 dicto
1769 2697 1888 2762 regno,
1922 2676 1952 2740 si
1975 2674 2126 2738 Romana

468 2783 610 2848 ecclesia
643 2782 766 2848 habere
801 2784 943 2848 voluerit
975 2783 1142 2868 navigium
1171 2784 1341 2868 galearum
1370 2790 1404 2849 et
1430 2784 1580 2863 navium,
1612 2781 1680 2848 dux
1713 2787 1764 2850 et.
1780 2801 1953 2846 commune
1984 2776 2125 2865 predicti

467 2886 592 2952 debunt
613 2908 716 2953 naves
740 2893 773 2952 et
795 2887 919 2972 galeas,
943 2893 1022 2974 quot
1044 2887 1194 2954 dominus
1216 2910 1304 2976 papa
1326 2889 1448 2955 habere
1471 2889 1613 2954 voluerit
1635 2890 1669 2953 in
1686 2888 1774 2953 dieto
1797 2905 1899 2972 regno
1922 2905 1983 2971 pro
2007 2904 2124 2970 supra-

468 2991 555 3056 dicto
579 2991 688 3057 naulo.

574 3094 659 3158 Item
682 3093 901 3180 promittimus
930 3115 990 3180 per
1017 3095 1262 3182 stipulationem
1287 3104 1321 3162 et
1351 3096 1563 3162 convenimus
1588 3096 1658 3160 vice
1688 3101 1722 3160 et
1744 3093 1874 3158 nomine
1898 3087 2124 3180 predictorum

468 3196 561 3262 ducis
585 3204 619 3262 et
641 3198 835 3279 communis,
869 3197 957 3284 quod
986 3199 1048 3284 ipsi
1078 3199 1146 3264 dux
1169 3205 1202 3264 et
1216 3221 1398 3266 ¹commune
1425 3200 1548 3286 portari
1577 3197 1700 3264 facient
1722 3197 1755 3261 in
1779 3198 1841 3262 bae
1855 3197 1972 3283 „prima
1994 3195 2069 3260 vice
2094 3195 2126 3257 in

468 3301 535 3366 suis
558 3300 657 3386 lignis
674 3307 708 3367 et
730 3302 868 3366 navibus
891 3302 994 3387 gratis
1019 3308 1053 3367 et
1075 3303 1146 3368 sine
1171 3305 1269 3368 naulo
1291 3304 1356 3368 duo
1380 3304 1470 3368 milia
1492 3303 1640 3389 peditum
1658 3309 1692 3368 et
1708 3303 1905 3389 quingentos
1922 3299 2127 3380 balistarios,

470 3424 552 3490 quos
575 3403 668 3468 debit
689 3405 840 3470 Romana
862 3405 1013 3469 eeclesia.

574 3505 659 3572 Item
682 3509 902 3595 promittimus
932 3529 992 3595 per
1015 3508 1260 3594 stipulationem
1290 3515 1323 3575 et
1347 3511 1559 3576 convenimus
1590 3511 1722 3575 nomine
1746 3515 1789 3574 et
1804 3509 1874 3575 vice
1898 3505 2126 3596 predictorum

469 3611 559 3677 ducis
583 3618 618 3678 et
641 3614 840 3693 communis,
875 3612 963 3698 quod
991 3611 1071 3676 dicti
1100 3611 1168 3677 dux
1191 3619 1225 3678 et
1254 3636 1426 3680 commune
1449 3636 1515 3680 non
1543 3614 1666 3680 facient
1694 3635 1809 3702 pacem
1844 3633 1918 3676 cum
1944 3611 2126 3678 Frederico

468 3715 554 3780 dieto
576 3716 775 3802 imperatore
811 3736 872 3780 nec
905 3715 1082 3780 admittent
1104 3721 1280 3781 tractatum
1302 3719 1394 3804 pacis
1429 3719 1501 3783 sine
1532 3719 1701 3784 voluntate
1735 3724 1769 3782 et
1798 3736 1959 3802 expressa
1991 3717 2130 3781 licentia

470 3821 593 3886 domini
616 3842 712 3908 pape.

575 3925 661 3989 Item
690 3923 909 4010 promittimus
937 3946 998 4013 per
1020 3925 1265 4011 stipulationem
1298 3932 1332 3992 et
1354 3926 1568 3993 convenimus
1591 3927 1723 3992 nomine
1752 3936 1786 3991 et
1808 3925 1877 3988 vice
1901 3923 2130 4010 predictorum

468 4029 560 4095 ducis
593 4035 626 4093 et
649 4028 831 4094 communis
855 4028 916 4092 sub
939 4050 1026 4114 pene
1052 4050 1114 4094 sex
1143 4029 1282 4094 millium
1304 4031 1511 4096 marcharum
1541 4030 1670 4115 argenti
1694 4036 1727 4094 et
1749 4029 1951 4114 obligatione
1977 4028 2128 4091 omniurn

467 4133 627 4197 bonorum
650 4131 841 4197 eorumdem
864 4130 955 4196 ducis
981 4139 1014 4198 et
1036 4134 1219 4198 communis
1242 4135 1336 4199 vobis
1361 4134 1566 4200 sanctissimo
1590 4135 1675 4220 patri
1698 4133 1829 4200 domino
1853 4153 1940 4219 pape
1957 4130 2127 4216 Gregorio
2179 4147 2205 4185 ³⁵

469 4244 502 4301 et
525 4237 664 4316 ecclesie
687 4235 835 4316 Romane
857 4235 920 4316 heo
951 4237 1061 4301 omnia
1084 4237 1274 4323 supradicta
1297 4245 1331 4303 et
1354 4239 1484 4325 singule
1506 4238 1692 4321 attendere,
1722 4237 1902 4323 adimplere
1925 4241 1965 4299 et
1988 4235 2132 4301 firmiter

462 4340 660 4421 observare,
685 4345 719 4403 et
739 4360 838 4426 super
859 4339 923 4404 hiis
940 4340 1092 4405 omnibus
1115 4341 1293 4407 subicimus
1317 4348 1350 4407 et
1368 4343 1581 4430 supponimus
1604 4343 1728 4409 dictos⁰
1750 4343 1868 4406 ducem
1892 4346 1926 4405 et
1949 4360 2129 4405 commune
2245 4409 2254 4430 ι

468 4445 632 4524 sententie
656 4444 970 4509 excomunicationis
994 4443 1116 4509 domini
1140 4465 1236 4532 pape.

574 4545 732 4625 Preterea
748 4547 969 4632 promittimus
984 4567 1046 4633 per
1061 4548 1310 4634 stipulationem
1333 4555 1367 4615 et
1383 4551 1594 4616 convenimus
1611 4552 1742 4616 nomine
1761 4556 1795 4614 et
1810 4549 1883 4614 vice
1900 4546 2130 4635 predictorum

468 4647 560 4713 ducis
576 4656 609 4713 et
624 4649 817 4729 communis,
840 4649 927 4735 quod
942 4650 1006 4736 ipsi
1022 4649 1100 4733 dux,
1118 4652 1174 4737 qni
1188 4673 1275 4716 nune
1293 4657 1343 4718 est
1362 4659 1397 4718 et
1420 4653 1475 4739 qui
1488 4675 1548 4740 pro
1571 4661 1720 4741 tempore
1743 4653 1853 4734 suerit,
1876 4659 1910 4718 et
1935 4673 2126 4732 commune,

468 4772 527 4837 pro
551 4773 591 4817 eo
614 4751 701 4838 quod
725 4751 875 4818 dominus
898 4774 985 4839 papa
1007 4761 1041 4819 et
1064 4757 1206 4821 ecclesia
1219 4755 1368 4821 Romana
1390 4757 1572 4823 Barolum¹
1596 4765 1629 4824 et
1652 4759 1796 4847 Salpas²
1819 4757 2131 4842 compertinentiis

468 4856 536 4921 suis
568 4862 602 4921 et
630 4857 769 4921 liberam
799 4857 924 4921 curiam
947 4878 984 4922 ac
1014 4858 1272 4924 iurisdietionem
1304 4861 1391 4926 inter
1411 4860 1559 4928 Venetos
1587 4883 1649 4928 nec
1676 4881 1743 4926 non
1774 4862 1905 4948 plenam
1935 4859 2131 4926 libertatem

460 4966 500 5025 *et
523 4960 762 5026 immunitatem
786 4967 819 5026 et
845 4960 970 5028 habere
995 4965 1146 5028 consules
1170 4965 1256 5030 inter
1270 4964 1423 5056 ¹Venetos
1446 4966 1487 5032 de
1511 4967 1579 5032 suis
1604 4966 1795 5032 concivibus
1815 4967 1851 5031 in
1873 4986 1975 5050 regno
2002 4965 2131 5046 Sicilie,

468 5064 587 5130 ducatu
610 5065 763 5153 Appulie,
788 5065 957 5148 Calabria,
988 5068 1174 5156 principatu
1198 5068 1311 5156 Oapue
1334 5071 1425 5136 etin
1449 5071 1538 5157 omni
1561 5071 1625 5136 elio
1649 5071 1722 5136 loco
1744 5069 1852 5156 regni,
1885 5090 1984 5155 quem
2009 5091 2129 5134 eorum

467 5169 592 5234 auxilio
609 5168 832 5254 contingerit‘l
853 5172 1016 5256 occupari,
1040 5171 1165 5236 eisdem
1181 5173 1257 5238 duci
1281 5180 1315 5239 et
1338 5177 1502 5241 communi
1519 5174 1680 5241 concedet
1701 5176 1735 5240 in
1758 5179 1953 5262 perpetuum
1977 5173 2129 5256 feudum,

459 5279 639 5360 ‘postquam
662 5293 702 5338 ea
724 5273 846 5337 ineunt
869 5279 1042 5360 occupata,
1066 5276 1210 5342 lacient⁰
1232 5278 1325 5343 illurn
1348 5281 1514 5362 vel‘illos,
1542 5281 1597 5368 qni
1622 5287 1779 5368 preerunt
1801 5300 1863 5367 per
1884 5297 1941 5344 eos
1964 5278 2131 5365 predictis

459 5377 557 5459 locis,
581 5377 708 5442 scilicet
723 5375 845 5442 Barolo
869 5383 903 5444 et
925 5377 1045 5468 Salpia,
1069 5380 1339 5469 quandocumque
1359 5391 1398 5474 et
1413 5387 1707 5470 quotienscumque
1723 5384 1968 5451 renovabuntur
1988 5384 2131 5468 ibidem,

570 5569 596 5638 ι)
614 5571 706 5636 rae,
723 5569 782 5634 Pr·
798 5573 847 5640 sps
865 5573 889 5624 ι.
907 5590 972 5642 papo
989 5574 1033 5627 nr.
1102 5573 1129 5643 b)
1146 5577 1270 5630 numm
1288 5577 1324 5631 Η.
1342 5579 1385 5643 n,
1402 5577 1452 5645 1²1,
1468 5573 1512 5632 nr.
1583 5579 1606 5645 ο)
1624 5579 1682 5640 ra·
1700 5581 1797 5632 natum
1814 5579 1851 5632 Η.
1868 5579 1911 5644 n,
1928 5555 1972 5630 ιιι.
2045 5575 2073 5646 ι)
2091 5580 2132 5629 aa

465 5658 541 5709 etiam
558 5659 633 5726 infra
650 5658 678 5710 ira
696 5659 819 5710 omnibm.
910 5660 932 5726 θ)
950 5661 987 5714 Η.
1005 5663 1039 5716 B.
1045 5681 1055 5727 ,·
1071 5665 1180 5717 faciente
1197 5665 1249 5731 Pr,
1266 5664 1310 5718 ΒΖ.

572 5762 598 5830 1)
618 5761 752 5816 Barlctta.
840 5761 868 5830 2)
887 5776 904 5817 o
923 5762 1030 5819 Borolo
1047 5766 1086 5820 ad
1103 5768 1354 5836 epternacense
1371 5767 1540 5824 mesum.
2184 5777 2213 5816 ⁵⁰
