4590 6366
733 365 934 428 EPISTOLAE
951 369 1141 432 SELECTAE.
1178 374 1253 430 1236.
1795 379 1857 444 595

203 541 359 612 dilectum
381 542 485 610 fllium
508 543 751 630 ..magistrum
775 546 950 634 hospitalis
973 554 1085 614 sancte
1106 547 1210 614 Maris
1227 547 1481 614 Teutonicorum
1497 548 1637 617 fecimus
1660 553 1858 630 ammoneri;

202 651 258 736 qui
287 650 330 715 oh
358 648 392 714 id
422 647 611 735 apredicto
640 649 837 735 imperatore
869 649 910 714 ad
940 658 1085 716 nostram
1112 653 1313 738 presentiam
1344 652 1544 734 destinatus,
1576 656 1652 740 quia
1679 655 1859 720 Lombardi

204 753 326 818 diutius
362 752 527 838 expectati
561 752 694 816 nuntios
729 775 805 818 suos
839 753 881 818 ad
912 777 973 819 nos
1008 778 1108 843 super
1140 756 1203 820 hoc
1239 755 1323 820 infra
1355 755 1467 821 datum
1496 756 1561 821 sibi
1589 759 1765 824 terminum
1793 781 1859 825 non

204 859 375 938 miserunt,
398 855 486 920 dicto
509 856 643 940 negotio
666 856 861 942 imperfecto
885 859 1034 924 recessit.
1080 858 1229 944 Cumque
1251 859 1337 924 infra
1358 879 1480 946 paucos
1503 859 1574 925 dies
1594 868 1670 947 post
1693 884 1859 928 recessum

139 989 151 1025 c
204 961 308 1047 ipsius
341 959 584 1024 ambassatores
617 958 877 1025 Lcmbardcrum
912 960 953 1025 ad
989 961 1102 1027 sedem
1139 963 1352 1048 apostolicam
1396 961 1593 1028 accedentes
1635 986 1671 1030 se
1712 966 1860 1052 legitimo

203 1067 307 1130 fuisse
324 1062 558 1150 impedimento
574 1061 726 1128 detentos
750 1071 941 1130 constanter
963 1073 1169 1144 assererent,
1201 1073 1234 1130 et
1264 1087 1299 1131 se
1323 1064 1366 1130 sd
1388 1066 1719 1152 compromittendum
1741 1070 1775 1133 in
1798 1090 1858 1134 nos

203 1169 333 1256 precise
355 1174 488 1252 paratos
513 1166 685 1243 offerrent,
708 1188 785 1248 nos,
810 1169 981 1254 cupientes
1013 1171 1105 1234 iuxta
1136 1169 1236 1234 officii
1263 1170 1367 1234 nostri
1394 1169 1542 1234 debitum
1572 1172 1663 1257 pacis
1687 1172 1860 1237 comodum

204 1292 390 1361 procurare,
413 1270 596 1358 predictum
619 1273 891 1358 compromissum
907 1275 1092 1360 recepimus
1124 1281 1157 1339 et
1183 1273 1346 1360 prefatum
1362 1274 1556 1359 magistrum
1571 1273 1614 1338 ad
1629 1296 1689 1340 nos
1707 1275 1860 1340 duximus

204 1375 439 1450 revocandum;
467 1374 524 1459 qui
551 1374 593 1439 ab
617 1375 815 1460 imperatore
837 1383 973 1442 vocatus
996 1376 1038 1440 ad
1062 1378 1133 1442 eius
1156 1377 1355 1463 presentiam
1383 1383 1434 1442 est
1458 1398 1620 1443 reversus.
1666 1377 1763 1444 Unde
1786 1400 1861 1443 cum

207 1481 284 1546 clim
297 1479 339 1544 ad
354 1479 545 1544 instantiam
560 1478 664 1564 ipsius
681 1479 889 1565 imperatoris
906 1479 947 1546 de
964 1481 1101 1546 consilio
1117 1480 1254 1545 fratrum
1270 1487 1467 1562 nostrorum,
1488 1481 1587 1546 trium
1602 1483 1862 1568 patriarcharum

206 1591 240 1651 et
262 1585 463 1670 prelatorum
487 1583 646 1664 omniurn,
677 1583 732 1667 qui
759 1590 836 1648 tunc
864 1591 958 1649 erant
986 1583 1074 1670 apud
1103 1583 1217 1649 sedem
1239 1585 1454 1670 apostolicam
1477 1587 1662 1668 constituti,
1692 1587 1862 1672 negotium

205 1688 307 1753 Terre
325 1686 444 1752 Sancte
464 1685 655 1750 duxerimus
677 1686 921 1768 assumendum,
943 1687 1157 1774 providentes
1184 1694 1219 1752 ut
1236 1687 1325 1752 orbis
1343 1694 1429 1753 terre
1446 1687 1616 1756 discordes
1632 1689 1674 1755 ad
1689 1697 1861 1776 treuguam

206 1793 260 1857 vel
283 1789 489 1856 concordiam
518 1795 730 1874 cogerentur,
760 1796 793 1855 ct
822 1790 907 1875 quod
938 1796 1031 1856 erant
1059 1789 1100 1854 ad
1124 1787 1185 1855 boc
1208 1792 1310 1876 aliqui
1333 1813 1376 1857 cx
1398 1793 1526 1876 magnis
1548 1800 1636 1859 terre
1659 1794 1862 1880 principibus

206 1897 271 1962 iam
301 1895 477 1981 compulsi,
509 1893 688 1978 quinimmo
718 1915 778 1959 rex
799 1893 945 1960 Navarra
960 1898 979 1974 ¹,
1011 1896 1108 1960 multi
1141 1894 1272 1960 nobiles
1296 1903 1330 1962 et
1351 1902 1503 1982 potentes
1527 1897 1634 1962 crucis
1658 1897 1863 1982 signaculum

206 2022 266 2087 per
280 1998 345 2064 Dei
367 1999 506 2083 gratiam
529 2002 738 2083 receperunt:
763 1997 871 2084 ipsum
895 1997 1127 2084 imperatorem
1150 2005 1215 2063 tam
1239 2019 1300 2084 per
1322 1999 1450 2063 litteras
1471 2019 1568 2084 quam
1582 2021 1641 2087 per
1656 2000 1863 2065 venerabiles

206 2106 326 2170 fratres
356 2110 486 2169 nostros
510 2149 518 2166 .
541 2150 548 2165 .
572 2101 801 2188 Maguntinum
833 2109 867 2168 et
896 2151 903 2166 .
927 2153 935 2169 .
964 2103 1203 2169 Treverensem
1228 2104 1506 2191 archiepiscopos,
1529 2153 1563 2169 ..
1586 2103 1862 2192 Ratisponensem

207 2217 241 2274 et
264 2257 296 2273 ..
320 2207 580 2272 Ildesemensem
610 2205 783 2292 episcopos
812 2227 851 2270 ae
880 2205 1022 2269 eundern
1052 2207 1245 2292 magistrum
1273 2207 1399 2271 moneri
1427 2207 1565 2272 fecimus
1595 2205 1804 2292 diligenter²,
1827 2213 1864 2270 ut

207 2334 248 2377 ne
271 2312 357 2376 dicte
373 2319 460 2376 terre
484 2309 662 2393 negotium,
686 2307 772 2393 quod
794 2308 836 2372 ad
858 2310 1034 2374 utilitatem
1058 2311 1210 2390 ecclesie,
1234 2311 1363 2396 imperii
1386 2317 1420 2375 et
1437 2311 1539 2375 totius
1555 2311 1668 2397 populi
1685 2310 1864 2376 Christiani

207 2416 314 2480 fuerat
337 2413 533 2492 ordinatum,
557 2413 644 2499 quod
667 2413 763 2494 absit,
787 2414 938 2500 impediri
956 2416 1170 2500 contingeret,
1194 2415 1315 2480 dictum
1337 2417 1529 2500 magistrum
1553 2437 1625 2480 eum
1649 2417 1748 2503 pleno
1772 2436 1863 2479 man-

209 2519 286 2584 dato
309 2518 350 2583 dc
373 2515 664 2604 compromittendc
689 2538 789 2603 super
807 2518 979 2603 premissis
1002 2519 1131 2605 precise
1155 2517 1188 2582 in
1211 2517 1363 2582 manibus
1386 2519 1507 2582 nostris
1530 2516 1572 2582 ad
1594 2541 1655 2584 nos
1679 2520 1750 2583 sine
1773 2539 1864 2583 more

207 2621 379 2709 dispendio
403 2621 601 2695 destinaret;
634 2621 776 2684 sciturus
806 2619 942 2706 quodsi
966 2628 1080 2686 ccntra
1101 2620 1326 2702 Lombardos,
1357 2621 1499 2686 maxime
1524 2643 1597 2687 cum
1621 2643 1657 2686 se
1679 2622 1808 2709 precise
1831 2622 1864 2685 in

208 2727 358 2791 manibus
390 2725 532 2790 ecclesie
562 2724 771 2809 posuissent,
805 2724 867 2788 hoc
896 2725 1102 2810 potissimum
1133 2731 1282 2810 tempore
1311 2724 1491 2810 procedere
1521 2726 1708 2806 moliretur,
1741 2731 1864 2790 tantam

209 2828 353 2916 exempli
376 2829 556 2914 pernicicm
580 2827 653 2891 aliis
677 2826 862 2906 tribuendo,
886 2848 946 2914 per
968 2848 1065 2912 quam
1088 2829 1234 2914 presumi
1257 2834 1371 2914 posset
1393 2850 1413 2892 a
1435 2828 1601 2914 pluribus,
1624 2828 1710 2915 quod
1734 2835 1864 2894 ceteros

209 2933 350 2998 ecclesia
373 2931 565 3011 fefellisset,
586 2928 621 2994 id
643 2931 711 3014 pati
735 2931 954 3015 equanimiter
977 2930 1115 2996 eandem
1139 2932 1312 2996 ecclesiam
1335 2953 1401 2996 non
1423 2931 1568 3011 deceret,
1591 2934 1765 3018 presertim
1788 2953 1863 2997 cum

145 3091 150 3102 .
210 3059 309 3124 super
332 3038 475 3122 negotio,
500 3037 533 3100 in
557 3056 621 3121 quo
645 3033 801 3101 detenta
824 3035 931 3120 gloria
945 3035 1176 3122 Redemptcris
1199 3037 1317 3121 agitur,
1341 3038 1490 3123 acceptio
1512 3057 1728 3123 personarum
1750 3036 1866 3101 heberi

208 3163 274 3206 non
303 3139 439 3221 debeat,
471 3161 533 3205 nec
563 3140 687 3226 aliquid
719 3141 848 3227 perpeti
877 3162 937 3204 nos
970 3140 1118 3221 deceret,
1148 3163 1209 3226 per
1243 3140 1328 3226 quod
1361 3162 1536 3227 processus
1566 3140 1714 3206 eiusdem
1741 3140 1866 3226 negotii

208 3250 321 3332 posset
355 3244 562 3328 aliquatenus
593 3244 758 3330 impediri.
816 3243 971 3308 Ceterum
1000 3244 1179 3330 imperialis
1205 3243 1410 3308 celsitudinis
1439 3243 1655 3329 responsione
1688 3241 1867 3329 pendente,

208 3369 314 3434 nuper
335 3346 445 3411 audito
468 3347 556 3432 quod
583 3369 698 3413 versus
721 3346 954 3412 Lcmhardiam
983 3347 1141 3433 dirigeret
1167 3368 1302 3432 gressus
1335 3369 1427 3428 suos,
1460 3354 1636 3432 antequam
1667 3345 1709 3410 ad
1735 3368 1795 3412 nos
1825 3345 1866 3410 de

208 3453 318 3537 legato
341 3450 484 3538 petendo
506 3451 610 3538 ipsius
633 3452 742 3517 littere
758 3452 989 3538 pervenissent
998 3451 1021 3532 ³,
1037 3450 1078 3516 ad
1094 3451 1325 3516 liberationem
1340 3450 1444 3515 Teme
1460 3449 1582 3516 Sancte
1599 3451 1678 3515 totis
1692 3448 1865 3514 affectibus

210 3557 413 3642 aspirantes,
443 3553 483 3619 de
512 3554 650 3619 fratrum
673 3562 856 3620 nostrorum
881 3556 1018 3620 consilio
1041 3555 1268 3621 venerabilem
1290 3555 1425 3620 fratrem
1446 3561 1595 3620 nostrum
1619 3603 1652 3619 ..
1676 3555 1867 3641 episcopum

209 3659 451 3738 Penestrinum‚
474 3658 578 3722 virum
600 3659 713 3742 utique
736 3657 963 3744 approbatum,
984 3658 1038 3744 qui
1061 3679 1081 3721 a
1103 3659 1221 3742 longis«
1235 3664 1323 3723 retro
1345 3657 1550 3744 temporibus
1573 3679 1637 3744 que
1662 3664 1738 3722 sunt
1759 3657 1867 3720 carnis

210 3767 244 3826 et
267 3760 371 3826 seculi
393 3781 413 3825 a
435 3781 471 3825 se
494 3762 626 3848 penitus
649 3761 819 3842 abdicatis,
842 3782 908 3826 nou
931 3763 1090 3828 remissus
1113 3762 1229 3827 haberi
1252 3761 1378 3827 studuit
1401 3763 1435 3826 in
1457 3762 1574 3827 timore
1597 3761 1698 3826 divini
1726 3761 1867 3826 nominis

211 3871 245 3929 et
267 3885 394 3946 amore,
424 3871 459 3929 et
480 3865 536 3949 qui
559 3866 645 3929 omni
669 3886 885 3951 personarum
907 3867 1101 3953 acceptione
1123 3873 1251 3930 remota
1274 3887 1390 3952 pacem
1414 3865 1581 3932 desiderat
1605 3874 1638 3930 et
1661 3864 1868 3931 concordiam

208 3988 413 4055 promovere,
437 3967 479 4032 ad
501 3974 611 4054 partes
635 3969 708 4032 illas
731 3969 824 4053 quasi
846 3970 937 4055 pacis
961 3970 1114 4054 angelum
1137 3967 1339 4054 providimus
1362 3968 1605 4050 destinandum,
1636 3990 1677 4034 ea
1704 3969 1768 4034 sibi
1790 3989 1868 4055 prc-

212 4071 374 4138 mcvenda
405 4072 594 4158 specialiter
628 4073 871 4138 committentes
881 4074 904 4154 ⁴,
939 4095 1002 4159 que
1036 4072 1079 4139 ad
1112 4073 1270 4137 honorem
1299 4072 1364 4137 Dei
1398 4081 1431 4138 et
1462 4073 1602 4138 ecclesie
1635 4093 1673 4137 ac
1706 4071 1869 4136 libertatis

211 4175 437 4241 ecclesiastice
460 4175 586 4241 faciunt
608 4175 828 4258 incrementa,
851 4176 909 4241 illa
931 4197 1061 4262 quoque
1083 4197 1143 4262 per
1166 4197 1229 4261 qne
1253 4183 1359 4241 status
1382 4177 1513 4263 imperii
1535 4183 1568 4241 et
1590 4175 1747 4262 precipue
1769 4174 1868 4239 Lom-

211 4278 343 4359 bardie,
374 4280 519 4345 marchis
542 4279 714 4345 Tervisine
738 4287 771 4344 et
793 4280 990 4345 Romaniole
1018 4286 1133 4366 posset
1159 4287 1293 4345 auctore
1315 4278 1459 4346 Domino
1483 4279 1660 4345 salubriter
1688 4276 1869 4356 reformari,

211 4403 273 4446 nco
295 4403 362 4446 non
384 4390 418 4447 et
441 4383 575 4448 abolere
599 4384 745 4448 maculas
769 4383 916 4449 heretice
939 4383 1121 4470 pravitatis,
1144 4405 1183 4448 ac
1206 4385 1374 4469 negotium
1398 4383 1500 4450 Terre
1525 4381 1663 4464 Sancte,
1693 4379 1781 4466 quod
1806 4379 1869 4444 sibi

211 4491 302 4550 tanto
332 4486 510 4572 specialius
537 4485 780 4572 procurandum
816 4487 1054 4569 commisimus,
1087 4494 1208 4572 quanto
1237 4487 1278 4552 ad
1306 4488 1545 4573 promotionem
1568 4486 1655 4551 illius
1679 4507 1739 4550 nos
1761 4483 1869 4550 teneri

212 4609 271 4674 pre
295 4590 420 4654 cunctis
443 4589 631 4655 viventibus
655 4590 863 4656 arbitramur.

318 4692 404 4767 Quia
425 4715 504 4759 vero
526 4694 633 4759 adhuc
656 4715 723 4758 non
744 4693 880 4776 desunt,
909 4694 965 4780 qui
995 4694 1082 4759 inter
1105 4698 1253 4758 sanctum
1281 4699 1315 4758 et
1343 4693 1549 4780 prophanum
1579 4691 1713 4756 minime
1743 4689 1867 4755 discer-

210 4803 326 4862 nentes
341 4797 489 4863 nituntur
503 4798 630 4863 zizania
649 4798 821 4880 seminare,
844 4806 878 4864 et
889 4805 926 4863 ut
937 4798 1064 4885 possint
1079 4799 1224 4884 irrogare
1243 4797 1390 4878 iniurias,
1413 4817 1529 4883 pacem
1544 4795 1689 4874 turbant,
1713 4795 1869 4859 fraterni·

211 4906 313 4964 tatem
335 4907 493 4982 vestram,
525 4901 565 4968 de
593 4923 658 4987 qus
687 4901 904 4967 indubitatam
931 4901 1084 4966 fiduciam
1108 4903 1309 4980 obtinemus,
1342 4899 1540 4965 monendam
1563 4897 1717 4962 duximus
1740 4905 1774 4962 et
1796 4898 1872 4962 hor·

211 5003 355 5084 tendam,
378 5025 438 5090 per
459 5006 642 5091 apostolica
660 5005 754 5070 robis
778 5006 901 5091 scripta
923 5005 1127 5084 mandantes,
1152 5006 1315 5091 quatinus,
1340 5005 1424 5068 sicut
1447 5001 1577 5066 habetis
1600 5019 1709 5066 caram
1732 5001 1872 5086 gratiam

212 5107 394 5194 apostolice
427 5108 514 5174 sedis
543 5116 577 5174 et
603 5115 766 5190 nostram,
797 5110 831 5173 in
859 5130 960 5174 unum
988 5108 1080 5174 vobis
1112 5108 1264 5174 omnibus
1293 5107 1519 5192 congregatis,
1555 5102 1734 5170 secundum
1764 5103 1873 5168 datam

210 5211 306 5276 vobis
329 5233 349 5276 a
371 5210 445 5276 Deo
468 5210 675 5297 prudentiam
699 5233 742 5276 ex
764 5212 829 5277 hiis
853 5233 916 5297 que
939 5213 1149 5299 premisimus
1173 5219 1207 5277 et
1228 5212 1302 5277 aliis
1325 5216 1422 5298 prout
1444 5206 1601 5295 expedire
1624 5206 1773 5272 videritis
1796 5229 1873 5293 pru·

212 5314 329 5381 denter
352 5336 409 5380 scs
432 5316 575 5380 invicem
600 5316 836 5398 informantes,
861 5317 964 5381 nostri
987 5317 1087 5381 animi
1110 5317 1287 5402 puritatem
1315 5314 1357 5380 ad
1387 5311 1637 5380 excusationem
1664 5316 1810 5376 nostram
1841 5317 1875 5375 et

212 5420 353 5485 ecclesie
376 5419 531 5486 iamdicto
554 5421 761 5508 imperatori,
790 5443 863 5486 cum
888 5421 921 5485 in
945 5421 1037 5486 curia
1059 5442 1118 5486 sua
1140 5421 1285 5500 fueritis,
1309 5441 1424 5485 omnes
1447 5417 1620 5483 unanimes
1644 5415 1716 5502 pari
1738 5423 1815 5480 soto
1839 5423 1873 5481 et

353 5577 380 5583 --
389 5577 506 5584 -—---
703 5579 842 5586 ...ᾳ-...-
849 5577 1107 5586 .-...-..-—---—-0-
1114 5577 1270 5584 ...-....-.-
1488 5575 1767 5583 ——m—

316 5679 342 5746 1)
365 5677 543 5733 Ttrcbolrfns.
612 5679 640 5746 2)
659 5694 686 5732 a.
706 5681 769 5731 678.
840 5681 868 5748 3)
889 5679 1173 5748 Us.a.691el69·.'.
1243 5677 1271 5740 4)
1292 5675 1335 5744 (fs.
1354 5693 1381 5730 n.
1402 5679 1464 5730 ⁶93.

1617 5771 1669 5824 'lb‘
