4448 6420
768 333 966 394 amsuchan·
984 335 1172 396 subucula.
1206 341 1282 398 1225.
1591 299 1593 304 Ι
1791 350 1853 415 205
1889 369 1894 379 '

201 502 305 586 Urbe,
333 528 372 572 oc
400 506 607 572 Aversanum
633 511 854 576 venerabilem
884 511 1019 579 fratrem
1049 520 1197 580 nostrum
1226 567 1233 581 .
1259 567 1266 581 .
1295 517 1456 604 quondam
1487 520 1719 588 Amalfitanum
1746 524 1853 589 archi-

201 609 373 674 diaconum
404 611 475 677 sine
503 619 559 676 tuo
589 614 770 698 preiudicio
801 617 1011 702 providentes
1039 619 1079 683 de
1108 619 1245 684 fratrum
1268 630 1454 688 nostrorum
1477 625 1612 690 consilio
1636 628 1669 690 in
1692 635 1852 714 pastores.

201 711 367 797 Rogamus
390 713 489 798 igitur
505 718 718 781 serenitatem
742 725 831 782 tuam
854 721 1012 784 attentius
1035 729 1069 786 et
1090 721 1267 804 hortamur,
1291 727 1446 809 quatinus
1463 727 1621 794 ecclesias
1644 731 1744 816 ipsas,
1768 732 1853 795 sicut

201 815 404 902 imperialem
432 819 638 884 clementiam
668 821 780 902 decet,
811 824 936 888 habens
964 846 1022 910 pro
1053 828 1238 891 reverentia
1267 828 1331 894 Dei
1361 836 1395 894 et
1423 831 1531 896 anime
1562 839 1617 897 tue
1649 835 1754 900 salute
1777 856 1852 920 pro-

199 922 334 1006 pensius
364 922 625 1000 commendatas,
656 926 705 990 eis
734 927 875 991 honores
904 949 981 992 suos
1009 949 1046 992 ac
1085 930 1155 994 iura
1183 931 1313 1016 integra
1343 933 1581 1016 conservando,
1610 939 1852 1022 prenominatos

199 1023 374 1089 earundem
409 1033 559 1112 pastores
593 1029 638 1091 ita
669 1028 782 1095 farore
822 1031 1001 1117 imperialis
1036 1034 1139 1116 gratie
1172 1031 1399 1120 prosequaris,
1434 1037 1521 1122 quod
1558 1039 1763 1105 celsitudinis
1796 1049 1852 1106 tue

199 1127 360 1191 serenitas
382 1128 458 1193 inde
480 1130 597 1194 merito
613 1130 734 1195 debeat
749 1130 821 1196 Deo
846 1141 879 1196 et
901 1133 1088 1198 hominibus
1105 1137 1307 1221 complacere
1326 1146 1359 1203 et
1383 1140 1569 1226 specialiter
1589 1162 1650 1206 nos
1673 1164 1712 1207 ac
1735 1142 1852 1210 fratres

199 1231 301 1294 nostri
329 1230 537 1298 devotionem
568 1235 764 1300 excellentie
793 1243 848 1301 tue
886 1237 1063 1301 debeamus
1091 1238 1124 1300 in
1153 1237 1294 1303 Domino
1324 1243 1560 1308 commendare.
1617 1245 1851 1312 Venerabilem

198 1341 307 1398 autem
332 1334 462 1399 fratrem
485 1344 634 1400 nostrum
653 1337 984 1426 ..archiepiscopum
1008 1340 1250 1405 Salernitanum
1273 1344 1492 1410 exhibitorem
1515 1349 1728 1432 presentium,
1751 1350 1848 1415 nobis

202 1443 234 1500 et
254 1436 411 1501 fratribus
436 1439 556 1502 nostris
581 1462 690 1504 carum
714 1442 782 1505 suis
800 1443 1008 1528 exigentibus
1024 1445 1149 1508 meritis
1174 1452 1206 1509 et
1227 1454 1408 1531 acceptum,
1433 1450 1600 1512 serenitati
1624 1458 1678 1516 tue
1701 1454 1850 1538 presenti

197 1541 315 1626 pagina
348 1541 627 1622 commendamus,
658 1553 812 1629 rogantes
844 1553 880 1610 ut
908 1553 941 1610 et
970 1547 1077 1632 ipsum
1104 1549 1196 1620 vultu
1226 1571 1341 1614 sereno
1373 1551 1512 1636 recipias
1541 1559 1574 1616 et
1603 1554 1632 1616 ei
1662 1555 1767 1638 gratie
1797 1561 1852 1620 tue

199 1645 357 1726 savorem,
391 1647 423 1708 in
460 1646 578 1728 quibus
612 1647 675 1709 sibi
705 1656 738 1710 et
768 1649 908 1712 ecclesie
945 1671 1004 1712 sue
1039 1649 1159 1713 videris
1195 1651 1368 1737 expedire,
1404 1652 1592 1718 favorabilis
1627 1662 1660 1718 et
1689 1655 1851 1741 benignus

202 1748 379 1835 impendas.

305 1869 381 1934 Dat.
404 1868 518 1948 Reate,
543 1869 608 1933 vll
633 1869 707 1934 Kal.
731 1870 867 1935 Octnbr.
890 1894 975 1936 anno
999 1872 1137 1936 decimo.

886 2117 1230 2125 ——-—.—-—--—---—-——

984 2343 1070 2415 284.

309 2452 497 2544 Honorius
530 2481 597 2545 ΙΙΙ
620 2502 709 2562 papa
732 2480 937 2566 [Wilhclmo]
968 2482 1212 2562 archiepiscopo,
1246 2482 1361 2548 rlccauo
1393 2489 1423 2548 ct
1457 2487 1675 2552 archidiacono
1704 2487 1854 2553 uenena

200 2588 341 2664 modat,
372 2588 408 2646 ut
430 2584 756 2648 accommaat'cotioais
787 2585 958 2648 scatcptias
986 2586 1021 2646 io
1048 2587 1258 2665 praepositae,
1290 2587 1432 2651 scaldam
1453 2593 1482 2650 cl
1503 2589 1583 2652 alios
1605 2591 1684 2654 cives
1709 2590 1854 2656 Camera-

199 2709 299 2755 censes
321 2690 405 2753 latas
430 2707 490 2766 per
512 2685 693 2750 Rcmcascm
714 2690 742 2749 ct
765 2687 972 2751 Scnopcnscm
990 2688 1174 2767 praeimus
1202 2689 1337 2770 suspulis
1364 2689 1470 2752 (lienis
1498 2691 1663 2756 dmoircicis
1684 2698 1713 2757 ct
1731 2693 1853 2774 festivis

199 2794 353 2857 tament.
1528 2797 1622 2872 1225,
1647 2794 1711 2862 Oct.
1734 2800 1765 2858 4.

302 2913 375 2966 Han.
394 2911 448 2963 ΙΙΙ
467 2911 537 2980 liep.
562 2910 617 2963 Vol.
642 2909 671 2976 V,
691 2913 740 2973 905
760 2909 821 2963 Lib.
841 2911 877 2973 X,
898 2915 941 2965 75.

302 2996 374 3050 Bibl.
397 2995 512 3049 Patrist.
533 2995 606 3050 Hori.
625 2996 684 3048 ΙΙΙ
697 2996 753 3064 Ep.
774 2996 836 3050 Lib.
856 2997 892 3058 Χ,
911 3013 937 3050 a.
956 3001 999 3049 43.

302 3267 310 3283 .
341 3208 735 3300 archiepiscope,
765 3266 773 3280 .
804 3265 812 3280 .
841 3210 1010 3282 decano
1040 3215 1081 3282 et
1110 3265 1117 3280 .
1148 3209 1747 3284 .a1·chidiaconoRemensi.

306 3357 518 3444 Speravimus
549 3357 723 3430 hactenus,
757 3368 793 3420 ut
823 3357 999 3442 prepositi,
1033 3357 1158 3421 scabini
1186 3366 1219 3421 et
1255 3359 1312 3422 alii
1342 3359 1430 3422 cives
1461 3357 1716 3424 Cameracenses
1745 3380 1765 3423 a
1793 3379 1853 3424 sua

201 3460 317 3526 duritia
339 3460 454 3524 moniti
478 3460 695 3538 mollirentur,
728 3467 778 3522 set
802 3460 975 3524 molientes
998 3460 1107 3546 potius
1131 3459 1164 3522 in
1188 3461 1400 3540 contrarium,
1425 3463 1573 3547 percussi
1596 3483 1660 3526 non
1683 3462 1797 3526 dolent
1819 3469 1853 3527 et

203 3565 330 3629 contriti
347 3571 487 3628 renuunt
503 3563 649 3649 recipere
665 3561 881 3648 disciplinam.
927 3561 1036 3635 Quare
1051 3563 1212 3642 timemus,
1235 3584 1275 3626 ne
1292 3564 1437 3650 ipsorum
1453 3565 1551 3650 plaga
1568 3565 1609 3628 sit
1625 3564 1851 3651 desperabilis,

78 3675 94 3707 ²
201 3687 270 3730 curn
299 3688 338 3731 eo
365 3665 574 3746 insanabilis,
606 3688 668 3750 quo
697 3666 914 3743 insensibilis,
947 3668 989 3730 sit
1019 3666 1145 3730 effecta.
1192 3666 1250 3729 Set
1279 3687 1319 3730 ne
1352 3666 1436 3730 forte
1466 3667 1547 3731 alios
1573 3668 1733 3753 exempli,
1765 3668 1851 3752 quod

199 3769 296 3848 absit,
326 3769 449 3833 inficiat
478 3770 677 3855 corruptela,
707 3770 756 3833 uti
784 3770 931 3853 cogimur
960 3776 1073 3833 contra
1101 3791 1157 3833 eos
1186 3768 1295 3853 gladio
1323 3769 1427 3854 rigide
1457 3770 1600 3834 ultionis.
1653 3769 1736 3834 Oum
1764 3770 1852 3835 enim

170 3919 172 3922 -
199 3873 395 3938 venerabilis
430 3873 532 3938 frater
565 3879 677 3937 noster
711 3869 936 3958 Glodelridus]
974 3873 1223 3937 Cameracensis
1258 3873 1431 3959 episcopus
1465 3873 1542 3937 olim
1577 3874 1610 3935 in
1652 3874 1850 3959 prepositos,

200 3977 319 4040 iuratos
348 3985 381 4041 et
411 3978 562 4041 scabinos
592 3975 865 4056 Cameracenses,
896 3999 954 4062 pro
983 3999 1022 4039 co
1054 3976 1141 4059 quod
1177 3975 1338 4060 quendam
1369 3976 1524 4041 clericum
1554 3977 1700 4041 indebite
1723 3976 1853 4063 pulsata

200 4100 356 4165 campana
378 4079 607 4158 banniverant,
636 4086 670 4142 et
702 4078 832 4143 domum
864 4079 1032 4143 cuiusdam
1056 4079 1203 4144 canonici
1229 4077 1340 4143 Sancti
1365 4077 1542 4163 Gangeriei
1566 4080 1727 4145 violenter
1749 4079 1850 4143 intra-

96 4183 104 4212 ’“
202 4190 281 4263 rant,
304 4191 338 4248 et
361 4183 516 4248 canonice
540 4183 653 4247 moniti
671 4181 790 4247 exinde
808 4183 997 4247 satisfacere
1014 4182 1231 4268 denegabant,
1254 4183 1358 4269 primo
1382 4191 1416 4248 ct
1431 4182 1638 4268 postmodum
1661 4183 1695 4246 in
1719 4188 1852 4246 centum

199 4286 413 4371 quadraginta
435 4287 524 4350 cives
548 4285 820 4366 CameracenseS,
845 4308 981 4371 quorum
1005 4286 1142 4350 consilio
1167 4293 1200 4350 et
1223 4287 1417 4350 anctoritate
1441 4285 1474 4348 id
1498 4286 1621 4349 factum
1643 4285 1765 4364 luerat,
1791 4306 1850 4348 ex-

198 4391 501 4455 communicationis
531 4394 726 4455 sententiam
755 4391 962 4476 protulisset,
995 4410 1130 4474 quarum
1158 4410 1256 4454 unam
1284 4411 1344 4475 per
1366 4389 1405 4452 R.
1437 4389 1596 4453 decanum
1621 4388 1731 4453 Sancti
1754 4387 1850 4452 Pauli

199 4499 232 4556 et
247 4515 323 4558 suos
338 4493 536 4574 coniudices,
551 4495 649 4559 aliam
663 4515 739 4558 vero
756 4515 815 4580 per
826 4493 852 4556 I.
867 4494 1068 4579 prepositum
1081 4492 1192 4556 Sancti
1204 4492 1371 4556 Lanrberti
1389 4499 1421 4555 et
1437 4492 1509 4556 eius
1524 4493 1668 4576 collegas
1682 4489 1852 4575 delegatos

198 4615 219 4658 a
240 4596 335 4660 nobis
363 4597 504 4662 obtinuit
532 4598 732 4676 confirmari,
762 4597 895 4668 tandem
922 4597 998 4681 quia
1026 4596 1182 4682 populus,
1211 4595 1303 4658 cuius
1333 4595 1480 4681 potentia
1510 4602 1543 4659 et
1571 4594 1695 4659 favore
1715 4593 1851 4658 illi'ex-

201 4707 379 4781 cesserant,
417 4699 606 4766 satisfacere
644 4702 758 4766 moniti
797 4713 831 4766 et
868 4701 1017 4786 requisiti
1055 4707 1261 4784 spreverunt,
1300 4720 1357 4763 ecs
1396 4699 1549 4782 exigente
1589 4697 1714 4762 iustitia
1752 4697 1851 4761 simili

199 4803 361 4868 sententia
390 4803 572 4884 innodavit,
607 4825 669 4889 que
705 4826 765 4891 per
791 4804 817 4868 I.
855 4804 1013 4869 decanum
1044 4803 1301 4867 Ambianenscm
1334 4809 1367 4865 et
1399 4822 1475 4865 suos
1505 4798 1691 4865 coniudices
1720 4821 1740 4864 a
1770 4800 1849 4865 sede

198 4907 376 4992 apostolica
404 4907 574 4993 delegatos
604 4909 715 4973 extitit
744 4909 944 4974 confirmata.
990 4907 1112 4970 Verum
1147 4928 1220 4970 cum
1248 4906 1390 4992 populus
1420 4905 1491 4989 ipse
1519 4925 1584 4968 non
1614 4903 1720 4968 solum
1749 4923 1851 4966 asna

200 5011 402 5074 contumacia
423 5012 557 5077 minime
580 5012 793 5098 resipiscens,
824 5033 935 5076 verum
961 5019 993 5074 ct
1017 5011 1222 5094 iniquitatem
1245 5007 1409 5092 iniquitati
1440 5006 1602 5087 adiciens,
1631 5005 1753 5070 dictum
1781 5005 1851 5090 epi·
1877 5037 1881 5046 ·

200 5135 330 5200 scopum
354 5123 468 5178 contm
488 5115 734 5201 privilegiorum
758 5136 890 5179 suorum
914 5122 1061 5178 tenorem
1084 5113 1309 5199 multipliciter
1330 5112 1531 5186 molestaret,
1554 5109 1625 5195 ipse
1649 5107 1690 5172 ad
1715 5155 1722 5170 .
1747 5155 1754 5170 .
1779 5107 1849 5192 epi-

88 5201 122 5241 *'
204 5237 332 5304 scopum
362 5217 639 5283 Noviomensem¹
669 5220 797 5284 eteius
821 5220 965 5304 collegas
990 5238 1089 5303 super
1112 5215 1173 5279 hoc
1197 5215 1323 5278 litterae
1346 5213 1544 5299 apostolicas
1567 5211 1767 5297 impetravit,
1797 5209 1852 5294 qui

204 5317 344 5406 legitime
359 5321 577 5408 procedentes
601 5323 635 5386 in
655 5343 765 5404 causa,
788 5322 822 5386 in
843 5344 912 5400 eos,
936 5322 1079 5406 ipsorum
1096 5317 1301 5382 contumacia
1316 5316 1482 5400 exigente,
1505 5313 1852 5380 excommunicationis

539 5495 620 5503 ἡ
1035 5489 1436 5500 „-.......-.-——--...--—-.-
1444 5489 1477 5494 -...
1663 5486 1746 5494 ——.

303 5615 326 5680 l)
346 5611 510 5666 (letardum.
