4448 6420
660 336 859 391 EPISTOLAE
877 334 1067 391 santerna.
1103 335 1179 390 1225.
1688 345 1750 406 ’209

99 527 157 592 per
188 527 302 572 omncs
331 507 420 572 illius
455 510 518 573 loci
548 511 721 584 ecclesias,
751 511 784 574 in
821 531 885 595 quo
912 514 1039 574 tantum
1072 507 1171 572 fuerit
1198 507 1325 575 facinus
1353 517 1563 594 attentatum,
1595 535 1656 578 nec
1685 535 1749 578 non

98 609 265 674 civitatum
289 617 323 674 et
343 611 512 678 dioccsum
534 613 711 678 vicinarum
735 613 1009 680 exeommunicati
1032 613 1163 699 publice
1193 617 1393 698 nuntientur,
1416 636 1476 680 nec
1500 617 1541 680 ab
1564 617 1628 681 alio
1651 638 1748 702 quam

98 713 279 778 aRomano
295 715 449 801 pontifico
473 738 545 781 cum
562 717 697 782 fratrum
719 740 852 783 suorum
875 725 909 783 et
931 719 1081 782 iniuriam
1106 719 1194 804 passi
1212 740 1376 784 consensu
1391 720 1518 807 possint
1533 719 1749 786 absolutionis

98 819 294 882 beneficium
323 819 491 900 obtinere,
520 823 585 885 nisi
613 822 782 886 dumtaxat
812 823 845 886 in
869 822 983 885 mortis
1006 821 1143 885 articulo
1167 823 1343 890 constituti.
1391 823 1473 887 Cum
1495 829 1605 889 autem
1628 825 1749 890 fuerint

98 921 303 1002 absolvendi,
331 923 436 1010 primo
466 923 668 990 sufficienter
698 931 731 990 et
758 924 875 990 idonee
907 931 1062 1004 caveant,
1098 924 1184 1010 quod
1213 925 1382 991 inferendo
1409 948 1494 1013 pene
1523 928 1686 1014 parebunt
1716 936 1750 992 et

96 1025 277 1091 auxiliante
300 1026 440 1091 Domino
470 1029 682 1114 penitentiam
711 1035 869 1115 peragent
898 1027 1140 1113 iniungendam.
1185 1027 1315 1094 Deinde
1344 1051 1404 1117 per
1433 1033 1547 1095 omnes
1574 1031 1662 1096 illius
1685 1032 1749 1096 loci

96 1118 255 1193 ccclesias
283 1131 481 1217 principales
505 1131 751 1218 vicinorumque
781 1133 925 1198 locorum
957 1131 1074 1196 diebus
1103 1131 1274 1196 dominicis
1304 1140 1338 1198 et
1367 1134 1567 1199 solemnibus
1594 1135 1749 1200 incedant

96 1230 174 1295 nudi
198 1253 307 1296 coram
330 1235 471 1321 populo,
503 1234 672 1299 femoralia
699 1242 824 1300 tantum
848 1235 1010 1300 habentes
1041 1243 1074 1299 ct
1105 1234 1213 1320 virgas
1244 1235 1389 1302 ferentes
1420 1238 1453 1301 in
1481 1239 1646 1318 manibus,
1675 1260 1748 1303 cum

97 1334 215 1418 quibus
238 1357 298 1422 per
313 1337 446 1402 easdem
464 1338 621 1404 ecclesias
644 1338 774 1424 publice
790 1339 999 1424 fustigentur,
1024 1339 1099 1402 ituri
1117 1338 1327 1424 postmodum
1349 1341 1434 1405 ultra
1456 1361 1545 1406 mare
1570 1348 1603 1406 et
1625 1341 1748 1407 ibidem

97 1439 202 1503 acturi
225 1440 440 1525 penitentiam
463 1463 522 1527 per
544 1449 611 1506 tres
635 1465 737 1507 annos
760 1443 801 1507 ad
824 1444 948 1520 minus,
978 1463 1039 1507 nec
1063 1442 1182 1507 exinde
1206 1443 1413 1529 postmodum
1437 1444 1599 1508 reversuri
1623 1443 1746 1529 absque

96 1541 185 1606 sedis
208 1544 389 1629 apostolice
412 1545 545 1611 licentia
567 1546 714 1631 speciali.
758 1545 883 1610 Verum
907 1567 981 1609 cum
1004 1546 1087 1609 tales
1104 1547 1242 1630 gratiam
1259 1547 1534 1611 reconciliationis
1557 1547 1746 1628 meruerint,

96 1644 257 1710 beneficio
281 1645 497 1712 absolutionis
525 1648 659 1714 obtento
683 1648 894 1733 indulgcatur
923 1649 971 1712 eis
1000 1648 1147 1729 liccntia,
1179 1655 1215 1712 ut
1246 1670 1337 1713 suam
1369 1670 1566 1735 suorumque
1596 1649 1748 1714 iniuriam

96 1754 350 1834 prosequantur,
382 1757 415 1816 et
437 1751 621 1816 debitorum
645 1753 793 1832 illorum,
826 1773 889 1838 que
913 1757 1080 1816 contracta
1107 1751 1230 1816 fuerint
1260 1751 1301 1818 de
1325 1751 1535 1839 postmodum
1566 1753 1749 1838 acquisitis,

95 1853 249 1938 repetitio
271 1874 336 1918 non
358 1860 507 1940 negetur.
550 1854 768 1921 illudentem
795 1876 861 1920 non
892 1853 1045 1919 duximus
1068 1855 1299 1936 omittendum,
1330 1855 1416 1942 qnod
1447 1857 1475 1920 si
1499 1857 1571 1942 quis
1594 1857 1692 1921 fucrit
1715 1857 1748 1920 in

39 1999 43 2012 ‚
99 1957 267 2042 premissis
289 1957 376 2023 nudo
401 1960 537 2024 consilio
563 1962 614 2024 vel
638 1960 779 2046 simplici
801 1960 913 2024 farore
937 1958 1126 2044 culpabilis,
1150 1957 1251 2024 iudex
1274 1961 1307 2023 in
1329 1960 1430 2025 talem
1453 1981 1572 2046 penam
1596 1961 1749 2025 metiatur

97 2083 139 2125 ex
162 2062 276 2147 culpa,
305 2070 342 2126 ut
372 2063 550 2128 secundum
578 2063 664 2149 quod
693 2085 852 2128 excessus
882 2062 1031 2147 exegerit
1061 2062 1204 2126 vindicta
1233 2062 1398 2150 procedat.
1443 2062 1618 2128 Promissis
1648 2064 1748 2128 etiam

97 2163 230 2250 dignum
253 2167 439 2230 censuimus
461 2166 712 2247 annectendum,
736 2171 772 2231 ut
795 2168 822 2231 si
846 2167 1018 2252 quisquam
1041 2167 1151 2250 aliquo
1169 2166 1390 2252 predictorum
1414 2187 1610 2231 excessuum
1633 2188 1746 2252 quem·

97 2288 193 2354 quarn
222 2268 262 2333 de
293 2270 421 2334 clericis
444 2271 496 2334 vel
525 2270 689 2354 religiosis
717 2276 828 2334 nostre
858 2269 980 2333 familie
1009 2270 1062 2333 vel
1092 2267 1304 2333 cardinalium
1330 2268 1461 2335 afficere
1491 2269 1575 2334 forte
1598 2291 1746 2356 presum-

96 2372 212 2457 pserit,
243 2374 509 2458 proportionetur
539 2395 624 2460 pena
653 2373 793 2447 delicto,
822 2375 868 2437 ita
891 2373 977 2458 qnod
998 2371 1142 2436 vindicta
1165 2394 1208 2438 cx
1232 2394 1314 2458 equo
1340 2374 1493 2438 excessui
1516 2372 1747 2458 respondente,

36 2513 39 2523 ·
97 2477 137 2540 ab
161 2477 287 2541 oflensa
308 2483 492 2542 nostrornm
522 2479 736 2543 cohibeantur
767 2477 923 2563 deinceps
950 2496 1065 2540 manus
1088 2477 1262 2540 temerarie
1286 2474 1458 2542 formidine
1480 2477 1633 2558 ultionis,
1665 2498 1747 2562 quos

97 2578 159 2645 Dei
181 2581 236 2645 vel
258 2587 370 2646 nostra
392 2602 451 2646 seu
473 2582 608 2646 fratrum
636 2565 822 2645 nostrorum
850 2581 1035 2644 reverentia
1066 2600 1131 2643 non
1162 2587 1301 2644 coercet.
1347 2578 1382 2644 si
1410 2580 1482 2666 quis
1505 2601 1583 2645 vero
1606 2581 1660 2645 vel
1688 2601 1748 2667 pcr

98 2705 132 2750 se
163 2687 216 2752 rel
246 2707 306 2772 per
333 2687 449 2766 aliurn,
484 2687 570 2772 quod
603 2687 704 2766 absit,
740 2684 897 2750 occiderit
927 2683 1125 2750 cardinalem
1155 2684 1207 2749 rel
1241 2683 1427 2750 evidentem
1460 2683 1588 2750 dederit
1616 2703 1748 2748 causam

98 2789 219 2870 mortis,
242 2790 447 2875 ultraquam
470 2791 632 2875 premissa
648 2791 847 2868 contineant,
872 2789 919 2853 sic
943 2790 976 2853 in
1000 2809 1073 2853 eum
1097 2794 1246 2873 potestas
1262 2787 1496 2853 iurisdictionis
1510 2788 1677 2874 insurgat,
1701 2787 1747 2851 sie

98 2890 184 2974 rigor
204 2892 339 2958 ultionis
363 2894 495 2968 insiliat,
518 2893 603 2977 quod
627 2899 740 2958 contra
763 2893 828 2957 vite
846 2892 1027 2957 subsidium
1051 2892 1163 2955 mortis
1181 2891 1336 2955 solacium
1363 2892 1502 2972 invocet,
1525 2892 1640 2956 vivens
1662 2911 1746 2977 peno

36 3011 44 3047 ὲ
99 3018 161 3062 non
185 2998 295 3082 culpe,
325 2997 469 3062 vindicte
500 2999 669 3083 speculum
698 3007 763 3062 non
786 2998 921 3062 offense.
967 2996 1032 3060 Per
1060 2996 1121 3060 hcc
1144 3016 1272 3080 quoque
1303 2994 1504 3059 secularibus
1527 2993 1747 3081 potestatibus

99 3121 159 3165 non
182 3099 356 3164 adimimus
371 3101 559 3166 facultatem
575 3101 688 3166 utendi
704 3102 834 3186 legibus
859 3107 973 3165 eontra
995 3101 1089 3178 tales,
1113 3121 1194 3184 quas
1217 3099 1374 3164 adversus
1391 3100 1569 3182 sacrilegos
1594 3097 1746 3162 catholici

98 3203 260 3290 principes
298 3203 479 3270 ediderunt.
536 3205 617 3279 Quis
652 3205 738 3269 enim
773 3206 864 3269 locus
905 3205 1073 3289 regiminis
1107 3205 1229 3289 poterit
1263 3226 1336 3269 esse
1377 3208 1488 3268 tutus?
1534 3203 1607 3288 quis
1639 3207 1749 3267 rector

100 3308 273 3371 securitate
295 3306 467 3390 gaudebit,
486 3309 512 3372 si
535 3308 682 3372 Romana
705 3310 864 3383 eeclesia,
897 3329 959 3392 qne
983 3308 1127 3372 omniurn
1151 3308 1363 3372 ecclesiarum
1386 3305 1582 3393 disponente
1604 3305 1746 3369 Domino

100 3415 192 3495 capnt
215 3416 266 3474 cst
290 3418 323 3475 et
346 3411 512 3496 magistra,
536 3411 667 3476 casibus
691 3412 763 3475 istis
781 3411 951 3488 subicitur,
976 3413 1003 3474 si
1027 3411 1097 3476 cius
1121 3411 1180 3474 filii
1203 3411 1365 3496 speciales
1382 3408 1567 3473 huiusmodi
1591 3408 1746 3494 periculis

100 3519 325 3600 exponuntur?
392 3514 497 3588 Quem
534 3516 674 3580 ecclesie
707 3515 824 3594 filiurn,
864 3535 961 3600 quem
996 3513 1074 3577 fidei
1108 3514 1283 3578 zelatorem
1322 3513 1522 3577 contumelia
1555 3517 1647 3575 tanta
1681 3531 1747 3574 non

99 3621 246 3702 tangeret
269 3625 303 3682 ct
318 3617 466 3682 confusio
490 3625 556 3682 tam
573 3641 691 3705 aspera
714 3640 779 3683 non
795 3625 964 3683 moveret?
1009 3617 1111 3681 Porro
1136 3617 1191 3702 qui
1206 3616 1293 3680 filius
1317 3622 1377 3694 cst,
1401 3615 1535 3692 dolebit,
1559 3615 1614 3698 qui
1629 3613 1746 3693 fidelis,

100 3727 198 3785 matre
221 3719 297 3785 fidei
321 3722 391 3785 losa
414 3720 551 3788 ledetur.
596 3720 803 3808 Quapropter
825 3723 852 3786 si
876 3723 1047 3808 princeps,
1072 3727 1220 3799 senator,
1244 3720 1374 3798 consul,
1397 3724 1563 3805 potestas,
1587 3717 1640 3781 vel
1663 3715 1746 3780 alius

99 3823 247 3889 dominus
281 3845 339 3889 ssu
373 3832 496 3896 rector,
533 3846 726 3912 quocunque
758 3827 889 3891 nomine
929 3830 1116 3902 censeatur,
1157 3830 1270 3888 contra
1303 3827 1548 3910 presumptores
1581 3820 1746 3905 predictos

99 3928 259 4012 presentis
283 3928 524 3992 constitutionis
548 3936 696 3994 tenorem
720 3951 785 3992 non
808 3929 924 3993 fecerit
948 3928 1133 4002 observari,
1157 3932 1223 3991 tam
1247 3928 1318 4012 ipse
1342 3947 1437 4010 quam
1462 3924 1620 3988 officiales
1643 3924 1746 4008 ipsius

99 4029 180 4094 infra
201 4051 360 4106 mensem,
383 4038 555 4118 postquam
579 4053 631 4096 res
654 4031 696 4095 ad
718 4033 867 4096 notitiam
891 4052 1004 4096 eorum
1021 4031 1218 4116 pervenerit,
1242 4028 1581 4094 excommunicatione
1603 4031 1746 4090 notetur.

99 4133 192 4207 Quod
215 4135 242 4198 si
265 4135 405 4221 populus
428 4136 527 4200 fuerit
550 4137 636 4200 circa
666 4137 730 4199 ista
754 4135 910 4199 remissus
934 4142 968 4198 ct
1000 4134 1040 4198 ad
1070 4132 1336 4198 satisfaciendum
1359 4137 1504 4197 rectores
1528 4137 1561 4194 ct
1588 4129 1746 4193 officiales

100 4239 168 4302 eius
195 4259 261 4303 non
297 4240 504 4325 compulerit,
536 4238 702 4304 Romanus
734 4241 883 4326 pontifex
914 4261 989 4303 cum
1022 4240 1090 4302 suis
1120 4237 1276 4301 fratribus
1306 4235 1456 4301 omnibus
1488 4234 1572 4298 infra
1599 4252 1746 4296 mensem

101 4347 209 4420 exeat,
233 4342 261 4406 si
284 4362 360 4407 eum
382 4341 504 4406 ibidem
529 4343 703 4427 contigerit
725 4350 802 4407 tunc
825 4343 959 4418 morari,
988 4351 1022 4405 et
1048 4348 1224 4426 antequam
1253 4341 1399 4427 plenarie
1431 4338 1584 4417 satisfiat,
1613 4335 1746 4400 minime

102 4451 296 4525 revertatur,
325 4445 389 4510 nisi
411 4445 521 4510 forsan
545 4445 742 4510 inevitabilis
767 4446 907 4511 ecclesie
931 4446 1112 4510 necessitas
1136 4445 1337 4523 immineret,
1360 4449 1614 4531 propterquam
1637 4439 1747 4504 exitus

104 4548 170 4612 eius
193 4555 227 4614 et
248 4547 383 4614 fratrum
407 4549 611 4634 periculosus
634 4549 848 4635 proculdubio
871 4549 1072 4614 redderetur.
1119 4548 1276 4613 Preterea
1300 4548 1328 4611 si
1350 4547 1490 4634 populus
1514 4551 1676 4611 rectorem
1700 4543 1747 4607 sic

104 4652 415 4716 excommunicatum
444 4652 541 4717 tertio
570 4653 730 4730 monitus,
762 4653 847 4717 sicut
877 4653 999 4738 poterit
1028 4651 1242 4730 commoneri,
1269 4673 1288 4716 a
1311 4651 1469 4736 regimine
1492 4669 1645 4714 amovere
1668 4667 1745 4711 con·

105 4756 279 4841 tempserit,
301 4755 480 4820 subiciatur
502 4755 617 4819 civitas
641 4755 824 4836 interdicto,
847 4777 1016 4842 usquequo
1040 4777 1183 4841 congrue
1207 4755 1397 4820 satisfaciat.

205 4874 283 4940 Dat.
304 4873 419 4955 Reate,
441 4873 636 4940 duodecimo
657 4875 732 4940 Kal.
755 4872 914 4940 Decemb.
936 4874 1145 4960 pontificatus
1168 4875 1272 4940 nostri
1293 4895 1378 4939 anno
1401 4875 1443 4940 X.
