4596 6406
141 5385 169 5424 40

803 367 1004 424 EPISTOLAE
1020 369 1210 427 subucula.
1248 374 1323 430 1239.
1811 387 1875 452 663

214 533 412 601 odlmoreado
439 537 589 602 astrictos
615 542 773 618 tencatur,
798 561 856 620 por
877 541 1045 628 [Petram]
1071 545 1246 627 episcopam
1272 546 1490 616 Ooshlloaom
1517 553 1714 636 obsolootor;
1741 559 1873 624 rrtortdot

215 639 253 718 ci,
275 644 311 703 ot
332 661 425 721 quom
448 641 543 706 citius
564 643 679 709 verim.
704 681 746 692 -
767 644 923 727 Episcopo
948 647 1128 713 Costclloao
1149 650 1334 716 marlotum
1356 672 1448 718 soom
1470 655 1507 720 do
1528 655 1586 722 boc
1608 661 1769 727 remittit.

851 833 856 844 1
1518 762 1611 840 1239,
1634 761 1711 829 Dec.
1735 767 1786 831 19.

321 827 405 900 Grep.
423 829 473 882 IX
490 829 559 900 Ray.
582 830 639 886 Vol.
667 831 713 898 VI,
730 835 800 900 133;
818 832 881 887 Lab.
901 833 993 900 XIII,
1012 840 1067 890 180
1084 839 1110 891 et
1127 841 1186 890 181.

321 917 397 971 N.I
420 935 465 987 op.
490 917 598 988 Uplselli
623 919 689 972 Ital.
714 935 783 974 socr.
808 926 827 974 t.
854 919 890 984 V,
910 937 940 990 p.
961 924 1006 986 89,
1032 923 1082 992 qui
1104 940 1146 993 ep.
1164 923 1292 979 Honorio
1315 926 1373 980 III
1390 945 1538 998 perperam
1561 932 1704 998 attribuit·
1729 939 1800 990 rocta
1827 955 1875 1009 op.

215 1001 248 1056 de
260 1000 377 1069 Rubris,
397 1003 473 1058 Mon.
486 1003 548 1058 cccl.
562 1005 655 1074 Aquil.
669 1022 699 1075 p.
720 1010 769 1059 711
788 1010 813 1060 et
824 1005 996 1077 Coppelletti,
1014 1008 1054 1062 Le
1071 1009 1157 1064 chiese
1174 1009 1300 1079 d’Itolio,
1319 1017 1338 1066 t.
1352 1013 1438 1079 VIII,
1456 1033 1484 1084 p.
1494 1020 1560 1072 257.
1595 1018 1637 1087 Os.
1647 1019 1786 1091 Potttost,
1804 1023 1874 1094 Rep.

215 1095 319 1161 10830,
337 1094 363 1147 et
380 1095 485 1161 10808,
501 1091 552 1147 obi
570 1095 759 1161 argumentum
776 1108 836 1148 cum
851 1110 946 1164 provo
962 1100 1031 1149 nolo
1050 1095 1243 1166 chronologico
1262 1098 1332 1153 Nor.
1351 1103 1384 1153 19
1402 1101 1509 1170 tegitur.

1031 1319 1059 1385 I.

369 1516 378 1535 .
407 1517 417 1536 .
445 1460 711 1553 patriarche
738 1461 1037 1555 Aquilcgensi
1065 1462 1271 1555 spiritum
1299 1468 1487 1542 consilii
1515 1472 1726 1549 sanioris

329 1611 482 1698 Speravit
504 1611 653 1676 Romana
676 1611 819 1677 eeclesia
840 1616 945 1675 mater
968 1616 1040 1691 tua,
1070 1617 1106 1676 ut
1128 1610 1214 1677 facte
1238 1613 1299 1678 tibi
1322 1616 1364 1680 ab
1388 1637 1429 1681 ea
1451 1619 1556 1704 gratio
1579 1623 1816 1708 noningratus
1841 1630 1874 1690 et

220 1715 451 1780 beneficiorum
482 1737 547 1781 non
577 1717 748 1782 immemor
774 1736 794 1779 a
824 1713 902 1780 seda
933 1713 1116 1799 apostolica
1144 1723 1391 1803 perceptorum,
1420 1741 1486 1786 non
1515 1723 1620 1789 solum
1649 1726 1684 1790 in
1715 1728 1873 1794 offensam

216 1819 321 1905 ipsius
344 1819 534 1884 nullatenus
557 1819 743 1907 prosilires,
773 1838 887 1882 rerum
915 1817 1015 1883 etiam
1045 1839 1173 1884 murum
1204 1841 1262 1906 pro
1287 1843 1328 1888 ea
1351 1829 1384 1889 te
1408 1845 1595 1912 opponeres
1618 1830 1873 1897 ascendentibus

216 1945 259 1988 ex
282 1923 431 1989 adverso.
478 1925 538 1990 Set
561 1931 597 1989 tu
620 1929 717 2011 prout
740 1922 893 1989 convenit
915 1943 981 1986 nou
1004 1922 1196 2002 attendens,
1220 1923 1389 1992 Friderico
1413 1927 1500 1994 dieto
1525 1931 1728 2018 imperatori,
1752 1935 1817 2002 Dei
1840 1944 1874 2003 ct

216 2028 357 2094 ecclesie
380 2027 529 2108 inimico,
559 2029 644 2095 iusta
674 2027 812 2094 anobis
836 2027 904 2091 suis
928 2025 1137 2111 exigentibus
1168 2029 1294 2094 meritis
1316 2033 1428 2098 multis
1453 2055 1495 2100 ex
1518 2039 1626 2103 causis
1649 2043 1873 2105 excommuni-

218 2132 359 2197 cationis
383 2133 513 2198 vinculo
538 2133 708 2216 innodato,
731 2155 814 2198 ausu
836 2129 1035 2217 dampnabili
1059 2133 1300 2200 communicare
1329 2141 1396 2200 tam
1419 2137 1452 2201 in
1476 2138 1594 2205 divinis
1617 2142 1754 2208 officiis¹
1777 2165 1873 2228 quam

217 2237 249 2302 in
273 2237 385 2302 osculo
409 2244 443 2302 et
465 2237 498 2302 in
528 2259 642 2302 mensa
665 2235 861 2322 contemptis
884 2235 1024 2300 ecclesie
1050 2235 1196 2301 clavibus
1219 2241 1458 2326 presumpsisti.
1504 2242 1600 2310 Licet
1622 2245 1723 2332 igitur
1744 2247 1806 2313 hec
1831 2249 1874 2314 sit

219 2341 314 2428 culpa
336 2341 369 2405 in
392 2363 457 2427 qua
479 2341 576 2428 culpa
599 2347 650 2407 est
678 2340 828 2406 relaxare
852 2338 1047 2418 vindictam,
1081 2345 1115 2404 et
1137 2339 1276 2406 facilitas
1300 2363 1363 2428 que
1387 2345 1581 2412 facilitatem
1604 2351 1700 2416 renis
1723 2351 1872 2416 demere-

214 2451 283 2526 tur,
317 2445 394 2531 quia
423 2451 532 2511 tamen
556 2465 715 2532 personas
738 2443 987 2508 karissimorum
1010 2443 1044 2507 in
1068 2441 1198 2510 Christo
1228 2446 1367 2512 filiorum
1391 2455 1576 2516 nostrorum
1599 2453 1638 2520 B.
1662 2453 1810 2541 Ungarie
1834 2477 1873 2521 ac

215 2547 252 2614 O.
281 2547 485 2614 Rutenorum
517 2571 632 2635 regum
670 2548 845 2614 illustrium
875 2553 1033 2633 nepotum
1065 2553 1193 2613 tuorum
1219 2550 1307 2616 inter
1336 2559 1465 2620 ceteros
1497 2575 1594 2640 reges
1626 2559 1805 2623 catholicos
1837 2566 1870 2624 et

215 2647 380 2739 principes
411 2651 615 2719 Christianos
645 2651 781 2740 speciali
812 2649 953 2738 quadam
981 2653 1192 2737 prerogativa
1220 2652 1406 2722 dilectionis
1439 2665 1473 2722 et
1500 2660 1605 2744 gratie
1635 2663 1872 2748 amplexamur,

216 2762 351 2842 propter
373 2754 460 2840 quod
483 2777 548 2822 non
571 2757 720 2822 velemus
744 2756 889 2842 ipsorum
906 2774 1021 2839 regum
1037 2752 1205 2821 dovotioni
1221 2778 1355 2844 negare,
1377 2761 1492 2848 inquo
1515 2761 1675 2829 debemus
1691 2764 1872 2830 secuudum

214 2857 323 2924 Deum
354 2859 453 2925 alium
485 2880 724 2947 quemcumque
753 2859 952 2926 catholicum
981 2859 1163 2946 principem
1191 2862 1367 2946 exaudire,
1398 2863 1482 2931 hanc
1510 2867 1571 2933 tihi
1601 2889 1660 2956 pro
1693 2868 1872 2936 eorundem

215 2963 405 3030 serenitatis
427 2964 551 3031 honore
574 2967 715 3051 gratiam
737 2965 916 3044 faciemus,
939 2969 975 3027 ut
998 2969 1174 3050 postquam
1196 2965 1237 3031 ad
1260 2988 1320 3032 nos
1345 2969 1409 3034 iter
1431 2971 1609 3058 arripueris
1635 2971 1806 3053 veniendi,
1829 2973 1871 3036 ab

215 3067 565 3134 excommunicationis
588 3069 730 3148 vinculo,
753 3090 817 3155 quo
841 3073 975 3155 propter
996 3066 1060 3132 hoc
1083 3069 1206 3135 teneris
1231 3071 1394 3154 astrictus,
1417 3095 1476 3161 per
1492 3075 1715 3141 venerabilem
1738 3075 1871 3141 fratrem

218 3179 365 3238 nostrum
394 3221 401 3237 .
427 3223 434 3238 .
463 3172 687 3240 Castellanum
716 3175 925 3261 episcopum,
959 3171 1011 3237 cui
1043 3194 1143 3259 super
1171 3173 1234 3239 hoe
1264 3176 1386 3262 scripta
1419 3185 1532 3244 nostra
1559 3177 1746 3265 dirigimus,
1779 3179 1873 3245 iuxta

219 3276 356 3341 formam
380 3277 521 3343 ecclesie
544 3278 736 3344 absolvaris.
782 3276 891 3351 Quare
914 3277 1118 3363 presentium
1141 3275 1201 3342 tibi
1230 3279 1424 3346 auctoritate
1452 3278 1493 3346 de
1523 3282 1658 3348 fratrum
1685 3289 1872 3349 nostrorum

218 3381 355 3446 consilio
378 3381 589 3468 precipiendo
613 3382 817 3464 mandamus,
841 3381 993 3468 quatinus
1025 3401 1121 3468 quam
1151 3381 1247 3447 citius
1274 3383 1398 3469 poteris
1422 3385 1534 3451 venire
1562 3385 1605 3451 ad
1628 3393 1772 3452 nostram
1795 3407 1870 3473 pre-

216 3485 356 3552 sentiam
379 3506 445 3550 non
466 3491 655 3572 postponas.

324 3605 401 3672 Dat.
424 3605 578 3674 Lateran.
600 3607 704 3673 XIIII
727 3607 802 3676 Kal.
826 3606 956 3674 Ianuar.
980 3606 1190 3693 pontificatus
1213 3609 1317 3673 nostri
1340 3630 1425 3674 auno
1449 3608 1544 3675 XIII.

1023 3830 1069 3896 Π.

747 4031 756 4051 .
785 4032 794 4050 .
823 3974 1040 4069 episcopo
1068 3973 1344 4053 castellano.

328 4123 458 4216 [Cum]⁸
481 4127 666 4215 patriarcha
688 4125 938 4212 Aquilegensis,
969 4147 1029 4213 pro
1060 4146 1100 4191 eo
1131 4122 1218 4211 quod
1240 4123 1408 4189 Friderieo
1433 4131 1496 4192 etc.
1519 4149 1639 4214 usquc:
1669 4128 1703 4191 in
1726 4127 1872 4208 mensal,

220 4239 254 4298 et
266 4234 342 4318 quia
361 4230 502 4298 eundem
521 4232 840 4297 excommunicatum
857 4230 1053 4296 denuntiare
1071 4230 1203 4316 publice
1218 4230 1430 4316 pretermisit,
1446 4239 1543 4318 prout
1559 4254 1579 4296 a
1594 4231 1689 4298 uobis
1702 4238 1873 4318 receperat

218 4337 251 4401 in
269 4335 439 4418 mandatis,
463 4336 541 4401 licet
555 4335 618 4400 hoc
634 4355 745 4399 eoram
760 4334 908 4421 pluribus
925 4333 1056 4400 duxerit
1070 4332 1313 4419 exequendum,
1336 4333 1378 4398 ad
1393 4341 1540 4400 nostram
1557 4337 1655 4402 etiam
1671 4337 1872 4424 presentiam

217 4440 366 4528 protinus
396 4461 461 4505 non
490 4439 667 4520 accedens,
699 4445 797 4525 prout
828 4460 870 4502 ex
900 4443 994 4525 parte
1025 4443 1139 4501 nostra
1172 4436 1236 4501 sibi
1264 4438 1372 4502 iuerat
1398 4438 1648 4522 demandatum,
1678 4441 1871 4506 auctoritate

219 4549 333 4610 nostra
348 4543 478 4608 vinculo
502 4543 602 4609 suerit
625 4542 973 4608 excommunicationis
997 4540 1162 4622 astrictus,
1185 4540 1388 4621 mandamus,
1412 4543 1564 4628 quatinus
1588 4543 1773 4629 patriarche
1796 4567 1871 4631 prc-

220 4648 322 4728 dicto,
350 4653 523 4735 postquam
553 4647 617 4712 iter
643 4644 683 4710 ad
711 4667 772 4710 nos
800 4646 962 4731 inceperit
989 4643 1162 4724 veniendi,
1192 4644 1285 4708 iuxta
1307 4645 1444 4711 formam
1468 4648 1609 4713 ecclesie
1633 4667 1752 4713 munuc
1775 4647 1871 4713 abso-

221 4751 354 4818 lutionis
377 4749 549 4837 impendas
572 4749 738 4816 humiliter
753 4749 943 4837 postulanti.
985 4748 1138 4814 Formam
1159 4754 1269 4814 autem
1291 4749 1476 4832 iuramenti,
1500 4751 1587 4837 quod
1609 4751 1680 4839 ipse
1703 4753 1872 4838 prestabit,

219 4856 261 4922 da
277 4855 378 4921 verbo
401 4852 595 4920 adverbum
618 4853 712 4920 nobis
735 4877 796 4940 par
818 4855 890 4920 eius
913 4859 1065 4940 patentes
1088 4853 1216 4918 litteras
1240 4873 1299 4916 suo
1323 4853 1432 4938 sigillo
1457 4856 1602 4941 signatas
1626 4864 1659 4921 ct
1681 4877 1872 4943 processum

220 4969 312 5026 tuum
336 4979 436 5046 super
458 4958 520 5024 hoc
543 4979 602 5045 per
624 4959 791 5046 proprium
813 4959 964 5024 nuntium
986 4957 1080 5023 nobis
1104 4957 1297 5046 quantocius
1321 4956 1453 5022 studeas
1475 4956 1651 5026 destinare.

326 5077 403 5146 Dat.
426 5085 463 5144 ut
486 5099 594 5165 supra.

817 5257 903 5263 -,,-
914 5257 972 5263 ,-,,
1232 5253 1600 5261 ..-——-.--..-.·—---·-.-—..-—-
1614 5255 1767 5262 .-.———....

325 5377 348 5440 ¹)
365 5378 431 5428 Cum
449 5377 517 5428 deest
534 5377 562 5427 io
580 5375 611 5428 R.
710 5372 732 5439 ι1
753 5373 824 5426 Ordo
842 5375 976 5427 moenum
992 5375 1114 5442 epistolae
1134 5375 1314 5440 praecedentis
1335 5373 1371 5424 ilo
1395 5373 1541 5426 immutabis
1565 5391 1617 5426 eoae
1634 5374 1746 5438 ridetur,
1769 5382 1797 5424 ut
1818 5391 1872 5442 pra

219 5464 339 5530 sumpsit,
363 5463 432 5529 qaod
448 5463 636 5527 desideramus,
659 5463 686 5512 in
703 5461 786 5514 medio
805 5462 916 5529 poetam
941 5463 987 5524 rit,·
1013 5463 1164 5528 contamptis
1187 5462 1294 5513 aeclesis
1317 5459 1434 5512 clavibus
1454 5462 1570 5527 sortasse
1593 5461 1753 5522 arbitrum
1776 5463 1810 5528 cs.
1833 5479 1872 5528 ep.

219 5555 337 5614 (1.1211,
358 5551 415 5601 Ion.
437 5553 480 5601 118.

327 5687 353 5758 1)
375 5685 517 5742 l'icentioc
535 5687 565 5739 in
582 5685 655 5756 sesto
668 5691 845 5758 pmtecostes,
863 5683 935 5739 Μαί.
954 5690 999 5748 1o,·
1016 5682 1054 5751 cs.
1072 5699 1114 5752 ep.
1133 5699 1160 5736 o.
1178 5685 1258 5750 1240,
1276 5681 1330 5735 Iol.
1351 5685 1373 5736 7.
