<?xml version="1.0" encoding="UTF-8"?>
<!DOCTYPE html PUBLIC "-//W3C//DTD XHTML 1.0 Transitional//EN"
    "http://www.w3.org/TR/xhtml1/DTD/xhtml1-transitional.dtd">
<html xmlns="http://www.w3.org/1999/xhtml" xml:lang="en" lang="en">
 <head>
  <title>
</title>
<meta http-equiv="Content-Type" content="text/html;charset=utf-8" />
  <meta name='ocr-system' content='tesseract 3.04.00' />
  <meta name='ocr-capabilities' content='ocr_page ocr_carea ocr_par ocr_line ocrx_word'/>
</head>
<body>
  <div class='ocr_page' id='page_1' title='image "./monumentagerman00peipgoog/monumentagerman00peipgoog_0112.png"; bbox 0 0 4494 6426; ppageno 0'>
   <div class='ocr_carea' id='block_1_1' title="bbox 738 315 1828 388">
    <p class='ocr_par' dir='ltr' id='par_1_1' title="bbox 738 315 1828 388">
     <span class='ocr_line' id='line_1_1' title="bbox 738 315 1828 388; baseline 0.004 -16"><span class='ocrx_word' id='word_1_1' title='bbox 738 315 939 372; x_wconf 76' lang='lat' dir='ltr'><em>seraranan</em></span> <span class='ocrx_word' id='word_1_2' title='bbox 956 316 1146 372; x_wconf 79' lang='lat' dir='ltr'><em>succensa.</em></span> <span class='ocrx_word' id='word_1_3' title='bbox 1182 319 1258 375; x_wconf 81' lang='lat' dir='ltr'><em>roro.</em></span> <span class='ocrx_word' id='word_1_4' title='bbox 1787 326 1828 388; x_wconf 75' lang='lat'><em>89</em></span> 
     </span>
    </p>
   </div>
   <div class='ocr_carea' id='block_1_2' title="bbox 154 475 1830 678">
    <p class='ocr_par' dir='ltr' id='par_1_2' title="bbox 154 475 1830 678">
     <span class='ocr_line' id='line_1_2' title="bbox 154 475 1830 577; baseline 0.007 -30"><span class='ocrx_word' id='word_1_5' title='bbox 154 475 301 566; x_wconf 60' lang='lat' dir='ltr'><em>‘deficiat</em></span> <span class='ocrx_word' id='word_1_6' title='bbox 324 486 542 567; x_wconf 73' lang='lat' dir='ltr'><em>tutelaribus,</em></span> <span class='ocrx_word' id='word_1_7' title='bbox 564 509 634 554; x_wconf 81' lang='lat' dir='ltr'><em>cunc</em></span> <span class='ocrx_word' id='word_1_8' title='bbox 647 489 869 574; x_wconf 83' lang='lat' dir='ltr'><em>F[riderteus]</em></span> <span class='ocrx_word' id='word_1_9' title='bbox 882 487 1098 555; x_wconf 85' lang='lat' dir='ltr'><em>Romanorum</em></span> <span class='ocrx_word' id='word_1_10' title='bbox 1120 512 1178 556; x_wconf 83' lang='lat' dir='ltr'><em>reu</em></span> <span class='ocrx_word' id='word_1_11' title='bbox 1199 493 1282 556; x_wconf 86' lang='lat' dir='ltr'><em>circa</em></span> <span class='ocrx_word' id='word_1_12' title='bbox 1300 492 1416 577; x_wconf 81' lang='lat' dir='ltr'><em>festum</em></span> <span class='ocrx_word' id='word_1_13' title='bbox 1439 495 1521 560; x_wconf 84' lang='lat' dir='ltr'><em>lenti</em></span> <span class='ocrx_word' id='word_1_14' title='bbox 1534 493 1704 560; x_wconf 77' lang='lat' dir='ltr'><em>Michaelis</em></span> <span class='ocrx_word' id='word_1_15' title='bbox 1724 495 1830 560; x_wconf 86' lang='lat' dir='ltr'><em>uenire</em></span> 
     </span>
     <span class='ocr_line' id='line_1_3' title="bbox 170 591 1741 678; baseline 0.006 -26"><span class='ocrx_word' id='word_1_16' title='bbox 170 591 371 670; x_wconf 68' lang='lat' dir='ltr'><em>proposuerit</em></span> <span class='ocrx_word' id='word_1_17' title='bbox 392 592 596 670; x_wconf 78' lang='lat' dir='ltr'><em>coronandus,</em></span> <span class='ocrx_word' id='word_1_18' title='bbox 618 592 730 657; x_wconf 77' lang='lat' dir='ltr'><em>dunde</em></span> <span class='ocrx_word' id='word_1_19' title='bbox 750 597 874 658; x_wconf 81' lang='lat' dir='ltr'><em>erectore</em></span> <span class='ocrx_word' id='word_1_20' title='bbox 895 593 1033 658; x_wconf 85' lang='lat' dir='ltr'><em>Domino</em></span> <span class='ocrx_word' id='word_1_21' title='bbox 1055 593 1332 678; x_wconf 74' lang='lat' dir='ltr'><em>transfretaturus.</em></span> <span class='ocrx_word' id='word_1_22' title='bbox 1486 601 1579 676; x_wconf 81' lang='lat'><em>1220,</em></span> <span class='ocrx_word' id='word_1_23' title='bbox 1602 599 1667 664; x_wconf 87' lang='lat' dir='ltr'><em>Iul.</em></span> <span class='ocrx_word' id='word_1_24' title='bbox 1689 602 1741 662; x_wconf 75' lang='lat'><em>24.</em></span> 
     </span>
    </p>
   </div>
   <div class='ocr_carea' id='block_1_3' title="bbox 280 707 892 869">
    <p class='ocr_par' dir='ltr' id='par_1_3' title="bbox 280 707 892 869">
     <span class='ocr_line' id='line_1_4' title="bbox 280 707 892 783; baseline 0.01 -22"><span class='ocrx_word' id='word_1_25' title='bbox 280 707 354 761; x_wconf 84' lang='lat' dir='ltr'><em>Han.</em></span> <span class='ocrx_word' id='word_1_26' title='bbox 372 712 426 763; x_wconf 92' lang='grc' dir='ltr'><em>ΙΙΙ</em></span> <span class='ocrx_word' id='word_1_27' title='bbox 441 710 511 783; x_wconf 76' lang='lat' dir='ltr'><em>Ray.</em></span> <span class='ocrx_word' id='word_1_28' title='bbox 533 712 590 766; x_wconf 86' lang='lat' dir='ltr'><em>Vol.</em></span> <span class='ocrx_word' id='word_1_29' title='bbox 609 714 667 776; x_wconf 92' lang='grc' dir='ltr'><em>ΙΙΙ,</em></span> <span class='ocrx_word' id='word_1_30' title='bbox 686 718 713 780; x_wconf 87' lang='grc'><em>1;</em></span> <span class='ocrx_word' id='word_1_31' title='bbox 732 712 795 768; x_wconf 85' lang='lat' dir='ltr'><em>Lib.</em></span> <span class='ocrx_word' id='word_1_32' title='bbox 819 713 849 782; x_wconf 80' lang='lat' dir='ltr'><em>V,</em></span> <span class='ocrx_word' id='word_1_33' title='bbox 868 718 892 767; x_wconf 88' lang='lat'><em>1.</em></span> 
     </span>
     <span class='ocr_line' id='line_1_5' title="bbox 280 793 602 869; baseline 0.019 -23"><span class='ocrx_word' id='word_1_34' title='bbox 280 793 417 860; x_wconf 82' lang='lat' dir='ltr'><em>Potthost,</em></span> <span class='ocrx_word' id='word_1_35' title='bbox 433 796 501 869; x_wconf 73' lang='lat' dir='ltr'><em>Ray.</em></span> <span class='ocrx_word' id='word_1_36' title='bbox 521 801 602 853; x_wconf 86' lang='lat'><strong><em>6310.</em></strong></span> 
     </span>
    </p>
   </div>
   <div class='ocr_carea' id='block_1_4' title="bbox 403 976 1603 1074">
    <p class='ocr_par' dir='ltr' id='par_1_4' title="bbox 403 976 1603 1074">
     <span class='ocr_line' id='line_1_6' title="bbox 403 976 1603 1074; baseline 0.006 -27"><span class='ocrx_word' id='word_1_37' title='bbox 403 1031 411 1047; x_wconf 94' lang='lat'><strong>.</strong></span> <span class='ocrx_word' id='word_1_38' title='bbox 439 1033 447 1049; x_wconf 94' lang='lat'><strong>.</strong></span> <span class='ocrx_word' id='word_1_39' title='bbox 475 976 715 1052; x_wconf 86' lang='lat' dir='ltr'><em>Albanensi</em></span> <span class='ocrx_word' id='word_1_40' title='bbox 744 979 972 1070; x_wconf 86' lang='lat' dir='ltr'><em>episcope,</em></span> <span class='ocrx_word' id='word_1_41' title='bbox 1008 977 1261 1070; x_wconf 88' lang='lat' dir='ltr'><em>apostolice</em></span> <span class='ocrx_word' id='word_1_42' title='bbox 1289 977 1410 1053; x_wconf 86' lang='lat' dir='ltr'><em>sedis</em></span> <span class='ocrx_word' id='word_1_43' title='bbox 1437 979 1603 1074; x_wconf 84' lang='lat' dir='ltr'><em>legata.</em></span> 
     </span>
    </p>
   </div>
   <div class='ocr_carea' id='block_1_5' title="bbox 171 1124 1827 5243">
    <p class='ocr_par' dir='ltr' id='par_1_5' title="bbox 171 1124 1827 5243">
     <span class='ocr_line' id='line_1_7' title="bbox 285 1124 1825 1215; baseline 0.005 -26"><span class='ocrx_word' id='word_1_44' title='bbox 285 1126 316 1189; x_wconf 83' lang='lat' dir='ltr'>A</span> <span class='ocrx_word' id='word_1_45' title='bbox 331 1125 491 1191; x_wconf 87' lang='lat' dir='ltr'><em>memoria</em></span> <span class='ocrx_word' id='word_1_46' title='bbox 512 1134 645 1190; x_wconf 88' lang='lat' dir='ltr'><em>tuanen</em></span> <span class='ocrx_word' id='word_1_47' title='bbox 670 1125 833 1190; x_wconf 87' lang='lat' dir='ltr'><em>eredimus</em></span> <span class='ocrx_word' id='word_1_48' title='bbox 850 1124 1026 1206; x_wconf 80' lang='lat' dir='ltr'><em>excidisse,</em></span> <span class='ocrx_word' id='word_1_49' title='bbox 1050 1125 1190 1210; x_wconf 81' lang='lat' dir='ltr'><em>qualiter</em></span> <span class='ocrx_word' id='word_1_50' title='bbox 1211 1127 1308 1213; x_wconf 88' lang='lat' dir='ltr'><em>paulo</em></span> <span class='ocrx_word' id='word_1_51' title='bbox 1332 1135 1406 1214; x_wconf 92' lang='lat' dir='ltr'><em>post</em></span> <span class='ocrx_word' id='word_1_52' title='bbox 1423 1128 1663 1215; x_wconf 84' lang='lat' dir='ltr'><em>promotionem</em></span> <span class='ocrx_word' id='word_1_53' title='bbox 1680 1137 1825 1196; x_wconf 89' lang='lat' dir='ltr'><em>nostram</em></span> 
     </span>
     <span class='ocr_line' id='line_1_8' title="bbox 177 1226 1826 1312; baseline 0.004 -21"><span class='ocrx_word' id='word_1_54' title='bbox 177 1227 218 1292; x_wconf 88' lang='lat' dir='ltr'><em>de</em></span> <span class='ocrx_word' id='word_1_55' title='bbox 241 1229 405 1293; x_wconf 88' lang='lat' dir='ltr'><em>communi</em></span> <span class='ocrx_word' id='word_1_56' title='bbox 422 1230 559 1294; x_wconf 88' lang='lat' dir='ltr'><em>consilio</em></span> <span class='ocrx_word' id='word_1_57' title='bbox 575 1227 710 1293; x_wconf 80' lang='lat' dir='ltr'><em>fratrum</em></span> <span class='ocrx_word' id='word_1_58' title='bbox 731 1235 917 1292; x_wconf 90' lang='lat' dir='ltr'><em>nostrorum</em></span> <span class='ocrx_word' id='word_1_59' title='bbox 934 1226 995 1291; x_wconf 90' lang='lat' dir='ltr'><em>fuit</em></span> <span class='ocrx_word' id='word_1_60' title='bbox 1011 1227 1152 1291; x_wconf 86' lang='lat' dir='ltr'><em>maxime</em></span> <span class='ocrx_word' id='word_1_61' title='bbox 1168 1235 1201 1292; x_wconf 93' lang='lat' dir='ltr'><em>te</em></span> <span class='ocrx_word' id='word_1_62' title='bbox 1218 1229 1376 1294; x_wconf 84' lang='lat' dir='ltr'><em>suadente</em></span> <span class='ocrx_word' id='word_1_63' title='bbox 1395 1236 1565 1312; x_wconf 87' lang='lat' dir='ltr'><em>statutum,</em></span> <span class='ocrx_word' id='word_1_64' title='bbox 1588 1237 1624 1296; x_wconf 93' lang='lat' dir='ltr'><em>ut</em></span> <span class='ocrx_word' id='word_1_65' title='bbox 1640 1231 1682 1296; x_wconf 89' lang='lat' dir='ltr'><em>ad</em></span> <span class='ocrx_word' id='word_1_66' title='bbox 1697 1254 1826 1299; x_wconf 91' lang='lat' dir='ltr'><em>omnem</em></span> 
     </span>
     <span class='ocr_line' id='line_1_9' title="bbox 178 1331 1827 1416; baseline 0.005 -22"><span class='ocrx_word' id='word_1_67' title='bbox 178 1331 394 1416; x_wconf 83' lang='lat' dir='ltr'><em>suspitionem</em></span> <span class='ocrx_word' id='word_1_68' title='bbox 418 1332 582 1396; x_wconf 88' lang='lat' dir='ltr'><em>vitandam</em></span> <span class='ocrx_word' id='word_1_69' title='bbox 614 1331 655 1396; x_wconf 89' lang='lat' dir='ltr'><em>de</em></span> <span class='ocrx_word' id='word_1_70' title='bbox 689 1333 847 1397; x_wconf 87' lang='lat' dir='ltr'><em>vicesima</em></span> <span class='ocrx_word' id='word_1_71' title='bbox 868 1333 922 1395; x_wconf 92' lang='lat' dir='ltr'><em>vel</em></span> <span class='ocrx_word' id='word_1_72' title='bbox 949 1331 1175 1416; x_wconf 81' lang='lat' dir='ltr'><em>redemptione</em></span> <span class='ocrx_word' id='word_1_73' title='bbox 1197 1338 1348 1397; x_wconf 91' lang='lat' dir='ltr'><em>votorum</em></span> <span class='ocrx_word' id='word_1_74' title='bbox 1370 1334 1411 1396; x_wconf 92' lang='lat' dir='ltr'><em>ad</em></span> <span class='ocrx_word' id='word_1_75' title='bbox 1436 1355 1552 1400; x_wconf 90' lang='lat' dir='ltr'><em>manus</em></span> <span class='ocrx_word' id='word_1_76' title='bbox 1576 1342 1705 1400; x_wconf 90' lang='lat' dir='ltr'><em>nostras</em></span> <span class='ocrx_word' id='word_1_77' title='bbox 1727 1338 1827 1403; x_wconf 82' lang='lat' dir='ltr'><em>nichil</em></span> 
     </span>
     <span class='ocr_line' id='line_1_10' title="bbox 178 1415 1826 1524; baseline 0.004 -26"><span class='ocrx_word' id='word_1_78' title='bbox 178 1434 310 1519; x_wconf 88' lang='lat' dir='ltr'><em>penitus</em></span> <span class='ocrx_word' id='word_1_79' title='bbox 322 1415 507 1516; x_wconf 77' lang='lat' dir='ltr'><em>deveniret,</em></span> <span class='ocrx_word' id='word_1_80' title='bbox 524 1433 582 1498; x_wconf 90' lang='lat' dir='ltr'><em>sed</em></span> <span class='ocrx_word' id='word_1_81' title='bbox 597 1435 756 1499; x_wconf 89' lang='lat' dir='ltr'><em>vicesima</em></span> <span class='ocrx_word' id='word_1_82' title='bbox 771 1435 973 1518; x_wconf 89' lang='lat' dir='ltr'><em>singularum</em></span> <span class='ocrx_word' id='word_1_83' title='bbox 990 1434 1157 1498; x_wconf 91' lang='lat' dir='ltr'><em>diocesum</em></span> <span class='ocrx_word' id='word_1_84' title='bbox 1173 1434 1226 1498; x_wconf 93' lang='lat' dir='ltr'><em>vel</em></span> <span class='ocrx_word' id='word_1_85' title='bbox 1241 1435 1481 1521; x_wconf 89' lang='lat' dir='ltr'><em>provinciarum</em></span> <span class='ocrx_word' id='word_1_86' title='bbox 1504 1459 1563 1524; x_wconf 88' lang='lat' dir='ltr'><em>per</em></span> <span class='ocrx_word' id='word_1_87' title='bbox 1578 1439 1665 1503; x_wconf 88' lang='lat' dir='ltr'><em>viros</em></span> <span class='ocrx_word' id='word_1_88' title='bbox 1680 1439 1826 1520; x_wconf 87' lang='lat' dir='ltr'><em>idoneos,</em></span> 
     </span>
     <span class='ocr_line' id='line_1_11' title="bbox 178 1529 1827 1624; baseline 0.004 -23"><span class='ocrx_word' id='word_1_89' title='bbox 178 1545 212 1601; x_wconf 90' lang='lat' dir='ltr'><em>et</em></span> <span class='ocrx_word' id='word_1_90' title='bbox 233 1537 374 1602; x_wconf 83' lang='lat' dir='ltr'><em>maxime</em></span> <span class='ocrx_word' id='word_1_91' title='bbox 403 1559 463 1623; x_wconf 91' lang='lat' dir='ltr'><em>per</em></span> <span class='ocrx_word' id='word_1_92' title='bbox 493 1538 637 1602; x_wconf 89' lang='lat' dir='ltr'><em>locorum</em></span> <span class='ocrx_word' id='word_1_93' title='bbox 667 1539 858 1624; x_wconf 88' lang='lat' dir='ltr'><em>episcopos,</em></span> <span class='ocrx_word' id='word_1_94' title='bbox 889 1537 917 1600; x_wconf 92' lang='lat' dir='ltr'><em>si</em></span> <span class='ocrx_word' id='word_1_95' title='bbox 946 1529 1169 1622; x_wconf 82' lang='lat' dir='ltr'><em>crucesignati</em></span> <span class='ocrx_word' id='word_1_96' title='bbox 1193 1545 1321 1620; x_wconf 89' lang='lat' dir='ltr'><em>essent,</em></span> <span class='ocrx_word' id='word_1_97' title='bbox 1353 1545 1541 1624; x_wconf 90' lang='lat' dir='ltr'><em>portaretur</em></span> <span class='ocrx_word' id='word_1_98' title='bbox 1568 1541 1713 1607; x_wconf 87' lang='lat' dir='ltr'><em>fideliter</em></span> <span class='ocrx_word' id='word_1_99' title='bbox 1741 1544 1827 1608; x_wconf 87' lang='lat' dir='ltr'><em>ultre</em></span> 
     </span>
     <span class='ocr_line' id='line_1_12' title="bbox 175 1640 1826 1732; baseline 0.004 -26"><span class='ocrx_word' id='word_1_100' title='bbox 175 1663 275 1722; x_wconf 89' lang='lat' dir='ltr'><em>mare,</em></span> <span class='ocrx_word' id='word_1_101' title='bbox 300 1640 526 1707; x_wconf 89' lang='lat' dir='ltr'><em>distribuenda</em></span> <span class='ocrx_word' id='word_1_102' title='bbox 549 1641 589 1706; x_wconf 92' lang='lat' dir='ltr'><em>de</em></span> <span class='ocrx_word' id='word_1_103' title='bbox 613 1643 749 1707; x_wconf 91' lang='lat' dir='ltr'><em>consilio</em></span> <span class='ocrx_word' id='word_1_104' title='bbox 772 1642 853 1718; x_wconf 90' lang='lat' dir='ltr'><em>eius,</em></span> <span class='ocrx_word' id='word_1_105' title='bbox 879 1641 934 1726; x_wconf 91' lang='lat' dir='ltr'><em>qui</em></span> <span class='ocrx_word' id='word_1_106' title='bbox 957 1647 1047 1705; x_wconf 89' lang='lat' dir='ltr'><em>esset</em></span> <span class='ocrx_word' id='word_1_107' title='bbox 1069 1640 1115 1703; x_wconf 94' lang='lat' dir='ltr'><em>ibi</em></span> <span class='ocrx_word' id='word_1_108' title='bbox 1138 1640 1284 1725; x_wconf 87' lang='lat' dir='ltr'><em>legatus,</em></span> <span class='ocrx_word' id='word_1_109' title='bbox 1307 1642 1482 1727; x_wconf 89' lang='lat' dir='ltr'><em>presertim</em></span> <span class='ocrx_word' id='word_1_110' title='bbox 1506 1643 1592 1708; x_wconf 87' lang='lat' dir='ltr'><em>inter</em></span> <span class='ocrx_word' id='word_1_111' title='bbox 1615 1647 1826 1732; x_wconf 88' lang='lat' dir='ltr'><em>crucesigna-</em></span> 
     </span>
     <span class='ocr_line' id='line_1_13' title="bbox 176 1743 1826 1834; baseline 0.004 -26"><span class='ocrx_word' id='word_1_112' title='bbox 176 1753 228 1810; x_wconf 85' lang='lat' dir='ltr'><em>tos</em></span> <span class='ocrx_word' id='word_1_113' title='bbox 251 1746 378 1810; x_wconf 88' lang='lat' dir='ltr'><em>illarum</em></span> <span class='ocrx_word' id='word_1_114' title='bbox 401 1746 586 1828; x_wconf 90' lang='lat' dir='ltr'><em>diocesum,</em></span> <span class='ocrx_word' id='word_1_115' title='bbox 615 1746 647 1810; x_wconf 90' lang='lat' dir='ltr'><em>in</em></span> <span class='ocrx_word' id='word_1_116' title='bbox 677 1745 795 1832; x_wconf 89' lang='lat' dir='ltr'><em>quibus</em></span> <span class='ocrx_word' id='word_1_117' title='bbox 825 1744 965 1808; x_wconf 90' lang='lat' dir='ltr'><em>collecta</em></span> <span class='ocrx_word' id='word_1_118' title='bbox 995 1743 1122 1810; x_wconf 85' lang='lat' dir='ltr'><em>fuisset.</em></span> <span class='ocrx_word' id='word_1_119' title='bbox 1166 1743 1381 1809; x_wconf 89' lang='lat' dir='ltr'><em>Postmodum</em></span> <span class='ocrx_word' id='word_1_120' title='bbox 1404 1752 1514 1811; x_wconf 88' lang='lat' dir='ltr'><em>autem</em></span> <span class='ocrx_word' id='word_1_121' title='bbox 1538 1748 1633 1812; x_wconf 91' lang='lat' dir='ltr'><em>multi</em></span> <span class='ocrx_word' id='word_1_122' title='bbox 1655 1756 1826 1834; x_wconf 88' lang='lat' dir='ltr'><em>magnates</em></span> 
     </span>
     <span class='ocr_line' id='line_1_14' title="bbox 177 1845 1826 1936; baseline 0.002 -22"><span class='ocrx_word' id='word_1_123' title='bbox 177 1856 210 1914; x_wconf 89' lang='lat' dir='ltr'><em>et</em></span> <span class='ocrx_word' id='word_1_124' title='bbox 232 1856 384 1936; x_wconf 88' lang='lat' dir='ltr'><em>potentes</em></span> <span class='ocrx_word' id='word_1_125' title='bbox 414 1849 632 1935; x_wconf 75' lang='lat' dir='ltr'><em>crucesignati</em></span> <span class='ocrx_word' id='word_1_126' title='bbox 661 1849 826 1926; x_wconf 89' lang='lat' dir='ltr'><em>dicentes,</em></span> <span class='ocrx_word' id='word_1_127' title='bbox 861 1845 948 1932; x_wconf 91' lang='lat' dir='ltr'><em>quod</em></span> <span class='ocrx_word' id='word_1_128' title='bbox 970 1845 1011 1911; x_wconf 89' lang='lat' dir='ltr'><em>ad</em></span> <span class='ocrx_word' id='word_1_129' title='bbox 1043 1847 1238 1932; x_wconf 87' lang='lat' dir='ltr'><em>exequenda</em></span> <span class='ocrx_word' id='word_1_130' title='bbox 1261 1855 1338 1912; x_wconf 87' lang='lat' dir='ltr'><em>vota</em></span> <span class='ocrx_word' id='word_1_131' title='bbox 1362 1870 1421 1914; x_wconf 88' lang='lat' dir='ltr'><em>sua</em></span> <span class='ocrx_word' id='word_1_132' title='bbox 1445 1850 1596 1918; x_wconf 88' lang='lat' dir='ltr'><em>sibinen</em></span> <span class='ocrx_word' id='word_1_133' title='bbox 1621 1853 1826 1918; x_wconf 90' lang='lat' dir='ltr'><em>sufficiebant</em></span> 
     </span>
     <span class='ocr_line' id='line_1_15' title="bbox 175 1950 1825 2040; baseline 0.003 -23"><span class='ocrx_word' id='word_1_134' title='bbox 175 1953 307 2040; x_wconf 91' lang='lat' dir='ltr'><em>proprie</em></span> <span class='ocrx_word' id='word_1_135' title='bbox 330 1953 514 2034; x_wconf 75' lang='lat' dir='ltr'><em>facultates,</em></span> <span class='ocrx_word' id='word_1_136' title='bbox 539 1953 751 2018; x_wconf 89' lang='lat' dir='ltr'><em>obtinuerunt</em></span> <span class='ocrx_word' id='word_1_137' title='bbox 773 1973 794 2015; x_wconf 91' lang='lat' dir='ltr'><em>a</em></span> <span class='ocrx_word' id='word_1_138' title='bbox 815 1950 910 2016; x_wconf 91' lang='lat' dir='ltr'><em>nobis</em></span> <span class='ocrx_word' id='word_1_139' title='bbox 933 1950 974 2015; x_wconf 92' lang='lat' dir='ltr'><em>de</em></span> <span class='ocrx_word' id='word_1_140' title='bbox 998 1950 1134 2014; x_wconf 91' lang='lat' dir='ltr'><em>consilio</em></span> <span class='ocrx_word' id='word_1_141' title='bbox 1158 1950 1296 2015; x_wconf 86' lang='lat' dir='ltr'><em>fratrum</em></span> <span class='ocrx_word' id='word_1_142' title='bbox 1317 1958 1504 2017; x_wconf 89' lang='lat' dir='ltr'><em>nostrorum</em></span> <span class='ocrx_word' id='word_1_143' title='bbox 1526 1954 1716 2020; x_wconf 81' lang='lat' dir='ltr'><em>vicesimam</em></span> <span class='ocrx_word' id='word_1_144' title='bbox 1738 1961 1825 2022; x_wconf 89' lang='lat' dir='ltr'><em>terre</em></span> 
     </span>
     <span class='ocr_line' id='line_1_16' title="bbox 176 2052 1825 2140; baseline 0.002 -19"><span class='ocrx_word' id='word_1_145' title='bbox 176 2077 247 2122; x_wconf 89' lang='lat' dir='ltr'><em>sue.</em></span> <span class='ocrx_word' id='word_1_146' title='bbox 291 2057 415 2121; x_wconf 90' lang='lat' dir='ltr'><em>Verum</em></span> <span class='ocrx_word' id='word_1_147' title='bbox 442 2056 610 2136; x_wconf 87' lang='lat' dir='ltr'><em>videntes,</em></span> <span class='ocrx_word' id='word_1_148' title='bbox 637 2056 717 2119; x_wconf 90' lang='lat' dir='ltr'><em>licet</em></span> <span class='ocrx_word' id='word_1_149' title='bbox 747 2075 837 2133; x_wconf 90' lang='lat' dir='ltr'><em>sero,</em></span> <span class='ocrx_word' id='word_1_150' title='bbox 870 2052 956 2138; x_wconf 91' lang='lat' dir='ltr'><em>quod</em></span> <span class='ocrx_word' id='word_1_151' title='bbox 987 2054 1034 2118; x_wconf 92' lang='lat' dir='ltr'><em>sic</em></span> <span class='ocrx_word' id='word_1_152' title='bbox 1064 2054 1223 2119; x_wconf 90' lang='lat' dir='ltr'><em>vicesima</em></span> <span class='ocrx_word' id='word_1_153' title='bbox 1250 2054 1357 2119; x_wconf 92' lang='lat' dir='ltr'><em>minus</em></span> <span class='ocrx_word' id='word_1_154' title='bbox 1386 2056 1512 2121; x_wconf 89' lang='lat' dir='ltr'><em>utiliter</em></span> <span class='ocrx_word' id='word_1_155' title='bbox 1541 2063 1751 2140; x_wconf 82' lang='lat' dir='ltr'><em>tractaretur,</em></span> <span class='ocrx_word' id='word_1_156' title='bbox 1784 2082 1825 2125; x_wconf 91' lang='lat' dir='ltr'><em>ne</em></span> 
     </span>
     <span class='ocr_line' id='line_1_17' title="bbox 176 2157 1825 2247; baseline 0.002 -23"><span class='ocrx_word' id='word_1_157' title='bbox 176 2159 280 2224; x_wconf 84' lang='lat' dir='ltr'><em>Terra</em></span> <span class='ocrx_word' id='word_1_158' title='bbox 303 2158 424 2224; x_wconf 82' lang='lat' dir='ltr'><em>Sancta</em></span> <span class='ocrx_word' id='word_1_159' title='bbox 453 2161 559 2247; x_wconf 89' lang='lat' dir='ltr'><em>ipsius</em></span> <span class='ocrx_word' id='word_1_160' title='bbox 591 2159 807 2224; x_wconf 83' lang='lat' dir='ltr'><em>subventione</em></span> <span class='ocrx_word' id='word_1_161' title='bbox 836 2158 1047 2222; x_wconf 87' lang='lat' dir='ltr'><em>frustraretur</em></span> <span class='ocrx_word' id='word_1_162' title='bbox 1077 2157 1224 2236; x_wconf 92' lang='lat' dir='ltr'><em>omnino,</em></span> <span class='ocrx_word' id='word_1_163' title='bbox 1258 2158 1445 2244; x_wconf 88' lang='lat' dir='ltr'><em>capellanos</em></span> <span class='ocrx_word' id='word_1_164' title='bbox 1474 2166 1508 2224; x_wconf 93' lang='lat' dir='ltr'><em>et</em></span> <span class='ocrx_word' id='word_1_165' title='bbox 1535 2160 1617 2224; x_wconf 88' lang='lat' dir='ltr'><em>alios</em></span> <span class='ocrx_word' id='word_1_166' title='bbox 1647 2161 1825 2229; x_wconf 85' lang='lat' dir='ltr'><em>familiares</em></span> 
     </span>
     <span class='ocr_line' id='line_1_18' title="bbox 176 2260 1826 2349; baseline 0.003 -22"><span class='ocrx_word' id='word_1_167' title='bbox 176 2269 307 2328; x_wconf 91' lang='lat' dir='ltr'><em>nostros</em></span> <span class='ocrx_word' id='word_1_168' title='bbox 339 2263 380 2327; x_wconf 88' lang='lat' dir='ltr'><em>ad</em></span> <span class='ocrx_word' id='word_1_169' title='bbox 403 2262 550 2328; x_wconf 90' lang='lat' dir='ltr'><em>diversas</em></span> <span class='ocrx_word' id='word_1_170' title='bbox 580 2268 691 2348; x_wconf 90' lang='lat' dir='ltr'><em>partes</em></span> <span class='ocrx_word' id='word_1_171' title='bbox 721 2260 834 2325; x_wconf 90' lang='lat' dir='ltr'><em>mundi</em></span> <span class='ocrx_word' id='word_1_172' title='bbox 861 2260 1101 2324; x_wconf 87' lang='lat' dir='ltr'><em>transmisimus</em></span> <span class='ocrx_word' id='word_1_173' title='bbox 1131 2281 1189 2345; x_wconf 91' lang='lat' dir='ltr'><em>pro</em></span> <span class='ocrx_word' id='word_1_174' title='bbox 1219 2260 1350 2324; x_wconf 88' lang='lat' dir='ltr'><em>residuo</em></span> <span class='ocrx_word' id='word_1_175' title='bbox 1378 2261 1535 2328; x_wconf 85' lang='lat' dir='ltr'><em>vicesima</em></span> <span class='ocrx_word' id='word_1_176' title='bbox 1564 2264 1763 2349; x_wconf 89' lang='lat' dir='ltr'><em>colligendo,</em></span> <span class='ocrx_word' id='word_1_177' title='bbox 1793 2273 1826 2332; x_wconf 90' lang='lat' dir='ltr'><em>et</em></span> 
     </span>
     <span class='ocr_line' id='line_1_19' title="bbox 177 2361 1825 2452; baseline 0.001 -22"><span class='ocrx_word' id='word_1_178' title='bbox 177 2366 330 2452; x_wconf 91' lang='lat' dir='ltr'><em>quicquid</em></span> <span class='ocrx_word' id='word_1_179' title='bbox 362 2387 504 2452; x_wconf 90' lang='lat' dir='ltr'><em>unquam</em></span> <span class='ocrx_word' id='word_1_180' title='bbox 532 2365 654 2431; x_wconf 89' lang='lat' dir='ltr'><em>habere</em></span> <span class='ocrx_word' id='word_1_181' title='bbox 683 2365 849 2452; x_wconf 91' lang='lat' dir='ltr'><em>potuimus</em></span> <span class='ocrx_word' id='word_1_182' title='bbox 877 2363 918 2428; x_wconf 92' lang='lat' dir='ltr'><em>de</em></span> <span class='ocrx_word' id='word_1_183' title='bbox 947 2364 1106 2428; x_wconf 89' lang='lat' dir='ltr'><em>vicesima</em></span> <span class='ocrx_word' id='word_1_184' title='bbox 1127 2363 1182 2428; x_wconf 90' lang='lat' dir='ltr'><em>vel</em></span> <span class='ocrx_word' id='word_1_185' title='bbox 1205 2361 1431 2450; x_wconf 87' lang='lat' dir='ltr'><em>redemptione</em></span> <span class='ocrx_word' id='word_1_186' title='bbox 1455 2372 1605 2431; x_wconf 90' lang='lat' dir='ltr'><em>votorum</em></span> <span class='ocrx_word' id='word_1_187' title='bbox 1627 2374 1661 2431; x_wconf 91' lang='lat' dir='ltr'><em>ct</em></span> <span class='ocrx_word' id='word_1_188' title='bbox 1687 2368 1728 2434; x_wconf 91' lang='lat' dir='ltr'><em>de</em></span> <span class='ocrx_word' id='word_1_189' title='bbox 1751 2369 1825 2450; x_wconf 91' lang='lat' dir='ltr'><em>hiis,</em></span> 
     </span>
     <span class='ocr_line' id='line_1_20' title="bbox 176 2465 1826 2558; baseline 0.002 -25"><span class='ocrx_word' id='word_1_190' title='bbox 176 2490 238 2555; x_wconf 89' lang='lat' dir='ltr'><em>que</em></span> <span class='ocrx_word' id='word_1_191' title='bbox 260 2469 356 2535; x_wconf 92' lang='lat' dir='ltr'><em>nobis</em></span> <span class='ocrx_word' id='word_1_192' title='bbox 379 2475 606 2535; x_wconf 87' lang='lat' dir='ltr'><em>remanserunt</em></span> <span class='ocrx_word' id='word_1_193' title='bbox 628 2469 661 2532; x_wconf 92' lang='lat' dir='ltr'><em>in</em></span> <span class='ocrx_word' id='word_1_194' title='bbox 685 2489 824 2549; x_wconf 89' lang='lat' dir='ltr'><em>camera,</em></span> <span class='ocrx_word' id='word_1_195' title='bbox 849 2468 909 2532; x_wconf 92' lang='lat' dir='ltr'><em>tibi</em></span> <span class='ocrx_word' id='word_1_196' title='bbox 932 2466 1115 2532; x_wconf 91' lang='lat' dir='ltr'><em>curavimus</em></span> <span class='ocrx_word' id='word_1_197' title='bbox 1139 2465 1317 2532; x_wconf 89' lang='lat' dir='ltr'><em>destinare.</em></span> <span class='ocrx_word' id='word_1_198' title='bbox 1361 2468 1447 2532; x_wconf 89' lang='lat' dir='ltr'><em>Nam</em></span> <span class='ocrx_word' id='word_1_199' title='bbox 1470 2475 1506 2533; x_wconf 90' lang='lat' dir='ltr'><em>ut</em></span> <span class='ocrx_word' id='word_1_200' title='bbox 1527 2475 1711 2553; x_wconf 89' lang='lat' dir='ltr'><em>taceamus,</em></span> <span class='ocrx_word' id='word_1_201' title='bbox 1739 2472 1826 2558; x_wconf 90' lang='lat' dir='ltr'><em>quod</em></span> 
     </span>
     <span class='ocr_line' id='line_1_21' title="bbox 176 2569 1825 2661; baseline 0.004 -27"><span class='ocrx_word' id='word_1_202' title='bbox 176 2570 290 2638; x_wconf 87' lang='lat' dir='ltr'><em>decem</em></span> <span class='ocrx_word' id='word_1_203' title='bbox 319 2579 353 2638; x_wconf 90' lang='lat' dir='ltr'><em>et</em></span> <span class='ocrx_word' id='word_1_204' title='bbox 382 2594 499 2637; x_wconf 90' lang='lat' dir='ltr'><em>novem</em></span> <span class='ocrx_word' id='word_1_205' title='bbox 521 2573 612 2637; x_wconf 91' lang='lat' dir='ltr'><em>milia</em></span> <span class='ocrx_word' id='word_1_206' title='bbox 633 2593 816 2636; x_wconf 90' lang='lat' dir='ltr'><em>marcarum</em></span> <span class='ocrx_word' id='word_1_207' title='bbox 839 2571 966 2656; x_wconf 85' lang='lat' dir='ltr'><em>argenti</em></span> <span class='ocrx_word' id='word_1_208' title='bbox 989 2569 1138 2635; x_wconf 86' lang='lat' dir='ltr'><em>dedimus</em></span> <span class='ocrx_word' id='word_1_209' title='bbox 1161 2591 1219 2656; x_wconf 92' lang='lat' dir='ltr'><em>pro</em></span> <span class='ocrx_word' id='word_1_210' title='bbox 1243 2571 1381 2635; x_wconf 88' lang='lat' dir='ltr'><em>navibus</em></span> <span class='ocrx_word' id='word_1_211' title='bbox 1404 2571 1641 2652; x_wconf 88' lang='lat' dir='ltr'><em>Romanorum,</em></span> <span class='ocrx_word' id='word_1_212' title='bbox 1674 2581 1707 2640; x_wconf 90' lang='lat' dir='ltr'><em>et</em></span> <span class='ocrx_word' id='word_1_213' title='bbox 1731 2576 1825 2661; x_wconf 92' lang='lat' dir='ltr'><em>quin-</em></span> 
     </span>
     <span class='ocr_line' id='line_1_22' title="bbox 175 2674 1824 2765; baseline 0.001 -25"><span class='ocrx_word' id='word_1_214' title='bbox 175 2697 238 2762; x_wconf 90' lang='lat' dir='ltr'><em>que</em></span> <span class='ocrx_word' id='word_1_215' title='bbox 261 2676 351 2742; x_wconf 88' lang='lat' dir='ltr'><em>milia</em></span> <span class='ocrx_word' id='word_1_216' title='bbox 381 2677 538 2742; x_wconf 88' lang='lat' dir='ltr'><em>librarum</em></span> <span class='ocrx_word' id='word_1_217' title='bbox 560 2676 831 2742; x_wconf 89' lang='lat' dir='ltr'><em>Proveniensium</em></span> <span class='ocrx_word' id='word_1_218' title='bbox 854 2697 913 2762; x_wconf 91' lang='lat' dir='ltr'><em>pro</em></span> <span class='ocrx_word' id='word_1_219' title='bbox 936 2675 1035 2738; x_wconf 89' lang='lat' dir='ltr'><em>armis</em></span> <span class='ocrx_word' id='word_1_220' title='bbox 1059 2681 1093 2739; x_wconf 90' lang='lat' dir='ltr'><em>et</em></span> <span class='ocrx_word' id='word_1_221' title='bbox 1115 2674 1313 2740; x_wconf 84' lang='lat' dir='ltr'><em>victualibus</em></span> <span class='ocrx_word' id='word_1_222' title='bbox 1337 2696 1450 2740; x_wconf 90' lang='lat' dir='ltr'><em>eorum</em></span> <span class='ocrx_word' id='word_1_223' title='bbox 1475 2675 1663 2741; x_wconf 89' lang='lat' dir='ltr'><em>deferendis</em></span> <span class='ocrx_word' id='word_1_224' title='bbox 1686 2677 1727 2742; x_wconf 90' lang='lat' dir='ltr'><em>ad</em></span> <span class='ocrx_word' id='word_1_225' title='bbox 1749 2700 1824 2765; x_wconf 90' lang='lat' dir='ltr'><em>por-</em></span> 
     </span>
     <span class='ocr_line' id='line_1_23' title="bbox 174 2776 1825 2867; baseline 0.001 -23"><span class='ocrx_word' id='word_1_226' title='bbox 174 2786 253 2860; x_wconf 90' lang='lat' dir='ltr'><em>tum,</em></span> <span class='ocrx_word' id='word_1_227' title='bbox 275 2801 314 2845; x_wconf 89' lang='lat' dir='ltr'><em>aa</em></span> <span class='ocrx_word' id='word_1_228' title='bbox 336 2779 426 2845; x_wconf 90' lang='lat' dir='ltr'><em>mille</em></span> <span class='ocrx_word' id='word_1_229' title='bbox 447 2779 562 2845; x_wconf 90' lang='lat' dir='ltr'><em>uncias</em></span> <span class='ocrx_word' id='word_1_230' title='bbox 585 2780 655 2844; x_wconf 90' lang='lat' dir='ltr'><em>auri</em></span> <span class='ocrx_word' id='word_1_231' title='bbox 678 2779 749 2860; x_wconf 89' lang='lat' dir='ltr'><em>tibi,</em></span> <span class='ocrx_word' id='word_1_232' title='bbox 773 2801 846 2844; x_wconf 90' lang='lat' dir='ltr'><em>cum</em></span> <span class='ocrx_word' id='word_1_233' title='bbox 868 2780 887 2844; x_wconf 80' lang='lat' dir='ltr'><em>a</em></span> <span class='ocrx_word' id='word_1_234' title='bbox 910 2785 1023 2843; x_wconf 90' lang='lat' dir='ltr'><em>nostra</em></span> <span class='ocrx_word' id='word_1_235' title='bbox 1045 2777 1213 2864; x_wconf 89' lang='lat' dir='ltr'><em>presentia</em></span> <span class='ocrx_word' id='word_1_236' title='bbox 1235 2776 1433 2844; x_wconf 86' lang='lat' dir='ltr'><em>discessisti:</em></span> <span class='ocrx_word' id='word_1_237' title='bbox 1463 2779 1497 2842; x_wconf 92' lang='lat' dir='ltr'><em>in</em></span> <span class='ocrx_word' id='word_1_238' title='bbox 1518 2779 1632 2865; x_wconf 90' lang='lat' dir='ltr'><em>primis</em></span> <span class='ocrx_word' id='word_1_239' title='bbox 1660 2787 1736 2867; x_wconf 87' lang='lat' dir='ltr'><em>post</em></span> <span class='ocrx_word' id='word_1_240' title='bbox 1758 2781 1825 2846; x_wconf 91' lang='lat' dir='ltr'><em>dis·</em></span> 
     </span>
     <span class='ocr_line' id='line_1_24' title="bbox 174 2882 1823 2971; baseline 0.001 -23"><span class='ocrx_word' id='word_1_241' title='bbox 174 2905 304 2948; x_wconf 89' lang='lat' dir='ltr'><em>cessum</em></span> <span class='ocrx_word' id='word_1_242' title='bbox 325 2891 418 2948; x_wconf 91' lang='lat' dir='ltr'><em>tuum</em></span> <span class='ocrx_word' id='word_1_243' title='bbox 440 2883 480 2950; x_wconf 89' lang='lat' dir='ltr'><em>de</em></span> <span class='ocrx_word' id='word_1_244' title='bbox 504 2905 636 2950; x_wconf 88' lang='lat' dir='ltr'><em>camera</em></span> <span class='ocrx_word' id='word_1_245' title='bbox 656 2890 769 2949; x_wconf 89' lang='lat' dir='ltr'><em>nostra</em></span> <span class='ocrx_word' id='word_1_246' title='bbox 790 2906 850 2971; x_wconf 98' lang='grc' dir='ltr'><em>ρετ</em></span> <span class='ocrx_word' id='word_1_247' title='bbox 873 2884 992 2948; x_wconf 90' lang='lat' dir='ltr'><em>fratres</em></span> <span class='ocrx_word' id='word_1_248' title='bbox 1019 2882 1275 2948; x_wconf 89' lang='lat' dir='ltr'><em>Ierosolimitani</em></span> <span class='ocrx_word' id='word_1_249' title='bbox 1299 2882 1483 2969; x_wconf 90' lang='lat' dir='ltr'><em>Hospitalis</em></span> <span class='ocrx_word' id='word_1_250' title='bbox 1511 2889 1545 2948; x_wconf 90' lang='lat' dir='ltr'><em>et</em></span> <span class='ocrx_word' id='word_1_251' title='bbox 1568 2882 1683 2948; x_wconf 89' lang='lat' dir='ltr'><em>domus</em></span> <span class='ocrx_word' id='word_1_252' title='bbox 1706 2884 1823 2949; x_wconf 90' lang='lat' dir='ltr'><em>militie</em></span> 
     </span>
     <span class='ocr_line' id='line_1_25' title="bbox 174 2986 1823 3074; baseline 0.001 -23"><span class='ocrx_word' id='word_1_253' title='bbox 174 2986 303 3074; x_wconf 82' lang='lat' dir='ltr'><em>Templi</em></span> <span class='ocrx_word' id='word_1_254' title='bbox 326 2987 468 3074; x_wconf 88' lang='lat' dir='ltr'><em>quinque</em></span> <span class='ocrx_word' id='word_1_255' title='bbox 490 2988 582 3052; x_wconf 89' lang='lat' dir='ltr'><em>milia</em></span> <span class='ocrx_word' id='word_1_256' title='bbox 603 2988 717 3053; x_wconf 86' lang='lat' dir='ltr'><em>uncias</em></span> <span class='ocrx_word' id='word_1_257' title='bbox 741 2989 822 3066; x_wconf 89' lang='lat' dir='ltr'><em>auri,</em></span> <span class='ocrx_word' id='word_1_258' title='bbox 846 2994 880 3052; x_wconf 91' lang='lat' dir='ltr'><em>et</em></span> <span class='ocrx_word' id='word_1_259' title='bbox 901 2986 1110 3074; x_wconf 90' lang='lat' dir='ltr'><em>postmodum</em></span> <span class='ocrx_word' id='word_1_260' title='bbox 1132 3008 1193 3072; x_wconf 92' lang='grc' dir='ltr'><em>ρετ</em></span> <span class='ocrx_word' id='word_1_261' title='bbox 1214 2986 1439 3051; x_wconf 89' lang='lat' dir='ltr'><em>venerabilem</em></span> <span class='ocrx_word' id='word_1_262' title='bbox 1454 2986 1589 3051; x_wconf 88' lang='lat' dir='ltr'><em>fratrem</em></span> <span class='ocrx_word' id='word_1_263' title='bbox 1611 2993 1759 3052; x_wconf 88' lang='lat' dir='ltr'><em>nostrum</em></span> <span class='ocrx_word' id='word_1_264' title='bbox 1782 3037 1790 3052; x_wconf 93' lang='lat'><strong>.</strong></span> <span class='ocrx_word' id='word_1_265' title='bbox 1815 3036 1823 3052; x_wconf 92' lang='lat'><strong>.</strong></span> 
     </span>
     <span class='ocr_line' id='line_1_26' title="bbox 174 3089 1824 3178; baseline 0.001 -23"><span class='ocrx_word' id='word_1_266' title='bbox 174 3090 473 3156; x_wconf 88' lang='lat' dir='ltr'><em>Bethleemitanum</em></span> <span class='ocrx_word' id='word_1_267' title='bbox 496 3091 709 3178; x_wconf 89' lang='lat' dir='ltr'><em>episcopum¹</em></span> <span class='ocrx_word' id='word_1_268' title='bbox 733 3095 767 3154; x_wconf 90' lang='lat' dir='ltr'><em>et</em></span> <span class='ocrx_word' id='word_1_269' title='bbox 789 3089 906 3155; x_wconf 90' lang='lat' dir='ltr'><em>fratres</em></span> <span class='ocrx_word' id='word_1_270' title='bbox 930 3090 1045 3156; x_wconf 89' lang='lat' dir='ltr'><em>domus</em></span> <span class='ocrx_word' id='word_1_271' title='bbox 1065 3089 1344 3155; x_wconf 81' lang='lat' dir='ltr'><em>Theotonicornm</em></span> <span class='ocrx_word' id='word_1_272' title='bbox 1366 3091 1509 3175; x_wconf 89' lang='lat' dir='ltr'><em>quinque</em></span> <span class='ocrx_word' id='word_1_273' title='bbox 1531 3089 1623 3154; x_wconf 91' lang='lat' dir='ltr'><em>milia</em></span> <span class='ocrx_word' id='word_1_274' title='bbox 1638 3089 1678 3156; x_wconf 91' lang='lat' dir='ltr'><em>de</em></span> <span class='ocrx_word' id='word_1_275' title='bbox 1694 3111 1824 3157; x_wconf 85' lang='lat' dir='ltr'><em>camera</em></span> 
     </span>
     <span class='ocr_line' id='line_1_27' title="bbox 173 3193 1823 3281; baseline -0.001 -21"><span class='ocrx_word' id='word_1_276' title='bbox 173 3201 297 3274; x_wconf 87' lang='lat' dir='ltr'><em>nostra,</em></span> <span class='ocrx_word' id='word_1_277' title='bbox 320 3200 354 3259; x_wconf 90' lang='lat' dir='ltr'><em>et</em></span> <span class='ocrx_word' id='word_1_278' title='bbox 376 3193 417 3260; x_wconf 92' lang='lat' dir='ltr'><em>de</em></span> <span class='ocrx_word' id='word_1_279' title='bbox 439 3195 596 3260; x_wconf 88' lang='lat' dir='ltr'><em>vicesima</em></span> <span class='ocrx_word' id='word_1_280' title='bbox 618 3200 652 3258; x_wconf 90' lang='lat' dir='ltr'><em>et</em></span> <span class='ocrx_word' id='word_1_281' title='bbox 676 3193 901 3281; x_wconf 90' lang='lat' dir='ltr'><em>redemptione</em></span> <span class='ocrx_word' id='word_1_282' title='bbox 924 3199 1074 3258; x_wconf 91' lang='lat' dir='ltr'><em>votorum</em></span> <span class='ocrx_word' id='word_1_283' title='bbox 1103 3199 1279 3258; x_wconf 85' lang='lat' dir='ltr'><em>sexcentas</em></span> <span class='ocrx_word' id='word_1_284' title='bbox 1311 3199 1345 3258; x_wconf 92' lang='lat' dir='ltr'><em>et</em></span> <span class='ocrx_word' id='word_1_285' title='bbox 1377 3193 1550 3258; x_wconf 90' lang='lat' dir='ltr'><em>duodecim</em></span> <span class='ocrx_word' id='word_1_286' title='bbox 1579 3195 1666 3258; x_wconf 87' lang='lat' dir='ltr'><em>inter</em></span> <span class='ocrx_word' id='word_1_287' title='bbox 1696 3215 1823 3259; x_wconf 89' lang='lat' dir='ltr'><em>marcas</em></span> 
     </span>
     <span class='ocr_line' id='line_1_28' title="bbox 172 3295 1825 3383; baseline 0 -20"><span class='ocrx_word' id='word_1_288' title='bbox 172 3297 300 3383; x_wconf 89' lang='lat' dir='ltr'><em>argenti</em></span> <span class='ocrx_word' id='word_1_289' title='bbox 324 3304 358 3364; x_wconf 89' lang='lat' dir='ltr'><em>et</em></span> <span class='ocrx_word' id='word_1_290' title='bbox 379 3298 493 3362; x_wconf 86' lang='lat' dir='ltr'><em>uncias</em></span> <span class='ocrx_word' id='word_1_291' title='bbox 517 3297 597 3377; x_wconf 85' lang='lat' dir='ltr'><em>auri,</em></span> <span class='ocrx_word' id='word_1_292' title='bbox 621 3306 655 3362; x_wconf 89' lang='lat' dir='ltr'><em>et</em></span> <span class='ocrx_word' id='word_1_293' title='bbox 676 3296 718 3362; x_wconf 90' lang='lat' dir='ltr'><em>de</em></span> <span class='ocrx_word' id='word_1_294' title='bbox 739 3297 897 3362; x_wconf 89' lang='lat' dir='ltr'><em>vicesima</em></span> <span class='ocrx_word' id='word_1_295' title='bbox 918 3299 1057 3362; x_wconf 90' lang='lat' dir='ltr'><em>collecta</em></span> <span class='ocrx_word' id='word_1_296' title='bbox 1079 3298 1113 3361; x_wconf 90' lang='lat' dir='ltr'><em>in</em></span> <span class='ocrx_word' id='word_1_297' title='bbox 1129 3297 1268 3362; x_wconf 87' lang='lat' dir='ltr'><em>Francia</em></span> <span class='ocrx_word' id='word_1_298' title='bbox 1290 3295 1442 3362; x_wconf 88' lang='lat' dir='ltr'><em>undecim</em></span> <span class='ocrx_word' id='word_1_299' title='bbox 1467 3297 1558 3360; x_wconf 90' lang='lat' dir='ltr'><em>milia</em></span> <span class='ocrx_word' id='word_1_300' title='bbox 1580 3302 1766 3376; x_wconf 81' lang='lat' dir='ltr'><em>sexcentas,</em></span> <span class='ocrx_word' id='word_1_301' title='bbox 1790 3304 1825 3363; x_wconf 88' lang='lat' dir='ltr'><em>et</em></span> 
     </span>
     <span class='ocr_line' id='line_1_29' title="bbox 173 3399 1825 3488; baseline -0.001 -22"><span class='ocrx_word' id='word_1_302' title='bbox 173 3423 233 3488; x_wconf 90' lang='lat' dir='ltr'><em>per</em></span> <span class='ocrx_word' id='word_1_303' title='bbox 255 3401 410 3466; x_wconf 90' lang='lat' dir='ltr'><em>dilectum</em></span> <span class='ocrx_word' id='word_1_304' title='bbox 433 3401 535 3465; x_wconf 86' lang='lat' dir='ltr'><em>filium</em></span> <span class='ocrx_word' id='word_1_305' title='bbox 558 3399 603 3464; x_wconf 86' lang='grc' dir='ltr'><em>Μ.</em></span> <span class='ocrx_word' id='word_1_306' title='bbox 626 3399 667 3466; x_wconf 89' lang='lat' dir='ltr'><em>da</em></span> <span class='ocrx_word' id='word_1_307' title='bbox 692 3399 813 3466; x_wconf 83' lang='lat' dir='ltr'><em>Sancta</em></span> <span class='ocrx_word' id='word_1_308' title='bbox 836 3399 978 3481; x_wconf 76' lang='lat' dir='ltr'><em>Uenilia,</em></span> <span class='ocrx_word' id='word_1_309' title='bbox 1002 3401 1194 3486; x_wconf 89' lang='lat' dir='ltr'><em>scriptorem</em></span> <span class='ocrx_word' id='word_1_310' title='bbox 1217 3405 1374 3480; x_wconf 91' lang='lat' dir='ltr'><em>nostrum,</em></span> <span class='ocrx_word' id='word_1_311' title='bbox 1398 3399 1613 3464; x_wconf 87' lang='lat' dir='ltr'><em>camerarium</em></span> <span class='ocrx_word' id='word_1_312' title='bbox 1636 3407 1738 3482; x_wconf 89' lang='lat' dir='ltr'><em>tuum,</em></span> <span class='ocrx_word' id='word_1_313' title='bbox 1761 3402 1825 3465; x_wconf 89' lang='lat' dir='ltr'><em>tria</em></span> 
     </span>
     <span class='ocr_line' id='line_1_30' title="bbox 173 3501 1825 3590; baseline -0.001 -22"><span class='ocrx_word' id='word_1_314' title='bbox 173 3505 264 3568; x_wconf 88' lang='lat' dir='ltr'><em>milia</em></span> <span class='ocrx_word' id='word_1_315' title='bbox 291 3503 338 3569; x_wconf 91' lang='lat' dir='ltr'><em>de·</em></span> <span class='ocrx_word' id='word_1_316' title='bbox 361 3504 519 3568; x_wconf 88' lang='lat' dir='ltr'><em>vicesima</em></span> <span class='ocrx_word' id='word_1_317' title='bbox 545 3511 579 3567; x_wconf 87' lang='lat' dir='ltr'><em>et</em></span> <span class='ocrx_word' id='word_1_318' title='bbox 604 3501 829 3590; x_wconf 84' lang='lat' dir='ltr'><em>redemptione</em></span> <span class='ocrx_word' id='word_1_319' title='bbox 856 3510 1024 3584; x_wconf 88' lang='lat' dir='ltr'><em>votorum,</em></span> <span class='ocrx_word' id='word_1_320' title='bbox 1056 3525 1116 3590; x_wconf 90' lang='lat' dir='ltr'><em>per</em></span> <span class='ocrx_word' id='word_1_321' title='bbox 1145 3553 1151 3568; x_wconf 94' lang='lat'>.</span> <span class='ocrx_word' id='word_1_322' title='bbox 1177 3551 1184 3566; x_wconf 90' lang='lat'><strong>.</strong></span> <span class='ocrx_word' id='word_1_323' title='bbox 1214 3503 1431 3589; x_wconf 89' lang='lat' dir='ltr'><em>patriarcham</em></span> <span class='ocrx_word' id='word_1_324' title='bbox 1454 3524 1534 3568; x_wconf 88' lang='lat' dir='ltr'><em>vero</em></span> <span class='ocrx_word' id='word_1_325' title='bbox 1557 3503 1825 3568; x_wconf 81' lang='lat' dir='ltr'><em>Antiochenum²</em></span> 
     </span>
     <span class='ocr_line' id='line_1_31' title="bbox 174 3605 1822 3692; baseline 0 -21"><span class='ocrx_word' id='word_1_326' title='bbox 174 3613 305 3671; x_wconf 89' lang='lat' dir='ltr'><em>centum</em></span> <span class='ocrx_word' id='word_1_327' title='bbox 328 3607 501 3692; x_wconf 86' lang='lat' dir='ltr'><em>sexaginta</em></span> <span class='ocrx_word' id='word_1_328' title='bbox 522 3625 649 3670; x_wconf 89' lang='lat' dir='ltr'><em>marcas</em></span> <span class='ocrx_word' id='word_1_329' title='bbox 672 3607 801 3691; x_wconf 88' lang='lat' dir='ltr'><em>argenti</em></span> <span class='ocrx_word' id='word_1_330' title='bbox 824 3605 865 3672; x_wconf 91' lang='lat' dir='ltr'><em>de</em></span> <span class='ocrx_word' id='word_1_331' title='bbox 888 3607 1046 3671; x_wconf 86' lang='lat' dir='ltr'><em>vicesima</em></span> <span class='ocrx_word' id='word_1_332' title='bbox 1072 3612 1105 3671; x_wconf 88' lang='lat' dir='ltr'><em>et</em></span> <span class='ocrx_word' id='word_1_333' title='bbox 1129 3605 1354 3692; x_wconf 85' lang='lat' dir='ltr'><em>redemptione</em></span> <span class='ocrx_word' id='word_1_334' title='bbox 1377 3612 1529 3670; x_wconf 89' lang='lat' dir='ltr'><em>votorum</em></span> <span class='ocrx_word' id='word_1_335' title='bbox 1551 3605 1612 3669; x_wconf 92' lang='lat' dir='ltr'><em>tibi</em></span> <span class='ocrx_word' id='word_1_336' title='bbox 1640 3607 1822 3671; x_wconf 88' lang='lat' dir='ltr'><em>transmisi-</em></span> 
     </span>
     <span class='ocr_line' id='line_1_32' title="bbox 173 3707 1824 3796; baseline 0.001 -22"><span class='ocrx_word' id='word_1_337' title='bbox 173 3731 245 3775; x_wconf 92' lang='lat' dir='ltr'><em>mus</em></span> <span class='ocrx_word' id='word_1_338' title='bbox 269 3708 477 3796; x_wconf 87' lang='lat' dir='ltr'><em>assignanda.</em></span> <span class='ocrx_word' id='word_1_339' title='bbox 521 3707 606 3774; x_wconf 90' lang='lat' dir='ltr'><em>Item</em></span> <span class='ocrx_word' id='word_1_340' title='bbox 628 3710 732 3775; x_wconf 91' lang='lat' dir='ltr'><em>nobili</em></span> <span class='ocrx_word' id='word_1_341' title='bbox 754 3710 825 3774; x_wconf 91' lang='lat' dir='ltr'><em>viro</em></span> <span class='ocrx_word' id='word_1_342' title='bbox 849 3711 960 3774; x_wconf 89' lang='lat' dir='ltr'><em>comiti</em></span> <span class='ocrx_word' id='word_1_343' title='bbox 978 3709 1109 3791; x_wconf 91' lang='lat' dir='ltr'><em>Iacobo,</em></span> <span class='ocrx_word' id='word_1_344' title='bbox 1133 3710 1335 3774; x_wconf 88' lang='lat' dir='ltr'><em>marescalco</em></span> <span class='ocrx_word' id='word_1_345' title='bbox 1360 3714 1481 3788; x_wconf 88' lang='lat' dir='ltr'><em>nostro,</em></span> <span class='ocrx_word' id='word_1_346' title='bbox 1505 3728 1564 3794; x_wconf 94' lang='lat' dir='ltr'><em>pro</em></span> <span class='ocrx_word' id='word_1_347' title='bbox 1585 3708 1726 3795; x_wconf 89' lang='lat' dir='ltr'><em>quadam</em></span> <span class='ocrx_word' id='word_1_348' title='bbox 1747 3711 1824 3775; x_wconf 90' lang='lat' dir='ltr'><em>bar-</em></span> 
     </span>
     <span class='ocr_line' id='line_1_33' title="bbox 172 3812 1824 3900; baseline 0.002 -23"><span class='ocrx_word' id='word_1_349' title='bbox 172 3813 288 3878; x_wconf 79' lang='lat' dir='ltr'><em>botta³</em></span> <span class='ocrx_word' id='word_1_350' title='bbox 311 3819 345 3879; x_wconf 90' lang='lat' dir='ltr'><em>et</em></span> <span class='ocrx_word' id='word_1_351' title='bbox 372 3813 602 3878; x_wconf 85' lang='lat' dir='ltr'><em>trabuceetto⁴</em></span> <span class='ocrx_word' id='word_1_352' title='bbox 625 3813 793 3898; x_wconf 87' lang='lat' dir='ltr'><em>octoginta</em></span> <span class='ocrx_word' id='word_1_353' title='bbox 814 3835 940 3878; x_wconf 88' lang='lat' dir='ltr'><em>marcas</em></span> <span class='ocrx_word' id='word_1_354' title='bbox 972 3812 1109 3878; x_wconf 90' lang='lat' dir='ltr'><em>fecimus</em></span> <span class='ocrx_word' id='word_1_355' title='bbox 1133 3813 1174 3878; x_wconf 92' lang='lat' dir='ltr'><em>de</em></span> <span class='ocrx_word' id='word_1_356' title='bbox 1198 3814 1355 3878; x_wconf 86' lang='lat' dir='ltr'><em>vicesima</em></span> <span class='ocrx_word' id='word_1_357' title='bbox 1386 3813 1486 3894; x_wconf 88' lang='lat' dir='ltr'><em>solvi,</em></span> <span class='ocrx_word' id='word_1_358' title='bbox 1517 3834 1576 3899; x_wconf 90' lang='lat' dir='ltr'><em>pro</em></span> <span class='ocrx_word' id='word_1_359' title='bbox 1606 3814 1724 3900; x_wconf 91' lang='lat' dir='ltr'><em>quibus</em></span> <span class='ocrx_word' id='word_1_360' title='bbox 1754 3816 1824 3900; x_wconf 91' lang='lat' dir='ltr'><em>epi-</em></span> 
     </span>
     <span class='ocr_line' id='line_1_34' title="bbox 172 3915 1823 4004; baseline 0 -22"><span class='ocrx_word' id='word_1_361' title='bbox 172 3923 342 4004; x_wconf 87' lang='lat' dir='ltr'><em>scopatum</em></span> <span class='ocrx_word' id='word_1_362' title='bbox 364 3923 456 3980; x_wconf 91' lang='lat' dir='ltr'><em>tuum</em></span> <span class='ocrx_word' id='word_1_363' title='bbox 480 3916 543 3980; x_wconf 90' lang='lat' dir='ltr'><em>sibi</em></span> <span class='ocrx_word' id='word_1_364' title='bbox 559 3915 679 3982; x_wconf 89' lang='lat' dir='ltr'><em>diceris</em></span> <span class='ocrx_word' id='word_1_365' title='bbox 702 3916 878 4001; x_wconf 88' lang='lat' dir='ltr'><em>obligasse,</em></span> <span class='ocrx_word' id='word_1_366' title='bbox 903 3918 987 3981; x_wconf 90' lang='lat' dir='ltr'><em>sicut</em></span> <span class='ocrx_word' id='word_1_367' title='bbox 1002 3939 1062 4003; x_wconf 89' lang='lat' dir='ltr'><em>per</em></span> <span class='ocrx_word' id='word_1_368' title='bbox 1084 3917 1212 3982; x_wconf 89' lang='lat' dir='ltr'><em>litteras</em></span> <span class='ocrx_word' id='word_1_369' title='bbox 1234 3923 1306 3982; x_wconf 88' lang='lat' dir='ltr'><em>tuas</em></span> <span class='ocrx_word' id='word_1_370' title='bbox 1327 3915 1524 4002; x_wconf 88' lang='lat' dir='ltr'><em>accepimus.</em></span> <span class='ocrx_word' id='word_1_371' title='bbox 1568 3916 1654 3982; x_wconf 91' lang='lat' dir='ltr'><em>Item</em></span> <span class='ocrx_word' id='word_1_372' title='bbox 1674 3916 1823 3982; x_wconf 90' lang='lat' dir='ltr'><em>dedimus</em></span> 
     </span>
     <span class='ocr_line' id='line_1_35' title="bbox 172 4018 1824 4107; baseline 0.001 -23"><span class='ocrx_word' id='word_1_373' title='bbox 172 4020 332 4105; x_wconf 87' lang='lat' dir='ltr'><em>magistro</em></span> <span class='ocrx_word' id='word_1_374' title='bbox 356 4018 500 4100; x_wconf 82' lang='lat' dir='ltr'><em>Matheo,</em></span> <span class='ocrx_word' id='word_1_375' title='bbox 524 4019 703 4085; x_wconf 87' lang='lat' dir='ltr'><em>camerario</em></span> <span class='ocrx_word' id='word_1_376' title='bbox 726 4026 795 4100; x_wconf 90' lang='lat' dir='ltr'><em>tuo,</em></span> <span class='ocrx_word' id='word_1_377' title='bbox 818 4041 876 4106; x_wconf 82' lang='lat' dir='ltr'><em>pao</em></span> <span class='ocrx_word' id='word_1_378' title='bbox 898 4018 1067 4085; x_wconf 88' lang='lat' dir='ltr'><em>mittendis</em></span> <span class='ocrx_word' id='word_1_379' title='bbox 1091 4021 1211 4084; x_wconf 90' lang='lat' dir='ltr'><em>litteris</em></span> <span class='ocrx_word' id='word_1_380' title='bbox 1227 4019 1327 4085; x_wconf 91' lang='lat' dir='ltr'><em>ducis</em></span> <span class='ocrx_word' id='word_1_381' title='bbox 1349 4019 1577 4084; x_wconf 75' lang='lat' dir='ltr'><em>Venetorum⁵</em></span> <span class='ocrx_word' id='word_1_382' title='bbox 1591 4019 1744 4102; x_wconf 87' lang='lat' dir='ltr'><em>Venetis,</em></span> <span class='ocrx_word' id='word_1_383' title='bbox 1768 4021 1824 4107; x_wconf 92' lang='lat' dir='ltr'><em>qui</em></span> 
     </span>
     <span class='ocr_line' id='line_1_36' title="bbox 174 4122 1825 4210; baseline -0.001 -21"><span class='ocrx_word' id='word_1_384' title='bbox 174 4130 268 4190; x_wconf 89' lang='lat' dir='ltr'><em>erant</em></span> <span class='ocrx_word' id='word_1_385' title='bbox 284 4122 372 4210; x_wconf 89' lang='lat' dir='ltr'><em>apud</em></span> <span class='ocrx_word' id='word_1_386' title='bbox 384 4122 570 4188; x_wconf 86' lang='lat' dir='ltr'><em>Damiatam</em></span> <span class='ocrx_word' id='word_1_387' title='bbox 585 4145 658 4188; x_wconf 89' lang='lat' dir='ltr'><em>eum</em></span> <span class='ocrx_word' id='word_1_388' title='bbox 674 4125 789 4208; x_wconf 86' lang='lat' dir='ltr'><em>galeis,</em></span> <span class='ocrx_word' id='word_1_389' title='bbox 805 4125 972 4209; x_wconf 88' lang='lat' dir='ltr'><em>octoginta</em></span> <span class='ocrx_word' id='word_1_390' title='bbox 986 4125 1100 4189; x_wconf 88' lang='lat' dir='ltr'><em>uncias</em></span> <span class='ocrx_word' id='word_1_391' title='bbox 1115 4125 1186 4190; x_wconf 88' lang='lat' dir='ltr'><em>auri</em></span> <span class='ocrx_word' id='word_1_392' title='bbox 1202 4124 1243 4190; x_wconf 90' lang='lat' dir='ltr'><em>de</em></span> <span class='ocrx_word' id='word_1_393' title='bbox 1258 4123 1425 4190; x_wconf 88' lang='lat' dir='ltr'><em>vicesima.</em></span> <span class='ocrx_word' id='word_1_394' title='bbox 1462 4122 1548 4187; x_wconf 89' lang='lat' dir='ltr'><em>Item</em></span> <span class='ocrx_word' id='word_1_395' title='bbox 1564 4122 1638 4188; x_wconf 91' lang='lat' dir='ltr'><em>duci</em></span> <span class='ocrx_word' id='word_1_396' title='bbox 1650 4122 1825 4188; x_wconf 66' lang='grc' dir='ltr'><em>Βεττετὶεθ</em></span> 
     </span>
     <span class='ocr_line' id='line_1_37' title="bbox 171 4223 1822 4313; baseline -0.001 -21"><span class='ocrx_word' id='word_1_397' title='bbox 171 4227 308 4292; x_wconf 89' lang='lat' dir='ltr'><em>fecimus</em></span> <span class='ocrx_word' id='word_1_398' title='bbox 323 4226 483 4312; x_wconf 85' lang='lat' dir='ltr'><em>assignari</em></span> <span class='ocrx_word' id='word_1_399' title='bbox 500 4225 564 4291; x_wconf 90' lang='lat' dir='ltr'><em>duo</em></span> <span class='ocrx_word' id='word_1_400' title='bbox 580 4226 671 4290; x_wconf 91' lang='lat' dir='ltr'><em>milia</em></span> <span class='ocrx_word' id='word_1_401' title='bbox 692 4247 884 4306; x_wconf 87' lang='lat' dir='ltr'><em>marcarum,</em></span> <span class='ocrx_word' id='word_1_402' title='bbox 909 4248 989 4312; x_wconf 91' lang='lat' dir='ltr'><em>quas</em></span> <span class='ocrx_word' id='word_1_403' title='bbox 1002 4228 1097 4292; x_wconf 91' lang='lat' dir='ltr'><em>nobis</em></span> <span class='ocrx_word' id='word_1_404' title='bbox 1111 4228 1290 4313; x_wconf 87' lang='lat' dir='ltr'><em>imperator</em></span> <span class='ocrx_word' id='word_1_405' title='bbox 1313 4225 1472 4300; x_wconf 88' lang='lat' dir='ltr'><em>debebat;</em></span> <span class='ocrx_word' id='word_1_406' title='bbox 1495 4225 1575 4290; x_wconf 90' lang='lat' dir='ltr'><em>item</em></span> <span class='ocrx_word' id='word_1_407' title='bbox 1596 4245 1656 4311; x_wconf 87' lang='lat' dir='ltr'><em>per</em></span> <span class='ocrx_word' id='word_1_408' title='bbox 1668 4223 1822 4290; x_wconf 90' lang='lat' dir='ltr'><em>Ottonem</em></span> 
     </span>
     <span class='ocr_line' id='line_1_38' title="bbox 171 4327 1822 4414; baseline -0.003 -17"><span class='ocrx_word' id='word_1_409' title='bbox 171 4331 213 4396; x_wconf 90' lang='lat' dir='ltr'><em>de</em></span> <span class='ocrx_word' id='word_1_410' title='bbox 235 4330 426 4396; x_wconf 68' lang='lat' dir='ltr'><em>dicabimur</em></span> <span class='ocrx_word' id='word_1_411' title='bbox 456 4330 519 4394; x_wconf 88' lang='lat' dir='ltr'><em>tria</em></span> <span class='ocrx_word' id='word_1_412' title='bbox 549 4330 639 4394; x_wconf 90' lang='lat' dir='ltr'><em>milia</em></span> <span class='ocrx_word' id='word_1_413' title='bbox 666 4330 780 4394; x_wconf 88' lang='lat' dir='ltr'><em>uncias</em></span> <span class='ocrx_word' id='word_1_414' title='bbox 809 4331 880 4395; x_wconf 89' lang='lat' dir='ltr'><em>auri</em></span> <span class='ocrx_word' id='word_1_415' title='bbox 910 4329 950 4396; x_wconf 91' lang='lat' dir='ltr'><em>de</em></span> <span class='ocrx_word' id='word_1_416' title='bbox 980 4351 1111 4395; x_wconf 88' lang='lat' dir='ltr'><em>camera</em></span> <span class='ocrx_word' id='word_1_417' title='bbox 1137 4335 1259 4394; x_wconf 87' lang='lat' dir='ltr'><em>nostra.</em></span> <span class='ocrx_word' id='word_1_418' title='bbox 1305 4327 1349 4393; x_wconf 82' lang='lat' dir='ltr'><em>Et</em></span> <span class='ocrx_word' id='word_1_419' title='bbox 1371 4348 1456 4392; x_wconf 92' lang='lat' dir='ltr'><em>nune</em></span> <span class='ocrx_word' id='word_1_420' title='bbox 1479 4348 1557 4394; x_wconf 89' lang='lat' dir='ltr'><em>acce</em></span> <span class='ocrx_word' id='word_1_421' title='bbox 1586 4349 1647 4414; x_wconf 89' lang='grc' dir='ltr'><em>ρετ</em></span> <span class='ocrx_word' id='word_1_422' title='bbox 1668 4327 1822 4394; x_wconf 89' lang='lat' dir='ltr'><em>dilectum</em></span> 
     </span>
     <span class='ocr_line' id='line_1_39' title="bbox 172 4431 1825 4519; baseline -0.002 -20"><span class='ocrx_word' id='word_1_423' title='bbox 172 4435 274 4500; x_wconf 86' lang='lat' dir='ltr'><em>filium</em></span> <span class='ocrx_word' id='word_1_424' title='bbox 297 4433 479 4498; x_wconf 87' lang='lat' dir='ltr'><em>Iohannem</em></span> <span class='ocrx_word' id='word_1_425' title='bbox 504 4432 545 4498; x_wconf 91' lang='lat' dir='ltr'><em>de</em></span> <span class='ocrx_word' id='word_1_426' title='bbox 570 4432 650 4498; x_wconf 85' lang='lat' dir='ltr'><em>Giso</em></span> <span class='ocrx_word' id='word_1_427' title='bbox 673 4433 917 4519; x_wconf 89' lang='lat' dir='ltr'><em>presbyterum,</em></span> <span class='ocrx_word' id='word_1_428' title='bbox 947 4435 1138 4499; x_wconf 86' lang='lat' dir='ltr'><em>canonicum</em></span> <span class='ocrx_word' id='word_1_429' title='bbox 1166 4432 1302 4497; x_wconf 89' lang='lat' dir='ltr'><em>basilice</em></span> <span class='ocrx_word' id='word_1_430' title='bbox 1331 4431 1491 4518; x_wconf 87' lang='lat' dir='ltr'><em>principis</em></span> <span class='ocrx_word' id='word_1_431' title='bbox 1521 4432 1759 4517; x_wconf 86' lang='lat' dir='ltr'><em>apostolorum,</em></span> <span class='ocrx_word' id='word_1_432' title='bbox 1790 4436 1825 4496; x_wconf 89' lang='lat' dir='ltr'><em>et</em></span> 
     </span>
     <span class='ocr_line' id='line_1_40' title="bbox 172 4529 1825 4602; baseline -0.002 -1"><span class='ocrx_word' id='word_1_433' title='bbox 172 4537 305 4602; x_wconf 87' lang='lat' dir='ltr'><em>fratrem</em></span> <span class='ocrx_word' id='word_1_434' title='bbox 329 4535 488 4601; x_wconf 91' lang='lat' dir='ltr'><em>Oetonem</em></span> <span class='ocrx_word' id='word_1_435' title='bbox 511 4533 629 4600; x_wconf 91' lang='lat' dir='ltr'><em>domus</em></span> <span class='ocrx_word' id='word_1_436' title='bbox 652 4529 770 4602; x_wconf 67' lang='lat' dir='ltr'><em>‘saneta</em></span> <span class='ocrx_word' id='word_1_437' title='bbox 793 4536 896 4602; x_wconf 88' lang='lat' dir='ltr'><em>Maria</em></span> <span class='ocrx_word' id='word_1_438' title='bbox 919 4536 1198 4602; x_wconf 82' lang='lat' dir='ltr'><em>Theotonicorum</em></span> <span class='ocrx_word' id='word_1_439' title='bbox 1220 4535 1486 4601; x_wconf 88' lang='lat' dir='ltr'><em>Ierosolimitane</em></span> <span class='ocrx_word' id='word_1_440' title='bbox 1509 4534 1570 4598; x_wconf 92' lang='lat' dir='ltr'><em>tibi</em></span> <span class='ocrx_word' id='word_1_441' title='bbox 1598 4533 1639 4600; x_wconf 90' lang='lat' dir='ltr'><em>de</em></span> <span class='ocrx_word' id='word_1_442' title='bbox 1669 4534 1825 4600; x_wconf 85' lang='lat' dir='ltr'><em>vicesima</em></span> 
     </span>
     <span class='ocr_line' id='line_1_41' title="bbox 174 4636 1824 4727; baseline -0.001 -22"><span class='ocrx_word' id='word_1_443' title='bbox 174 4642 316 4727; x_wconf 90' lang='lat' dir='ltr'><em>quinque</em></span> <span class='ocrx_word' id='word_1_444' title='bbox 340 4640 430 4704; x_wconf 88' lang='lat' dir='ltr'><em>milia</em></span> <span class='ocrx_word' id='word_1_445' title='bbox 452 4638 668 4718; x_wconf 88' lang='lat' dir='ltr'><em>destinamus,</em></span> <span class='ocrx_word' id='word_1_446' title='bbox 691 4645 725 4704; x_wconf 92' lang='lat' dir='ltr'><em>et</em></span> <span class='ocrx_word' id='word_1_447' title='bbox 748 4639 874 4705; x_wconf 88' lang='lat' dir='ltr'><em>eisdem</em></span> <span class='ocrx_word' id='word_1_448' title='bbox 897 4660 955 4722; x_wconf 92' lang='grc' dir='ltr'><em>ρτο</em></span> <span class='ocrx_word' id='word_1_449' title='bbox 979 4641 1135 4726; x_wconf 86' lang='lat' dir='ltr'><em>expensis</em></span> <span class='ocrx_word' id='word_1_450' title='bbox 1159 4641 1227 4704; x_wconf 89' lang='lat' dir='ltr'><em>suis</em></span> <span class='ocrx_word' id='word_1_451' title='bbox 1252 4645 1286 4704; x_wconf 88' lang='lat' dir='ltr'><em>at</em></span> <span class='ocrx_word' id='word_1_452' title='bbox 1302 4637 1450 4704; x_wconf 90' lang='lat' dir='ltr'><em>emendis</em></span> <span class='ocrx_word' id='word_1_453' title='bbox 1465 4637 1657 4723; x_wconf 89' lang='lat' dir='ltr'><em>equitaturis</em></span> <span class='ocrx_word' id='word_1_454' title='bbox 1675 4636 1824 4704; x_wconf 90' lang='lat' dir='ltr'><em>dedimus</em></span> 
     </span>
     <span class='ocr_line' id='line_1_42' title="bbox 172 4739 1824 4830; baseline -0.002 -20"><span class='ocrx_word' id='word_1_455' title='bbox 172 4746 339 4830; x_wconf 83' lang='lat' dir='ltr'><em>octoginta</em></span> <span class='ocrx_word' id='word_1_456' title='bbox 362 4750 395 4809; x_wconf 90' lang='lat' dir='ltr'><em>et</em></span> <span class='ocrx_word' id='word_1_457' title='bbox 417 4765 478 4809; x_wconf 86' lang='lat' dir='ltr'><em>sex</em></span> <span class='ocrx_word' id='word_1_458' title='bbox 500 4744 605 4808; x_wconf 87' lang='lat' dir='ltr'><em>libras</em></span> <span class='ocrx_word' id='word_1_459' title='bbox 627 4743 899 4809; x_wconf 87' lang='lat' dir='ltr'><em>Proveniensium</em></span> <span class='ocrx_word' id='word_1_460' title='bbox 922 4743 963 4808; x_wconf 91' lang='lat' dir='ltr'><em>de</em></span> <span class='ocrx_word' id='word_1_461' title='bbox 986 4744 1153 4809; x_wconf 88' lang='lat' dir='ltr'><em>vicesima.</em></span> <span class='ocrx_word' id='word_1_462' title='bbox 1199 4741 1427 4808; x_wconf 83' lang='lat' dir='ltr'><em>Mandavimus</em></span> <span class='ocrx_word' id='word_1_463' title='bbox 1450 4761 1580 4827; x_wconf 88' lang='lat' dir='ltr'><em>quoque</em></span> <span class='ocrx_word' id='word_1_464' title='bbox 1604 4762 1664 4827; x_wconf 91' lang='lat' dir='ltr'><em>per</em></span> <span class='ocrx_word' id='word_1_465' title='bbox 1686 4739 1824 4806; x_wconf 89' lang='lat' dir='ltr'><em>dilectos</em></span> 
     </span>
     <span class='ocr_line' id='line_1_43' title="bbox 171 4837 1824 4933; baseline -0.002 -21"><span class='ocrx_word' id='word_1_466' title='bbox 171 4848 257 4914; x_wconf 90' lang='lat' dir='ltr'><em>filios</em></span> <span class='ocrx_word' id='word_1_467' title='bbox 279 4837 455 4933; x_wconf 65' lang='lat' dir='ltr'><em>Hu&#39;gonem</em></span> <span class='ocrx_word' id='word_1_468' title='bbox 478 4846 519 4911; x_wconf 91' lang='lat' dir='ltr'><em>de</em></span> <span class='ocrx_word' id='word_1_469' title='bbox 536 4846 657 4913; x_wconf 81' lang='lat' dir='ltr'><em>Sancto</em></span> <span class='ocrx_word' id='word_1_470' title='bbox 681 4846 825 4932; x_wconf 84' lang='lat' dir='ltr'><em>Georgia</em></span> <span class='ocrx_word' id='word_1_471' title='bbox 850 4853 884 4912; x_wconf 91' lang='lat' dir='ltr'><em>et</em></span> <span class='ocrx_word' id='word_1_472' title='bbox 904 4846 1084 4912; x_wconf 87' lang='lat' dir='ltr'><em>Iohannem</em></span> <span class='ocrx_word' id='word_1_473' title='bbox 1107 4845 1148 4912; x_wconf 90' lang='lat' dir='ltr'><em>de</em></span> <span class='ocrx_word' id='word_1_474' title='bbox 1163 4845 1305 4912; x_wconf 52' lang='lat' dir='ltr'><em>novilla</em></span> <span class='ocrx_word' id='word_1_475' title='bbox 1330 4852 1364 4910; x_wconf 92' lang='lat' dir='ltr'><em>et</em></span> <span class='ocrx_word' id='word_1_476' title='bbox 1380 4843 1567 4909; x_wconf 84' lang='lat' dir='ltr'><em>&#39;Gerardum</em></span> <span class='ocrx_word' id='word_1_477' title='bbox 1589 4842 1630 4908; x_wconf 92' lang='lat' dir='ltr'><em>de</em></span> <span class='ocrx_word' id='word_1_478' title='bbox 1648 4841 1824 4909; x_wconf 83' lang='lat' dir='ltr'><em>Sotvrrririo</em></span> 
     </span>
     <span class='ocr_line' id='line_1_44' title="bbox 172 4947 1823 5036; baseline -0.004 -20"><span class='ocrx_word' id='word_1_479' title='bbox 172 4950 396 5036; x_wconf 87' lang='lat' dir='ltr'><em>etRogerium</em></span> <span class='ocrx_word' id='word_1_480' title='bbox 412 4950 587 5035; x_wconf 79' lang='lat' dir='ltr'><em>Anglieum</em></span> <span class='ocrx_word' id='word_1_481' title='bbox 609 4948 650 5015; x_wconf 90' lang='lat' dir='ltr'><em>de</em></span> <span class='ocrx_word' id='word_1_482' title='bbox 673 4951 745 5016; x_wconf 93' lang='lat' dir='ltr'><em>vico</em></span> <span class='ocrx_word' id='word_1_483' title='bbox 762 4950 872 5036; x_wconf 81' lang='lat' dir='ltr'><em>Angli,</em></span> <span class='ocrx_word' id='word_1_484' title='bbox 895 4950 1013 5015; x_wconf 88' lang='lat' dir='ltr'><em>fratres</em></span> <span class='ocrx_word' id='word_1_485' title='bbox 1036 4949 1152 5014; x_wconf 90' lang='lat' dir='ltr'><em>militie</em></span> <span class='ocrx_word' id='word_1_486' title='bbox 1177 4949 1318 5035; x_wconf 84' lang='lat' dir='ltr'><em>Templi,</em></span> <span class='ocrx_word' id='word_1_487' title='bbox 1341 4947 1499 5013; x_wconf 91' lang='lat' dir='ltr'><em>tredecim</em></span> <span class='ocrx_word' id='word_1_488' title='bbox 1523 4947 1614 5010; x_wconf 90' lang='lat' dir='ltr'><em>milia</em></span> <span class='ocrx_word' id='word_1_489' title='bbox 1640 4968 1823 5011; x_wconf 89' lang='lat' dir='ltr'><em>marcarum</em></span> 
     </span>
     <span class='ocr_line' id='line_1_45' title="bbox 172 5048 1824 5139; baseline -0.004 -21"><span class='ocrx_word' id='word_1_490' title='bbox 172 5054 212 5119; x_wconf 91' lang='lat' dir='ltr'><em>de</em></span> <span class='ocrx_word' id='word_1_491' title='bbox 235 5053 392 5118; x_wconf 89' lang='lat' dir='ltr'><em>vicesima</em></span> <span class='ocrx_word' id='word_1_492' title='bbox 414 5053 555 5118; x_wconf 88' lang='lat' dir='ltr'><em>collecta</em></span> <span class='ocrx_word' id='word_1_493' title='bbox 577 5053 610 5116; x_wconf 91' lang='lat' dir='ltr'><em>in</em></span> <span class='ocrx_word' id='word_1_494' title='bbox 626 5054 747 5139; x_wconf 84' lang='lat' dir='ltr'><em>Anglia</em></span> <span class='ocrx_word' id='word_1_495' title='bbox 769 5054 802 5117; x_wconf 93' lang='lat' dir='ltr'><em>in</em></span> <span class='ocrx_word' id='word_1_496' title='bbox 824 5053 889 5118; x_wconf 91' lang='lat' dir='ltr'><em>tuis</em></span> <span class='ocrx_word' id='word_1_497' title='bbox 905 5053 1056 5117; x_wconf 89' lang='lat' dir='ltr'><em>manibus</em></span> <span class='ocrx_word' id='word_1_498' title='bbox 1078 5049 1287 5136; x_wconf 88' lang='lat' dir='ltr'><em>assignanda,</em></span> <span class='ocrx_word' id='word_1_499' title='bbox 1311 5049 1419 5115; x_wconf 87' lang='lat' dir='ltr'><em>daturi</em></span> <span class='ocrx_word' id='word_1_500' title='bbox 1442 5068 1576 5137; x_wconf 90' lang='lat' dir='ltr'><em>operam</em></span> <span class='ocrx_word' id='word_1_501' title='bbox 1598 5053 1636 5113; x_wconf 92' lang='lat' dir='ltr'><em>ut</em></span> <span class='ocrx_word' id='word_1_502' title='bbox 1657 5048 1824 5113; x_wconf 92' lang='lat' dir='ltr'><em>residuum</em></span> 
     </span>
     <span class='ocr_line' id='line_1_46' title="bbox 175 5151 1823 5243; baseline -0.004 -21"><span class='ocrx_word' id='word_1_503' title='bbox 175 5158 236 5222; x_wconf 92' lang='lat' dir='ltr'><em>tibi</em></span> <span class='ocrx_word' id='word_1_504' title='bbox 260 5157 411 5222; x_wconf 90' lang='lat' dir='ltr'><em>celeriter</em></span> <span class='ocrx_word' id='word_1_505' title='bbox 433 5157 681 5222; x_wconf 88' lang='lat' dir='ltr'><em>transmittatur.</em></span> <span class='ocrx_word' id='word_1_506' title='bbox 726 5156 942 5243; x_wconf 89' lang='lat' dir='ltr'><em>Hospitalarii</em></span> <span class='ocrx_word' id='word_1_507' title='bbox 965 5176 1093 5243; x_wconf 90' lang='lat' dir='ltr'><em>quoque</em></span> <span class='ocrx_word' id='word_1_508' title='bbox 1109 5176 1147 5220; x_wconf 89' lang='lat' dir='ltr'><em>ac</em></span> <span class='ocrx_word' id='word_1_509' title='bbox 1163 5154 1343 5240; x_wconf 81' lang='lat' dir='ltr'><em>Templarii</em></span> <span class='ocrx_word' id='word_1_510' title='bbox 1364 5152 1565 5238; x_wconf 87' lang='lat' dir='ltr'><em>deUngaria</em></span> <span class='ocrx_word' id='word_1_511' title='bbox 1584 5151 1674 5216; x_wconf 93' lang='lat' dir='ltr'><em>mille</em></span> <span class='ocrx_word' id='word_1_512' title='bbox 1698 5152 1823 5239; x_wconf 88' lang='lat' dir='ltr'><em>septin-</em></span> 
     </span>
    </p>
   </div>
   <div class='ocr_carea' id='block_1_6' title="bbox 276 5403 761 5484">
    <p class='ocr_par' dir='ltr' id='par_1_6' title="bbox 276 5403 761 5484">
     <span class='ocr_line' id='line_1_47' title="bbox 276 5403 761 5484; baseline -0.002 -14"><span class='ocrx_word' id='word_1_513' title='bbox 276 5417 299 5484; x_wconf 85' lang='lat'><em>·)</em></span> <span class='ocrx_word' id='word_1_514' title='bbox 318 5419 449 5473; x_wconf 75' lang='lat' dir='ltr'><em>Machilori</em></span> <span class='ocrx_word' id='word_1_515' title='bbox 466 5419 498 5471; x_wconf 84' lang='lat' dir='ltr'><em>B.</em></span> <span class='ocrx_word' id='word_1_516' title='bbox 581 5415 605 5484; x_wconf 63' lang='grc' dir='ltr'><em>ι)</em></span> <span class='ocrx_word' id='word_1_517' title='bbox 624 5403 716 5470; x_wconf 73' lang='grc' dir='ltr'>ΝοτὶΠ</span> <span class='ocrx_word' id='word_1_518' title='bbox 729 5418 761 5469; x_wconf 84' lang='lat' dir='ltr'><em>B.</em></span> 
     </span>
    </p>
   </div>
   <div class='ocr_carea' id='block_1_7' title="bbox 170 5530 1825 5695">
    <p class='ocr_par' dir='ltr' id='par_1_7' title="bbox 170 5530 1825 5695">
     <span class='ocr_line' id='line_1_48' title="bbox 275 5530 1825 5608; baseline -0.006 -16"><span class='ocrx_word' id='word_1_519' title='bbox 275 5539 301 5602; x_wconf 91' lang='grc'><em>1)</em></span> <span class='ocrx_word' id='word_1_520' title='bbox 328 5535 510 5606; x_wconf 73' lang='lat' dir='ltr'><em>Ruynuinu.</em></span> <span class='ocrx_word' id='word_1_521' title='bbox 607 5536 635 5605; x_wconf 82' lang='lat'><em>2)</em></span> <span class='ocrx_word' id='word_1_522' title='bbox 665 5535 846 5608; x_wconf 75' lang='lat' dir='ltr'><em>Roynen&#39;nm.</em></span> <span class='ocrx_word' id='word_1_523' title='bbox 943 5536 971 5604; x_wconf 85' lang='lat'><em>3)</em></span> <span class='ocrx_word' id='word_1_524' title='bbox 999 5534 1129 5592; x_wconf 81' lang='lat' dir='ltr'><em>herlotta</em></span> <span class='ocrx_word' id='word_1_525' title='bbox 1154 5535 1212 5590; x_wconf 76' lang='lat' dir='ltr'><em>ctae</em></span> <span class='ocrx_word' id='word_1_526' title='bbox 1236 5534 1353 5590; x_wconf 83' lang='lat' dir='ltr'><em>barbota</em></span> <span class='ocrx_word' id='word_1_527' title='bbox 1380 5531 1484 5602; x_wconf 66' lang='lat' dir='ltr'><em>macies</em></span> <span class='ocrx_word' id='word_1_528' title='bbox 1511 5531 1598 5586; x_wconf 80' lang='lat' dir='ltr'><em>nocis.</em></span> <span class='ocrx_word' id='word_1_529' title='bbox 1645 5530 1696 5586; x_wconf 81' lang='lat' dir='ltr'><em>Du</em></span> <span class='ocrx_word' id='word_1_530' title='bbox 1724 5534 1825 5600; x_wconf 74' lang='lat' dir='ltr'><em>canpe.</em></span> 
     </span>
     <span class='ocr_line' id='line_1_49' title="bbox 170 5616 1791 5695; baseline -0.007 -15"><span class='ocrx_word' id='word_1_531' title='bbox 170 5625 199 5695; x_wconf 81' lang='lat'><em>4)</em></span> <span class='ocrx_word' id='word_1_532' title='bbox 217 5623 415 5680; x_wconf 65' lang='lat' dir='ltr'><em>uolucettnm</em></span> <span class='ocrx_word' id='word_1_533' title='bbox 433 5623 491 5676; x_wconf 81' lang='lat' dir='ltr'><em>aios</em></span> <span class='ocrx_word' id='word_1_534' title='bbox 508 5621 694 5679; x_wconf 80' lang='lat' dir='ltr'><em>trelnehctmn</em></span> <span class='ocrx_word' id='word_1_535' title='bbox 710 5623 870 5694; x_wconf 81' lang='lat' dir='ltr'><em>catapultae</em></span> <span class='ocrx_word' id='word_1_536' title='bbox 888 5624 999 5693; x_wconf 66' lang='lat' dir='ltr'><em>menica.</em></span> <span class='ocrx_word' id='word_1_537' title='bbox 1035 5623 1087 5678; x_wconf 86' lang='lat' dir='ltr'><em>Du</em></span> <span class='ocrx_word' id='word_1_538' title='bbox 1109 5621 1209 5691; x_wconf 69' lang='lat' dir='ltr'><em>Canae.</em></span> <span class='ocrx_word' id='word_1_539' title='bbox 1279 5622 1306 5689; x_wconf 82' lang='grc'><em>5)</em></span> <span class='ocrx_word' id='word_1_540' title='bbox 1325 5618 1404 5675; x_wconf 80' lang='lat' dir='ltr'><em>Petri</em></span> <span class='ocrx_word' id='word_1_541' title='bbox 1422 5618 1518 5672; x_wconf 80' lang='lat' dir='ltr'><em>Zs&#39;onr&#39;.</em></span> <span class='ocrx_word' id='word_1_542' title='bbox 1587 5616 1615 5684; x_wconf 91' lang='grc'><em>6)</em></span> <span class='ocrx_word' id='word_1_543' title='bbox 1631 5616 1791 5673; x_wconf 68' lang='lat' dir='ltr'><em>Lamiae.</em></span> 
     </span>
    </p>
   </div>
   <div class='ocr_carea' id='block_1_8' title="bbox 275 5711 1621 5783">
    <p class='ocr_par' dir='ltr' id='par_1_8' title="bbox 275 5711 1621 5783">
     <span class='ocr_line' id='line_1_50' title="bbox 275 5711 1621 5783; baseline 0.001 0"><span class='ocrx_word' id='word_1_544' title='bbox 275 5733 337 5783; x_wconf 72' lang='lat' dir='ltr'><em>aas.</em></span> <span class='ocrx_word' id='word_1_545' title='bbox 354 5732 434 5782; x_wconf 73' lang='lat' dir='ltr'><em>eon.</em></span> <span class='ocrx_word' id='word_1_546' title='bbox 454 5730 473 5782; x_wconf 92' lang='lat'><em>1.</em></span> <span class='ocrx_word' id='word_1_547' title='bbox 1588 5711 1621 5766; x_wconf 78' lang='lat'><em>1²</em></span> 
     </span>
    </p>
   </div>
   <div class='ocr_carea' id='block_1_9' title="bbox 0 0 2252 6423">
    <p class='ocr_par' dir='ltr' id='par_1_9' title="bbox 0 0 2252 6423">
     <span class='ocr_line' id='line_1_51' title="bbox 0 0 2252 6423; baseline 0 0"><span class='ocrx_word' id='word_1_548' title='bbox 0 0 2252 6423; x_wconf 95' lang='lat' dir='ltr'><em> </em></span> 
     </span>
    </p>
   </div>
  </div>
 </body>
</html>
