4524 6412
753 411 954 468 EPISTOLAE
972 415 1161 472 SELEC'I'AE.
1198 419 1274 474 1227.

588 643 819 716 Universis
847 645 1130 737 principibus
1156 649 1432 726 Alamannia.

287 788 383 853 Flere
414 788 495 854 libet
523 792 632 876 potius
666 814 762 878 quam
792 793 932 872 referre,
963 795 1193 880 imperatorem
1216 798 1420 864 Fridericnm
1449 799 1637 866 deseruisse
1665 804 1833 888 negotium

181 893 442 974 transmarinum,
466 915 525 978 pro
548 916 611 980 quo
635 895 757 960 diutius
779 898 941 962 laboravit
964 899 1106 962 ecclesia
1129 907 1162 964 et
1179 898 1385 965 Christianus
1409 903 1549 989 populus
1572 911 1663 969 tanto
1686 912 1834 992 temporo

181 994 364 1060 desudavit.
408 996 503 1066 Unde
528 1019 594 1062 non
617 997 805 1064 deferentes
829 999 967 1080 homini,
988 1001 1043 1084 qni
1067 1000 1204 1066 adduxit
1226 1003 1259 1066 in
1282 1010 1372 1069 tante
1398 1006 1600 1072 contusionis
1624 1008 1835 1094 obprobrium

117 1131 129 1168 s
183 1120 315 1164 causam
346 1099 485 1180 Christi,
515 1107 629 1165 contra
657 1103 765 1188 ipsum
798 1103 1018 1187 processimus
1029 1103 1049 1183 ¹,
1084 1111 1181 1189 prout
1209 1105 1241 1169 in
1271 1106 1405 1188 litteris,
1438 1129 1518 1192 quas
1549 1109 1590 1173 ad
1620 1113 1835 1176 ecclesiarum

179 1203 322 1288 prelatos
352 1202 564 1284 direximusl,
598 1205 727 1290 plenius
757 1206 951 1270 continetur.
998 1206 1122 1270 Verum
1153 1208 1231 1273 licet
1260 1211 1307 1274 sic
1337 1209 1468 1297 decepti
1497 1213 1599 1277 simus
1621 1213 1669 1288 ,ab
1697 1214 1770 1296 illo,
1800 1215 1833 1278 in

180 1327 277 1392 quem
299 1307 466 1372 locaverat
488 1309 630 1372 ecclesia
652 1309 685 1371 in
708 1308 770 1372 hoc
786 1308 872 1372 facto
889 1307 1041 1373 fiduciam
1066 1311 1137 1395 spei
1161 1333 1232 1392 sue,
1256 1314 1333 1397 quia
1355 1320 1465 1379 tamen
1487 1336 1554 1380 non
1576 1323 1628 1381 est
1644 1316 1836 1382 abbreviata

180 1430 295 1473 manus
326 1409 415 1490 eius,
445 1411 537 1475 euius
570 1418 622 1476 est
651 1412 821 1496 negotium
849 1419 1065 1477 memoratum
1095 1420 1128 1477 et
1159 1415 1215 1498 qui
1248 1416 1369 1480 nomini
1401 1437 1459 1481 suo
1489 1417 1546 1482 dat
1574 1420 1726 1504 gloriam,
1761 1442 1834 1485 oum

179 1512 423 1598 beneplacitum
451 1521 503 1578 est
530 1514 650 1600 ipsius,
681 1535 754 1578 cum
786 1522 820 1579 et
849 1515 967 1579 melius
998 1515 1031 1578 in
1053 1514 1194 1580 Domino
1218 1539 1315 1602 qnam
1344 1519 1378 1582 in
1399 1520 1599 1606 principibus
1623 1523 1665 1586 sit
1688 1544 1834 1609 sperare,

105 1644 130 1682 lo
181 1619 306 1682 firmam
336 1619 369 1682 in
397 1618 467 1704 ipso
500 1618 659 1683 babemus
690 1619 856 1698 fiduciam,
887 1617 972 1703 quod
1001 1619 1087 1683 viam
1115 1619 1210 1685 nobis
1238 1621 1408 1702 ostendet,
1440 1644 1501 1710 per
1527 1644 1623 1708 quam
1654 1625 1689 1688 in
1717 1624 1835 1690 eodem

180 1720 313 1804 negotio
337 1742 494 1807 prospere
517 1720 721 1807 procedatur.
767 1722 853 1795 Quia
869 1743 946 1786 vero
963 1721 1079 1807 perfidi
1094 1723 1215 1808 pagani
1238 1730 1352 1788 contra
1367 1723 1494 1804 fideles,
1518 1731 1685 1811 tamquam
1707 1749 1750 1793 ex
1772 1728 1834 1792 hoc

180 1826 379 1889 consternati
403 1826 468 1888 sint
490 1827 609 1904 animo,
632 1825 789 1890 maiorem
814 1833 890 1889 sunt
913 1825 1082 1890 audaciam
1098 1829 1309 1912 assumpturi,
1334 1835 1464 1912 oportet
1485 1849 1545 1893 nos
1569 1829 1658 1893 viros
1680 1836 1834 1916 potentes

181 1933 215 1990 et
237 1926 433 2008 catholicos,
460 1934 496 1993 ut
519 1936 690 1994 occurrant
713 1935 805 1993 tanto
828 1928 1009 1993 discrimini
1033 1936 1067 1994 ct
1088 1929 1300 2016 obprobrium
1323 1938 1472 1995 nostrum
1495 1933 1654 2013 relevent,
1677 1934 1835 1999 excitare.

181 2028 264 2093 (lum
287 2030 386 2114 igitur
401 2031 501 2096 vitam
525 2039 559 2097 et
580 2033 735 2097 universa
757 2054 819 2117 quc
844 2032 973 2097 habetis
997 2032 1147 2098 tribuerit
1170 2033 1263 2097 vobis
1279 2032 1452 2114 Dominus,
1476 2054 1534 2120 pro
1549 2035 1667 2119 quibus
1690 2036 1834 2102 tribuere

182 2131 309 2197 debetis
333 2132 457 2209 eidem,
487 2135 734 2199 universitatem
757 2141 900 2199 vestram
922 2135 1091 2199 hortamur
1114 2143 1147 2200 et
1170 2136 1381 2201 obsecramus
1404 2137 1577 2216 attentius,
1610 2146 1771 2223 quatenus
1792 2139 1835 2203 ad

181 2236 410 2302 vindicandum
444 2239 478 2302 in
511 2239 616 2302 crucis
652 2238 863 2324 blasphemos
896 2245 1090 2324 occupatam
1127 2245 1280 2303 tenentes
1316 2247 1436 2305 terram
1468 2238 1699 2326 Redemptoris
1731 2241 1835 2305 nostri

181 2341 341 2426 sanguine
364 2348 598 2421 consecratam,
621 2348 766 2406 vestrum
788 2342 932 2406 animum
956 2343 1151 2428 preparetis,
1175 2349 1209 2407 et
1231 2349 1324 2406 tanto
1348 2342 1463 2406 fortius
1488 2343 1689 2423 animemini,
1713 2350 1834 2429 quanto

181 2444 286 2508 maior
311 2443 492 2508 dinoscitur
521 2446 702 2509 necessitas
733 2446 917 2525 imminere,
947 2446 992 2508 ita
1020 2441 1107 2529 quod
1130 2445 1261 2510 devotio
1285 2451 1395 2510 vestra
1417 2467 1477 2531 per
1501 2444 1653 2510 effectum
1677 2453 1835 2532 appareat

182 2547 214 2611 in
242 2547 303 2611 hae
335 2553 446 2633 parte,
474 2569 513 2612 ao
546 2546 689 2612 divinam
718 2548 857 2632 gratiam
887 2554 921 2611 et
950 2554 1097 2612 nostrum
1129 2554 1162 2612 et
1190 2546 1330 2612 ecclesie
1353 2546 1501 2612 Romane
1532 2547 1676 2612 favorem
1706 2548 1835 2634 plenius

104 2671 131 2709 ro
183 2650 363 2735 promereri
385 2651 529 2736 possitis.

291 2769 377 2834 Data
397 2771 561 2857 Anagnie,
584 2769 670 2834 VIII
691 2768 769 2834 Idus
793 2769 926 2834 Octobr.
949 2769 1158 2855 pontificatus
1181 2772 1286 2836 nostri
1309 2790 1394 2835 anno
1417 2769 1533 2855 primo.

803 3011 1214 3020 -..η-ω

969 3239 1056 3312 368.

293 3351 458 3464 Gregorii
488 3378 544 3443 IX
569 3397 676 3458 papae
710 3378 880 3458 encyclica,
914 3399 978 3459 aaa
1009 3397 1199 3454 memorans,
1235 3376 1383 3457 qumodo
1410 3375 1596 3440 Friderr'cms
1622 3375 1837 3441 Ildmaaoram

184 3486 353 3566 irrrpcrator
385 3482 605 3564 marabaudes
630 3500 693 3561 pro
722 3481 904 3544 liberatione
935 3481 1050 3546 Terrae
1076 3481 1212 3546 Sanctae
1239 3480 1328 3543 toties
1351 3479 1460 3563 factas
1487 3480 1629 3557 eluserit,
1661 3480 1753 3545 ittam
1784 3499 1838 3542 ea-

38 3659 44 3668 ,
183 3587 441 3652 communicatam
467 3588 497 3650 et
524 3583 564 3648 ab
591 3583 733 3647 manitas
759 3584 941 3648 euitandam
962 3585 1141 3662 derraattat,
1167 3605 1227 3664 pro
1253 3603 1287 3648 eo
1315 3582 1398 3663 qaod
1424 3601 1489 3644 mea
1521 3581 1774 3661 transfretaverit
1801 3582 1838 3644 ia

107 3719 133 3759 as
185 3691 317 3755 termino
331 3691 493 3771 praefixa,
522 3707 577 3750 mee
598 3688 633 3750 ia
656 3689 774 3751 taceatis
790 3689 953 3770 passapr'r's
968 3689 1151 3768 pamniam,
1178 3707 1274 3768 qaam
1293 3685 1446 3763 debuerit,
1467 3684 1511 3748 ad
1534 3684 1665 3748 Terram
1687 3684 1838 3749 Sanctam

183 3792 400 3870 minaverit,
426 3811 482 3855 mee
503 3789 631 3854 durarit
651 3789 735 3853 mitte
756 3790 872 3854 ariditas
890 3810 949 3870 per
971 3790 1132 3854 &maiam
1153 3789 1267 3853 ibidem
1289 3787 1452 3867 tenendos,
1474 3787 1555 3850 sicat
1576 3787 1663 3867 aprrd
1685 3781 1837 3850 Sanctam

187 3897 382 3962 Germanum
398 3893 502 3980 faerit
520 3893 688 3974 pollicitus,
1490 3891 1586 3968 1227,
1611 3887 1675 3953 Oct.
1698 3891 1750 3952 10.

289 4015 371 4083 Grep.
389 4014 439 4066 IX
457 4015 527 4084 Rep.
546 4012 605 4066 Lib.
624 4013 650 4074 1,
668 4017 730 4066 177,
766 4012 887 4066 Edr'mus
907 4013 978 4066 donc
1001 4014 1146 4083 opimatam
1169 4028 1203 4066 ea
1226 4011 1321 4080 Rapa.
1341 4013 1413 4064 Ama
1435 4009 1496 4063 ecel.
1520 4025 1547 4062 a.
1570 4012 1653 4071 1227,
1676 4011 1692 4072 §
1718 4010 1838 4075 30-39,

184 4099 340 4162 exordium,
365 4101 439 4168 qaod
456 4099 502 4153 ille
519 4098 622 4160 cmtsrt,
647 4097 777 4152 addentes
795 4115 829 4152 ex
850 4098 914 4152 Ood.
933 4098 1008 4153 Bibl.
1025 4099 1147 4152 Berale'rr.
1167 4097 1309 4150 Marmar.
1327 4097 1375 4150 tat.
1393 4096 1443 4164 sol.
1461 4099 1516 4148 434
1532 4096 1638 4148 ecerat.
1656 4109 1726 4147 saec.
1745 4094 1838 4160 XIII,

108 4208 134 4246 ao
185 4187 284 4242 cedato
301 4184 588 4240 Haillard-Bre‘trolles
606 4185 623 4238 l.
642 4199 664 4238 c.
683 4190 702 4238 t.
720 4184 787 4249 ΙΙΙ,
806 4202 837 4254 p.
855 4189 906 4253 23,
929 4186 978 4254 qai
994 4185 1095 4241 collect.
1114 4184 1209 4239 Parr's.
1226 4183 1362 4238 adtribuit.
1398 4183 1435 4236 Ia
1453 4179 1546 4235 codice
1562 4180 1611 4232 illa
1629 4178 1838 4248 archiepr'secpo
1889 4243 1892 4250 Ι

187 4273 423 4342 Mapdebaryeam'
440 4278 466 4326 et
488 4271 676 4342 saffrapaner's
695 4271 754 4324 etas
770 4271 856 4326 armoe
876 4271 943 4326 data
961 4287 1020 4326 esse
1038 4271 1152 4342 lepilar:
1179 4271 1268 4338 Anag.
1288 4269 1349 4324 Kal.
1369 4267 1429 4322 Oet.
1451 4265 1631 4336 pontificatus
1654 4264 1742 4318 nostri
1764 4279 1838 4318 anno

187 4359 289 4430 primm
308 4359 345 4427 ef.
365 4359 523 4414 Ferratus.
542 4355 663 4411 mersen
683 4356 781 4412 (lescle.
799 4361 818 4411 t.
836 4356 901 4426 XV,
916 4374 946 4426 p.
964 4359 1028 4411 229.

290 4445 424 4508 Peuma,
441 4443 507 4512 aa.
527 4446 608 4497 aare.

704 4603 949 4695 Gregorius
976 4603 1214 4694 episeopus
1240 4603 1319 4673 etc.

110 4773 135 4812 ³,
228 4726 496 4814 Marsieano,
525 4724 749 4812 valvensi,
777 4724 1014 4812 Theatino,
1042 4720 1276 4808 Pennensi,
1303 4716 1524 4809 Aprutino
1552 4718 1799 4810 ceterisque

479 4865 557 4935 per
582 4844 662 4917 has
688 4844 894 4936 regiones
923 4842 1188 4916 constitutis
1215 4836 1437 4931 episeopis
1464 4841 1543 4908 etc.

294 4994 332 5057 In
348 4993 445 5057 maris
462 4989 676 5077 amplitudine
692 4991 847 5076 spatiosa
860 4989 1011 5054 navicula
1026 4990 1117 5054 Petri
1138 4989 1256 5075 posita,
1280 4987 1333 5050 vel
1355 4983 1463 5070 potius
1488 4982 1641 5068 exposita
1656 4982 1839 5047 turbinibus

188 5104 429 5186 tempestatum,
453 5096 500 5160 sie
522 5093 645 5178 iugiter
663 5094 817 5179 procellis
841 5099 875 5157 et
894 5093 1047 5157 fluetibus
1066 5093 1219 5177 agitatur,
1244 5096 1279 5153 ut
1301 5089 1371 5153 eius
1388 5086 1627 5172 gubernatores
1650 5091 1684 5149 et
1699 5085 1840 5170 remiges

190 5203 246 5266 vix
277 5201 444 5284 contingat
477 5195 650 5282 aliquando
686 5197 771 5261 inter
808 5197 978 5280 angustias
1014 5195 1242 5260 inundantium
1278 5191 1429 5257 imbrium
1463 5189 1637 5275 respirare.
1695 5187 1779 5252 Nam
1813 5189 1841 5252 si

111 5337 138 5375 m
189 5303 319 5390 quando
347 5322 505 5389 prospero
528 5307 625 5364 vento
655 5301 754 5364 flante
783 5299 890 5386 plenis
913 5299 995 5364 velis
1025 5298 1066 5363 ad
1094 5304 1224 5385 portum
1247 5295 1405 5374 tenditur,
1437 5293 1545 5357 subito
1568 5299 1684 5357 ventus
1714 5291 1840 5355 irruens

293 5597 319 5663 1)
338 5598 418 5661 1227,
435 5593 509 5662 Sept.
527 5595 565 5646 29
583 5591 661 5660 apud
677 5591 833 5660 Aaapniam
851 5607 911 5646 eam
929 5593 1226 5659 excommunicaveram
1244 5589 1282 5658 es.
1301 5587 1385 5658 Rycc.
1403 5585 1437 5641 de
1455 5585 1483 5640 S.
1503 5585 1591 5639 Germ.
1611 5599 1630 5636 a
1656 5585 1736 5646 1227,
1754 5581 1805 5636 SS.
1822 5582 1841 5634 t.

191 5682 277 5746 XIX,
292 5698 323 5750 p.
343 5683 407 5734 348.
477 5679 504 5746 2)
521 5677 598 5732 baad
615 5677 701 5732 dabie
719 5679 770 5733 aab
787 5678 880 5747 forma
896 5679 1028 5749 epistolae
1045 5679 1191 5750 redemta.

314 5780 376 5830 Rea.
393 5779 473 5828 Pom.
492 5777 510 5826 1.
566 5833 580 5856 0
1442 5769 1532 5872 ff.
1555 5733 1635 5864 232:ng
