<?xml version="1.0" encoding="UTF-8"?>
<!DOCTYPE html PUBLIC "-//W3C//DTD XHTML 1.0 Transitional//EN"
    "http://www.w3.org/TR/xhtml1/DTD/xhtml1-transitional.dtd">
<html xmlns="http://www.w3.org/1999/xhtml" xml:lang="en" lang="en">
 <head>
  <title>
</title>
<meta http-equiv="Content-Type" content="text/html;charset=utf-8" />
  <meta name='ocr-system' content='tesseract 3.04.00' />
  <meta name='ocr-capabilities' content='ocr_page ocr_carea ocr_par ocr_line ocrx_word'/>
</head>
<body>
  <div class='ocr_page' id='page_1' title='image "./monumentagerman00peipgoog/monumentagerman00peipgoog_0609.png"; bbox 0 0 4590 6366; ppageno 0'>
   <div class='ocr_carea' id='block_1_1' title="bbox 440 367 1575 440">
    <p class='ocr_par' dir='ltr' id='par_1_1' title="bbox 440 367 1575 440">
     <span class='ocr_line' id='line_1_1' title="bbox 440 367 1575 440; baseline -0.017 0"><span class='ocrx_word' id='word_1_1' title='bbox 440 377 502 440; x_wconf 80' lang='grc'>586</span> <span class='ocrx_word' id='word_1_2' title='bbox 1074 370 1122 424; x_wconf 85' lang='lat' dir='ltr'>EX</span> <span class='ocrx_word' id='word_1_3' title='bbox 1141 368 1317 423; x_wconf 80' lang='lat' dir='ltr'>GREGORII</span> <span class='ocrx_word' id='word_1_4' title='bbox 1336 367 1374 420; x_wconf 85' lang='lat' dir='ltr'>Ill</span> <span class='ocrx_word' id='word_1_5' title='bbox 1393 367 1575 422; x_wconf 70' lang='lat' dir='ltr'>audranno</span> 
     </span>
    </p>
   </div>
   <div class='ocr_carea' id='block_1_2' title="bbox 439 536 2104 2476">
    <p class='ocr_par' dir='ltr' id='par_1_2' title="bbox 439 536 2104 2476">
     <span class='ocr_line' id='line_1_2' title="bbox 440 536 2102 629; baseline -0.007 -18"><span class='ocrx_word' id='word_1_6' title='bbox 440 553 558 628; x_wconf 90' lang='lat' dir='ltr'>tatem,</span> <span class='ocrx_word' id='word_1_7' title='bbox 586 568 647 612; x_wconf 90' lang='lat' dir='ltr'>nec</span> <span class='ocrx_word' id='word_1_8' title='bbox 677 567 743 611; x_wconf 93' lang='lat' dir='ltr'>non</span> <span class='ocrx_word' id='word_1_9' title='bbox 772 544 939 629; x_wconf 80' lang='lat' dir='ltr'><strong>magistris</strong></span> <span class='ocrx_word' id='word_1_10' title='bbox 963 543 1083 608; x_wconf 82' lang='lat' dir='ltr'>Tolosa</span> <span class='ocrx_word' id='word_1_11' title='bbox 1113 543 1303 626; x_wconf 89' lang='lat' dir='ltr'>regentibus</span> <span class='ocrx_word' id='word_1_12' title='bbox 1335 562 1439 625; x_wconf 90' lang='lat' dir='ltr'>usque</span> <span class='ocrx_word' id='word_1_13' title='bbox 1462 541 1503 604; x_wconf 93' lang='lat' dir='ltr'>ad</span> <span class='ocrx_word' id='word_1_14' title='bbox 1526 547 1652 604; x_wconf 89' lang='lat' dir='ltr'>certum</span> <span class='ocrx_word' id='word_1_15' title='bbox 1675 548 1806 625; x_wconf 86' lang='lat' dir='ltr'>tempus</span> <span class='ocrx_word' id='word_1_16' title='bbox 1838 539 1932 604; x_wconf 91' lang='lat' dir='ltr'>annis</span> <span class='ocrx_word' id='word_1_17' title='bbox 1959 536 2102 622; x_wconf 89' lang='lat' dir='ltr'>singulis</span> 
     </span>
     <span class='ocr_line' id='line_1_3' title="bbox 440 643 2102 732; baseline -0.006 -16"><span class='ocrx_word' id='word_1_18' title='bbox 440 649 599 716; x_wconf 89' lang='lat' dir='ltr'>exhibere</span> <span class='ocrx_word' id='word_1_19' title='bbox 634 650 805 730; x_wconf 90' lang='lat' dir='ltr'>salarium,</span> <span class='ocrx_word' id='word_1_20' title='bbox 838 670 876 712; x_wconf 92' lang='lat' dir='ltr'>ac</span> <span class='ocrx_word' id='word_1_21' title='bbox 906 669 980 712; x_wconf 88' lang='lat' dir='ltr'>curn</span> <span class='ocrx_word' id='word_1_22' title='bbox 1009 647 1158 732; x_wconf 90' lang='lat' dir='ltr'>pluribus</span> <span class='ocrx_word' id='word_1_23' title='bbox 1194 646 1412 730; x_wconf 79' lang='lat' dir='ltr'>burgensibus</span> <span class='ocrx_word' id='word_1_24' title='bbox 1452 653 1485 708; x_wconf 93' lang='lat' dir='ltr'>et</span> <span class='ocrx_word' id='word_1_25' title='bbox 1518 644 1678 708; x_wconf 81' lang='lat' dir='ltr'>militibus</span> <span class='ocrx_word' id='word_1_26' title='bbox 1712 655 1799 708; x_wconf 89' lang='lat' dir='ltr'>terre</span> <span class='ocrx_word' id='word_1_27' title='bbox 1838 651 1894 708; x_wconf 90' lang='lat' dir='ltr'>tue</span> <span class='ocrx_word' id='word_1_28' title='bbox 1929 643 1965 707; x_wconf 92' lang='lat' dir='ltr'>in</span> <span class='ocrx_word' id='word_1_29' title='bbox 1996 643 2102 706; x_wconf 81' lang='lat' dir='ltr'>Terre</span> 
     </span>
     <span class='ocr_line' id='line_1_4' title="bbox 442 739 2100 835; baseline -0.006 -17"><span class='ocrx_word' id='word_1_30' title='bbox 442 753 564 819; x_wconf 85' lang='lat' dir='ltr'>Sancte</span> <span class='ocrx_word' id='word_1_31' title='bbox 587 753 801 818; x_wconf 87' lang='lat' dir='ltr'>transfretare</span> <span class='ocrx_word' id='word_1_32' title='bbox 832 751 1014 816; x_wconf 89' lang='lat' dir='ltr'>subsidium</span> <span class='ocrx_word' id='word_1_33' title='bbox 1043 752 1225 814; x_wconf 88' lang='lat' dir='ltr'>iuramento</span> <span class='ocrx_word' id='word_1_34' title='bbox 1254 750 1393 835; x_wconf 91' lang='lat' dir='ltr'>prestito</span> <span class='ocrx_word' id='word_1_35' title='bbox 1421 749 1604 825; x_wconf 87' lang='lat' dir='ltr'>tenebaris,</span> <span class='ocrx_word' id='word_1_36' title='bbox 1629 748 1782 812; x_wconf 89' lang='lat' dir='ltr'>salarium</span> <span class='ocrx_word' id='word_1_37' title='bbox 1806 739 1913 834; x_wconf 88' lang='lat' dir='ltr'>ipsum</span> <span class='ocrx_word' id='word_1_38' title='bbox 1937 746 2100 833; x_wconf 84' lang='lat' dir='ltr'>predictis</span> 
     </span>
     <span class='ocr_line' id='line_1_5' title="bbox 441 850 2100 943; baseline -0.005 -22"><span class='ocrx_word' id='word_1_39' title='bbox 441 859 623 942; x_wconf 80' lang='lat' dir='ltr'>magistris,</span> <span class='ocrx_word' id='word_1_40' title='bbox 654 863 789 943; x_wconf 89' lang='lat' dir='ltr'>propter</span> <span class='ocrx_word' id='word_1_41' title='bbox 816 855 903 941; x_wconf 94' lang='lat' dir='ltr'>quod</span> <span class='ocrx_word' id='word_1_42' title='bbox 933 855 1096 940; x_wconf 90' lang='lat' dir='ltr'>prefatum</span> <span class='ocrx_word' id='word_1_43' title='bbox 1126 852 1267 917; x_wconf 91' lang='lat' dir='ltr'>studium</span> <span class='ocrx_word' id='word_1_44' title='bbox 1297 853 1416 917; x_wconf 92' lang='lat' dir='ltr'>dicitur</span> <span class='ocrx_word' id='word_1_45' title='bbox 1444 852 1653 931; x_wconf 90' lang='lat' dir='ltr'>dissolutum,</span> <span class='ocrx_word' id='word_1_46' title='bbox 1683 852 1879 917; x_wconf 89' lang='lat' dir='ltr'>subtrahens</span> <span class='ocrx_word' id='word_1_47' title='bbox 1909 859 1942 917; x_wconf 90' lang='lat' dir='ltr'>et</span> <span class='ocrx_word' id='word_1_48' title='bbox 1974 850 2100 914; x_wconf 89' lang='lat' dir='ltr'>formas</span> 
     </span>
     <span class='ocr_line' id='line_1_6' title="bbox 440 956 2101 1048; baseline -0.006 -22"><span class='ocrx_word' id='word_1_49' title='bbox 440 963 586 1048; x_wconf 89' lang='lat' dir='ltr'>iniquas,</span> <span class='ocrx_word' id='word_1_50' title='bbox 610 963 742 1026; x_wconf 90' lang='lat' dir='ltr'>statutis</span> <span class='ocrx_word' id='word_1_51' title='bbox 770 960 892 1024; x_wconf 90' lang='lat' dir='ltr'>nostris</span> <span class='ocrx_word' id='word_1_52' title='bbox 915 967 948 1024; x_wconf 92' lang='lat' dir='ltr'>et</span> <span class='ocrx_word' id='word_1_53' title='bbox 971 960 1034 1024; x_wconf 89' lang='lat' dir='ltr'>iuri</span> <span class='ocrx_word' id='word_1_54' title='bbox 1062 959 1259 1036; x_wconf 90' lang='lat' dir='ltr'>contrarias,</span> <span class='ocrx_word' id='word_1_55' title='bbox 1289 958 1377 1021; x_wconf 90' lang='lat' dir='ltr'>circa</span> <span class='ocrx_word' id='word_1_56' title='bbox 1403 957 1622 1021; x_wconf 83' lang='lat' dir='ltr'>hereticorum</span> <span class='ocrx_word' id='word_1_57' title='bbox 1647 957 1894 1042; x_wconf 84' lang='lat' dir='ltr'>inquisitionem</span> <span class='ocrx_word' id='word_1_58' title='bbox 1917 956 1961 1020; x_wconf 90' lang='lat' dir='ltr'>ad</span> <span class='ocrx_word' id='word_1_59' title='bbox 1985 975 2101 1019; x_wconf 88' lang='lat' dir='ltr'>eorum</span> 
     </span>
     <span class='ocr_line' id='line_1_7' title="bbox 441 1058 2102 1151; baseline -0.005 -22"><span class='ocrx_word' id='word_1_60' title='bbox 441 1067 587 1130; x_wconf 89' lang='lat' dir='ltr'>favorem</span> <span class='ocrx_word' id='word_1_61' title='bbox 610 1067 780 1151; x_wconf 90' lang='lat' dir='ltr'>postulans</span> <span class='ocrx_word' id='word_1_62' title='bbox 804 1064 982 1142; x_wconf 82' lang='lat' dir='ltr'>observari,</span> <span class='ocrx_word' id='word_1_63' title='bbox 1007 1063 1251 1147; x_wconf 89' lang='lat' dir='ltr'>inquisitionem</span> <span class='ocrx_word' id='word_1_64' title='bbox 1275 1062 1494 1126; x_wconf 84' lang='lat' dir='ltr'>hereticorum</span> <span class='ocrx_word' id='word_1_65' title='bbox 1512 1061 1739 1146; x_wconf 91' lang='lat' dir='ltr'>multipliciter</span> <span class='ocrx_word' id='word_1_66' title='bbox 1753 1059 1904 1146; x_wconf 86' lang='lat' dir='ltr'>impedis,</span> <span class='ocrx_word' id='word_1_67' title='bbox 1928 1067 1963 1123; x_wconf 90' lang='lat' dir='ltr'>et</span> <span class='ocrx_word' id='word_1_68' title='bbox 1987 1058 2102 1144; x_wconf 88' lang='lat' dir='ltr'>plures</span> 
     </span>
     <span class='ocr_line' id='line_1_8' title="bbox 441 1160 2102 1251; baseline -0.004 -19"><span class='ocrx_word' id='word_1_69' title='bbox 441 1170 476 1232; x_wconf 93' lang='lat' dir='ltr'>in</span> <span class='ocrx_word' id='word_1_70' title='bbox 505 1176 593 1233; x_wconf 89' lang='lat' dir='ltr'>terra</span> <span class='ocrx_word' id='word_1_71' title='bbox 621 1175 677 1232; x_wconf 91' lang='lat' dir='ltr'>tua</span> <span class='ocrx_word' id='word_1_72' title='bbox 709 1168 874 1233; x_wconf 89' lang='lat' dir='ltr'>hereticos</span> <span class='ocrx_word' id='word_1_73' title='bbox 906 1165 1163 1250; x_wconf 80' lang='lat' dir='ltr'>condempnatos</span> <span class='ocrx_word' id='word_1_74' title='bbox 1194 1165 1325 1251; x_wconf 91' lang='lat' dir='ltr'>publice</span> <span class='ocrx_word' id='word_1_75' title='bbox 1355 1165 1504 1229; x_wconf 90' lang='lat' dir='ltr'>habitare</span> <span class='ocrx_word' id='word_1_76' title='bbox 1535 1165 1716 1250; x_wconf 87' lang='lat' dir='ltr'>permittis,</span> <span class='ocrx_word' id='word_1_77' title='bbox 1752 1171 1786 1228; x_wconf 88' lang='lat' dir='ltr'>et</span> <span class='ocrx_word' id='word_1_78' title='bbox 1818 1163 1865 1227; x_wconf 92' lang='lat' dir='ltr'>eis</span> <span class='ocrx_word' id='word_1_79' title='bbox 1898 1162 2034 1226; x_wconf 83' lang='lat' dir='ltr'>aliunde</span> <span class='ocrx_word' id='word_1_80' title='bbox 2060 1160 2102 1225; x_wconf 87' lang='lat' dir='ltr'>ad</span> 
     </span>
     <span class='ocr_line' id='line_1_9' title="bbox 443 1266 2101 1357; baseline -0.003 -21"><span class='ocrx_word' id='word_1_81' title='bbox 443 1278 565 1337; x_wconf 90' lang='lat' dir='ltr'>terram</span> <span class='ocrx_word' id='word_1_82' title='bbox 596 1273 701 1357; x_wconf 89' lang='lat' dir='ltr'>ipsam</span> <span class='ocrx_word' id='word_1_83' title='bbox 724 1270 989 1356; x_wconf 86' lang='lat' dir='ltr'>confugientibus</span> <span class='ocrx_word' id='word_1_84' title='bbox 1014 1289 1166 1334; x_wconf 90' lang='lat' dir='ltr'>securum</span> <span class='ocrx_word' id='word_1_85' title='bbox 1189 1268 1353 1353; x_wconf 88' lang='lat' dir='ltr'>refugium</span> <span class='ocrx_word' id='word_1_86' title='bbox 1380 1269 1558 1350; x_wconf 88' lang='lat' dir='ltr'>exhibens,</span> <span class='ocrx_word' id='word_1_87' title='bbox 1591 1275 1764 1354; x_wconf 89' lang='lat' dir='ltr'>suspectos</span> <span class='ocrx_word' id='word_1_88' title='bbox 1788 1273 1822 1331; x_wconf 88' lang='lat' dir='ltr'>ct</span> <span class='ocrx_word' id='word_1_89' title='bbox 1844 1267 2034 1331; x_wconf 85' lang='lat' dir='ltr'>diffamatos</span> <span class='ocrx_word' id='word_1_90' title='bbox 2059 1266 2101 1331; x_wconf 88' lang='lat' dir='ltr'>de</span> 
     </span>
     <span class='ocr_line' id='line_1_10' title="bbox 442 1367 2102 1460; baseline -0.005 -20"><span class='ocrx_word' id='word_1_91' title='bbox 442 1377 553 1441; x_wconf 90' lang='lat' dir='ltr'>heresi</span> <span class='ocrx_word' id='word_1_92' title='bbox 577 1375 782 1440; x_wconf 86' lang='lat' dir='ltr'>consiliarios</span> <span class='ocrx_word' id='word_1_93' title='bbox 807 1382 840 1439; x_wconf 90' lang='lat' dir='ltr'>et</span> <span class='ocrx_word' id='word_1_94' title='bbox 862 1374 1041 1438; x_wconf 77' lang='lat' dir='ltr'>familiares</span> <span class='ocrx_word' id='word_1_95' title='bbox 1065 1379 1174 1438; x_wconf 90' lang='lat' dir='ltr'>tecum</span> <span class='ocrx_word' id='word_1_96' title='bbox 1195 1374 1332 1453; x_wconf 89' lang='lat' dir='ltr'>habens,</span> <span class='ocrx_word' id='word_1_97' title='bbox 1356 1375 1446 1460; x_wconf 81' lang='lat' dir='ltr'>ipsos</span> <span class='ocrx_word' id='word_1_98' title='bbox 1463 1373 1504 1438; x_wconf 90' lang='lat' dir='ltr'>ad</span> <span class='ocrx_word' id='word_1_99' title='bbox 1520 1374 1652 1460; x_wconf 89' lang='lat' dir='ltr'>publiea</span> <span class='ocrx_word' id='word_1_100' title='bbox 1668 1393 1861 1458; x_wconf 86' lang='lat' dir='ltr'>promovere</span> <span class='ocrx_word' id='word_1_101' title='bbox 1885 1371 1998 1435; x_wconf 90' lang='lat' dir='ltr'>officia</span> <span class='ocrx_word' id='word_1_102' title='bbox 2021 1367 2102 1456; x_wconf 86' lang='lat' dir='ltr'>[non</span> 
     </span>
     <span class='ocr_line' id='line_1_11' title="bbox 440 1475 2100 1565; baseline -0.003 -23"><span class='ocrx_word' id='word_1_103' title='bbox 440 1477 569 1543; x_wconf 90' lang='lat' dir='ltr'>dubitas</span> <span class='ocrx_word' id='word_1_104' title='bbox 592 1476 692 1565; x_wconf 71' lang='lat' dir='ltr'>nec]l</span> <span class='ocrx_word' id='word_1_105' title='bbox 714 1479 747 1541; x_wconf 92' lang='lat' dir='ltr'>in</span> <span class='ocrx_word' id='word_1_106' title='bbox 770 1479 940 1564; x_wconf 87' lang='lat' dir='ltr'>premissis</span> <span class='ocrx_word' id='word_1_107' title='bbox 973 1484 1087 1543; x_wconf 89' lang='lat' dir='ltr'>contra</span> <span class='ocrx_word' id='word_1_108' title='bbox 1118 1477 1204 1542; x_wconf 89' lang='lat' dir='ltr'>dieta</span> <span class='ocrx_word' id='word_1_109' title='bbox 1236 1485 1360 1542; x_wconf 89' lang='lat' dir='ltr'>statuta</span> <span class='ocrx_word' id='word_1_110' title='bbox 1382 1479 1434 1542; x_wconf 86' lang='lat' dir='ltr'>vel</span> <span class='ocrx_word' id='word_1_111' title='bbox 1458 1499 1575 1565; x_wconf 88' lang='lat' dir='ltr'>pacem</span> <span class='ocrx_word' id='word_1_112' title='bbox 1599 1498 1636 1542; x_wconf 90' lang='lat' dir='ltr'>ao</span> <span class='ocrx_word' id='word_1_113' title='bbox 1659 1475 1852 1562; x_wconf 84' lang='lat' dir='ltr'>prestitumb</span> <span class='ocrx_word' id='word_1_114' title='bbox 1874 1477 2100 1540; x_wconf 89' lang='lat' dir='ltr'>iuramentum</span> 
     </span>
     <span class='ocr_line' id='line_1_12' title="bbox 441 1580 2101 1662; baseline -0.004 -16"><span class='ocrx_word' id='word_1_115' title='bbox 441 1584 570 1658; x_wconf 85' lang='lat' dir='ltr'>venire;</span> <span class='ocrx_word' id='word_1_116' title='bbox 603 1589 637 1647; x_wconf 89' lang='lat' dir='ltr'>et</span> <span class='ocrx_word' id='word_1_117' title='bbox 665 1583 750 1646; x_wconf 90' lang='lat' dir='ltr'>siout</span> <span class='ocrx_word' id='word_1_118' title='bbox 779 1603 822 1646; x_wconf 85' lang='lat' dir='ltr'>ex</span> <span class='ocrx_word' id='word_1_119' title='bbox 845 1581 1107 1646; x_wconf 86' lang='lat' dir='ltr'>consideratione</span> <span class='ocrx_word' id='word_1_120' title='bbox 1130 1581 1291 1645; x_wconf 89' lang='lat' dir='ltr'>factorum</span> <span class='ocrx_word' id='word_1_121' title='bbox 1314 1589 1444 1645; x_wconf 91' lang='lat' dir='ltr'>tuorum</span> <span class='ocrx_word' id='word_1_122' title='bbox 1468 1583 1642 1662; x_wconf 83' lang='lat' dir='ltr'>conicitur,</span> <span class='ocrx_word' id='word_1_123' title='bbox 1674 1581 1894 1645; x_wconf 89' lang='lat' dir='ltr'>hereticorum</span> <span class='ocrx_word' id='word_1_124' title='bbox 1922 1580 2101 1656; x_wconf 90' lang='lat' dir='ltr'>fautorem,</span> 
     </span>
     <span class='ocr_line' id='line_1_13' title="bbox 444 1682 2101 1772; baseline -0.004 -23"><span class='ocrx_word' id='word_1_125' title='bbox 444 1693 699 1772; x_wconf 89' lang='lat' dir='ltr'>receptatorem,</span> <span class='ocrx_word' id='word_1_126' title='bbox 729 1685 937 1751; x_wconf 84' lang='lat' dir='ltr'>defensorem</span> <span class='ocrx_word' id='word_1_127' title='bbox 967 1691 1000 1748; x_wconf 92' lang='lat' dir='ltr'>et</span> <span class='ocrx_word' id='word_1_128' title='bbox 1029 1705 1142 1748; x_wconf 88' lang='lat' dir='ltr'>eorum</span> <span class='ocrx_word' id='word_1_129' title='bbox 1169 1685 1351 1749; x_wconf 89' lang='lat' dir='ltr'>fautoribus</span> <span class='ocrx_word' id='word_1_130' title='bbox 1383 1705 1449 1748; x_wconf 93' lang='lat' dir='ltr'>non</span> <span class='ocrx_word' id='word_1_131' title='bbox 1472 1686 1595 1749; x_wconf 88' lang='lat' dir='ltr'>veritus</span> <span class='ocrx_word' id='word_1_132' title='bbox 1626 1692 1659 1749; x_wconf 92' lang='lat' dir='ltr'>te</span> <span class='ocrx_word' id='word_1_133' title='bbox 1688 1684 1902 1749; x_wconf 85' lang='lat' dir='ltr'>favorabilem</span> <span class='ocrx_word' id='word_1_134' title='bbox 1925 1682 2101 1760; x_wconf 89' lang='lat' dir='ltr'>exhibere,</span> 
     </span>
     <span class='ocr_line' id='line_1_14' title="bbox 444 1786 2101 1877; baseline -0.003 -25"><span class='ocrx_word' id='word_1_135' title='bbox 444 1811 544 1874; x_wconf 89' lang='lat' dir='ltr'>super</span> <span class='ocrx_word' id='word_1_136' title='bbox 566 1791 629 1855; x_wconf 91' lang='lat' dir='ltr'>biis</span> <span class='ocrx_word' id='word_1_137' title='bbox 654 1812 732 1877; x_wconf 92' lang='lat' dir='ltr'>sepe</span> <span class='ocrx_word' id='word_1_138' title='bbox 756 1790 899 1855; x_wconf 90' lang='lat' dir='ltr'>monitus</span> <span class='ocrx_word' id='word_1_139' title='bbox 916 1795 948 1853; x_wconf 91' lang='lat' dir='ltr'>te</span> <span class='ocrx_word' id='word_1_140' title='bbox 966 1789 1130 1872; x_wconf 88' lang='lat' dir='ltr'>corrigere</span> <span class='ocrx_word' id='word_1_141' title='bbox 1146 1809 1212 1852; x_wconf 89' lang='lat' dir='ltr'>non</span> <span class='ocrx_word' id='word_1_142' title='bbox 1229 1789 1366 1860; x_wconf 89' lang='lat' dir='ltr'>curasti;</span> <span class='ocrx_word' id='word_1_143' title='bbox 1391 1809 1434 1851; x_wconf 86' lang='lat' dir='ltr'>ex</span> <span class='ocrx_word' id='word_1_144' title='bbox 1448 1809 1510 1872; x_wconf 94' lang='lat' dir='ltr'>quo</span> <span class='ocrx_word' id='word_1_145' title='bbox 1528 1789 1637 1874; x_wconf 89' lang='lat' dir='ltr'>plures</span> <span class='ocrx_word' id='word_1_146' title='bbox 1654 1789 1833 1873; x_wconf 92' lang='lat' dir='ltr'>iniquitatis</span> <span class='ocrx_word' id='word_1_147' title='bbox 1849 1786 1908 1850; x_wconf 87' lang='lat' dir='ltr'>filii</span> <span class='ocrx_word' id='word_1_148' title='bbox 1925 1791 2101 1850; x_wconf 89' lang='lat' dir='ltr'>sumentes</span> 
     </span>
     <span class='ocr_line' id='line_1_15' title="bbox 443 1889 2103 1976; baseline -0.004 -21"><span class='ocrx_word' id='word_1_149' title='bbox 443 1892 623 1972; x_wconf 87' lang='lat' dir='ltr'>audaciam,</span> <span class='ocrx_word' id='word_1_150' title='bbox 646 1894 820 1958; x_wconf 89' lang='lat' dir='ltr'>nonnullos</span> <span class='ocrx_word' id='word_1_151' title='bbox 844 1890 1033 1956; x_wconf 90' lang='lat' dir='ltr'>sacerdotes</span> <span class='ocrx_word' id='word_1_152' title='bbox 1057 1897 1091 1956; x_wconf 91' lang='lat' dir='ltr'>et</span> <span class='ocrx_word' id='word_1_153' title='bbox 1114 1892 1196 1955; x_wconf 90' lang='lat' dir='ltr'>alios</span> <span class='ocrx_word' id='word_1_154' title='bbox 1212 1892 1300 1955; x_wconf 82' lang='lat' dir='ltr'>viros</span> <span class='ocrx_word' id='word_1_155' title='bbox 1323 1891 1515 1970; x_wconf 88' lang='lat' dir='ltr'>catholicos,</span> <span class='ocrx_word' id='word_1_156' title='bbox 1545 1893 1599 1976; x_wconf 93' lang='lat' dir='ltr'>qui</span> <span class='ocrx_word' id='word_1_157' title='bbox 1620 1893 1691 1955; x_wconf 84' lang='lat' dir='ltr'>zelo</span> <span class='ocrx_word' id='word_1_158' title='bbox 1714 1891 1790 1955; x_wconf 91' lang='lat' dir='ltr'>fidei</span> <span class='ocrx_word' id='word_1_159' title='bbox 1812 1889 2103 1976; x_wconf 90' lang='lat' dir='ltr'>persequebantur</span> 
     </span>
     <span class='ocr_line' id='line_1_16' title="bbox 442 1993 2102 2081; baseline -0.004 -21"><span class='ocrx_word' id='word_1_160' title='bbox 442 1997 625 2076; x_wconf 87' lang='lat' dir='ltr'>hereticos,</span> <span class='ocrx_word' id='word_1_161' title='bbox 649 1998 682 2060; x_wconf 92' lang='lat' dir='ltr'>in</span> <span class='ocrx_word' id='word_1_162' title='bbox 706 1998 856 2061; x_wconf 90' lang='lat' dir='ltr'>iniuriam</span> <span class='ocrx_word' id='word_1_163' title='bbox 880 1997 981 2060; x_wconf 86' lang='lat' dir='ltr'>divini</span> <span class='ocrx_word' id='word_1_164' title='bbox 1004 1997 1145 2060; x_wconf 89' lang='lat' dir='ltr'>nominis</span> <span class='ocrx_word' id='word_1_165' title='bbox 1169 1995 1369 2072; x_wconf 90' lang='lat' dir='ltr'>occiderunt,</span> <span class='ocrx_word' id='word_1_166' title='bbox 1392 1996 1486 2059; x_wconf 91' lang='lat' dir='ltr'>multi</span> <span class='ocrx_word' id='word_1_167' title='bbox 1511 1996 1609 2059; x_wconf 89' lang='lat' dir='ltr'>etiam</span> <span class='ocrx_word' id='word_1_168' title='bbox 1632 1994 1825 2081; x_wconf 90' lang='lat' dir='ltr'>perditionis</span> <span class='ocrx_word' id='word_1_169' title='bbox 1847 1994 1907 2056; x_wconf 90' lang='lat' dir='ltr'>filii</span> <span class='ocrx_word' id='word_1_170' title='bbox 1930 1993 2102 2077; x_wconf 86' lang='lat' dir='ltr'>abnegata</span> 
     </span>
     <span class='ocr_line' id='line_1_17' title="bbox 441 2096 2102 2184; baseline -0.002 -21"><span class='ocrx_word' id='word_1_171' title='bbox 441 2099 504 2164; x_wconf 90' lang='lat' dir='ltr'>fide</span> <span class='ocrx_word' id='word_1_172' title='bbox 522 2100 683 2164; x_wconf 89' lang='lat' dir='ltr'>catholiea</span> <span class='ocrx_word' id='word_1_173' title='bbox 700 2123 735 2166; x_wconf 91' lang='lat' dir='ltr'>sc</span> <span class='ocrx_word' id='word_1_174' title='bbox 753 2102 994 2166; x_wconf 87' lang='lat' dir='ltr'>constituerunt</span> <span class='ocrx_word' id='word_1_175' title='bbox 1010 2100 1184 2177; x_wconf 90' lang='lat' dir='ltr'>hereticos,</span> <span class='ocrx_word' id='word_1_176' title='bbox 1208 2099 1354 2162; x_wconf 93' lang='lat' dir='ltr'>nonnulli</span> <span class='ocrx_word' id='word_1_177' title='bbox 1372 2100 1585 2164; x_wconf 88' lang='lat' dir='ltr'>contumelias</span> <span class='ocrx_word' id='word_1_178' title='bbox 1602 2107 1635 2164; x_wconf 90' lang='lat' dir='ltr'>et</span> <span class='ocrx_word' id='word_1_179' title='bbox 1650 2098 1791 2184; x_wconf 89' lang='lat' dir='ltr'>dampna</span> <span class='ocrx_word' id='word_1_180' title='bbox 1806 2098 1918 2182; x_wconf 86' lang='lat' dir='ltr'>gravia</span> <span class='ocrx_word' id='word_1_181' title='bbox 1935 2096 2102 2174; x_wconf 88' lang='lat' dir='ltr'>ecclesiis,</span> 
     </span>
     <span class='ocr_line' id='line_1_18' title="bbox 439 2201 2104 2289; baseline -0.003 -21"><span class='ocrx_word' id='word_1_182' title='bbox 439 2203 675 2268; x_wconf 88' lang='lat' dir='ltr'>ecclesiasticis</span> <span class='ocrx_word' id='word_1_183' title='bbox 709 2205 893 2289; x_wconf 89' lang='lat' dir='ltr'>ceterisque</span> <span class='ocrx_word' id='word_1_184' title='bbox 929 2202 1099 2267; x_wconf 83' lang='lat' dir='ltr'>catholicis</span> <span class='ocrx_word' id='word_1_185' title='bbox 1133 2202 1212 2266; x_wconf 77' lang='lat' dir='ltr'>viris</span> <span class='ocrx_word' id='word_1_186' title='bbox 1246 2202 1415 2286; x_wconf 91' lang='lat' dir='ltr'>negotium</span> <span class='ocrx_word' id='word_1_187' title='bbox 1448 2201 1524 2266; x_wconf 89' lang='lat' dir='ltr'>fidei</span> <span class='ocrx_word' id='word_1_188' title='bbox 1563 2202 1838 2288; x_wconf 84' lang='lat' dir='ltr'>prosequentibus</span> <span class='ocrx_word' id='word_1_189' title='bbox 1868 2201 2104 2286; x_wconf 89' lang='lat' dir='ltr'>multipliciter</span> 
     </span>
     <span class='ocr_line' id='line_1_19' title="bbox 441 2304 2102 2393; baseline 0.001 -24"><span class='ocrx_word' id='word_1_190' title='bbox 441 2307 640 2384; x_wconf 88' lang='lat' dir='ltr'>intulerunt;</span> <span class='ocrx_word' id='word_1_191' title='bbox 671 2314 771 2393; x_wconf 91' lang='lat' dir='ltr'>tuque</span> <span class='ocrx_word' id='word_1_192' title='bbox 799 2308 921 2393; x_wconf 91' lang='lat' dir='ltr'>pluries</span> <span class='ocrx_word' id='word_1_193' title='bbox 945 2306 1122 2391; x_wconf 90' lang='lat' dir='ltr'>requisitus</span> <span class='ocrx_word' id='word_1_194' title='bbox 1146 2304 1323 2368; x_wconf 84' lang='lat' dir='ltr'>vindictam</span> <span class='ocrx_word' id='word_1_195' title='bbox 1346 2305 1471 2370; x_wconf 89' lang='lat' dir='ltr'>iustitie</span> <span class='ocrx_word' id='word_1_196' title='bbox 1500 2306 1635 2370; x_wconf 92' lang='lat' dir='ltr'>noluisti</span> <span class='ocrx_word' id='word_1_197' title='bbox 1664 2307 1697 2370; x_wconf 94' lang='lat' dir='ltr'>in</span> <span class='ocrx_word' id='word_1_198' title='bbox 1727 2305 1958 2370; x_wconf 84' lang='lat' dir='ltr'>malefactores</span> <span class='ocrx_word' id='word_1_199' title='bbox 1982 2304 2102 2370; x_wconf 69' lang='lat' dir='ltr'>huius</span> 
     </span>
     <span class='ocr_line' id='line_1_20' title="bbox 440 2409 724 2476; baseline 0.004 -1"><span class='ocrx_word' id='word_1_200' title='bbox 440 2409 528 2475; x_wconf 90' lang='lat' dir='ltr'>modi</span> <span class='ocrx_word' id='word_1_201' title='bbox 552 2432 724 2476; x_wconf 88' lang='lat' dir='ltr'>exercere.</span> 
     </span>
    </p>
   </div>
   <div class='ocr_carea' id='block_1_3' title="bbox 439 2528 2163 2825">
    <p class='ocr_par' dir='ltr' id='par_1_3' title="bbox 439 2528 2163 2825">
     <span class='ocr_line' id='line_1_21' title="bbox 548 2528 2163 2617; baseline -0.002 -23"><span class='ocrx_word' id='word_1_202' title='bbox 548 2530 696 2614; x_wconf 82' lang='lat' dir='ltr'>Cumque</span> <span class='ocrx_word' id='word_1_203' title='bbox 725 2537 860 2617; x_wconf 92' lang='lat' dir='ltr'>propter</span> <span class='ocrx_word' id='word_1_204' title='bbox 886 2529 1044 2615; x_wconf 88' lang='lat' dir='ltr'>quosdam</span> <span class='ocrx_word' id='word_1_205' title='bbox 1075 2529 1115 2594; x_wconf 93' lang='lat' dir='ltr'>de</span> <span class='ocrx_word' id='word_1_206' title='bbox 1144 2528 1300 2614; x_wconf 89' lang='lat' dir='ltr'>predictis</span> <span class='ocrx_word' id='word_1_207' title='bbox 1335 2535 1368 2593; x_wconf 91' lang='lat' dir='ltr'>et</span> <span class='ocrx_word' id='word_1_208' title='bbox 1397 2529 1471 2593; x_wconf 90' lang='lat' dir='ltr'>aliis</span> <span class='ocrx_word' id='word_1_209' title='bbox 1505 2530 1698 2595; x_wconf 86' lang='lat' dir='ltr'>excessibus</span> <span class='ocrx_word' id='word_1_210' title='bbox 1734 2533 1767 2595; x_wconf 93' lang='lat' dir='ltr'>in</span> <span class='ocrx_word' id='word_1_211' title='bbox 1801 2551 1977 2616; x_wconf 87' lang='lat' dir='ltr'>personam</span> <span class='ocrx_word' id='word_1_212' title='bbox 2007 2535 2103 2593; x_wconf 91' lang='lat' dir='ltr'>tuam</span> <span class='ocrx_word' id='word_1_213' title='bbox 2153 2579 2163 2590; x_wconf 94' lang='lat'>.</span> 
     </span>
     <span class='ocr_line' id='line_1_22' title="bbox 439 2633 2102 2720; baseline -0.002 -22"><span class='ocrx_word' id='word_1_214' title='bbox 439 2641 472 2699; x_wconf 92' lang='lat' dir='ltr'>et</span> <span class='ocrx_word' id='word_1_215' title='bbox 507 2633 611 2699; x_wconf 91' lang='lat' dir='ltr'>dictos</span> <span class='ocrx_word' id='word_1_216' title='bbox 647 2636 799 2699; x_wconf 90' lang='lat' dir='ltr'>eonsules</span> <span class='ocrx_word' id='word_1_217' title='bbox 833 2641 987 2720; x_wconf 85' lang='lat' dir='ltr'>tanquam</span> <span class='ocrx_word' id='word_1_218' title='bbox 1023 2634 1242 2699; x_wconf 88' lang='lat' dir='ltr'>hereticorum</span> <span class='ocrx_word' id='word_1_219' title='bbox 1273 2635 1421 2698; x_wconf 89' lang='lat' dir='ltr'>fautores</span> <span class='ocrx_word' id='word_1_220' title='bbox 1449 2634 1655 2700; x_wconf 85' lang='lat' dir='ltr'>venerabiles</span> <span class='ocrx_word' id='word_1_221' title='bbox 1691 2636 1808 2699; x_wconf 88' lang='lat' dir='ltr'>fratres</span> <span class='ocrx_word' id='word_1_222' title='bbox 1846 2633 1951 2697; x_wconf 89' lang='lat' dir='ltr'>nostri</span> <span class='ocrx_word' id='word_1_223' title='bbox 1990 2633 2102 2696; x_wconf 86' lang='lat' dir='ltr'>archi-</span> 
     </span>
     <span class='ocr_line' id='line_1_23' title="bbox 439 2736 2104 2825; baseline 0 -24"><span class='ocrx_word' id='word_1_224' title='bbox 439 2739 614 2822; x_wconf 89' lang='lat' dir='ltr'>episcopus</span> <span class='ocrx_word' id='word_1_225' title='bbox 649 2736 915 2814; x_wconf 81' lang='lat' dir='ltr'>Narbonensis²,</span> <span class='ocrx_word' id='word_1_226' title='bbox 954 2737 1249 2802; x_wconf 81' lang='lat' dir='ltr'>Carcassonensis²</span> <span class='ocrx_word' id='word_1_227' title='bbox 1284 2745 1317 2802; x_wconf 91' lang='lat' dir='ltr'>et</span> <span class='ocrx_word' id='word_1_228' title='bbox 1356 2738 1540 2803; x_wconf 87' lang='lat' dir='ltr'>Tolosanus</span> <span class='ocrx_word' id='word_1_229' title='bbox 1581 2739 1728 2825; x_wconf 90' lang='lat' dir='ltr'>episcopi</span> <span class='ocrx_word' id='word_1_230' title='bbox 1773 2745 1806 2804; x_wconf 91' lang='lat' dir='ltr'>et</span> <span class='ocrx_word' id='word_1_231' title='bbox 1846 2737 1955 2801; x_wconf 89' lang='lat' dir='ltr'>dictus</span> <span class='ocrx_word' id='word_1_232' title='bbox 1997 2738 2104 2801; x_wconf 86' lang='lat' dir='ltr'>frater</span> 
     </span>
    </p>
   </div>
   <div class='ocr_carea' id='block_1_4' title="bbox 438 2839 2102 3115">
    <p class='ocr_par' dir='ltr' id='par_1_4' title="bbox 438 2839 2102 3115">
     <span class='ocr_line' id='line_1_24' title="bbox 438 2839 2102 2928; baseline 0.001 -26"><span class='ocrx_word' id='word_1_233' title='bbox 438 2839 493 2904; x_wconf 92' lang='lat' dir='ltr'>W.</span> <span class='ocrx_word' id='word_1_234' title='bbox 529 2841 724 2905; x_wconf 89' lang='lat' dir='ltr'>auctoritate</span> <span class='ocrx_word' id='word_1_235' title='bbox 764 2862 824 2905; x_wconf 89' lang='lat' dir='ltr'>sua</span> <span class='ocrx_word' id='word_1_236' title='bbox 861 2846 894 2905; x_wconf 90' lang='lat' dir='ltr'>et</span> <span class='ocrx_word' id='word_1_237' title='bbox 930 2849 1042 2905; x_wconf 91' lang='lat' dir='ltr'>nostra</span> <span class='ocrx_word' id='word_1_238' title='bbox 1078 2841 1225 2905; x_wconf 83' lang='lat' dir='ltr'>diversas</span> <span class='ocrx_word' id='word_1_239' title='bbox 1264 2843 1613 2906; x_wconf 86' lang='lat' dir='ltr'>excommunicationis</span> <span class='ocrx_word' id='word_1_240' title='bbox 1652 2843 1831 2907; x_wconf 91' lang='lat' dir='ltr'>sententias</span> <span class='ocrx_word' id='word_1_241' title='bbox 1869 2841 2102 2928; x_wconf 80' lang='lat' dir='ltr'>protulissent,</span> 
     </span>
     <span class='ocr_line' id='line_1_25' title="bbox 438 2941 2102 3032; baseline 0.001 -26"><span class='ocrx_word' id='word_1_242' title='bbox 438 2948 471 3006; x_wconf 90' lang='lat' dir='ltr'>et</span> <span class='ocrx_word' id='word_1_243' title='bbox 506 2941 593 3007; x_wconf 91' lang='lat' dir='ltr'>idem</span> <span class='ocrx_word' id='word_1_244' title='bbox 627 2941 729 3008; x_wconf 90' lang='lat' dir='ltr'>frater</span> <span class='ocrx_word' id='word_1_245' title='bbox 765 2945 961 3008; x_wconf 90' lang='lat' dir='ltr'>sententiam</span> <span class='ocrx_word' id='word_1_246' title='bbox 997 2946 1344 3009; x_wconf 89' lang='lat' dir='ltr'>excommunicationis</span> <span class='ocrx_word' id='word_1_247' title='bbox 1380 2946 1413 3008; x_wconf 93' lang='lat' dir='ltr'>in</span> <span class='ocrx_word' id='word_1_248' title='bbox 1448 2947 1537 3032; x_wconf 90' lang='lat' dir='ltr'>ipsos</span> <span class='ocrx_word' id='word_1_249' title='bbox 1569 2969 1588 3009; x_wconf 92' lang='lat' dir='ltr'>a</span> <span class='ocrx_word' id='word_1_250' title='bbox 1619 2967 1654 3010; x_wconf 91' lang='lat' dir='ltr'>se</span> <span class='ocrx_word' id='word_1_251' title='bbox 1687 2948 1786 3010; x_wconf 89' lang='lat' dir='ltr'>latam</span> <span class='ocrx_word' id='word_1_252' title='bbox 1816 2967 1876 3031; x_wconf 94' lang='lat' dir='ltr'>per</span> <span class='ocrx_word' id='word_1_253' title='bbox 1905 2946 2102 3030; x_wconf 87' lang='lat' dir='ltr'>capellanos</span> 
     </span>
     <span class='ocr_line' id='line_1_26' title="bbox 438 3046 2099 3115; baseline 0.001 -4"><span class='ocrx_word' id='word_1_254' title='bbox 438 3046 652 3111; x_wconf 89' lang='lat' dir='ltr'>eeclesiarum</span> <span class='ocrx_word' id='word_1_255' title='bbox 693 3054 726 3112; x_wconf 90' lang='lat' dir='ltr'>et</span> <span class='ocrx_word' id='word_1_256' title='bbox 760 3046 878 3111; x_wconf 90' lang='lat' dir='ltr'>fratres</span> <span class='ocrx_word' id='word_1_257' title='bbox 911 3047 1055 3112; x_wconf 89' lang='lat' dir='ltr'>Minores</span> <span class='ocrx_word' id='word_1_258' title='bbox 1090 3049 1272 3112; x_wconf 83' lang='lat' dir='ltr'>Tolosanos</span> <span class='ocrx_word' id='word_1_259' title='bbox 1307 3047 1495 3114; x_wconf 85' lang='lat' dir='ltr'>mandasset</span> <span class='ocrx_word' id='word_1_260' title='bbox 1535 3049 1650 3114; x_wconf 90' lang='lat' dir='ltr'>diebus</span> <span class='ocrx_word' id='word_1_261' title='bbox 1687 3050 1858 3115; x_wconf 90' lang='lat' dir='ltr'>dominicis</span> <span class='ocrx_word' id='word_1_262' title='bbox 1895 3057 1928 3114; x_wconf 91' lang='lat' dir='ltr'>et</span> <span class='ocrx_word' id='word_1_263' title='bbox 1966 3050 2099 3114; x_wconf 82' lang='lat' dir='ltr'>festivis</span> 
     </span>
    </p>
   </div>
   <div class='ocr_carea' id='block_1_5' title="bbox 437 3149 2101 5095">
    <p class='ocr_par' dir='ltr' id='par_1_5' title="bbox 437 3149 2101 5095">
     <span class='ocr_line' id='line_1_27' title="bbox 437 3149 2101 3241; baseline 0.003 -29"><span class='ocrx_word' id='word_1_264' title='bbox 437 3149 570 3235; x_wconf 91' lang='lat' dir='ltr'>publice</span> <span class='ocrx_word' id='word_1_265' title='bbox 601 3150 763 3230; x_wconf 88' lang='lat' dir='ltr'>nunciari,</span> <span class='ocrx_word' id='word_1_266' title='bbox 793 3150 892 3215; x_wconf 88' lang='lat' dir='ltr'>iidem</span> <span class='ocrx_word' id='word_1_267' title='bbox 923 3152 1092 3229; x_wconf 90' lang='lat' dir='ltr'>consules,</span> <span class='ocrx_word' id='word_1_268' title='bbox 1122 3151 1299 3237; x_wconf 90' lang='lat' dir='ltr'>capellanis</span> <span class='ocrx_word' id='word_1_269' title='bbox 1326 3152 1422 3238; x_wconf 88' lang='lat' dir='ltr'>ipsis,</span> <span class='ocrx_word' id='word_1_270' title='bbox 1452 3153 1528 3237; x_wconf 89' lang='lat' dir='ltr'>quia</span> <span class='ocrx_word' id='word_1_271' title='bbox 1554 3153 1690 3218; x_wconf 89' lang='lat' dir='ltr'>firmiter</span> <span class='ocrx_word' id='word_1_272' title='bbox 1714 3159 1954 3241; x_wconf 87' lang='lat' dir='ltr'>proposuerant</span> <span class='ocrx_word' id='word_1_273' title='bbox 1982 3153 2101 3217; x_wconf 92' lang='lat' dir='ltr'>huius-</span> 
     </span>
     <span class='ocr_line' id='line_1_28' title="bbox 438 3252 2101 3343; baseline 0.002 -27"><span class='ocrx_word' id='word_1_274' title='bbox 438 3252 526 3317; x_wconf 93' lang='lat' dir='ltr'>modi</span> <span class='ocrx_word' id='word_1_275' title='bbox 549 3252 702 3316; x_wconf 90' lang='lat' dir='ltr'>mandato</span> <span class='ocrx_word' id='word_1_276' title='bbox 734 3275 867 3339; x_wconf 90' lang='lat' dir='ltr'>parere,</span> <span class='ocrx_word' id='word_1_277' title='bbox 896 3275 939 3319; x_wconf 87' lang='lat' dir='ltr'>ex</span> <span class='ocrx_word' id='word_1_278' title='bbox 967 3254 1096 3339; x_wconf 90' lang='lat' dir='ltr'>prefata</span> <span class='ocrx_word' id='word_1_279' title='bbox 1126 3255 1257 3320; x_wconf 85' lang='lat' dir='ltr'>civitate</span> <span class='ocrx_word' id='word_1_280' title='bbox 1287 3254 1326 3320; x_wconf 90' lang='lat' dir='ltr'>de</span> <span class='ocrx_word' id='word_1_281' title='bbox 1351 3263 1446 3321; x_wconf 90' lang='lat' dir='ltr'>nocte</span> <span class='ocrx_word' id='word_1_282' title='bbox 1472 3257 1632 3321; x_wconf 86' lang='lat' dir='ltr'>violenter</span> <span class='ocrx_word' id='word_1_283' title='bbox 1659 3258 1821 3343; x_wconf 88' lang='lat' dir='ltr'>expulsis,</span> <span class='ocrx_word' id='word_1_284' title='bbox 1851 3256 1972 3320; x_wconf 89' lang='lat' dir='ltr'>fratres</span> <span class='ocrx_word' id='word_1_285' title='bbox 1995 3258 2101 3342; x_wconf 86' lang='lat' dir='ltr'>ipsos,</span> 
     </span>
     <span class='ocr_line' id='line_1_29' title="bbox 438 3356 2100 3444; baseline 0.004 -26"><span class='ocrx_word' id='word_1_286' title='bbox 438 3356 515 3440; x_wconf 91' lang='lat' dir='ltr'>quia</span> <span class='ocrx_word' id='word_1_287' title='bbox 550 3356 642 3420; x_wconf 88' lang='lat' dir='ltr'>iuxta</span> <span class='ocrx_word' id='word_1_288' title='bbox 674 3356 811 3421; x_wconf 90' lang='lat' dir='ltr'>formam</span> <span class='ocrx_word' id='word_1_289' title='bbox 847 3356 994 3421; x_wconf 90' lang='lat' dir='ltr'>eiusdem</span> <span class='ocrx_word' id='word_1_290' title='bbox 1026 3356 1171 3420; x_wconf 89' lang='lat' dir='ltr'>mandati</span> <span class='ocrx_word' id='word_1_291' title='bbox 1200 3357 1364 3444; x_wconf 90' lang='lat' dir='ltr'>predictas</span> <span class='ocrx_word' id='word_1_292' title='bbox 1395 3361 1575 3424; x_wconf 89' lang='lat' dir='ltr'>sententias</span> <span class='ocrx_word' id='word_1_293' title='bbox 1611 3362 1820 3441; x_wconf 81' lang='lat' dir='ltr'>nunciarunt,</span> <span class='ocrx_word' id='word_1_294' title='bbox 1855 3360 1976 3425; x_wconf 85' lang='lat' dir='ltr'>exinde</span> <span class='ocrx_word' id='word_1_295' title='bbox 2007 3367 2100 3424; x_wconf 89' lang='lat' dir='ltr'>atro-</span> 
     </span>
     <span class='ocr_line' id='line_1_30' title="bbox 438 3458 2101 3549; baseline 0.004 -27"><span class='ocrx_word' id='word_1_296' title='bbox 438 3458 530 3523; x_wconf 87' lang='lat' dir='ltr'>cibus</span> <span class='ocrx_word' id='word_1_297' title='bbox 564 3459 658 3522; x_wconf 90' lang='lat' dir='ltr'>minis</span> <span class='ocrx_word' id='word_1_298' title='bbox 689 3461 858 3546; x_wconf 87' lang='lat' dir='ltr'>expellere</span> <span class='ocrx_word' id='word_1_299' title='bbox 887 3466 920 3524; x_wconf 92' lang='lat' dir='ltr'>et</span> <span class='ocrx_word' id='word_1_300' title='bbox 949 3459 1108 3544; x_wconf 89' lang='lat' dir='ltr'>quosdam</span> <span class='ocrx_word' id='word_1_301' title='bbox 1132 3481 1174 3524; x_wconf 88' lang='lat' dir='ltr'>ex</span> <span class='ocrx_word' id='word_1_302' title='bbox 1201 3462 1281 3547; x_wconf 89' lang='lat' dir='ltr'>ipsis</span> <span class='ocrx_word' id='word_1_303' title='bbox 1309 3462 1482 3526; x_wconf 90' lang='lat' dir='ltr'>verberare</span> <span class='ocrx_word' id='word_1_304' title='bbox 1509 3484 1613 3547; x_wconf 90' lang='lat' dir='ltr'>usque</span> <span class='ocrx_word' id='word_1_305' title='bbox 1640 3464 1681 3527; x_wconf 89' lang='lat' dir='ltr'>ad</span> <span class='ocrx_word' id='word_1_306' title='bbox 1707 3464 1899 3528; x_wconf 86' lang='lat' dir='ltr'>effusionem</span> <span class='ocrx_word' id='word_1_307' title='bbox 1925 3465 2101 3549; x_wconf 89' lang='lat' dir='ltr'>sanguinis</span> 
     </span>
     <span class='ocr_line' id='line_1_31' title="bbox 437 3553 2101 3651; baseline 0.003 -25"><span class='ocrx_word' id='word_1_308' title='bbox 437 3571 718 3650; x_wconf 89' lang='lat' dir='ltr'>presumpserunt.</span> <span class='ocrx_word' id='word_1_309' title='bbox 769 3564 854 3638; x_wconf 86' lang='lat' dir='ltr'>Quid</span> <span class='ocrx_word' id='word_1_310' title='bbox 885 3566 1000 3650; x_wconf 83' lang='lat' dir='ltr'>plura?</span> <span class='ocrx_word' id='word_1_311' title='bbox 1035 3563 1085 3627; x_wconf 81' lang='lat' dir='ltr'>Tu</span> <span class='ocrx_word' id='word_1_312' title='bbox 1114 3572 1149 3628; x_wconf 93' lang='lat' dir='ltr'>et</span> <span class='ocrx_word' id='word_1_313' title='bbox 1179 3553 1332 3630; x_wconf 89' lang='lat' dir='ltr'>consules</span> <span class='ocrx_word' id='word_1_314' title='bbox 1360 3567 1438 3651; x_wconf 90' lang='lat' dir='ltr'>ipsi,</span> <span class='ocrx_word' id='word_1_315' title='bbox 1470 3573 1507 3629; x_wconf 91' lang='lat' dir='ltr'>ut</span> <span class='ocrx_word' id='word_1_316' title='bbox 1536 3566 1637 3630; x_wconf 88' lang='lat' dir='ltr'>divini</span> <span class='ocrx_word' id='word_1_317' title='bbox 1660 3568 1800 3632; x_wconf 90' lang='lat' dir='ltr'>nominis</span> <span class='ocrx_word' id='word_1_318' title='bbox 1823 3567 2033 3631; x_wconf 84' lang='lat' dir='ltr'>adversarios</span> <span class='ocrx_word' id='word_1_319' title='bbox 2066 3575 2101 3632; x_wconf 93' lang='lat' dir='ltr'>et</span> 
     </span>
     <span class='ocr_line' id='line_1_32' title="bbox 437 3665 2101 3752; baseline 0.003 -23"><span class='ocrx_word' id='word_1_320' title='bbox 437 3665 515 3730; x_wconf 88' lang='lat' dir='ltr'>fidei</span> <span class='ocrx_word' id='word_1_321' title='bbox 538 3686 597 3730; x_wconf 82' lang='lat' dir='ltr'>vos</span> <span class='ocrx_word' id='word_1_322' title='bbox 627 3667 831 3732; x_wconf 86' lang='lat' dir='ltr'>exhiberetis</span> <span class='ocrx_word' id='word_1_323' title='bbox 859 3667 1020 3731; x_wconf 90' lang='lat' dir='ltr'>catholice</span> <span class='ocrx_word' id='word_1_324' title='bbox 1049 3668 1216 3744; x_wconf 86' lang='lat' dir='ltr'>inimicos,</span> <span class='ocrx_word' id='word_1_325' title='bbox 1251 3667 1381 3732; x_wconf 89' lang='lat' dir='ltr'>diversa</span> <span class='ocrx_word' id='word_1_326' title='bbox 1412 3670 1520 3733; x_wconf 90' lang='lat' dir='ltr'>banna</span> <span class='ocrx_word' id='word_1_327' title='bbox 1552 3677 1586 3733; x_wconf 91' lang='lat' dir='ltr'>et</span> <span class='ocrx_word' id='word_1_328' title='bbox 1615 3676 1751 3752; x_wconf 89' lang='lat' dir='ltr'>statuta,</span> <span class='ocrx_word' id='word_1_329' title='bbox 1781 3671 1834 3734; x_wconf 84' lang='lat' dir='ltr'>vel</span> <span class='ocrx_word' id='word_1_330' title='bbox 1861 3670 2101 3735; x_wconf 89' lang='lat' dir='ltr'>destitutiones</span> 
     </span>
     <span class='ocr_line' id='line_1_33' title="bbox 437 3768 2100 3860; baseline 0.003 -28"><span class='ocrx_word' id='word_1_331' title='bbox 437 3769 547 3854; x_wconf 90' lang='lat' dir='ltr'>potius</span> <span class='ocrx_word' id='word_1_332' title='bbox 572 3768 731 3850; x_wconf 87' lang='lat' dir='ltr'>edidisse,</span> <span class='ocrx_word' id='word_1_333' title='bbox 762 3777 795 3834; x_wconf 91' lang='lat' dir='ltr'>et</span> <span class='ocrx_word' id='word_1_334' title='bbox 823 3771 961 3855; x_wconf 90' lang='lat' dir='ltr'>nequis</span> <span class='ocrx_word' id='word_1_335' title='bbox 986 3791 1094 3834; x_wconf 88' lang='lat' dir='ltr'>coram</span> <span class='ocrx_word' id='word_1_336' title='bbox 1117 3771 1310 3856; x_wconf 90' lang='lat' dir='ltr'>inquisitore</span> <span class='ocrx_word' id='word_1_337' title='bbox 1335 3771 1554 3836; x_wconf 88' lang='lat' dir='ltr'>hereticorum</span> <span class='ocrx_word' id='word_1_338' title='bbox 1582 3781 1786 3860; x_wconf 87' lang='lat' dir='ltr'>compareret</span> <span class='ocrx_word' id='word_1_339' title='bbox 1808 3773 1847 3838; x_wconf 91' lang='lat' dir='ltr'>de</span> <span class='ocrx_word' id='word_1_340' title='bbox 1872 3773 1935 3837; x_wconf 91' lang='lat' dir='ltr'>fide</span> <span class='ocrx_word' id='word_1_341' title='bbox 1959 3794 2020 3837; x_wconf 88' lang='lat' dir='ltr'>sua</span> <span class='ocrx_word' id='word_1_342' title='bbox 2045 3775 2100 3838; x_wconf 90' lang='lat' dir='ltr'>vel</span> 
     </span>
     <span class='ocr_line' id='line_1_34' title="bbox 439 3873 2100 3963; baseline 0.005 -29"><span class='ocrx_word' id='word_1_343' title='bbox 439 3873 575 3937; x_wconf 89' lang='lat' dir='ltr'>alterius</span> <span class='ocrx_word' id='word_1_344' title='bbox 599 3895 835 3960; x_wconf 89' lang='lat' dir='ltr'>responsurus,</span> <span class='ocrx_word' id='word_1_345' title='bbox 866 3873 926 3937; x_wconf 89' lang='lat' dir='ltr'>sub</span> <span class='ocrx_word' id='word_1_346' title='bbox 950 3894 1036 3957; x_wconf 90' lang='lat' dir='ltr'>pena</span> <span class='ocrx_word' id='word_1_347' title='bbox 1059 3895 1167 3938; x_wconf 90' lang='lat' dir='ltr'>rerum</span> <span class='ocrx_word' id='word_1_348' title='bbox 1200 3881 1232 3938; x_wconf 94' lang='lat' dir='ltr'>et</span> <span class='ocrx_word' id='word_1_349' title='bbox 1264 3895 1434 3960; x_wconf 89' lang='lat' dir='ltr'>corporum</span> <span class='ocrx_word' id='word_1_350' title='bbox 1467 3876 1599 3960; x_wconf 90' lang='lat' dir='ltr'>publice</span> <span class='ocrx_word' id='word_1_351' title='bbox 1630 3877 1812 3942; x_wconf 90' lang='lat' dir='ltr'>inhibuisse</span> <span class='ocrx_word' id='word_1_352' title='bbox 1842 3886 1875 3942; x_wconf 91' lang='lat' dir='ltr'>et</span> <span class='ocrx_word' id='word_1_353' title='bbox 1905 3877 1970 3941; x_wconf 90' lang='lat' dir='ltr'>alia</span> <span class='ocrx_word' id='word_1_354' title='bbox 2000 3879 2100 3963; x_wconf 92' lang='lat' dir='ltr'>plura</span> 
     </span>
     <span class='ocr_line' id='line_1_35' title="bbox 437 3974 2099 4062; baseline 0.004 -24"><span class='ocrx_word' id='word_1_355' title='bbox 437 3974 560 4040; x_wconf 89' lang='lat' dir='ltr'>fecisse</span> <span class='ocrx_word' id='word_1_356' title='bbox 585 3975 740 4058; x_wconf 89' lang='lat' dir='ltr'>dicimini,</span> <span class='ocrx_word' id='word_1_357' title='bbox 765 3977 881 4062; x_wconf 89' lang='lat' dir='ltr'>quibus</span> <span class='ocrx_word' id='word_1_358' title='bbox 905 3977 982 4042; x_wconf 91' lang='lat' dir='ltr'>fidei</span> <span class='ocrx_word' id='word_1_359' title='bbox 1006 3984 1039 4040; x_wconf 93' lang='lat' dir='ltr'>et</span> <span class='ocrx_word' id='word_1_360' title='bbox 1059 3978 1150 4062; x_wconf 88' lang='lat' dir='ltr'>pacis</span> <span class='ocrx_word' id='word_1_361' title='bbox 1167 3984 1271 4041; x_wconf 88' lang='lat' dir='ltr'>status</span> <span class='ocrx_word' id='word_1_362' title='bbox 1289 3979 1448 4042; x_wconf 82' lang='lat' dir='ltr'>evertitur</span> <span class='ocrx_word' id='word_1_363' title='bbox 1464 3986 1497 4043; x_wconf 92' lang='lat' dir='ltr'>et</span> <span class='ocrx_word' id='word_1_364' title='bbox 1512 3979 1649 4044; x_wconf 90' lang='lat' dir='ltr'>libertas</span> <span class='ocrx_word' id='word_1_365' title='bbox 1666 3982 1893 4046; x_wconf 89' lang='lat' dir='ltr'>ecclesiastica</span> <span class='ocrx_word' id='word_1_366' title='bbox 1909 3990 2099 4046; x_wconf 82' lang='lat' dir='ltr'>enervatur.</span> 
     </span>
     <span class='ocr_line' id='line_1_36' title="bbox 439 4078 2098 4166; baseline 0.004 -24"><span class='ocrx_word' id='word_1_367' title='bbox 439 4078 522 4143; x_wconf 78' lang='lat' dir='ltr'>Cum</span> <span class='ocrx_word' id='word_1_368' title='bbox 545 4081 655 4165; x_wconf 89' lang='lat' dir='ltr'>igitur,</span> <span class='ocrx_word' id='word_1_369' title='bbox 680 4101 743 4165; x_wconf 94' lang='lat' dir='ltr'>quo</span> <span class='ocrx_word' id='word_1_370' title='bbox 766 4078 916 4165; x_wconf 91' lang='lat' dir='ltr'>predicta</span> <span class='ocrx_word' id='word_1_371' title='bbox 937 4081 971 4142; x_wconf 93' lang='lat' dir='ltr'>in</span> <span class='ocrx_word' id='word_1_372' title='bbox 993 4081 1150 4145; x_wconf 88' lang='lat' dir='ltr'>maiorem</span> <span class='ocrx_word' id='word_1_373' title='bbox 1167 4087 1362 4166; x_wconf 88' lang='lat' dir='ltr'>attemptata</span> <span class='ocrx_word' id='word_1_374' title='bbox 1378 4088 1453 4145; x_wconf 91' lang='lat' dir='ltr'>sunt</span> <span class='ocrx_word' id='word_1_375' title='bbox 1468 4083 1648 4166; x_wconf 92' lang='lat' dir='ltr'>perniciem</span> <span class='ocrx_word' id='word_1_376' title='bbox 1666 4083 1752 4162; x_wconf 88' lang='lat' dir='ltr'>fidei,</span> <span class='ocrx_word' id='word_1_377' title='bbox 1775 4105 1814 4149; x_wconf 91' lang='lat' dir='ltr'>eo</span> <span class='ocrx_word' id='word_1_378' title='bbox 1838 4085 1946 4149; x_wconf 88' lang='lat' dir='ltr'>minus</span> <span class='ocrx_word' id='word_1_379' title='bbox 1964 4107 1983 4148; x_wconf 89' lang='lat' dir='ltr'>n</span> <span class='ocrx_word' id='word_1_380' title='bbox 1998 4087 2098 4150; x_wconf 90' lang='lat' dir='ltr'>nobis</span> 
     </span>
     <span class='ocr_line' id='line_1_37' title="bbox 439 4182 2098 4272; baseline 0.004 -26"><span class='ocrx_word' id='word_1_381' title='bbox 439 4182 601 4247; x_wconf 84' lang='lat' dir='ltr'>debeantc</span> <span class='ocrx_word' id='word_1_382' title='bbox 626 4184 685 4248; x_wconf 92' lang='lat' dir='ltr'>sub</span> <span class='ocrx_word' id='word_1_383' title='bbox 710 4183 841 4248; x_wconf 91' lang='lat' dir='ltr'>silentio</span> <span class='ocrx_word' id='word_1_384' title='bbox 870 4183 1037 4269; x_wconf 90' lang='lat' dir='ltr'>preteriri,</span> <span class='ocrx_word' id='word_1_385' title='bbox 1070 4183 1277 4264; x_wconf 87' lang='lat' dir='ltr'>mandamus,</span> <span class='ocrx_word' id='word_1_386' title='bbox 1313 4192 1473 4270; x_wconf 90' lang='lat' dir='ltr'>quatenus</span> <span class='ocrx_word' id='word_1_387' title='bbox 1508 4187 1669 4272; x_wconf 92' lang='lat' dir='ltr'>premissa</span> <span class='ocrx_word' id='word_1_388' title='bbox 1696 4189 1804 4252; x_wconf 92' lang='lat' dir='ltr'>omnia</span> <span class='ocrx_word' id='word_1_389' title='bbox 1833 4186 1875 4252; x_wconf 90' lang='lat' dir='ltr'>ad</span> <span class='ocrx_word' id='word_1_390' title='bbox 1904 4188 2098 4252; x_wconf 87' lang='lat' dir='ltr'>mandatum</span> 
     </span>
     <span class='ocr_line' id='line_1_38' title="bbox 445 4286 2098 4379; baseline 0.005 -30"><span class='ocrx_word' id='word_1_391' title='bbox 445 4286 585 4372; x_wconf 90' lang='lat' dir='ltr'>predicti</span> <span class='ocrx_word' id='word_1_392' title='bbox 615 4288 718 4371; x_wconf 88' lang='lat' dir='ltr'>legati</span> <span class='ocrx_word' id='word_1_393' title='bbox 747 4292 862 4372; x_wconf 91' lang='lat' dir='ltr'>perte</span> <span class='ocrx_word' id='word_1_394' title='bbox 887 4287 1031 4371; x_wconf 89' lang='lat' dir='ltr'>corrigas</span> <span class='ocrx_word' id='word_1_395' title='bbox 1061 4292 1095 4351; x_wconf 90' lang='lat' dir='ltr'>et</span> <span class='ocrx_word' id='word_1_396' title='bbox 1117 4287 1158 4351; x_wconf 92' lang='lat' dir='ltr'>ab</span> <span class='ocrx_word' id='word_1_397' title='bbox 1183 4287 1307 4352; x_wconf 91' lang='lat' dir='ltr'>eisdem</span> <span class='ocrx_word' id='word_1_398' title='bbox 1332 4289 1522 4354; x_wconf 89' lang='lat' dir='ltr'>oonsulibus</span> <span class='ocrx_word' id='word_1_399' title='bbox 1546 4297 1579 4354; x_wconf 89' lang='lat' dir='ltr'>et</span> <span class='ocrx_word' id='word_1_400' title='bbox 1602 4291 1676 4354; x_wconf 92' lang='lat' dir='ltr'>aliis</span> <span class='ocrx_word' id='word_1_401' title='bbox 1699 4290 1886 4356; x_wconf 89' lang='lat' dir='ltr'>hominibus</span> <span class='ocrx_word' id='word_1_402' title='bbox 1909 4293 1976 4357; x_wconf 89' lang='lat' dir='ltr'>tuis</span> <span class='ocrx_word' id='word_1_403' title='bbox 1999 4301 2098 4379; x_wconf 89' lang='lat' dir='ltr'>pote-</span> 
     </span>
     <span class='ocr_line' id='line_1_39' title="bbox 440 4388 2098 4470; baseline 0.005 -17"><span class='ocrx_word' id='word_1_404' title='bbox 440 4395 527 4453; x_wconf 89' lang='lat' dir='ltr'>state</span> <span class='ocrx_word' id='word_1_405' title='bbox 557 4388 618 4453; x_wconf 93' lang='lat' dir='ltr'>tibi</span> <span class='ocrx_word' id='word_1_406' title='bbox 650 4388 770 4453; x_wconf 90' lang='lat' dir='ltr'>tradita</span> <span class='ocrx_word' id='word_1_407' title='bbox 798 4389 900 4453; x_wconf 88' lang='lat' dir='ltr'>facias</span> <span class='ocrx_word' id='word_1_408' title='bbox 930 4389 1114 4470; x_wconf 89' lang='lat' dir='ltr'>emendari,</span> <span class='ocrx_word' id='word_1_409' title='bbox 1147 4412 1185 4455; x_wconf 89' lang='lat' dir='ltr'>ac</span> <span class='ocrx_word' id='word_1_410' title='bbox 1212 4392 1244 4454; x_wconf 90' lang='lat' dir='ltr'>in</span> <span class='ocrx_word' id='word_1_411' title='bbox 1269 4391 1355 4456; x_wconf 89' lang='lat' dir='ltr'>dicte</span> <span class='ocrx_word' id='word_1_412' title='bbox 1378 4391 1479 4456; x_wconf 83' lang='lat' dir='ltr'>Terre</span> <span class='ocrx_word' id='word_1_413' title='bbox 1505 4391 1624 4456; x_wconf 84' lang='lat' dir='ltr'>Sancte</span> <span class='ocrx_word' id='word_1_414' title='bbox 1655 4393 1835 4458; x_wconf 87' lang='lat' dir='ltr'>subsidium</span> <span class='ocrx_word' id='word_1_415' title='bbox 1864 4416 1937 4458; x_wconf 92' lang='lat' dir='ltr'>curn</span> <span class='ocrx_word' id='word_1_416' title='bbox 1967 4396 2098 4461; x_wconf 90' lang='lat' dir='ltr'>eisdem</span> 
     </span>
     <span class='ocr_line' id='line_1_40' title="bbox 441 4492 2100 4580; baseline 0.006 -24"><span class='ocrx_word' id='word_1_417' title='bbox 441 4492 661 4576; x_wconf 90' lang='lat' dir='ltr'>burgensibus</span> <span class='ocrx_word' id='word_1_418' title='bbox 686 4498 719 4556; x_wconf 89' lang='lat' dir='ltr'>et</span> <span class='ocrx_word' id='word_1_419' title='bbox 741 4493 899 4557; x_wconf 90' lang='lat' dir='ltr'>militibus</span> <span class='ocrx_word' id='word_1_420' title='bbox 922 4493 955 4556; x_wconf 95' lang='lat' dir='ltr'>in</span> <span class='ocrx_word' id='word_1_421' title='bbox 978 4494 1128 4580; x_wconf 90' lang='lat' dir='ltr'>proximo</span> <span class='ocrx_word' id='word_1_422' title='bbox 1152 4494 1262 4558; x_wconf 91' lang='lat' dir='ltr'>futuro</span> <span class='ocrx_word' id='word_1_423' title='bbox 1278 4494 1397 4559; x_wconf 89' lang='lat' dir='ltr'>Martio</span> <span class='ocrx_word' id='word_1_424' title='bbox 1421 4516 1487 4559; x_wconf 90' lang='lat' dir='ltr'>non</span> <span class='ocrx_word' id='word_1_425' title='bbox 1510 4495 1642 4561; x_wconf 84' lang='lat' dir='ltr'>differas</span> <span class='ocrx_word' id='word_1_426' title='bbox 1666 4504 1699 4562; x_wconf 92' lang='lat' dir='ltr'>te</span> <span class='ocrx_word' id='word_1_427' title='bbox 1721 4498 1909 4577; x_wconf 87' lang='lat' dir='ltr'>transferre,</span> <span class='ocrx_word' id='word_1_428' title='bbox 1934 4500 1981 4565; x_wconf 94' lang='lat' dir='ltr'>ibi</span> <span class='ocrx_word' id='word_1_429' title='bbox 2000 4501 2100 4566; x_wconf 83' lang='lat' dir='ltr'>iuxta</span> 
     </span>
     <span class='ocr_line' id='line_1_41' title="bbox 442 4595 2097 4686; baseline 0.007 -28"><span class='ocrx_word' id='word_1_430' title='bbox 442 4595 581 4658; x_wconf 89' lang='lat' dir='ltr'>formam</span> <span class='ocrx_word' id='word_1_431' title='bbox 610 4595 701 4679; x_wconf 88' lang='lat' dir='ltr'>pacis</span> <span class='ocrx_word' id='word_1_432' title='bbox 732 4617 792 4682; x_wconf 92' lang='lat' dir='ltr'>per</span> <span class='ocrx_word' id='word_1_433' title='bbox 821 4597 1077 4681; x_wconf 89' lang='lat' dir='ltr'>quinquennium</span> <span class='ocrx_word' id='word_1_434' title='bbox 1106 4604 1300 4661; x_wconf 89' lang='lat' dir='ltr'>moraturus.</span> <span class='ocrx_word' id='word_1_435' title='bbox 1359 4596 1515 4682; x_wconf 81' lang='lat' dir='ltr'>Alioquin</span> <span class='ocrx_word' id='word_1_436' title='bbox 1549 4599 1657 4664; x_wconf 91' lang='lat' dir='ltr'>eidem</span> <span class='ocrx_word' id='word_1_437' title='bbox 1685 4603 1794 4686; x_wconf 88' lang='lat' dir='ltr'>legato</span> <span class='ocrx_word' id='word_1_438' title='bbox 1825 4604 1946 4667; x_wconf 89' lang='lat' dir='ltr'>nostris</span> <span class='ocrx_word' id='word_1_439' title='bbox 1977 4605 2097 4669; x_wconf 91' lang='lat' dir='ltr'>damus</span> 
     </span>
     <span class='ocr_line' id='line_1_42' title="bbox 439 4697 2100 4789; baseline 0.008 -29"><span class='ocrx_word' id='word_1_440' title='bbox 439 4698 561 4761; x_wconf 89' lang='lat' dir='ltr'>litteris</span> <span class='ocrx_word' id='word_1_441' title='bbox 585 4697 618 4760; x_wconf 93' lang='lat' dir='ltr'>in</span> <span class='ocrx_word' id='word_1_442' title='bbox 641 4697 817 4779; x_wconf 90' lang='lat' dir='ltr'>mandatis,</span> <span class='ocrx_word' id='word_1_443' title='bbox 840 4706 877 4763; x_wconf 92' lang='lat' dir='ltr'>ut</span> <span class='ocrx_word' id='word_1_444' title='bbox 899 4707 931 4763; x_wconf 91' lang='lat' dir='ltr'>te</span> <span class='ocrx_word' id='word_1_445' title='bbox 955 4721 992 4763; x_wconf 88' lang='lat' dir='ltr'>aa</span> <span class='ocrx_word' id='word_1_446' title='bbox 1016 4702 1099 4764; x_wconf 91' lang='lat' dir='ltr'>alios</span> <span class='ocrx_word' id='word_1_447' title='bbox 1122 4699 1287 4785; x_wconf 87' lang='lat' dir='ltr'>predictos</span> <span class='ocrx_word' id='word_1_448' title='bbox 1310 4701 1350 4764; x_wconf 92' lang='lat' dir='ltr'>ad</span> <span class='ocrx_word' id='word_1_449' title='bbox 1374 4703 1536 4786; x_wconf 90' lang='lat' dir='ltr'>premissa</span> <span class='ocrx_word' id='word_1_450' title='bbox 1558 4725 1618 4789; x_wconf 90' lang='lat' dir='ltr'>per</span> <span class='ocrx_word' id='word_1_451' title='bbox 1641 4727 1812 4770; x_wconf 87' lang='lat' dir='ltr'>censuram</span> <span class='ocrx_word' id='word_1_452' title='bbox 1834 4709 2100 4774; x_wconf 87' lang='lat' dir='ltr'>ecclesiasticam</span> 
     </span>
     <span class='ocr_line' id='line_1_43' title="bbox 442 4801 2100 4894; baseline 0.009 -31"><span class='ocrx_word' id='word_1_453' title='bbox 442 4801 664 4886; x_wconf 89' lang='lat' dir='ltr'>appellatione</span> <span class='ocrx_word' id='word_1_454' title='bbox 688 4809 814 4866; x_wconf 92' lang='lat' dir='ltr'>remota</span> <span class='ocrx_word' id='word_1_455' title='bbox 836 4804 1021 4888; x_wconf 90' lang='lat' dir='ltr'>compellat,</span> <span class='ocrx_word' id='word_1_456' title='bbox 1046 4810 1078 4867; x_wconf 90' lang='lat' dir='ltr'>et</span> <span class='ocrx_word' id='word_1_457' title='bbox 1101 4803 1244 4888; x_wconf 88' lang='lat' dir='ltr'>prefatas</span> <span class='ocrx_word' id='word_1_458' title='bbox 1269 4807 1447 4869; x_wconf 91' lang='lat' dir='ltr'>sententias</span> <span class='ocrx_word' id='word_1_459' title='bbox 1471 4807 1504 4870; x_wconf 90' lang='lat' dir='ltr'>in</span> <span class='ocrx_word' id='word_1_460' title='bbox 1522 4808 1658 4892; x_wconf 90' lang='lat' dir='ltr'>singulis</span> <span class='ocrx_word' id='word_1_461' title='bbox 1677 4831 1734 4874; x_wconf 89' lang='lat' dir='ltr'>sue</span> <span class='ocrx_word' id='word_1_462' title='bbox 1751 4810 1926 4894; x_wconf 86' lang='lat' dir='ltr'>legationis</span> <span class='ocrx_word' id='word_1_463' title='bbox 1944 4814 2100 4878; x_wconf 90' lang='lat' dir='ltr'>ecclesiis</span> 
     </span>
     <span class='ocr_line' id='line_1_44' title="bbox 439 4904 2100 4994; baseline 0.008 -27"><span class='ocrx_word' id='word_1_464' title='bbox 439 4904 591 4970; x_wconf 91' lang='lat' dir='ltr'>amnibus</span> <span class='ocrx_word' id='word_1_465' title='bbox 614 4904 731 4969; x_wconf 89' lang='lat' dir='ltr'>diebus</span> <span class='ocrx_word' id='word_1_466' title='bbox 754 4905 926 4969; x_wconf 87' lang='lat' dir='ltr'>dominicis</span> <span class='ocrx_word' id='word_1_467' title='bbox 951 4912 985 4969; x_wconf 89' lang='lat' dir='ltr'>et</span> <span class='ocrx_word' id='word_1_468' title='bbox 1007 4905 1135 4969; x_wconf 82' lang='lat' dir='ltr'>festivis</span> <span class='ocrx_word' id='word_1_469' title='bbox 1159 4908 1298 4992; x_wconf 90' lang='lat' dir='ltr'>pulsatis</span> <span class='ocrx_word' id='word_1_470' title='bbox 1322 4910 1489 4994; x_wconf 90' lang='lat' dir='ltr'>campanis</span> <span class='ocrx_word' id='word_1_471' title='bbox 1506 4917 1539 4975; x_wconf 91' lang='lat' dir='ltr'>et</span> <span class='ocrx_word' id='word_1_472' title='bbox 1556 4911 1700 4976; x_wconf 89' lang='lat' dir='ltr'>candelis</span> <span class='ocrx_word' id='word_1_473' title='bbox 1724 4915 1873 4978; x_wconf 89' lang='lat' dir='ltr'>accensis</span> <span class='ocrx_word' id='word_1_474' title='bbox 1896 4917 2100 4982; x_wconf 86' lang='lat' dir='ltr'>auctoritate</span> 
     </span>
     <span class='ocr_line' id='line_1_45' title="bbox 437 5008 1759 5095; baseline 0.008 -24"><span class='ocrx_word' id='word_1_475' title='bbox 437 5014 550 5073; x_wconf 89' lang='lat' dir='ltr'>nostra</span> <span class='ocrx_word' id='word_1_476' title='bbox 571 5030 676 5095; x_wconf 90' lang='lat' dir='ltr'>usque</span> <span class='ocrx_word' id='word_1_477' title='bbox 700 5009 741 5074; x_wconf 93' lang='lat' dir='ltr'>ad</span> <span class='ocrx_word' id='word_1_478' title='bbox 765 5009 1024 5074; x_wconf 88' lang='lat' dir='ltr'>satisfactionem</span> <span class='ocrx_word' id='word_1_479' title='bbox 1048 5008 1242 5095; x_wconf 90' lang='lat' dir='ltr'>condignam</span> <span class='ocrx_word' id='word_1_480' title='bbox 1266 5012 1366 5077; x_wconf 89' lang='lat' dir='ltr'>faciat</span> <span class='ocrx_word' id='word_1_481' title='bbox 1389 5015 1581 5080; x_wconf 90' lang='lat' dir='ltr'>solemniter</span> <span class='ocrx_word' id='word_1_482' title='bbox 1603 5017 1759 5083; x_wconf 84' lang='lat' dir='ltr'>innovari.</span> 
     </span>
    </p>
   </div>
   <div class='ocr_carea' id='block_1_6' title="bbox 545 5128 1257 5214">
    <p class='ocr_par' dir='ltr' id='par_1_6' title="bbox 545 5128 1257 5214">
     <span class='ocr_line' id='line_1_46' title="bbox 545 5128 1257 5214; baseline 0.004 -20"><span class='ocrx_word' id='word_1_483' title='bbox 545 5130 621 5195; x_wconf 90' lang='lat' dir='ltr'>Dat.</span> <span class='ocrx_word' id='word_1_484' title='bbox 644 5131 799 5214; x_wconf 90' lang='lat' dir='ltr'>Viterbii,</span> <span class='ocrx_word' id='word_1_485' title='bbox 821 5130 871 5194; x_wconf 89' lang='lat' dir='ltr'>IV</span> <span class='ocrx_word' id='word_1_486' title='bbox 893 5129 968 5194; x_wconf 89' lang='lat' dir='ltr'>Kal.</span> <span class='ocrx_word' id='word_1_487' title='bbox 991 5128 1082 5212; x_wconf 91' lang='lat' dir='ltr'>Maii,</span> <span class='ocrx_word' id='word_1_488' title='bbox 1106 5152 1191 5196; x_wconf 90' lang='lat' dir='ltr'>anno</span> <span class='ocrx_word' id='word_1_489' title='bbox 1214 5132 1257 5196; x_wconf 90' lang='lat' dir='ltr'>X.</span> 
     </span>
    </p>
   </div>
   <div class='ocr_carea' id='block_1_7' title="bbox 452 5388 2099 5555">
    <p class='ocr_par' dir='ltr' id='par_1_7' title="bbox 452 5388 2099 5555">
     <span class='ocr_line' id='line_1_47' title="bbox 536 5388 2099 5464; baseline 0.008 -23"><span class='ocrx_word' id='word_1_490' title='bbox 536 5388 562 5454; x_wconf 81' lang='lat'>¹)</span> <span class='ocrx_word' id='word_1_491' title='bbox 581 5393 633 5442; x_wconf 80' lang='lat' dir='ltr'>talc</span> <span class='ocrx_word' id='word_1_492' title='bbox 650 5391 713 5457; x_wconf 81' lang='lat' dir='ltr'>quid</span> <span class='ocrx_word' id='word_1_493' title='bbox 730 5392 799 5443; x_wconf 81' lang='lat' dir='ltr'>deest</span> <span class='ocrx_word' id='word_1_494' title='bbox 820 5410 862 5458; x_wconf 83' lang='lat' dir='ltr'>ap.</span> <span class='ocrx_word' id='word_1_495' title='bbox 882 5391 983 5460; x_wconf 75' lang='lat' dir='ltr'>Raya.,·</span> <span class='ocrx_word' id='word_1_496' title='bbox 1007 5411 1042 5460; x_wconf 80' lang='lat' dir='ltr'>ap</span> <span class='ocrx_word' id='word_1_497' title='bbox 1066 5392 1098 5444; x_wconf 83' lang='lat' dir='ltr'>T.-</span> <span class='ocrx_word' id='word_1_498' title='bbox 1120 5410 1270 5461; x_wconf 87' lang='lat' dir='ltr'>promovere</span> <span class='ocrx_word' id='word_1_499' title='bbox 1293 5395 1378 5446; x_wconf 82' lang='lat' dir='ltr'>officia</span> <span class='ocrx_word' id='word_1_500' title='bbox 1396 5395 1424 5444; x_wconf 92' lang='lat' dir='ltr'>in</span> <span class='ocrx_word' id='word_1_501' title='bbox 1445 5395 1574 5462; x_wconf 85' lang='lat' dir='ltr'>premissis</span> <span class='ocrx_word' id='word_1_502' title='bbox 1598 5394 1660 5463; x_wconf 90' lang='lat' dir='ltr'>[non</span> <span class='ocrx_word' id='word_1_503' title='bbox 1677 5399 1776 5449; x_wconf 85' lang='lat' dir='ltr'>veritur</span> <span class='ocrx_word' id='word_1_504' title='bbox 1799 5396 1866 5463; x_wconf 74' lang='lat' dir='ltr'>(sic),</span> <span class='ocrx_word' id='word_1_505' title='bbox 1885 5395 1920 5464; x_wconf 89' lang='lat' dir='ltr'>et]</span> <span class='ocrx_word' id='word_1_506' title='bbox 1942 5408 2036 5453; x_wconf 70' lang='lat' dir='ltr'>oonha</span> <span class='ocrx_word' id='word_1_507' title='bbox 2053 5412 2099 5454; x_wconf 76' lang='lat' dir='ltr'>etc.</span> 
     </span>
     <span class='ocr_line' id='line_1_48' title="bbox 452 5481 1297 5555; baseline 0.004 -20"><span class='ocrx_word' id='word_1_508' title='bbox 452 5481 475 5549; x_wconf 69' lang='grc'>11)</span> <span class='ocrx_word' id='word_1_509' title='bbox 493 5485 531 5535; x_wconf 82' lang='lat' dir='ltr'>ita</span> <span class='ocrx_word' id='word_1_510' title='bbox 553 5485 598 5547; x_wconf 80' lang='grc' dir='ltr'><em>Τ.,·</em></span> <span class='ocrx_word' id='word_1_511' title='bbox 616 5488 773 5554; x_wconf 87' lang='lat' dir='ltr'>prepositum</span> <span class='ocrx_word' id='word_1_512' title='bbox 791 5487 877 5554; x_wconf 79' lang='lat' dir='ltr'>Raya.</span> <span class='ocrx_word' id='word_1_513' title='bbox 944 5487 965 5553; x_wconf 71' lang='grc' dir='ltr'>ο)</span> <span class='ocrx_word' id='word_1_514' title='bbox 983 5489 1021 5539; x_wconf 82' lang='lat' dir='ltr'>ita</span> <span class='ocrx_word' id='word_1_515' title='bbox 1043 5487 1085 5551; x_wconf 84' lang='lat' dir='ltr'>T.,·</span> <span class='ocrx_word' id='word_1_516' title='bbox 1101 5489 1195 5540; x_wconf 86' lang='lat' dir='ltr'>debent</span> <span class='ocrx_word' id='word_1_517' title='bbox 1212 5488 1297 5555; x_wconf 74' lang='lat' dir='ltr'>Rapa.</span> 
     </span>
    </p>
   </div>
   <div class='ocr_carea' id='block_1_8' title="bbox 540 5635 957 5706">
    <p class='ocr_par' dir='ltr' id='par_1_8' title="bbox 540 5635 957 5706">
     <span class='ocr_line' id='line_1_49' title="bbox 540 5635 957 5706; baseline 0.002 -16"><span class='ocrx_word' id='word_1_518' title='bbox 540 5637 567 5706; x_wconf 85' lang='lat'>1)</span> <span class='ocrx_word' id='word_1_519' title='bbox 587 5637 698 5690; x_wconf 83' lang='lat' dir='ltr'>Petrus.</span> <span class='ocrx_word' id='word_1_520' title='bbox 768 5636 795 5704; x_wconf 77' lang='lat'>2)</span> <span class='ocrx_word' id='word_1_521' title='bbox 817 5635 957 5693; x_wconf 74' lang='lat' dir='ltr'>clarinus.</span> 
     </span>
    </p>
   </div>
   <div class='ocr_carea' id='block_1_9' title="bbox 0 0 2300 6358">
    <p class='ocr_par' dir='ltr' id='par_1_9' title="bbox 0 0 2300 6358">
     <span class='ocr_line' id='line_1_50' title="bbox 0 0 2300 6358; baseline 0 0"><span class='ocrx_word' id='word_1_522' title='bbox 0 0 2300 6358; x_wconf 95' lang='lat' dir='ltr'> </span> 
     </span>
    </p>
   </div>
  </div>
 </body>
</html>
