4596 6406
441 369 503 430 624
1031 365 1078 417 ΕΧ
1097 364 1272 418 aasabim
1290 364 1328 417 IX
1347 363 1526 418 REGISTRO

442 541 505 604 sibi
537 539 683 604 subditos
719 539 835 602 fratres
864 537 1093 602 Predieatores
1127 545 1160 603 et
1187 538 1331 604 Minores
1367 539 1400 601 in
1438 539 1513 622 lege
1547 537 1657 601 divina
1690 539 1786 624 plene
1824 537 1948 624 peritos
1983 543 2094 601 trans·

442 642 621 724 misimus¹,
655 642 801 728 paternis
836 641 922 726 apud
956 642 1044 728 ipsos
1080 644 1211 707 monitis
1246 649 1279 708 et
1312 643 1465 730 precibus
1489 642 1699 720 insistentes,
1736 649 1771 706 ut
1794 665 1813 706 a
1836 664 1950 706 somno
1975 642 2093 705 mortis

443 753 652 834 exurgerent,
676 754 709 812 et
731 747 896 830 fugientes
920 767 939 809 a
962 753 1099 810 ventura
1121 748 1178 826 ira,
1203 748 1416 812 illucescente
1448 747 1513 810 illis
1537 768 1678 832 superne
1703 746 1860 809 claritatis
1884 745 2021 824 lumine,
2053 767 2091 808 se

441 853 554 917 unioni
590 852 748 916 catholice
785 851 1007 915 reformarent.
1055 851 1098 914 At
1126 852 1204 938 ipsi,
1239 853 1322 916 sicut
1346 874 1388 916 ex
1422 852 1567 937 ipsorum
1591 851 1724 914 fratrum
1761 849 1905 915 veridica
1928 851 2091 914 relatione

443 957 658 1043 percepimus,
683 955 830 1020 diversos
848 962 961 1019 eontra
977 953 1075 1018 fidem
1092 955 1307 1020 orthodoxam
1330 961 1551 1041 proponentes
1575 976 1700 1018 errores
1725 961 1758 1018 et
1781 955 1972 1019 obturantes
1997 975 2091 1017 more

443 1061 565 1147 aspidis
588 1081 683 1124 aures
707 1080 792 1138 suas,
816 1059 914 1122 nullis
937 1065 1115 1145 potuerunt
1138 1058 1246 1123 induci
1269 1061 1417 1140 monitis,
1449 1066 1486 1123 ut
1519 1060 1551 1122 in
1582 1059 1667 1122 viam
1698 1057 1842 1122 redirent
1865 1057 2092 1123 ecclesiastice

441 1165 587 1229 unitatis.
635 1161 826 1247 Superque
850 1161 1037 1226 vehementi
1060 1161 1172 1227 dolore
1196 1163 1327 1240 turbati,
1357 1185 1398 1227 ne
1422 1163 1544 1227 frustra
1568 1163 1611 1226 sit
1633 1162 1728 1226 nobis
1752 1161 1915 1226 evellendi
1938 1169 1973 1226 et
1994 1164 2091 1248 plan-

440 1268 531 1332 tandi
555 1267 672 1332 celitus
696 1265 815 1328 collata
836 1271 998 1350 potestas,
1032 1273 1145 1329 eontra
1174 1265 1296 1330 dictum
1319 1267 1491 1332 Vataeinm
1524 1267 1743 1330 scismaticum
1774 1273 1807 1330 et
1838 1267 1907 1330 eius
1931 1266 2093 1344 fautores,

444 1371 499 1456 qui
523 1369 797 1434 exeommunicati
820 1390 839 1431 a
861 1368 956 1432 nobis
981 1370 1083 1433 semel
1111 1371 1145 1432 in
1168 1371 1261 1434 aunis
1293 1371 1431 1456 singulis
1454 1371 1654 1450 nuntiantur,
1687 1371 1763 1455 quia
1786 1371 1929 1455 ipsorum
1952 1371 2094 1434 vulnera

444 1496 558 1539 sanare
592 1470 779 1537 huiusmodi
813 1475 879 1535 nbn
910 1472 1016 1557 potuit
1050 1472 1229 1552 medicina,
1263 1496 1328 1537 non
1364 1482 1430 1538 tam
1461 1487 1520 1560 pr‘o
1558 1473 1703 1538 subsidio
1733 1473 2091 1558 constantinopolitani

443 1579 571 1664 imperii
599 1599 694 1663 quam
723 1599 780 1663 pro
816 1576 1055 1640 corroboranda
1085 1584 1117 1641 et
1154 1576 1359 1642 defendenda
1394 1578 1457 1642 fide
1494 1579 1654 1642 catholiea
1694 1578 1724 1641 in
1759 1577 1906 1663 partibus
1941 1576 2092 1648 orientis,

443 1683 562 1746 multos
585 1682 761 1767 principes,
785 1679 925 1744 barones
949 1688 982 1744 et
1005 1680 1126 1744 milites
1151 1681 1243 1766 signo
1268 1682 1373 1745 erucis
1396 1682 1535 1746 lecimus
1558 1682 1718 1766 insigniri,
1751 1682 1883 1746 cultoris
1907 1678 2092 1764 evangelici

450 1792 625 1870 sequentes
649 1786 846 1870 exemplum,
870 1785 926 1869 qui
948 1785 1053 1871 primo
1077 1785 1163 1848 cirea
1185 1786 1280 1850 licum
1305 1787 1448 1850 sterilem
1472 1785 1600 1850 fodiens
1624 1793 1657 1850 et
1673 1787 1806 1850 mittens
1823 1791 1975 1861 stercora,
2000 1784 2092 1846 illam

443 1897 590 1975 tempore
614 1889 763 1973 sequenti
788 1888 935 1963 succidit,
958 1888 1021 1952 nisi
1045 1909 1141 1974 poma
1170 1888 1362 1975 produxerit
1391 1896 1575 1974 expectata.
1626 1888 1734 1962 Quare
1765 1889 1974 1954 serenitatem
2000 1892 2092 1950 tuam

443 1978 639 2078 apostolicis
664 1993 778 2056 nuntio
808 1997 841 2056 et
869 1992 988 2077 scripto
1021 1993 1222 2076 rogavimus,
1262 1999 1298 2056 ut
1333 1994 1569 2078 crucesignatis
1598 1993 1752 2079 predictis
1775 2014 1834 2078 per
1856 2000 1975 2056 terram
1998 1997 2088 2054 tuam

443 2097 615 2161 transitum
633 2096 772 2160 liberum
788 2096 986 2180 indulgeres.
1025 2096 1148 2178 Verum
1173 2118 1256 2172 eum,
1281 2097 1365 2161 sicut
1387 2097 1619 2172 intelleximus,
1643 2099 1795 2183 precibus
1818 2097 1938 2160 nostris
1962 2095 2092 2159 obicem

443 2199 642 2264 difficultatis
680 2220 842 2286 opponas,
880 2199 1086 2284 imperialem
1124 2200 1352 2265 celsitudinem
1387 2201 1471 2265 sicut
1502 2202 1621 2265 iterum
1653 2202 1699 2265 sie
1730 2200 1887 2265 attentius
1910 2197 2091 2282 rogandam

443 2303 595 2368 duximus
612 2310 645 2368 et
660 2302 864 2382 monendam,
888 2310 1048 2392 quatenus
1072 2303 1248 2390 prudenter
1270 2304 1442 2369 attendens
1466 2303 1552 2389 quod
1567 2305 1751 2369 huiusmodi
1774 2303 1965 2388 denegando
1982 2309 2091 2366 trans-

442 2410 523 2473 itum
556 2409 644 2494 apud
671 2408 780 2473 Deum
809 2409 916 2473 anime
947 2429 985 2473 ac
1013 2408 1100 2494 apud
1130 2410 1278 2473 homines
1310 2409 1395 2473 lame
1428 2415 1497 2488 tue,
1528 2431 1567 2472 eo
1592 2407 1678 2494 quod
1702 2408 1806 2472 dictos
1830 2407 2034 2472 scismaticos
2058 2407 2093 2469 in

445 2535 503 2577 suo
528 2512 685 2577 videreris
710 2534 819 2577 errore
842 2512 964 2591 fovere,
987 2513 1171 2576 incurreres
1195 2513 1436 2592 detrimentum,
1468 2513 1704 2596 crucesignatis
1729 2511 2091 2597 Constantinopolitano
2149 2563 2160 2575 .

445 2617 568 2681 civitati
593 2616 856 2681 succurrentibus
881 2637 940 2700 per
962 2623 1083 2679 terram
1105 2616 1266 2701 prefatam
1291 2624 1334 2680 et
1364 2617 1545 2703 imperium
1572 2618 1744 2681 transitum
1768 2615 1928 2680 concedas
1951 2615 2094 2678 liberum

445 2727 478 2784 et
501 2742 662 2786 securum.
695 2720 850 2804 Alioquin
875 2719 958 2783 scire
975 2725 1007 2783 te
1032 2721 1193 2798 convenit,
1217 2719 1302 2804 qnod
1326 2721 1467 2785 ecelesia
1489 2742 1554 2784 non
1577 2727 1691 2806 posset
1715 2719 1964 2784 conniventibus
1988 2718 2094 2781 oculis

444 2825 660 2910 pertransire,
694 2823 780 2909 quod
814 2824 847 2887 in
882 2823 1128 2889 subversionem
1158 2823 1235 2887 fidei
1260 2824 1419 2889 catholice
1444 2826 1651 2908 contingeret
1673 2825 1892 2909 attemptarit
1945 2821 1997 2886 Ad
2028 2821 2095 2885 hoc

445 2934 555 2991 autem
578 2928 694 2992 melius
718 2935 751 2992 et
774 2928 938 2992 efficacius
960 2927 1218 3014 promovendum
1240 2926 1396 2992 dilectum
1424 2929 1527 2992 filium
1551 2929 1742 3014 magistrum
1766 2922 1987 3014 Glregorium]
2013 2925 2093 2989 sub-

445 3031 618 3097 diaconum
642 3037 675 3096 et
695 3032 859 3095 notarium
882 3038 1039 3112 nostrum,
1063 3033 1169 3096 virum
1192 3033 1304 3117 utique
1327 3032 1498 3118 providum
1523 3040 1556 3098 et
1580 3038 1761 3118 expertum,
1786 3029 1827 3094 ad
1849 3037 1938 3094 tuam
1952 3049 2090 3115 presen-

446 3136 524 3200 tiam
548 3134 700 3199 duximus
724 3133 964 3210 destinandum,
989 3142 1142 3219 rogantes
1166 3137 1324 3200 attentius
1349 3144 1385 3200 ut
1407 3138 1514 3223 ipsum
1538 3137 1633 3201 oculo
1658 3157 1773 3200 sereno
1798 3134 1988 3220 respiciens,
2021 3134 2094 3198 cius

445 3239 589 3317 monitis,
613 3239 710 3302 immo
734 3240 854 3304 nostris
878 3240 987 3326 potius
1010 3240 1211 3323 acquiescas,
1246 3247 1279 3304 et
1302 3262 1363 3325 qne
1388 3242 1448 3306 tibi
1472 3264 1515 3306 ex
1541 3248 1634 3328 parte
1661 3246 1772 3304 nostra
1800 3237 1932 3314 dixerit,
1957 3236 2094 3302 eredere

446 3337 483 3407 ae
517 3343 695 3407 efficaciter
729 3343 862 3408 studeas
898 3342 1096 3428 adimplere,
1129 3343 1308 3428 imperialis
1349 3347 1525 3411 voluntatis
1565 3344 1806 3432 beneplacitum
1840 3342 1935 3406 nobis
1972 3341 2094 3407 exinde

446 3448 676 3513 nichilominus
701 3449 927 3534 rescripturus.

552 3568 628 3636 Dat.
651 3569 803 3637 Lateran.
826 3569 910 3634 XVI
933 3547 1007 3632 rial.
1031 3566 1134 3653 April.
1159 3588 1244 3631 anno
1267 3566 1438 3632 undecimo

1228 4047 1312 4118 726.

553 4162 743 4276 Gregorius
765 4191 821 4256 IX
838 4213 929 4272 propo
950 4193 1100 4276 Apuctem
1122 4193 1360 4278 [Adclasiaur]²
1383 4195 1603 4272 doaratccllam,
1630 4195 1788 4258 dominam
1814 4195 2029 4275 llaritoncm,
2057 4196 2096 4261 dc

446 4304 530 4369 obitu
551 4303 615 4366 etri
636 4300 687 4364 sui
709 4298 895 4376 consolatur,
918 4319 1044 4379 comque
1066 4299 1218 4376 hortatur,
1240 4301 1275 4361 ut
1296 4299 1364 4360 viro
1387 4297 1453 4360 sedi
1473 4299 1658 4378 apiostoh'euc
1678 4297 1766 4378 fideli
1787 4299 1894 4363 arabat.

1508 4404 1600 4480 1238,
1623 4402 1729 4482 Aps-tl.
1753 4405 1796 4464 30
1818 4406 1847 4465 et
1868 4401 1950 4466 Mei.
1973 4407 2004 4468 4.

550 4489 633 4560 arey.
651 4488 700 4542 rx
717 4476 786 4555 'aaa
809 4487 866 4542 va.
890 4487 938 4554 vr,
957 4491 1002 4550 12,-
1020 4487 1081 4540 aa.
1101 4487 1171 4552 ΧΠ,
1193 4490 1237 4540 es.

550 4576 684 4640 roseas,
703 4573 772 4644 aeq.
790 4574 862 4628 aas.
881 4575 906 4636 Ι,
925 4577 1043 4627 roseos
1054 4603 1082 4612 -
1095 4577 1189 4626 scaro
1207 4575 1233 4626 et
1251 4574 1366 4626 rosseo
1377 4577 1523 4627 -aorsa

572 4771 718 4846 Nobili
744 4770 939 4844 mulieri
964 4769 1139 4861 Agneti
1173 4769 1467 4858 donnicelle,
1496 4771 1685 4845 domine
1712 4771 1967 4845 Turritane.

555 4924 650 4988 Clare
674 4921 829 4987 memorie
852 4920 913 4984 viri
936 4920 1006 4985 tui³
1029 4918 1121 4982 obitu
1143 4919 1323 5000 intellecto,
1348 4942 1408 4984 nos
1432 4920 1494 5006 ipsi
1518 4942 1583 4985 non
1605 4923 1769 5009 potuimus
1793 4943 1857 4987 non
1873 4922 1996 5002 dolere,
2019 4944 2095 4987 cum

448 5037 481 5095 et
495 5049 667 5115 personam
683 5027 788 5112 ipsius
805 5025 933 5090 sincera
948 5023 1160 5088 dilexerimus
1177 5023 1363 5088 inDcmino
1380 5025 1516 5088 caritate
1540 5032 1573 5089 et
1595 5031 1639 5105 te,
1663 5048 1760 5112 quam
1775 5028 1807 5090 in
1820 5025 1950 5091 Christo
1966 5026 2093 5090 sineere

448 5133 624 5218 diligimus,
645 5131 730 5194 tanti
753 5129 815 5193 viri
838 5127 1046 5192 didicerimus
1071 5128 1194 5192 solacio
1218 5127 1421 5193 destitutam.
1468 5127 1527 5192 Set
1562 5129 1595 5192 in
1625 5130 1686 5194 hoe
1718 5131 1975 5195 consolationem
2005 5129 2093 5193 acei-

447 5237 553 5323 pimus
588 5242 621 5300 et
654 5241 687 5298 te
716 5233 822 5320 ipsam
855 5234 1004 5297 volumus
1037 5234 1218 5316 consolari,
1253 5235 1329 5320 quia
1364 5234 1472 5319 ipsum
1502 5234 1536 5297 in
1565 5233 1651 5298 bona
1681 5235 1875 5299 contritione
1905 5243 1939 5299 et
1970 5233 2096 5300 devota

554 5497 575 5562 t)
594 5496 720 5562 hamisque
738 5513 768 5547 aa
787 5495 871 5562 Rapa.

551 5599 576 5664 1)
595 5596 637 5665 Cf.
649 5597 743 5667 Rapa.
761 5613 787 5650 a.
806 5598 886 5659 1233,
904 5597 920 5659 §
938 5599 1023 5648 1-15
1040 5601 1065 5649 ct
1082 5598 1175 5651 aotam
1193 5594 1254 5648 Iolr.
1271 5595 1352 5651 Dom.
1370 5595 1468 5648 Maass'
1486 5594 1523 5648 ad
1540 5598 1556 5660 §
1573 5599 1597 5647 1.
1703 5595 1730 5662 2)
1750 5595 1798 5650 Its
1816 5597 1845 5651 in
1863 5595 1968 5652 obortis
1985 5596 2049 5675 ipsa
2068 5613 2098 5658 aa

447 5685 582 5763 appellem
600 5683 637 5760 cf.
655 5683 768 5758 Mr‘tnclr,
785 5683 880 5762 Ktoiq
898 5680 998 5751 Ensis,
1011 5699 1042 5760 p.
1061 5689 1116 5740 302
1133 5688 1159 5738 et
1175 5698 1248 5762 sequ.
1352 5682 1381 5758 3)
1401 5681 1527 5745 liutoldi
1548 5681 1726 5746 Vicecomitia,
