4596 6406
783 372 983 428 balatonna
1001 371 1189 429 SELEC'I'AE.
1226 375 1302 430 1239.
1802 383 1858 444 661

214 567 234 610 a
257 545 432 610 sanctitate
456 551 566 610 restra
588 546 768 610 iniunctum
793 546 856 611 sibi
881 547 993 628 fuerit,
1023 548 1107 612 sieut
1130 548 1278 613 novimus
1302 555 1336 614 at
1358 571 1470 615 sumus
1492 551 1524 615 in
1548 551 1696 637 pluribus
1719 553 1783 617 iarn
1808 573 1867 617 ex-

212 650 309 738 perti,
331 650 450 714 devote
473 671 511 715 ac
534 649 675 716 fideliter
698 659 890 736 exequetur.

320 771 397 837 Dat.
421 769 570 855 Burgis⁸,
594 769 665 835 IIII
687 771 741 837 die
764 771 959 838 Decembris
973 775 995 855 ¹,
1018 795 1088 859 reg.
1112 773 1204 860 exp.b

833 1015 1245 1022 ——-———-———

1001 1277 1086 1349 761.

325 1383 427 1481 Idem
448 1413 492 1480 ad
512 1413 643 1480 canaan
665 1415 773 1479 senat
794 1434 826 1479 sc
848 1415 1049 1480 Fridcricrrrrr
1073 1418 1176 1498 filiam
1203 1436 1294 1481 sarem
1323 1416 1367 1480 orl
1392 1418 1609 1498 imperatorem
1634 1418 1809 1495 destinare,
1835 1419 1871 1480 at

215 1523 305 1601 bona,
327 1541 407 1602 quac
428 1519 574 1583 Beatrici
594 1519 691 1583 matri
712 1519 780 1582 cius
802 1520 871 1583 iure
893 1522 1095 1584 succcssionis
1115 1524 1299 1600 competant,
1327 1521 1367 1584 ab
1395 1521 1497 1585 eodem
1526 1522 1674 1602 recipiam
1703 1524 1805 1604 rapat,
1835 1523 1871 1584 ut

213 1627 243 1689 ei
264 1625 423 1690 armiliam
445 1628 475 1686 ct
494 1623 635 1703 savorem
657 1642 750 1686 arum
772 1623 983 1703 tripertiatur.
1031 1621 1080 1703 Of.
1103 1644 1135 1688 a.
1159 1627 1231 1688 700.
1537 1627 1630 1702 1239,
1652 1623 1728 1689 Dec.
1750 1629 1782 1687 4.

322 1743 404 1813 Grec.
423 1743 472 1796 IX
489 1741 559 1812 Rep.
582 1741 640 1797 Vol.
664 1742 731 1805 VH,
751 1745 783 1804 9,·
800 1741 861 1796 Lib.
881 1742 965 1808 XIV,
986 1747 1029 1796 39.

319 1827 619 1892 Haillard·Bre'lrotles,
637 1829 655 1881 l.
673 1842 695 1882 c.
714 1830 732 1881 1.
754 1827 786 1894 V,
801 1844 832 1897 p.
852 1833 914 1883 545.

845 2026 962 2099 Idem
990 2048 1068 2099 rex
1095 2026 1251 2100 eidem.

326 2178 356 2242 A
380 2175 563 2241 sanctitatis
586 2181 696 2240 vestre
719 2176 876 2240 memoria
898 2195 964 2239 non
989 2175 1150 2239 credimus
1179 2175 1357 2257 excidisse,
1386 2175 1473 2261 qnod
1501 2179 1574 2240 cuni
1596 2184 1745 2262 ternpore
1768 2175 1872 2240 dulcis

219 2282 376 2347 memorie
399 2281 513 2364 regine
536 2278 720 2343 Beatricis²
742 2279 842 2343 filiole
866 2285 975 2344 vestre
998 2279 1101 2358 bona,
1125 2300 1187 2364 qne
1212 2279 1273 2344 sibi
1294 2279 1364 2344 iure
1389 2281 1606 2346 successionis
1631 2279 1872 2366 competebant,

216 2388 257 2451 ab
280 2387 488 2471 imperatore,
513 2383 568 2469 qui
592 2403 632 2448 ca
655 2382 833 2459 detinebat,
861 2404 920 2468 pro
944 2382 996 2447 Fr.
1020 2383 1086 2446 tilio
1115 2389 1225 2446 nostro
1251 2404 1330 2469 sepe
1355 2390 1388 2448 ct
1412 2385 1523 2470 sepius
1553 2385 1765 2471 petissemus,
1798 2383 1873 2468 quia

215 2492 286 2576 ipse
310 2487 448 2553 reddere
472 2486 664 2564 recusabat,
697 2485 738 2550 ad
760 2487 992 2573 paternitatem
1016 2493 1158 2552 vestram
1181 2507 1349 2550 recursum
1381 2487 1569 2568 habuimus,
1601 2495 1747 2552 vestrum
1774 2507 1873 2570 super

216 2593 279 2658 hoc
303 2591 473 2655 consilium
498 2595 531 2652 et
553 2589 710 2653 auxilium
734 2589 958 2674 implorantes.
1004 2588 1058 2652 Ad
1082 2589 1183 2674 quod,
1215 2590 1301 2654 sicut
1327 2597 1453 2676 patrem
1476 2590 1573 2656 decet
1595 2591 1717 2655 iustitie
1741 2594 1775 2655 et
1796 2589 1874 2653 Iesu

218 2696 339 2761 Christi
368 2693 543 2773 vicarium,
577 2693 672 2757 solite
703 2693 915 2777 benignitatis
944 2693 1117 2756 clementia
1146 2693 1380 2780 respondistis,
1411 2695 1498 2780 quod
1524 2701 1669 2759 vestrum
1692 2693 1787 2757 nobis
1809 2712 1875 2755 non

217 2800 351 2864 deesset
385 2797 572 2876 eonsilium,
604 2795 826 2882 promittendo
860 2795 1090 2860 nichilominus
1125 2795 1211 2881 quod
1245 2796 1397 2862 faceretis
1438 2798 1533 2861 nobis
1566 2796 1716 2864 exhiberi
1750 2795 1874 2859 iustitie

218 2901 504 2988 complementum.
548 2898 674 2963 Verum
699 2920 771 2962 cum
795 2898 881 2963 idem
904 2899 1082 2984 imperator
1105 2899 1225 2963 saniori
1249 2899 1366 2963 ductus
1390 2901 1526 2966 consilio
1548 2900 1757 2986 postmodum
1780 2898 1875 2962 nobis

218 3027 297 3092 sepe
321 3002 572 3090 significandum
595 3003 735 3082 duxerit,
759 3001 845 3088 quud
867 3001 954 3066 bona
976 3004 1081 3089 petita
1102 3011 1235 3088 paratus
1260 3010 1330 3068 crat
1352 3004 1505 3084 reddere,
1536 3005 1562 3069 si
1586 3004 1727 3068 eundem
1750 3001 1874 3066 Frede-

217 3109 332 3188 ricum,
356 3128 453 3194 quem
477 3114 583 3170 mater
606 3107 705 3169 etiam
728 3126 788 3169 sua
811 3105 845 3169 in
869 3106 1025 3171 extremis
1049 3107 1157 3191 posita
1180 3108 1241 3170 sub
1264 3107 1405 3191 quadam
1429 3108 1648 3173 obtestatione
1672 3108 1749 3171 illue
1772 3106 1875 3171 desti-

221 3212 365 3277 nandum
389 3210 541 3290 iusserat,
565 3209 627 3273 sibi
651 3209 781 3273 mittere
798 3229 1000 3274 curaremus:
1026 3229 1096 3289 nus,
1119 3209 1327 3274 attendentes
1345 3211 1430 3295 qnod
1446 3211 1558 3275 nocuit
1573 3210 1703 3275 differre
1721 3209 1875 3297 paratis³,

219 3324 290 3380 tum
312 3320 447 3401 propter
470 3320 652 3377 maternam
675 3311 893 3378 hereditatem
919 3313 1144 3394 obtinendam,
1172 3334 1269 3399 quam
1300 3312 1342 3378 ad
1366 3315 1533 3379 servitium
1556 3313 1703 3379 Romane
1735 3313 1876 3379 ecclesie

220 3440 295 3484 eum
318 3417 441 3482 habere
464 3416 624 3496 volumus,
647 3422 716 3479 tum
738 3422 874 3500 propter
897 3416 977 3480 alias
1001 3438 1117 3480 causas
1141 3417 1401 3502 urgentissimas,
1425 3429 1526 3502 quas⁰
1548 3418 1747 3483 venerabilis
1770 3417 1875 3480 abbas

220 3531 254 3587 et
276 3521 451 3606 religiosus
468 3519 518 3583 vir
540 3518 678 3584 dilectus
700 3525 813 3585 noster
828 3571 836 3586 .
851 3571 858 3585 .
875 3521 915 3586 G.
933 3521 1036 3585 abbas
1056 3521 1167 3586 Sancti
1183 3521 1331 3586 Facundi
1354 3521 1595 3606 magnificentie
1612 3529 1721 3587 vestre
1744 3522 1875 3608 plenius

221 3627 400 3712 exprimet,
435 3622 476 3688 de
503 3623 699 3709 prudentum
729 3625 870 3687 virorum
899 3625 1035 3688 consilio
1060 3624 1201 3690 eundem
1229 3625 1381 3690 duximus
1410 3625 1655 3707 destinandum,
1689 3627 1764 3689 riva
1793 3645 1874 3688 voce

197 3729 358 3792 'firmiter
384 3727 605 3813 precipientes
634 3728 741 3792 eidem
772 3735 805 3792 et
833 3729 894 3792 sub
922 3749 1009 3814 pena
1037 3735 1174 3814 paterne
1205 3731 1310 3814 gratie
1346 3729 1569 3813 iniungentcs,
1604 3729 1755 3815 quatinus
1788 3749 1879 3791 more

225 3834 470 3919 progenitorum
489 3851 631 3912 suorum,
654 3853 768 3916 regum
786 3839 820 3897 et
839 3833 1073 3918 imperatorum
1091 3833 1234 3919 Ispanie,
1258 3832 1415 3897 honorem
1432 3840 1466 3897 et
1482 3833 1716 3897 exaltationem
1730 3831 1880 3896 Romane

223 3937 364 4000 ecclesie
394 3942 548 4021 procuret
577 3942 611 4000 et
645 3936 759 4021 diligat
794 3944 827 4002 et
861 3939 893 4002 ei
927 3958 1057 4024 semper
1092 3939 1135 4002 sit
1169 3937 1325 4002 obediens
1355 3944 1389 4002 et
1416 3937 1564 4002 devotus.
1620 3937 1706 4000 Sane
1738 3937 1765 3999 si
1793 3935 1881 3999 idem

222 4040 417 4125 imperator,
455 4040 541 4124 quod
576 4061 641 4105 non
677 4041 856 4122 credimus,
895 4042 1034 4105 eandem
1068 4041 1286 4106 hereditatem
1323 4041 1386 4105 sibi
1423 4039 1561 4106 reddere
1595 4038 1795 4103 contradicat
1826 4043 1883 4102 aut

223 4140 369 4220 differat,
397 4143 586 4227 paternitati
609 4151 718 4210 vestra
748 4145 946 4209 affectuosas
969 4165 1086 4230 preces
1110 4145 1306 4230 porrigimus
1329 4150 1482 4230 petentes
1506 4143 1673 4207 humiliter
1696 4149 1730 4207 et
1752 4143 1882 4220 devote,

147 4277 173 4316 ω
225 4246 378 4331 quatinus
407 4266 483 4310 enm
515 4247 575 4311 sub
605 4247 798 4313 defensione
815 4255 952 4330 ‘vestra,
984 4249 1035 4312 cui
1065 4249 1173 4334 ipsum
1197 4249 1444 4328 committimus,
1474 4253 1704 4333 protegentes,
1736 4251 1882 4310 vestrum

224 4349 332 4414 eidem
356 4349 535 4434 dignemini
558 4351 716 4438 impertiri
741 4351 901 4415 auxilium
924 4359 957 4418 et
978 4352 1154 4417 farorem4.

332 4470 411 4535 Dat.
435 4469 587 4558 Burgisd,
610 4471 679 4536 IIII
704 4470 756 4537 die
779 4472 982 4555 Decembris,
1005 4495 1075 4558 reg.
1099 4481 1191 4558 erp.e

329 4731 352 4796 ⁸)
370 4733 442 4800 Bnrg
452 4733 484 4784 R.
572 4730 595 4799 δ)
613 4732 669 4800 Reg
686 4735 738 4800 exp
755 4733 789 4786 B.
825 4734 884 4786 Hac
901 4735 1079 4802 conpendium
1097 4735 1199 4800 saepius
1216 4733 1244 4783 ia
1261 4734 1328 4784 node
1346 4733 1529 4800 chronologicis
1547 4733 1690 4784 litteramm
1707 4733 1775 4800 repit
1792 4733 1886 4784 Ferdi-

225 4816 310 4866 naarli
336 4819 478 4882 invenitur,
504 4820 549 4870 red
569 4820 723 4886 plerumnque
743 4822 915 4886 pontiacum,
941 4821 985 4871 abi
1012 4822 1110 4872 litterae
1134 4820 1210 4870 datae
1228 4827 1294 4868 eunt.
1336 4819 1447 4884 riter-ino,
1464 4819 1577 4870 Euareia
1595 4821 1714 4886 paleayr.
1733 4839 1762 4886 p.
1784 4823 1842 4882 215,
1858 4819 1888 4870 id

147 4935 172 4973 35
227 4903 341 4954 annotatt
359 4906 431 4970 regia
448 4912 566 4972 exparte,
594 4905 705 4956 Marsaci
728 4906 886 4973 Budriguer,
914 4908 1055 4960 Memoriae
1079 4917 1123 4960 etc.
1147 4907 1178 4957 de
1196 4904 1339 4956 Ferrraado
1363 4905 1427 4968 ΙΙΙ,
1451 4907 1539 4956 ramas
1565 4907 1681 4956 lectiorrer
1705 4905 1793 4956 trater:
1820 4907 1887 4972 regis

225 4991 357 5056 expansis,
384 5007 445 5056 rega
463 4991 634 5058 exprimento,
661 5009 721 5060 rega
739 4995 890 5062 expediente
908 5005 952 5046 etc.
998 4995 1032 5046 Ia
1050 4997 1105 5062 Reg
1122 4995 1224 5044 verbum
1242 4991 1306 5042 ‘rar’
1322 4991 1446 5040 conanae
1463 5000 1573 5057 apparet
1593 5009 1625 5040 ea
1642 5009 1685 5054 eo,
1709 4991 1778 5056 qaod
1794 4992 1887 5040 ibidem

221 5093 251 5140 p.
269 5079 329 5138 473,
347 5079 412 5140 488,
431 5081 490 5138 510,
510 5081 562 5128 ott
579 5078 607 5128 in
624 5078 720 5130 abortia
739 5081 846 5148 Alfeari
866 5082 977 5148 infantie
999 5083 1046 5134 lnl'.
1065 5099 1124 5148 exp.
1143 5082 1242 5146 legitor.
1279 5078 1364 5130 Semel
1385 5077 1413 5127 ia
1432 5077 1524 5128 ebarta
1544 5077 1610 5142 reaia
1628 5093 1698 5128 canc.
1716 5095 1773 5144 exp.
1792 5078 1888 5127 iuuari·

225 5177 296 5221 mua
314 5161 406 5212 taam
418 5180 448 5227 p.
469 5165 530 5214 too.
628 5164 650 5229 ο)
669 5182 720 5232 qus
738 5166 771 5218 a.
869 5163 893 5234 ⁴¹)
912 5158 984 5235 surg
999 5168 1031 5218 a,
1129 5164 1151 5233 ε)
1170 5169 1225 5234 nep
1243 5164 1295 5232 0113
1314 5163 1346 5214 a.

330 5315 357 5380 1)
376 5314 485 5368 Annam
502 5314 656 5384 codiciacus
673 5333 708 5371 ac
725 5334 765 5386 eo,
782 5319 856 5388 qaod
873 5321 991 5391 epistola
1008 5335 1031 5375 c.
1050 5319 1121 5374 Mai.
1139 5337 1165 5374 a.
1185 5321 1303 5374 121001
1323 5317 1389 5385 Rea.
1407 5317 1496 5370 relato
1515 5319 1561 5370 eat.
1632 5317 1661 5386 2)
1679 5316 1809 5384 Beatrr'a,
1820 5319 1886 5387 filia

148 5423 175 5462 to
227 5397 355 5469 Philippi
372 5401 445 5469 reela
466 5400 682 5472 Teutonicorarn,
700 5421 726 5459 a.
745 5412 818 5460 1235
835 5411 944 5463 mortua
961 5414 1029 5463 erat.
1116 5407 1144 5474 3)
1165 5406 1206 5473 Of.
1225 5404 1337 5459 Leccam
1357 5404 1457 5458 Ptars.
1475 5403 1505 5466 I,
1524 5407 1587 5457 281·
1673 5405 1701 5470 4)
1721 5404 1886 5460 Fm'tlrtt'cttt

227 5485 273 5539 ille
291 5503 318 5540 a.
338 5491 424 5555 1210,
448 5489 540 5556 April.
560 5488 667 5558 Fopiae
684 5491 762 5560 apud
779 5493 970 5564 imperatorem
988 5499 1065 5561 erat;
1092 5491 1178 5563 Rycc.
1203 5490 1236 5544 de
1252 5491 1280 5543 S.
1300 5491 1391 5545 aaa.
1410 5507 1436 5545 a.
1455 5495 1536 5557 1210,
1553 5491 1604 5544 SS.
1623 5493 1640 5546 t.
1662 5490 1753 5558 XIX,
1776 5508 1805 5562 p.
1825 5497 1888 5548 379.

230 5571 273 5640 tls.
303 5574 384 5628 etiam
411 5575 553 5642 epistolam
579 5575 757 5645 imperatoria
782 5580 820 5634 ad
842 5597 930 5650 regem
951 5579 1085 5634 t'aateltae
1105 5593 1131 5632 a.
1155 5581 1234 5642 1210,
1251 5591 1274 5631 c.
1293 5576 1384 5646 epra.
1402 5576 1529 5645 masam
1548 5578 1804 5642 Borma-Ficta,
1831 5580 1848 5634 l.
1867 5594 1890 5634 c.

226 5674 254 5714 rt.
275 5662 360 5715 3020.
