4494 6426
756 320 955 376 EPISTOLAE
973 322 1162 377 SELECTAE.
1199 323 1274 378 1221.
1784 329 1842 390 113

190 489 369 554 secundum
392 513 432 556 es
453 494 713 579 presumpserint
735 494 879 559 iudicare
905 496 957 559 vei
980 495 1014 558 in
1029 495 1193 582 publicam
1217 496 1356 560 formem
1380 496 1524 562 scribere
1548 497 1692 563 iudicata
1714 506 1778 563 etc.
1803 535 1844 546 -—

190 595 402 660 Fraternitati
433 604 488 662 tuc
522 621 582 684 per
611 600 794 685 apostolice
829 601 951 685 scripta
979 602 1177 687 precipimus
1204 601 1411 682 mandantes,
1449 601 1601 686 quatinus
1629 602 1845 688 prescriptum

192 700 388 763 sententiam
410 723 469 787 per
487 701 652 767 civitatem
676 709 709 766 et
726 702 892 768 diocesem
917 711 1005 768 tuam
1029 704 1218 769 solemniter
1241 711 1275 768 et
1297 705 1489 789 frequentor
1504 705 1665 791 publicari
1687 704 1788 768 facias
1812 711 1846 769 et

191 802 424 868 inviolabiliter
445 803 623 868 observari.

125 938 138 974 ὁ
297 921 373 986 Dat.
396 922 562 1004 Laterani,
585 924 620 988 ΙΙ
641 924 754 990 Nonas
778 925 907 989 Ianuar.
931 926 1139 1012 pontificatus
1162 929 1264 994 nostri
1287 949 1372 993 cuno
1396 928 1519 1014 quinto.

816 1170 1226 1179 w—-m

302 1486 506 1581 Fridericus
533 1517 749 1581 Romanorum
778 1518 949 1598 imperator
976 1519 1020 1583 nrt
1045 1521 1279 1600 requisitionem
1307 1521 1402 1585 amici
1429 1522 1479 1584 sui
1507 1519 1664 1602 Hupotini
1694 1520 1847 1586 Ostiensis

190 1627 220 1686 et
248 1620 449 1685 Vellctrensis
475 1620 611 1700 episcopi
635 1619 733 1683 donat
757 1625 786 1682 et
808 1623 972 1702 confirmat
997 1623 1104 1686 abbati
1132 1627 1161 1688 et
1189 1624 1353 1687 concentui
1375 1623 1511 1688 Sanctae
1529 1623 1661 1689 Mariae
1682 1625 1719 1688 de
1742 1623 1847 1688 Monte

191 1723 320 1788 Mirtcti
340 1742 441 1803 supra
462 1721 634 1802 Nimpiram
656 1722 858 1786 tenimentum
877 1723 1081 1804 Turi-ionum,
1105 1725 1188 1807 quod
1201 1730 1276 1806 post
1297 1731 1424 1790 mortem
1445 1727 1593 1809 Symonis
1614 1727 1651 1792 cle
1674 1727 1848 1792 Mamistra

191 1826 235 1892 ad
256 1845 348 1890 snum
369 1825 549 1890 decennium
570 1827 744 1906 devenerat,
768 1826 856 1907 eiqrre
878 1828 999 1909 aliquot
1019 1830 1128 1911 mcpni
1142 1831 1243 1910 pretii
1264 1830 1389 1894 inruet
1411 1829 1568 1894 libertates
1589 1830 1734 1895 concedit.

113 1949 138 1985 m
1569 1935 1663 2011 1221,
1686 1930 1760 1999 Ian.

296 2015 377 2082 Grep.
396 2013 447 2066 IX
463 2014 533 2082 Rep.
559 2014 614 2068 Vct.
634 2015 686 2077 IV,
706 2018 753 2082 85,
773 2017 824 2080 86,-
842 2013 904 2068 Lib.
928 2014 994 2084 VII,
1015 2021 1079 2069 300.

298 2099 355 2153 Eri.
372 2117 390 2154 a
415 2099 611 2166 Wiuketmaun,
631 2104 692 2154 Act.
711 2100 784 2168 Imp.
801 2099 873 2155 inea.
888 2119 919 2171 p.
937 2105 1000 2166 187,
1018 2119 1044 2155 n.
1063 2107 1124 2156 210.

817 2330 1226 2338 ...μμ-ο.-

304 2651 506 2745 Friderious
521 2680 736 2746 Ronmnornm
758 2681 931 2762 imperator
945 2683 1104 2747 uniuersis
1125 2682 1253 2763 imperii
1272 2679 1419 2762 lictclibus
1433 2679 1573 2756 mandat,
1595 2681 1630 2740 ut
1651 2677 1787 2741 uiriliter
1807 2677 1851 2741 ad

193 2803 375 2847 succursum
403 2784 519 2848 Terrae
546 2783 682 2849 Sanctae
708 2806 739 2850 sc
765 2788 959 2866 praeparent
984 2789 1013 2848 ct
1042 2785 1220 2868 accinpant,
1255 2784 1292 2848 dc
1326 2804 1386 2864 pua
1415 2783 1482 2863 ipsc
1514 2781 1622 2845 dictus
1649 2785 1678 2844 et
1710 2781 1850 2844 noctibus

116 2912 140 2948 n
194 2887 318 2968 copitct5
350 2889 467 2964 monet,
505 2891 540 2950 ut
568 2888 735 2969 efficaciter
769 2889 932 2968 impleant,
964 2909 1165 2971 quamunque
1193 2888 1375 2971 Hupotinus
1406 2885 1558 2951 Ostiensis
1590 2888 1619 2949 ct
1652 2883 1850 2948 Veltetrensis

194 2989 362 3070 episcopus,
384 2989 568 3068 apostoticae
590 2991 672 3054 scriis
693 2992 822 3073 topatus,
844 2992 886 3055 iis
907 2992 1034 3059 auserit
1051 2991 1265 3074 proponenda.
1476 2991 1571 3065 1221,
1593 2985 1686 3052 Febr.
1711 2990 1762 3052 10.

300 3106 374 3162 uon.
394 3110 447 3160 111
462 3106 530 3176 Περ.
555 3107 612 3162 Vor.
631 3112 688 3172 111,
709 3115 764 3178 ss,·
781 3110 845 3164 me.
869 3111 899 3174 V,
919 3115 980 3166 446.

298 3193 355 3248 Ed.
372 3211 391 3248 c
410 3193 529 3258 Pertrrio,
548 3193 607 3248 Μ..
627 3201 645 3250 t.
663 3197 708 3259 II,
723 3213 753 3266 p.
772 3200 835 3251 245.

816 3423 1228 3431 ...a-m-

984 3647 1065 3718 163.

305 3742 506 3835 Fridcn'cus
539 3769 755 3832 Rornanorum
790 3769 961 3849 inperator
991 3767 1153 3850 Hupotino
1189 3766 1326 3832 Ostiensi
1363 3770 1502 3849 episcopo
1536 3767 1733 3850 protelatur,
1768 3767 1850 3848 qrrod

113 3903 138 3939 20
193 3871 357 3937 Honorius
380 3874 443 3937 ΙΙΙ
459 3894 548 3954 popu
569 3873 598 3935 ci
619 3872 663 3934 ad
681 3873 904 3952 promotionem
927 3873 1029 3936 ciricis
1053 3871 1172 3937 Oliristi
1192 3894 1253 3952 per
1274 3872 1498 3936 Lonibarrliam
1519 3875 1548 3936 ct
1573 3871 1717 3936 Tinctum
1736 3871 1849 3950 pieriae

192 3975 357 4056 tepotionis
372 3975 510 4056 officium
524 3975 713 4052 concesserit,
735 3975 823 4056 eique
835 3979 1016 4055 potestatem
1036 3975 1101 4054 dat,
1124 3979 1160 4037 ut
1178 3995 1283 4038 onrncs
1304 3975 1385 4051 ilios,
1408 3975 1463 4055 qui
1480 3973 1633 4054 suppositi
1654 3973 1720 4036 sint
1736 3973 1848 4049 banne,

190 4077 232 4142 ab
256 4099 297 4156 eo,
319 4099 388 4143 cum
409 4077 555 4158 expedire
576 4077 698 4155 uiderit,
720 4077 755 4139 in
776 4078 916 4158 [acrorem
937 4078 1054 4160 nepotii
1078 4078 1195 4142 Terrae
1218 4077 1354 4143 Sanctae
1376 4077 1531 4142 absoluere
1553 4077 1664 4140 valcat.

1472 4182 1567 4262 1221,
1590 4178 1685 4244 Febr.
1709 4182 1760 4242 10.

295 4267 369 4320 Han.
388 4269 442 4319 111
455 4265 523 4334 Rep.
541 4265 604 4319 Lib.
627 4264 657 4330 V,
675 4269 735 4319 447.

111 4367 137 4404 es
294 4351 351 4404 Ed.
368 4369 387 4406 a
410 4352 528 4414 Peren,
546 4351 606 4404 LI..
624 4353 643 4405 1.
662 4352 703 4419 ΙΙ,
718 4368 748 4421 p.
766 4354 829 4404 216.

816 4579 1226 4588 mim

987 4804 1071 4878 164.

303 4899 507 4994 Fndcrtets
528 4926 744 4990 Rourmmum
771 4927 942 5006 imperator
966 4931 1150 5008 potestatem
1176 4932 1205 4992 ct
1223 4929 1375 5009 poputum
1395 4927 1664 4992 Mediolanenses
1699 4928 1789 5008 repat
1819 4927 1848 4986 et

189 5031 351 5108 trorurtur,
387 5035 422 5094 ut
446 5049 509 5110 pro
534 5029 673 5094 subsidio
704 5028 821 5093 Terrae
850 5025 984 5095 Sanctae
1019 5031 1088 5095 sine
1114 5031 1265 5096 dilutione
1300 5031 1337 5094 in
1356 5032 1522 5112 praesciti
1550 5030 1698 5111 pusacio
1731 5031 1847 5092 certum

189 5155 357 5200 uunrcrum
378 5134 515 5197 militum
536 5132 699 5198 destinent.
1476 5135 1569 5210 1221,
1592 5131 1685 5197 Febr.
1709 5134 1759 5194 10.

298 5251 372 5307 Hori.
391 5255 446 5306 ΙΙΙ
459 5251 527 5320 Rep.
546 5251 609 5306 Lu.
633 5252 662 5317 V,
681 5255 743 5307 448.

110 5365 136 5402 ω
298 5337 355 5392 Ed.
372 5355 391 5392 a
409 5338 529 5402 Pertcio,
547 5337 608 5392 Lu.
627 5345 646 5397 t.
666 5341 707 5404 II,
724 5355 753 5408 p.
771 5342 835 5394 217.

818 5569 1229 5577 .----.-.-.--.---.-

296 5703 358 5752 Rus.
376 5702 458 5752 Pons.
476 5702 497 5752 1.
