4576 6390
773 362 973 424 EPIS'POLAE
990 365 1180 424 amborum
1215 368 1291 426 1238.
1800 379 1862 444 ⁴27

207 539 298 607 noles
322 538 458 606 eosdem
487 540 628 608 ecclesie
650 539 799 608 Romane
829 541 961 607 nomine
985 542 1212 630 sollempniter
1240 544 1473 632 compromisit.
1525 546 1646 616 Forma
1667 569 1745 616 vero
1769 571 1858 617 eom-

207 645 360 733 promiasi
383 644 445 710 hee
468 652 531 710 eat.
1398 705 1408 736 Ι

314 751 354 815 In
376 749 508 814 nomine
531 748 665 814 Domini
687 770 793 814 omen.
818 757 880 815 cto.
905 748 990 815 sicut
1019 749 1142 834 scripta
1164 755 1216 815 est
1238 751 1272 816 in
1293 751 1467 818 undecimo
1490 762 1649 840 quaterno
1673 758 1760 840 sexti
1783 759 1861 825 anni

206 875 325 941 usque:
354 854 388 918 in
411 875 471 918 sua
498 873 628 938 semper
657 858 811 917 maneant
836 852 1020 916 firmitctc¹.
1071 851 1115 916 Et
1136 859 1214 918 nota
1237 853 1323 938 quod
1353 875 1427 919 oum
1458 859 1683 943 superioribus
1715 839 1857 926 testibus

207 959 355 1024 interluit
383 956 533 1021 dominus
555 954 586 1019 N
589 955 712 1019 icolaus
743 955 917 1041 opiscopus
940 954 1089 1039 Reginus
1098 953 1122 1020 ².
1166 955 1239 1041 Ego
1268 957 1426 1042 magister
1446 958 1651 1028 Rolandinus
1680 962 1721 1028 dc
1744 964 1859 1030 Padua

205 1061 384 1150 imperialis
419 1059 600 1124 maiestatis
633 1059 780 1122 notarius
814 1057 961 1144 predicto
995 1059 1171 1123 commisso
1203 1066 1237 1125 et
1267 1063 1502 1148 compromisso
1536 1066 1675 1150 aliisquo
1708 1067 1859 1133 omnibus

80 1215 84 1224 .
205 1163 436 1252 suprascriptis
459 1161 593 1226 interfui
616 1160 835 1247 mandatoque
858 1161 1005 1246 ipsorum
1020 1160 1225 1228 dominorum
1245 1163 1460 1230 cardinalium
1475 1173 1509 1232 et
1524 1169 1691 1235 voluntate
1708 1171 1859 1256 magistri

205 1269 320 1335 domus
343 1266 599 1332 'santonicorum
623 1266 740 1352 scripsi
763 1271 796 1329 et
818 1263 993 1350 publicari.

311 1367 583 1435 Procuratcribus
607 1368 707 1453 igitur
729 1368 871 1454 partium
892 1373 1028 1453 propter
1051 1368 1163 1433 hocin
1177 1375 1291 1433 nostra
1305 1370 1474 1457 presentia
1490 1375 1686 1454 constitutis,
1710 1382 1858 1463 exparte

207 1481 263 1539 tua
286 1473 396 1538 extitit
417 1470 623 1558 propositum
645 1491 753 1534 coram
777 1470 883 1551 nobis,
908 1469 994 1555 quod
1011 1476 1044 1536 te
1061 1471 1424 1554 societachmbardie,
1447 1472 1593 1541 Marehic
1611 1498 1649 1543 ac
1664 1477 1858 1545 Romaniole

204 1576 399 1662 gravissime
423 1573 631 1650 offendisset,
661 1595 720 1658 pro
745 1595 784 1639 eo
807 1572 961 1637 videlicet
983 1571 1069 1656 quod
1092 1573 1215 1638 curiam
1238 1580 1347 1656 tuam,
1370 1595 1467 1660 quam
1489 1575 1647 1646 Ravenna
1670 1580 1860 1648 indixeras³

206 1702 264 1767 pro
287 1679 389 1744 Terre
414 1677 534 1742 Sancte
558 1697 731 1757 succursu,
763 1675 979 1762 dispositione
1010 1676 1139 1762 imperii
1162 1682 1196 1740 et
1218 1677 1412 1761 quibusdem
1435 1683 1631 1747 necessariis
1654 1690 1688 1748 et
1709 1685 1857 1752 honestis

206 1785 289 1864 aliis,
313 1779 500 1868 impedivit,
523 1800 588 1844 uon
610 1779 831 1864 permittendo
854 1778 896 1844 ad
919 1786 952 1844 ta
977 1780 1079 1843 filium
1102 1781 1220 1844 tuum*
1242 1785 1276 1845 et
1297 1782 1463 1868 principes
1486 1783 1682 1852 Alamannie
1706 1789 1857 1874 pervias

205 1909 264 1952 seu
293 1892 412 1950 amatas
442 1883 629 1968 imperiales
659 1884 791 1958 venlre;
823 1883 1090 1970 procuratoribus
1119 1884 1287 1948 societatis
1317 1884 1463 1950 eiusdem
1494 1907 1512 1951 e
1541 1890 1703 1955 contrario
1737 1913 1857 1978 propo-

204 1987 375 2068 nentibus,
403 1990 596 2051 societatem
618 1986 723 2072 ipsam
745 1985 852 2050 nullas
878 1985 939 2049 tibi
962 1985 1105 2050 offensos
1128 1986 1300 2070 nullasque
1323 1986 1460 2052 iniurias
1483 1989 1652 2073 intulisse,
1676 1999 1727 2058 set
1750 1995 1859 2080 siqua

201 2092 352 2157 fecerunt
374 2088 529 2154 dicebant
551 2108 591 2153 ea
613 2088 655 2153 ob
679 2089 844 2174 propriam
867 2088 1094 2153 defensionem
1117 2088 1249 2153 fecisse.
1303 2088 1373 2154 Nos
1396 2091 1508 2176 itaque
1531 2092 1595 2158 hiis
1619 2101 1652 2159 et
1674 2096 1763 2178 aliis,
1793 2117 1856 2182 quc

202 2195 334 2260 fuerunt
357 2193 433 2258 binc
456 2191 532 2258 inde
555 2193 742 2278 proposita,
766 2192 896 2278 plenius
920 2193 1116 2273 intellectis,
1149 2194 1387 2259 communicato
1410 2194 1547 2259 fratrum
1569 2204 1755 2263 nostrorum
1778 2220 1856 2264 con-

202 2298 275 2362 silio
298 2296 339 2362 de
363 2295 568 2383 providentia
591 2295 639 2359 sic
661 2294 814 2360 duximus
838 2294 1072 2376 ordinandum,
1095 2302 1133 2360 ut
1153 2294 1308 2361 videlieet
1330 2304 1366 2361 tu
1388 2302 1444 2362 tuo
1469 2303 1503 2363 ct
1524 2299 1583 2364 filii
1598 2301 1647 2365 tui
1667 2322 1705 2365 ac
1727 2302 1858 2388 imperii

201 2401 332 2466 nomine
364 2400 444 2478 biis,
477 2400 532 2484 qui
564 2405 639 2463 sunt
666 2398 706 2464 de
737 2400 895 2465 societate
927 2398 1091 2486 predicta,
1124 2405 1158 2464 et
1179 2399 1410 2465 universaliter
1432 2402 1569 2487 siugulis
1594 2409 1627 2466 ct
1649 2403 1857 2490 singulariter

204 2503 366 2570 universis
389 2502 557 2567 civitatum
581 2509 614 2568 et
641 2504 806 2584 locorum,
835 2524 973 2589 quorum
1001 2503 1133 2568 nomina
1159 2503 1193 2568 in
1224 2505 1459 2591 compromisso
1488 2506 1676 2592 specialiter
1699 2515 1774 2574 sunt
1797 2530 1855 2574 ex-

201 2629 318 2696 pressa
340 2614 374 2674 et
396 2609 451 2693 qui
473 2613 591 2695 postea
613 2608 697 2673 infra
720 2616 850 2696 tempus
873 2608 996 2674 ibidem
1018 2608 1186 2694 provisum
1208 2629 1244 2672 se
1260 2629 1320 2694 per
1336 2608 1442 2674 simile
1458 2610 1727 2696 compromissum
1742 2618 1855 2676 nostro

202 2712 336 2777 arbitrio
360 2712 612 2792 commiserunt,
643 2712 791 2776 remittas
815 2732 945 2776 omnem
968 2732 1155 2792 rancorem,
1185 2711 1459 2793 malivolentiam,
1488 2712 1623 2776 iniurias
1647 2719 1681 2777 et
1702 2713 1855 2796 offensas,

202 2815 311 2880 omnio
332 2835 460 2901 quoque
483 2813 601 2894 bonna,
625 2815 896 2894 constitutiones,
927 2813 1109 2880 sententias
1132 2819 1166 2878 et
1188 2812 1432 2894 ordinamenta,
1468 2835 1530 2900 que
1562 2815 1735 2881 occasions
1757 2815 1855 2881 huius

201 2916 364 2984 discordie
391 2918 500 2983 fecisti
522 2916 576 2981 vel
598 2917 783 3002 imposuisti
805 2937 866 3002 per
893 2923 926 2981 te
949 2917 1003 2982 vel
1026 2937 1085 3003 per
1108 2917 1222 2996 alium,
1252 2916 1378 2982 aliusve
1407 2937 1466 3004 pro
1489 2923 1522 2982 te
1546 2918 1697 2984 societati
1719 2919 1772 2984 vel
1794 2920 1854 2984 ali-

202 3023 255 3088 cui
278 3022 318 3088 de
342 3023 501 3087 socictate
524 3018 689 3100 iamdicta,
713 3019 912 3101 civitatibus,
935 3021 1018 3084 locis
1042 3025 1076 3084 et
1091 3019 1242 3105 personis
1257 3017 1298 3084 dc
1314 3019 1387 3105 ipsa
1403 3021 1572 3102 societate,
1596 3027 1629 3086 et
1651 3042 1855 3108 quacumque

202 3148 245 3192 ex
267 3126 315 3191 eis
339 3122 457 3190 veleb
481 3143 521 3187 eo
551 3129 665 3189 secuta
697 3129 789 3204 sunt,
820 3125 951 3210 penitus
981 3145 1135 3204 revoces,
1162 3123 1335 3188 universos
1360 3129 1393 3188 et
1416 3125 1579 3210 singulos,
1603 3125 1658 3211 qui
1682 3127 1855 3192 occasione

201 3229 339 3294 alicuius
362 3225 582 3313 predictorum
610 3227 671 3290 lesi
701 3225 868 3308 videntur,
898 3227 1076 3292 restituens
1103 3228 1137 3290 in
1166 3226 1329 3310 integrum
1359 3227 1392 3291 in
1421 3227 1571 3293 omnibus
1600 3235 1634 3294 et
1663 3229 1855 3315 peremnia

202 3354 260 3396 suo
284 3330 384 3395 statui
407 3335 504 3414 atque
527 3329 624 3409 fame,
649 3328 845 3394 remittendo
868 3330 1100 3394 nichilominus
1124 3330 1291 3394 infamiam
1315 3350 1444 3395 omnem
1461 3337 1494 3396 et
1509 3352 1638 3417 penam,
1661 3351 1724 3416 que
1740 3339 1852 3398 secute

201 3440 276 3500 sunt
299 3454 341 3498 ex
364 3433 472 3517 aliquo
496 3432 742 3517 premissorum,
765 3434 812 3497 ite
834 3432 999 3518 quodea,
1023 3454 1087 3518 que
1110 3432 1219 3498 medlo
1243 3439 1391 3519 tempore
1414 3454 1474 3519 per
1496 3454 1553 3499 eos
1575 3441 1650 3499 acta
1672 3440 1765 3516 sunt,
1788 3456 1853 3499 non

201 3536 406 3602 obstantibus
430 3532 643 3621 supradictis,
666 3534 764 3601 robur
788 3535 968 3616 obtineant,
992 3535 1078 3621 quod
1102 3536 1184 3600 alias
1207 3534 1389 3601 debuerant
1411 3534 1570 3602 obtinere.
1614 3537 1666 3602 Ad
1689 3537 1750 3602 hec
1773 3538 1853 3603 civi-

199 3647 303 3720 tates,
333 3641 406 3704 loca
438 3645 471 3705 et
498 3659 657 3725 personas
689 3639 730 3704 da
761 3640 834 3727 ipsa
863 3640 1023 3705 societate
1046 3641 1080 3703 iu
1104 3638 1339 3726 compromisso
1363 3645 1535 3704 contentas
1559 3641 1592 3704 in
1614 3639 1855 3728 plenitudinem

199 3745 305 3830 gratie
328 3750 384 3808 tue
406 3742 548 3828 recipias
572 3749 606 3806 et
635 3742 685 3806 eis
715 3742 816 3806 facias
848 3742 974 3807 firmam
1002 3763 1138 3827 pacem,
1173 3741 1362 3828 specialiter
1389 3739 1492 3806 nobili
1515 3743 1585 3806 rire
1609 3789 1617 3805 .
1641 3791 1649 3808 .
1672 3743 1854 3809 marchioni

199 3846 445 3924 Montisferrati,
473 3844 671 3927 Mediolano,
694 3845 819 3928 Brixia,
842 3845 1002 3928 Bononia,
1024 3845 1208 3926 Placentia,
1231 3844 1355 3925 Padue,
1379 3842 1501 3926 Gumis,
1524 3844 1669 3928 Mantua,
1692 3845 1853 3929 Ferraria,

199 3949 368 4030 Faventia,
390 3949 528 4034 aliisque
551 3949 634 4013 locis
658 3955 691 4013 et
724 3950 873 4035 personis
897 3949 1098 4036 quibuslibet
1124 3948 1291 4014 societatis
1318 3945 1476 4014 eiusdem.
1520 3948 1636 4014 Facias
1660 3949 1759 4014 etiam
1781 3951 1853 4016 fieri

200 4059 351 4140 patentes
373 4052 500 4117 litteras
524 4059 681 4138 exparte
703 4052 762 4118 filii
785 4055 853 4131 tui,
877 4054 964 4140 quod
986 4076 1102 4142 pacem
1126 4058 1160 4119 et
1182 4051 1390 4118 concordiam
1414 4051 1511 4117 istam
1533 4058 1637 4117 ratam
1659 4052 1797 4119 habebit
1819 4059 1854 4119 ct

198 4157 324 4222 firmam
355 4162 389 4221 et
419 4156 563 4222 remittet
596 4156 662 4220 illis
698 4155 739 4221 de
770 4158 928 4222 societate
960 4180 1089 4224 omnem
1119 4178 1306 4236 rancorem,
1338 4156 1612 4238 malivolentiam,
1646 4156 1782 4221 iniurias
1819 4163 1852 4222 at

199 4261 351 4325 offensas.
396 4258 455 4324 Hii
476 4265 602 4341 autem,
625 4259 681 4345 qui
704 4267 780 4324 sunt
802 4260 842 4326 de
867 4262 1025 4327 societate
1048 4262 1192 4349 prefata,
1223 4260 1264 4325 ad
1291 4261 1450 4327 honorem
1471 4258 1537 4325 Dei
1560 4260 1792 4347 omnipotentis
1818 4267 1852 4326 et

199 4363 339 4428 ecclesie
367 4383 426 4428 aue
454 4383 492 4427 ac
520 4370 613 4428 tuum
644 4362 723 4429 dent
745 4384 804 4451 pro
833 4364 980 4430 subsidio
1003 4365 1105 4432 Terra
1129 4363 1250 4432 Sancte
1272 4365 1307 4429 in
1330 4363 1486 4451 expensis
1511 4362 1680 4428 societatis
1703 4361 1850 4449 predicta

198 4487 258 4554 per
285 4466 453 4531 biennium
480 4466 602 4531 milites
631 4467 843 4552 quingentos,
878 4469 982 4534 ituros
1012 4469 1046 4533 in
1074 4468 1214 4534 termino
1244 4488 1340 4554 quem
1369 4465 1518 4532 Romana
1548 4464 1690 4532 ecclesia
1720 4464 1852 4531 duxerit

198 4569 435 4658 prefigendum,
457 4590 539 4655 quos
563 4569 596 4634 in
620 4569 737 4652 eundo,
766 4571 922 4636 morando
947 4577 981 4638 et
1002 4570 1170 4637 redeundo
1194 4570 1337 4636 ecclesia
1358 4569 1508 4635 Romana
1531 4568 1591 4633 sub
1616 4569 1752 4655 speciali
1773 4589 1851 4656 pro·

197 4675 340 4740 tectione
363 4673 521 4760 suscipiet
544 4694 618 4738 cum
640 4673 792 4739 omnibus
815 4675 911 4740 bonis
935 4675 1020 4751 suis;
1050 4696 1088 4739 ac
1119 4674 1323 4756 civitatibus,
1353 4675 1435 4738 locis
1459 4678 1493 4738 et
1514 4673 1664 4759 personis
1687 4672 1851 4760 imperiali
1870 4709 1882 4726 -

198 4778 395 4843 excellentie
418 4775 663 4859 adherentibus,
686 4782 755 4842 tam
771 4778 1005 4844 ecclesiasticis
1022 4799 1120 4864 quam
1135 4776 1320 4856 mundanis,
1343 4776 1469 4840 firmam
1484 4796 1600 4864 pacem
1615 4774 1852 4840 inviolabiliter

198 4887 340 4964 servent,
362 4880 568 4948 remittentes
592 4881 640 4946 eis
664 4903 795 4948 omnem
817 4903 998 4963 rancorem,
1023 4881 1290 4963 malivolentiam,
1313 4880 1450 4946 iniurias
1468 4885 1501 4946 ct
1517 4879 1670 4958 offensas,
1693 4899 1732 4944 ac
1753 4900 1849 4944 revo-

197 4992 273 5050 cent
297 4985 405 5051 omnia
427 4984 550 5066 banna,
573 4985 842 5067 constitutiones,
866 4987 1047 5051 sententias
1071 4991 1106 5050 et
1128 4983 1369 5066 ordinamenta,
1392 5002 1456 5069 que
1479 4979 1641 5048 discordie
1664 4981 1851 5046 occasione·

303 5251 326 5313 ¹)
344 5247 503 5298 occasionem
520 5245 553 5298 B.

301 5397 328 5466 1)
344 5396 413 5453 Vide
424 5413 449 5452 rr.
463 5399 526 5463 466,
544 5399 566 5453 Ι
581 5403 606 5453 et
622 5396 682 5456 La.
701 5401 720 5454 t.
738 5399 778 5453 ΙΙ
791 5416 818 5468 p.
831 5401 985 5454 ass-297.
1053 5398 1081 5466 ἓ)
1102 5397 1158 5451 Hic
1175 5398 1206 5451 ia
1222 5393 1372 5463 acearplori
1388 5393 1437 5448 ato
1455 5391 1529 5460 [ΒΕ.
1542 5395 1560 5448 t.
1574 5391 1617 5456 ΙΙ,
1634 5408 1662 5460 p.
1675 5392 1739 5458 295,
1757 5390 1804 5443 liu.
1818 5391 1847 5460 1]

196 5486 268 5540 inter
285 5485 357 5539 alios
375 5491 455 5540 tester
472 5490 661 5546 caumatum
682 5485 792 5540 uidetur
813 5485 901 5554 icitur
923 5487 954 5540 ιἰι
975 5483 1133 5540 amaurico
1154 5483 1238 5537 baiae
1256 5481 1389 5552 epistolar
1411 5481 1472 5534 eiua
1491 5494 1589 5534 marra
1606 5493 1658 5532 auo
1676 5476 1850 5532 hocerrore

195 5561 315 5641 quodam
338 5569 475 5626 mbram.
561 5572 590 5642 3)
608 5573 655 5626 Ad
672 5573 794 5642 mimam
821 5573 892 5629 dtas
913 5575 986 5629 Noc.
1010 5569 1253 5628 arcariorum
1275 5575 1301 5625 a
1322 5585 1341 5624 o
1362 5583 1452 5623 meare
1473 5565 1541 5621 Deo.
1564 5579 1651 5635 aspre
1676 5561 1715 5618 ad
1740 5562 1850 5617 ιἰιὲιίιιιιι

197 5658 299 5716 Mortis·
316 5673 342 5712 a.
362 5661 434 5712 1232
450 5657 587 5714 celebrato
607 5663 654 5713 eat.
722 5659 751 5724 4)
770 5659 922 5716 Hearicam
939 5677 1036 5732 repara.

1586 5745 1640 5804 5⁴·
