4524 6412
392 413 454 472 272
973 403 1019 455 EX
1039 401 1214 456 sanctona
1232 401 1269 454 IX
1289 401 1468 456 assianae

391 580 593 664 fugientibus
618 601 660 643 cx
683 579 834 664 Egypto,
866 577 1112 641 universitatem
1136 582 1278 638 vestram
1308 574 1485 658 rogandam
1510 574 1663 638 duximus
1688 579 1722 636 ct
1744 570 1955 648 hortandam,
1985 589 2044 654 por

350 729 355 744 .
390 683 571 769 apostolica
592 682 686 746 vobis
710 682 831 766 scripta
854 680 1064 757 mandantes,
1094 677 1246 761 quatinus
1269 676 1455 740 huiusmodi
1480 677 1634 741 mulieres
1658 675 1873 762 penitentiam
1895 679 2043 758 agentes,

390 807 452 869 quc
477 785 517 850 ad
540 792 666 850 vestras
696 789 807 870 partes
831 783 1055 868 confugerint,
1089 780 1197 844 divine
1221 780 1353 865 pietatis
1384 781 1502 844 intuitu
1534 789 1567 844 et
1598 801 1656 866 pro
1680 778 1859 864 apostolice
1890 775 1979 841 sedis
2009 783 2043 840 ct

389 895 506 952 nostra
517 889 703 952 reverentia
720 886 964 951 commendatas
981 885 1152 960 habentes,
1175 885 1208 947 in
1224 883 1384 963 oratoriis,
1409 883 1577 947 cimiteriis
1596 891 1629 948 et
1644 883 1728 962 aliis,
1753 903 1815 966 que
1839 880 2042 945 adventrum

392 998 542 1076 spectant
557 990 709 1068 officium,
733 989 933 1076 provideatis
951 988 1074 1053 eisdem
1092 987 1273 1052 liberaliter
1296 993 1329 1051 ct
1352 987 1505 1071 benigne,
1529 988 1575 1051 ita
1598 984 1685 1071 quod
1707 987 1779 1072 ipse
1795 984 1916 1048 favoris
1940 981 2040 1047 vestri
2096 997 2107 1032 ⁵

389 1095 513 1158 auxilio
537 1095 717 1158 confortate
741 1095 775 1157 in
798 1094 950 1157 castitate
980 1114 1018 1156 ac
1041 1091 1200 1175 religione
1224 1098 1392 1177 assumpta
1414 1091 1556 1154 Domino
1580 1090 1754 1154 adiuvante
1784 1087 1977 1173 persistant,
2010 1091 2044 1148 ct

389 1219 448 1261 nos
480 1196 650 1260 caritatem
681 1203 824 1260 vestram
856 1195 964 1279 dignis
1003 1196 1036 1258 in
1064 1195 1207 1258 Domino
1239 1193 1389 1257 laudibus
1420 1192 1661 1258 oomeodemus.
1719 1191 1772 1255 Ad
1801 1191 1861 1255 hcc
1891 1189 2042 1252 volumus

390 1309 423 1366 ct
445 1299 654 1382 mandamus,
688 1307 847 1385 quatenus
876 1300 998 1364 dictum
1021 1296 1258 1384 presbiterum,
1292 1299 1358 1362 cui·
1376 1319 1475 1383 super
1498 1297 1709 1362 conversione
1734 1296 1846 1360 talium
1869 1293 2042 1357 mulierum

390 1404 531 1468 officium
547 1404 782 1489 predicationis
800 1405 1033 1482 commisimus,
1059 1424 1131 1467 eum
1147 1401 1189 1464 ad
1204 1423 1262 1465 vos
1283 1401 1469 1480 accesserit,
1493 1401 1660 1485 recipiatis
1676 1399 1818 1482 benigne
1842 1417 1879 1460 ac
1901 1396 2041 1460 honeste

389 1507 554 1586 tractetis,
582 1507 648 1569 vite
673 1507 737 1570 sibi
759 1507 945 1572 necessaria
968 1505 1197 1583 ministrando,
1226 1511 1259 1568 et
1282 1505 1438 1590 populum
1462 1504 1555 1568 vobis
1580 1505 1754 1568 comissum
1778 1502 1819 1566 ad
1842 1499 2040 1565 audiendum
2097 1521 2121 1557 ιο

390 1611 646 1697 predicationem
669 1611 773 1695 ipsius
797 1611 982 1675 salubribus
1006 1610 1137 1674 monitis
1161 1608 1334 1672 inducatis.

496 1728 583 1795 Data
604 1730 766 1815 Anagnis,
794 1729 960 1828 VIIldus
983 1729 1079 1810 Iunii,
1103 1749 1187 1793 anno
1211 1728 1237 1792 Ι.

1174 2299 1259 2372 357.

496 2413 686 2522 Gregorius
714 2440 769 2503 IX
789 2461 879 2519 papa
908 2439 1014 2503 abbati
1041 2439 1313 2520 Wissenbnryensi
1341 2439 1488 2516 naandat,
1519 2443 1555 2502 nt
1584 2437 1722 2518 Rednlso
1753 2437 1900 2501 oarzonico
1929 2438 2042 2501 Sancti

387 2544 543 2610 litanritii
566 2543 831 2607 Hildesbemcnsis
846 2546 1019 2622 prooentns
1040 2541 1261 2606 ecclesiastices
1282 2543 1464 2606 ministrari
1481 2542 1593 2626 faciat.
1710 2544 1803 2618 1227,
1825 2541 1902 2607 Ian.
1924 2544 1953 2606 7.

494 2663 577 2733 Grep.
596 2651 646 2715 IX
663 2661 731 2730 Ray.
749 2659 811 2714 Lib.
831 2661 857 2727 1,
874 2666 931 2715 112.

553 2874 795 2966 Gregorius
823 2879 900 2946 etc.
929 2874 1078 2947 abbati
1106 2877 1158 2948 de
1186 2875 1418 2949 Wizebure
1445 2875 1669 2970 Spirensis
1696 2874 1883 2947 diocesis

954 3001 995 3066 et
1024 2995 1337 3068 coniudicibus
1365 2997 1469 3069 suis.

499 3141 544 3204 Ut
566 3141 706 3205 dilectus
729 3142 816 3204 filius
839 3139 1016 3222 Rodulfus,
1041 3145 1215 3208 canonieus
1239 3144 1350 3208 Sancti
1372 3144 1522 3208 Mauricii
1545 3143 1821 3224 Hildesemensis,
1844 3143 2043 3208 venerabilis

392 3244 502 3308 fratris
534 3245 636 3308 nostri
659 3245 850 3308 Portuensis
880 3246 1047 3332 episcopil
1082 3247 1286 3333 capellanus,
1318 3247 1493 3311 comissum
1524 3247 1587 3310 sibi
1617 3268 1636 3310 a
1663 3247 1757 3311 nobis
1790 3254 1901 3312 sancte
1931 3246 2041 3333 predi-

394 3348 531 3411 cationis
548 3346 690 3412 olficium
713 3347 816 3412 libere
833 3349 942 3411 valeat
963 3369 1128 3428 exercere,
1152 3348 1299 3413 districte
1316 3350 1409 3413 vobis
1431 3372 1491 3436 per
1506 3351 1687 3436 apostolica
1704 3352 1824 3437 scripta
1838 3350 2040 3430 mandamus,
2095 3377 2123 3416 ao

390 3451 542 3536 quatinus
568 3451 674 3536 ipsum
699 3456 764 3514 tam
788 3452 841 3536 pio
866 3459 899 3515 et
921 3454 1108 3517 necessario
1132 3455 1224 3538 operi
1247 3454 1455 3519 insistentem
1477 3476 1536 3540 pro
1557 3455 1738 3540 apostolice
1762 3454 1850 3518 sedis
1874 3461 1907 3518 et
1928 3459 2043 3518 nostra

388 3554 572 3618 reverentia
594 3561 807 3619 manutenere
831 3576 867 3618 ac
891 3554 1068 3620 defendere
1092 3579 1111 3619 a
1134 3557 1354 3640 quorumlibet
1371 3558 1618 3623 malefactorum
1641 3557 1826 3622 incursibus
1848 3559 2042 3644 procuretis,

389 3661 422 3720 et
444 3663 622 3742 proventus
646 3678 722 3721 suos
743 3657 985 3722 ecclesiasticos
1004 3658 1131 3723 faciatis
1156 3660 1262 3725 eidem
1284 3662 1412 3745 integre
1435 3662 1626 3736 ministrari;
1651 3661 1918 3742 contradictores,
1942 3662 2043 3746 siqui

387 3759 525 3840 fuerint,
557 3767 590 3825 et
621 3762 850 3825 molestatores
874 3761 945 3824 eius
968 3761 1132 3827 indebitos
1155 3786 1406 3851 percensuram
1429 3765 1684 3829 ecelesiasticam
1708 3765 1928 3851 appellatione
1950 3772 2042 3850 post-

387 3863 496 3948 posita
518 3864 769 3949 compescendo.
813 3863 909 3936 Quod
939 3864 967 3927 si
998 3886 1063 3928 non
1095 3887 1208 3931 omnes
1230 3905 1288 3945 —,
1321 3868 1385 3932 duo
1408 3875 1553 3933 vestrum
1577 3874 1656 3942 ete.;
1687 3888 1751 3931 non
1781 3867 1933 3932 obstante
1960 3889 2039 3932 con·
2094 3893 2121 3930 n

389 3967 557 4032 stitutione
573 3969 703 4033 concilii
719 3966 894 4052 generalis,
918 3987 982 4052 qua
998 3976 1140 4047 cavetur,
1164 3991 1205 4035 ne
1229 3972 1302 4055 quis
1325 3971 1410 4036 ultra
1434 3970 1514 4035 duas
1530 3971 1635 4036 dietas
1659 3977 1753 4036 extra
1775 3991 1867 4036 suam
1881 3970 2041 4035 diocesim

389 4090 448 4154 per
470 4071 597 4135 litteras
621 4069 820 4156 apostolicas
843 4067 884 4132 ad
907 4069 1063 4134 iudicium
1085 4073 1171 4136 trahi
1192 4075 1308 4159 possit.

497 4189 585 4255 Data
605 4189 768 4274 Anagnis,
792 4187 860 4251 VII
881 4187 959 4253 Idus
983 4190 1079 4272 Iunii,
1102 4214 1187 4257 anno
1210 4193 1237 4258 Ι.

1011 4485 1421 4492 -a-———-—-———.-—-——..

1173 4763 1259 4836 358.

496 4868 686 4979 Gregorius
715 4897 770 4962 IX
789 4919 880 4979 puna
909 4899 1085 4985 monna]
1114 4904 1262 4967 canoram
1291 4903 1403 4968 Sancti
1431 4904 1588 4968 Mauricii
1609 4905 1876 4972 Hildesbenrensis
1901 4907 1938 4971 de
1966 4927 2038 4972 eon

386 5000 525 5064 versione
546 4999 746 5080 quarundam
769 5003 1018 5067 ninerrinrarnrn
1038 5005 1205 5069 cantarana
1224 5008 1413 5088 protrabatur,
1437 5009 1525 5088 eique
1540 5011 1724 5088 potestateve
1745 5009 1888 5088 wncedd,
1909 5014 1945 5073 at
1966 5031 2037 5075 eon
2090 5041 2117 5080 eo

382 5102 537 5187 fossiones
559 5105 736 5169 huiusmodi
757 5107 925 5171 matierrun
946 5107 1067 5186 aedat,
1089 5109 1200 5191 aliena
1221 5109 1374 5174 mndata
1396 5111 1526 5175 ceredam
1547 5131 1612 5175 ren
1633 5112 1802 5176 attinentia
1824 5112 1950 5177 addens.

1706 5218 1799 5293 1227,
1822 5215 1897 5280 Ian.
1920 5220 1950 5282 8.

492 5291 574 5360 Grec.
592 5293 641 5346 IX
658 5293 723 5364 Rea.
741 5295 805 5348 Lib.
820 5296 848 5365 I,
866 5301 926 5349 110.

490 5379 712 5449 Pctttaat,1ie9.
733 5384 813 5435 7926.
