4560 6420
988 423 1036 481 EX
1055 422 1232 482 anuuosn
1250 421 1289 480 Ill
1307 416 1489 478 REGIS'FRO

1224 726 1311 800 806.

525 844 716 956 Gramina
738 868 795 936 IX
811 889 900 951 papo
924 867 1111 953 G[roporio]
1131 867 1169 932 ote
1183 866 1353 944 Romania,
1375 866 1563 948 apostolocae
1584 863 1667 928 sedis
1688 863 1796 946 leuato,
1816 863 1960 941 moodot,
1986 867 2023 947 1)
2045 867 2082 927 ot

417 995 487 1040 cnm
507 974 634 1040 sedecim
655 973 764 1056 ponae
785 977 814 1037 et
835 971 959 1036 totidem
981 971 1104 1037 name
1119 991 1182 1051 pro
1198 971 1357 1052 praetatis
1377 970 1421 1034 od
1441 968 1606 1034 concilium
1622 965 1802 1052 descendis
1820 986 1886 1032 non
1901 967 2081 1049 sufficiant,

418 1098 486 1142 aaa
507 1097 575 1144 com
597 1075 768 1163 [Robusto]
782 1074 971 1156 patriarcha
986 1073 1279 1156 Hierosolymitono
1300 1073 1337 1138 dc
1359 1073 1532 1155 asspicientes
1553 1072 1684 1136 noviom
1699 1073 1875 1153 quontitate
1892 1070 2080 1152 providum

418 1183 456 1261 2)
477 1185 514 1245 ot
539 1201 608 1245 curn
635 1179 778 1244 eundae
801 1180 982 1260 persecutor
1009 1178 1123 1260 viciati
1151 1178 1288 1258 quinque
1319 1177 1427 1260 paras
1452 1176 1647 1256 praeparari
1678 1175 1800 1257 secat,
1835 1175 1873 1239 de
1903 1173 2082 1259 sufficienti

419 1283 621 1350 multitudiue
640 1282 805 1365 paleamne
827 1281 901 1346 terso
922 1281 1119 1346 munimem
1135 1280 1310 1361 provideat.
1689 1281 1783 1357 1241,
1806 1279 1910 1345 Mart.
1935 1279 1988 1344 15.
2143 1295 2154 1333 s

526 1401 608 1474 arey.
627 1404 674 1456 ΙΧ
688 1402 756 1471 Rep.
780 1401 837 1457 Vol.
861 1402 924 1464 VII,
944 1403 994 1466 59;
1011 1399 1041 1454 ia
1059 1399 1212 1470 appendice
1229 1400 1280 1453 aut
1297 1415 1324 1454 n.
1345 1402 1623 1453 recommemorata
1638 1403 1703 1467 post
1720 1415 1747 1454 rr.
1766 1401 1832 1452 605.

524 1489 564 1544 N.
582 1491 602 1542 I
616 1504 662 1558 op.
682 1486 818 1556 Potttoei,
836 1485 903 1554 Rea.
922 1488 1025 1540 10998.

1237 1604 1265 1670 Ι.

459 1792 469 1812 .
497 1793 508 1811 .
536 1735 580 1811 G.
608 1737 661 1810 de
689 1731 911 1807 Romania
937 1733 1211 1806 subdiacono
1239 1739 1282 1807 et
1309 1734 1548 1826 capellano
1575 1739 1750 1824 nostru,
1777 1735 2038 1828 apostolice

1091 1855 1216 1928 sedis
1243 1856 1404 1948 legata.

530 2005 669 2071 Gratum
699 1993 844 2090 gerimus
878 2010 912 2070 et
944 2011 1130 2091 acceptum,
1166 2004 1397 2070 sollicitudinis
1429 2012 1485 2070 tue
1516 2005 1659 2072 studium
1697 2013 1731 2071 et
1769 2007 2079 2093 circumspectionis
2132 2020 2155 2058 ¹⁰

422 2109 616 2175 industriam
640 2109 674 2172 in
690 2107 833 2172 Domino
857 2108 1135 2191 commendantes,
1159 2108 1246 2195 quod
1269 2110 1302 2172 in
1326 2109 1510 2174 commissis
1534 2111 1594 2175 tibi
1618 2111 1797 2197 apostolice
1823 2109 1911 2175 sedis
1934 2111 2081 2195 negotiis

423 2235 481 2300 per
503 2219 536 2278 tc
559 2212 718 2278 hactenus
742 2210 853 2276 divina
874 2211 1016 2278 faciente
1039 2214 1147 2298 grstia
1168 2211 1377 2277 laudabiliter
1392 2217 1444 2276 est
1459 2234 1661 2299 processum.
1699 2214 1822 2279 Verum
1839 2215 1916 2299 quia
1932 2214 2081 2279 sedecim

424 2318 537 2402 galeas
560 2322 594 2380 et
616 2316 753 2381 totidem
777 2314 899 2381 taridas
931 2315 974 2382 ad
1001 2316 1217 2383 deferendum
1238 2317 1384 2403 prelatos
1408 2322 1442 2380 et
1465 2337 1578 2381 aarum
1601 2317 1741 2382 familias
1764 2339 1802 2382 ac
1825 2319 1909 2383 alios
1933 2318 1976 2382 ad
2000 2339 2081 2382 con-

424 2421 536 2484 cilium
559 2439 751 2484 accessuros
775 2440 849 2484 oum
870 2419 969 2484 rebus
993 2420 1056 2485 sibi
1085 2419 1283 2486 necessariis
1313 2419 1421 2484 minus
1450 2420 1602 2486 sufficere
1631 2421 1842 2502 arbitramur,
1874 2421 2081 2502 mandamus,

422 2525 575 2611 quatinus
598 2546 639 2591 ns
662 2524 885 2611 predictorum
907 2524 1083 2590 adventum
1106 2532 1239 2613 propter
1262 2523 1429 2589 defectum
1444 2544 1599 2588 vasorum
1622 2525 1774 2611 impediri
1798 2527 1980 2611 continget,
2005 2548 2080 2591 eum
2131 2537 2153 2574 ¹⁵

424 2629 467 2693 sit
489 2628 633 2694 melioris
658 2629 787 2694 cautela
810 2628 844 2692 in
866 2629 1032 2715 presentis
1055 2629 1263 2695 necessitatis
1286 2628 1425 2693 articulo
1448 2627 1481 2691 in
1503 2627 1634 2713 navigio
1651 2628 1853 2711 habundare,
1877 2630 1985 2694 adhuc
2008 2652 2084 2695 cum

426 2732 562 2797 consilio
585 2731 786 2796 venerabilis
810 2731 921 2796 fratris
945 2733 1048 2799 nostri
1072 2782 1104 2797 ..
1128 2731 1314 2819 patriarche
1330 2731 1585 2796 Isrosolimitani
1607 2752 1646 2796 ac
1670 2733 1807 2798 aliorum
1823 2734 1879 2818 qui
1903 2740 1980 2799 sunt
1995 2733 2084 2821 apud

424 2833 561 2899 Ianuam
584 2835 725 2900 ecclesia
749 2833 942 2900 devotorum
965 2835 1006 2901 de
1030 2856 1071 2901 ea
1093 2836 1275 2922 quantitate
1298 2854 1462 2914 vasorum,
1485 2856 1548 2921 que
1563 2836 1662 2921 plene
1679 2836 1842 2901 sufficiant
1864 2857 1925 2922 pro
1941 2837 2083 2923 prelatis

426 2939 576 3004 omnibus
600 2946 634 3004 ct
655 2939 730 3004 aliis
754 2939 951 3023 deferendis,
975 2941 1114 3006 sollicite
1138 2940 1271 3006 studeas
1296 2938 1478 3028 providere.

534 3059 611 3123 Dat.
634 3058 788 3124 Lateran.
812 3058 861 3124 Id.
884 3058 1003 3142 Martii,
1026 3060 1235 3148 pontificatus
1258 3060 1362 3125 nostri
1383 3079 1470 3123 anno
1493 3057 1751 3143 quartodecimo.
2132 3078 2157 3120 so

1233 3263 1278 3330 11.

1176 3390 1337 3465 Eidem.

536 3539 618 3605 Cum
642 3540 727 3605 siout
750 3539 936 3627 accepimus
960 3538 1100 3604 ecclesie
1124 3546 1317 3625 persecutor
1342 3539 1602 3627 vigintiquinque
1632 3541 1746 3626 galeas
1773 3541 1943 3627 preparari
1968 3540 2089 3607 iecerit

427 3643 467 3707 ad
490 3643 734 3731 impediendum
757 3643 931 3720 transitum
952 3643 1169 3734 prolaturum,
1192 3642 1402 3726 mundamus,
1433 3644 1585 3728 quatinus
1608 3642 1649 3708 de
1674 3665 1715 3709 ea
1736 3643 1946 3709 multitudine
1971 3647 2089 3730 galea-

427 3768 498 3811 rum
520 3747 608 3813 bene
630 3747 828 3812 munitarum
851 3745 1005 3833 quicquid
1029 3745 1197 3831 contingat
1219 3767 1285 3812 non
1309 3746 1441 3811 differas
1464 3748 1653 3833 providere,
1688 3747 1774 3834 quod
1797 3746 1839 3812 ad
1861 3748 2090 3835 recipiendum

429 3852 574 3936 prelatos
597 3851 731 3917 eosdem
755 3857 908 3939 potenter
937 3855 970 3914 st
992 3849 1133 3914 viriliter
1163 3857 1366 3934 occurratur,
1396 3851 1442 3915 its
1463 3850 1550 3936 qnod
1582 3852 1630 3916 sis
1662 3852 1871 3916 venientibus
1899 3852 2085 3917 honorifice
2137 3871 2161 3910 a

427 3975 465 4018 ac
489 3975 605 4020 secure
628 3961 705 4020 ante
728 3954 846 4019 taciem
868 3955 1015 4040 ipsorum
1038 3953 1225 4017 insidiatrix
1248 3953 1432 4019 adversitas
1455 3975 1520 4018 non
1544 3939 1664 4019 audeat
1687 3976 1887 4043 comparere.

538 4076 614 4142 Det.
638 4083 675 4142 ut
699 4098 808 4164 supra.

1053 4219 1301 4226 ..u—--—-.-.--„—..-——-
1308 4219 1436 4226 --—.-—-
1442 4219 1463 4225 —

1216 4474 1301 4545 807.

545 4582 736 4693 (ircosus
758 4611 813 4678 rx
831 4632 919 4694 papa
941 4611 1082 4677 roncone
1102 4613 1139 4679 a
1164 4613 1309 4680 arvam
1331 4613 1519 4679 amoeno
1542 4615 1685 4694 manat
1708 4619 1743 4679 o
1764 4615 1794 4679 ss
1814 4613 2003 4700 [naara]
2024 4616 2094 4696 epe

429 4731 539 4794 scopus
565 4712 805 4794 Vespr-imoensis
820 4719 951 4798 propter
972 4720 1110 4799 eorporis
1131 4719 1346 4800 infirmitatem
1367 4718 1412 4783 oct
1432 4719 1596 4784 concilium
1626 4721 1731 4785 venire
1759 4721 1904 4801 nequeat,
1931 4717 1962 4781 ei
1983 4739 2091 4782 reom-

430 4815 529 4880 nendo'
549 4815 708 4882 licentiam
730 4818 858 4886 tritroot.
1705 4826 1799 4900 ml,
1821 4822 1920 4886 Mart.
1945 4824 1999 4884 18.

536 4933 617 5007 Grec.
637 4936 687 4991 IX
703 4936 771 5008 Bes.
792 4938 851 4996 Vol.
876 4939 943 5011 VII,
963 4940 1276 5011 42‚·1'n't.XJV„‘353⁴

465 5132 655 5208 Iohanni
683 5136 733 5208 de
760 5134 971 5210 Civitella
997 5137 1275 5212 subdiacono
1304 5145 1344 5213 et
1369 5141 1586 5230 notari0⁸,
1614 5140 1852 5233 capellano
1880 5144 2060 5213 nostro.

541 5283 642 5360 Cum,
675 5285 760 5349 sicut
787 5307 830 5350 ex
860 5294 954 5374 parte
981 5287 1178 5353 venerabilis
1206 5289 1314 5354 fratris
1345 5292 1449 5356 nostri
1473 5339 1506 5358 ..
1529 5289 1785 5377 Vesprimiensis
1815 5290 1962 5377 episcopi
1992 5289 2092 5355 uobis

433 5387 542 5452 extitit
565 5387 763 5468 intimatum,
793 5396 859 5453 tom
886 5391 978 5476 gravi
1009 5392 1155 5479 corporis
1185 5392 1373 5460 infirmitate
1400 5394 1544 5476 laboret,
1576 5394 1663 5478 quod
1685 5394 1905 5481 personaliter
1936 5393 1980 5458 ud
2011 5415 2093 5458 con-

432 5489 554 5572 cilium,
577 5492 664 5577 quod
679 5490 821 5558 Domino
844 5500 1060 5581 prosperante
1083 5496 1252 5562 celebrare
1268 5497 1491 5584 proponimus,
1513 5498 1627 5562 venire
1650 5519 1716 5563 uon
1738 5503 1857 5585 potest,
1881 5499 2093 5585 presentium
2147 5527 2172 5566 u

537 5713 562 5784 ⁸)
580 5707 634 5770 Nol
651 5715 684 5768 B.
