4596 6406
786 391 987 446 EPISTOLAE
1006 393 1197 449 SELECTAE.
1233 393 1311 448 1240.
1808 395 1873 458 689

212 565 376 650 aquilonis
407 564 547 650 impulsa
579 565 720 630 dormire
752 565 882 630 videtur
903 565 1081 648 Dominus,
1109 572 1224 632 nutant
1256 566 1426 653 discipuli,
1458 573 1558 632 naute
1587 567 1681 652 quasi
1710 564 1874 649 naufragii

211 675 368 733 verentur
380 674 544 748 eventum,
567 670 679 755 populi
695 669 870 754 trepidant,
895 670 1014 735 clamat
1030 671 1169 736 Petrus:
1195 671 1340 736 ‘Utinam
1357 669 1603 757 tepescentibus
1620 669 1739 734 ceteris
1757 669 1875 733 saltem

212 773 417 858 porrigerent
439 771 497 836 filii
521 793 617 857 opem
640 773 770 836 consilii
793 774 964 852 salutaris,
998 797 1039 840 ne
1063 776 1169 860 ipsam
1191 776 1308 840 fluctus
1337 775 1483 839 involvat
1515 780 1571 838 aut
1599 774 1706 860 pirata
1733 771 1874 836 crudelis
1925 795 1926 798 ¹

213 874 380 940 abducat’
424 875 527 941 Porro
551 877 663 941 federe
694 877 852 941 naturalis
880 879 1042 964 pactionis
1072 879 1196 964 irrupto
1226 877 1307 942 fides
1335 879 1495 964 quatitur,
1528 877 1646 942 caritas
1679 875 1874 968 refrigescit,

213 980 354 1065 tepescit
378 977 520 1058 devotio,
543 979 662 1044 crescit
685 985 719 1043 et
741 979 914 1044 invalescit
937 981 1101 1065 iniquiter,
1125 982 1158 1045 in
1180 980 1358 1046 Dominum
1383 989 1417 1046 et
1439 982 1627 1068 proximum
1650 979 1874 1056 commissura,

213 1105 256 1146 ex
282 1082 400 1168 quibus
424 1082 501 1147 fidei
524 1082 710 1147 Christiane
733 1084 934 1170 profectibus
959 1083 1094 1150 evidens
1117 1091 1283 1172 prestatur
1304 1084 1525 1166 obstaculum,
1557 1091 1737 1169 sequuntur
1760 1081 1874 1146 salutis

154 1187 159 1196 '
212 1185 385 1273 dispendia
408 1193 442 1251 et
464 1186 557 1274 plebs
581 1186 700 1251 devota
725 1187 871 1252 fidelium
898 1188 1059 1253 beneficio
1082 1189 1203 1274 quietis
1228 1191 1363 1254 excluso
1390 1190 1489 1254 variis
1520 1190 1679 1254 molestiis
1707 1189 1873 1272 fatigatur,

135 5375 161 5414 45

212 1313 275 1377 quc
299 1290 481 1355 communis
506 1297 629 1355 statera
652 1289 762 1355 iudicii
786 1293 969 1378 apostolice
993 1293 1159 1378 dignitatis
1182 1293 1360 1357 auotoritas
1383 1293 1468 1358 iuste
1484 1293 1698 1358 discussionis
1722 1289 1872 1356 examine

212 1395 391 1481 prudenter
412 1393 616 1480 appendens,
641 1401 677 1458 ut
700 1395 844 1458 omnium
867 1396 1032 1480 generalis
1056 1401 1089 1460 et
1112 1417 1177 1460 una
1194 1403 1300 1461 mater
1315 1397 1450 1460 utilitati
1466 1395 1638 1481 provideat
1660 1394 1872 1480 singulorum,

214 1520 330 1562 rnanus
346 1498 489 1578 fortium,
513 1519 628 1583 regum
643 1498 808 1578 videlicet,
831 1499 1042 1584 prelatorum,
1065 1499 1251 1586 principum
1267 1506 1300 1564 ct
1322 1500 1460 1564 aliorum
1482 1498 1630 1563 fidelium
1651 1518 1717 1560 non
1739 1495 1872 1581 indigne

213 1601 374 1666 advocare
398 1600 558 1681 decrerit,
582 1609 617 1665 ut
640 1602 867 1687 multiplicatis
891 1603 1089 1667 clamoribus
1105 1602 1282 1668 Dominum
1300 1605 1435 1670 suscitet
1450 1602 1665 1667 dormientem
1682 1607 1716 1667 et
1731 1601 1872 1686 plurium

211 1704 323 1770 adiuta
356 1705 500 1770 consiliis
532 1706 716 1792 promentia
747 1707 846 1770 faciat
874 1728 976 1772 onera
1004 1708 1145 1788 leviora,
1181 1707 1401 1794 expeditionis
1434 1713 1545 1794 optate
1576 1712 1704 1792 portum
1732 1703 1874 1768 feliciter

210 1811 364 1896 petitura.
419 1809 559 1889 Verum,
594 1808 679 1872 sicut
714 1830 773 1895 pro
809 1816 898 1874 certo
929 1809 1118 1890 didicimus,
1156 1811 1332 1896 singularis
1365 1811 1421 1876 ille
1455 1808 1576 1874 dudum
1607 1807 1747 1873 ecclesie
1775 1806 1872 1881 filius,

211 1914 393 2001 apostolico
421 1921 594 2000 provectus
623 1919 655 1978 et
685 1913 841 1978 defensus
869 1915 991 1979 auxilio
1023 1916 1064 1980 de
1093 1937 1196 2003 puero
1227 1922 1305 1980 tuno
1338 1916 1427 1979 omni
1454 1914 1613 1980 destituto
1644 1909 1800 1995 suffragio
1830 1905 1872 1971 ad

212 2017 338 2103 imperii
368 2018 497 2081 culmen
529 2017 665 2081 humero
694 2023 842 2082 materno
865 2020 1056 2100 translatus,
1088 2041 1128 2084 ca
1154 2042 1220 2084 non
1247 2025 1420 2085 contentus
1451 2019 1589 2098 iniuria,
1621 2037 1684 2101 qua
1717 2010 1871 2078 mercede

212 2141 466 2205 recompensans
490 2121 600 2206 iniqua
622 2121 725 2207 patris
749 2121 900 2208 irrumpit
930 2123 1062 2204 solium,
1085 2123 1199 2188 matris
1222 2144 1388 2210 exponere
1412 2121 1601 2209 pudicitiam
1624 2127 1658 2184 et
1682 2115 1873 2182 venditare·

212 2224 433 2288 sanctuarium
455 2223 627 2289 indevotus
651 2225 801 2305 intentat,
826 2226 943 2290 astutis
967 2227 1073 2291 adhue
1097 2227 1130 2292 in
1152 2228 1258 2314 ipsam
1274 2235 1419 2292 armatur
1435 2225 1572 2307 insidiis,
1595 2223 1730 2311 prelatis
1746 2224 1871 2286 vocatis

210 2351 230 2392 a
252 2329 346 2392 nobis
369 2349 540 2394 accessum
563 2329 631 2393 suis
654 2328 835 2394 terroribus
858 2329 1056 2395 interdicens
1070 2331 1091 2413 ¹,
1115 2338 1151 2397 ut
1173 2333 1295 2398 nullius
1320 2352 1439 2416 expers
1466 2329 1628 2394 calumnie
1645 2328 1751 2408 illam,
1774 2347 1871 2411 quam

211 2432 365 2517 gravibus
388 2432 522 2496 infestat
545 2433 715 2512 molestiis,
739 2454 800 2497 nec
823 2433 857 2496 in
879 2433 1020 2499 filiorum
1043 2435 1187 2519 patiatur
1210 2433 1327 2499 solatio
1352 2433 1525 2520 respirare.
1577 2432 1659 2496 Cum
1682 2430 1783 2516 igitur
1804 2437 1871 2493 tam

217 2542 365 2601 sanctum
389 2537 554 2621 generalis
577 2537 731 2601 utilitatis
755 2538 958 2625 propositum
982 2539 1042 2603 sub
1066 2537 1186 2602 fiducia
1207 2538 1309 2602 divini
1338 2537 1459 2603 favoris
1490 2543 1693 2622 assumpturo
1720 2533 1871 2597 humanis

211 2662 280 2705 non
307 2639 429 2705 debeat
451 2640 602 2704 versutiis
626 2639 796 2720 retardari,
820 2641 1056 2706 fraternitatem
1082 2649 1170 2705 tuam
1195 2662 1350 2726 rogamus
1374 2649 1407 2706 et
1430 2661 1601 2706 monemus
1625 2638 1792 2716 attentius,
1814 2657 1875 2722 per

212 2744 394 2830 apostolica
418 2743 476 2808 tibi
500 2744 621 2830 scripta
644 2745 677 2808 in
700 2745 821 2809 virtute
845 2744 1034 2809 obedientie
1057 2745 1203 2810 districte
1231 2745 1443 2832 precipiendo
1472 2743 1681 2822 mandantes,
1711 2745 1871 2827 quatenus

211 2846 387 2912 Dominum
411 2849 582 2934 preferens
604 2847 728 2912 homini
752 2854 785 2912 et
808 2847 1055 2914 difficultatibus
1080 2848 1266 2914 obedientie
1290 2852 1442 2914 meritum
1465 2857 1685 2935 anteponens,
1708 2841 1871 2929 usquead

211 2951 396 3037 proximum
419 2957 592 3016 venturum
621 2951 742 3015 festum
772 2953 1021 3017 resurrectionis
1043 2953 1219 3018 Dominioe
1251 2953 1293 3018 ad
1326 2953 1440 3019 sedem
1469 2952 1684 3040 apostolicam
1713 2945 1870 3012 accedere

211 3055 429 3141 personaliter
451 3075 515 3119 uon
539 3055 689 3135 omittas,
719 3062 756 3118 ut
783 3061 888 3120 mater
916 3057 1056 3121 filiorum
1085 3058 1241 3122 roborata
1263 3057 1449 3144 presentia,
1481 3055 1586 3120 hostis
1610 3056 1644 3118 et
1666 3048 1870 3117 adversantis

210 3159 380 3224 obstaculo
403 3158 610 3244 providentia
632 3159 741 3224 divina
764 3160 911 3240 sublato,
935 3162 989 3249 pie
1011 3163 1201 3227 intentionis
1226 3162 1364 3227 exordia
1385 3162 1477 3226 felici
1493 3157 1774 3224 consummatione
1792 3173 1869 3217 con-

211 3262 329 3327 cludat.
374 3262 443 3326 Nos
467 3263 554 3327 enim
578 3284 677 3349 super
700 3264 870 3343 omnibus,
901 3286 964 3350 que
995 3264 1035 3329 ad
1069 3272 1194 3330 tantum
1223 3265 1391 3350 nogotium
1423 3261 1651 3349 exequendum
1680 3257 1869 3344 expediunt,

211 3373 376 3431 annuente
399 3365 542 3431 Domino
571 3366 756 3431 curabimus
779 3369 964 3455 providere,
988 3377 1084 3455 prout
1107 3369 1167 3434 tibi
1192 3369 1278 3433 lator
1301 3369 1502 3454 presentium
1525 3367 1653 3453 plenius
1677 3357 1869 3426 intimabit&

210 3471 368 3535 Preteraa
391 3470 540 3533 volumus
564 3477 598 3534 et
620 3471 829 3552 mandamus,
856 3478 893 3536 ut
917 3473 1133 3558 suffraganeis
1159 3474 1226 3537 tuis
1252 3479 1420 3538 eteorum
1445 3471 1613 3557 capitulis,
1640 3464 1813 3532 abbatibus
1837 3467 1871 3526 et

211 3574 347 3662 prelatis
370 3572 443 3636 aliis
465 3579 520 3636 tue
551 3573 732 3659 provincie,
761 3575 817 3660 qui
846 3575 1034 3660 specialiter
1058 3598 1122 3640 non
1151 3583 1332 3656 vocantur,
1356 3575 1550 3639 auctoritate
1573 3576 1685 3635 nostra
1707 3568 1870 3652 iniungas‚

209 3685 245 3742 ut
268 3697 368 3762 super
389 3676 453 3740 hiis
476 3675 593 3742 eodem
616 3678 754 3742 termino
777 3677 820 3742 ad
843 3677 957 3744 sedem
979 3681 1197 3767 apostolicam
1221 3678 1337 3744 fideles
1359 3686 1393 3744 et
1408 3675 1563 3766 providos
1578 3674 1714 3738 nuncios
1737 3672 1868 3736 mittere

210 3804 275 3847 non
299 3786 509 3868 postponant.

317 3901 397 3966 Dat.
419 3902 574 3968 Lateran.
599 3901 647 3966 ld.
672 3901 746 3969 Oet.
769 3924 855 3967 anno
877 3902 992 3970 XIIII.

318 4023 357 4086 In
380 4022 521 4088 eundem
551 4021 681 4087 modum
710 4073 748 4090 ..
776 4023 1029 4111 archiepiscopo
1053 4023 1237 4090 Turoueusi
1271 4030 1334 4090 eto.
1362 4029 1399 4088 ut
1426 4024 1459 4087 in
1490 4024 1596 4110 prima
1623 4019 1868 4098 convocatione,

212 4133 352 4215 excepto
375 4128 623 4214 archiepiscopo
645 4128 835 4194 Remensi³.

317 4230 357 4295 In
380 4231 521 4296 eundem
550 4231 683 4297 modurn
714 4284 721 4299 .
748 4284 755 4298 .
788 4233 946 4320 episcopo
977 4231 1158 4297 Parisiensi
1189 4252 1313 4317 usquc:
1348 4237 1446 4318 prout
1473 4230 1534 4295 tibi
1562 4251 1605 4294 ex
1634 4233 1728 4315 parte
1757 4231 1870 4291 nostra

211 4335 341 4422 plenius
363 4341 566 4422 expunctum
590 4344 653 4401 etc.

318 4438 357 4503 In
387 4438 528 4505 eundem
562 4439 693 4504 modum
729 4440 872 4525 capitulo
912 4439 1095 4505 Senonensi
1131 4459 1251 4523 usque:
1292 4438 1434 4503 feliciter
1466 4437 1626 4524 petitura,
1664 4436 1751 4500 inter
1786 4455 1868 4518 quos

210 4542 317 4624 vobis,
346 4549 382 4608 ut
404 4549 531 4608 vestros
560 4543 692 4607 nuntios
721 4543 763 4608 ad
793 4544 906 4610 matris
934 4544 1075 4610 ecclesie
1103 4542 1263 4626 gremium
1285 4563 1390 4628 usque
1413 4540 1454 4605 ad
1476 4540 1664 4627 proximum
1688 4544 1865 4604 venturum

211 4646 332 4710 festum
362 4647 610 4712 resurrectionis
639 4645 812 4713 Dominice
841 4648 1033 4726 mitteretis,
1071 4646 1247 4712 recolimus
1282 4647 1410 4712 litteras
1445 4646 1644 4733 apostolicas
1671 4643 1867 4708 destinasse.

210 4749 336 4814 Verum
367 4757 430 4816 etc.
458 4773 577 4836 usquc:
613 4751 800 4816 obedientie
832 4752 985 4817 meritum
1019 4756 1263 4837 preponentes,
1293 4749 1327 4813 in
1355 4749 1543 4836 supradicto
1573 4747 1712 4812 termino
1737 4745 1780 4810 ad
1807 4767 1867 4810 nos

212 4855 413 4940 sollempnes
437 4861 470 4918 et
491 4855 646 4939 providos
669 4855 800 4919 nuntios
824 4854 1009 4936 destinetis,
1033 4854 1110 4940 quib
1127 4854 1200 4919 vice
1215 4859 1326 4918 vestra
1341 4854 1422 4918 utile
1438 4853 1533 4917 nobis
1549 4853 1583 4916 in
1600 4853 1709 4916 causis
1726 4852 1867 4917 ecclesie

212 4957 385 5022 consilium
409 4957 598 5041 largiantur,
621 4963 658 5022 ut
680 4965 787 5024 mater
809 4965 869 5024 etc.
893 4980 1017 5044 usque:
1047 4957 1221 5045 providere
1246 4955 1450 5036 curabimus,
1473 4963 1569 5043 prout
1591 4955 1685 5020 vobis
1708 4977 1752 5020 ex
1772 4963 1867 5041 parte

212 5068 324 5126 nostra
346 5059 476 5147 plenius
500 5068 700 5146 exponetur;
725 5068 786 5128 etc.
810 5068 848 5127 ut
869 5063 903 5126 in
926 5063 1032 5147 prima
1055 5061 1301 5126 convocatione.

321 5239 373 5246 ...-
1600 5239 1761 5245 *aq—‘—

311 5359 335 5422 ·)
352 5358 488 5410 vennam
506 5356 592 5424 Raro·
660 5297 686 5424 bl
705 5359 765 5424 qua
777 5357 811 5410 R·

315 5495 340 5558 1)
360 5492 402 5560 Os.
418 5509 447 5562 ρ.
468 5495 533 5560 685,
549 5496 606 5547 act.
623 5496 650 5548 2.
736 5494 765 5562 2)
782 5493 899 5562 lucca,
916 5496 948 5548 ut
964 5494 1082 5558 ridetur,
1099 5493 1138 5548 ad
1154 5493 1309 5562 maiatum,
1327 5493 1402 5564 qaod
1419 5493 1527 5548 lancae
1541 5491 1714 5562 praeparari
1731 5493 1868 5556 inserat,-

211 5577 247 5650 σί.
264 5595 292 5632 ιι.
315 5583 377 5633 784.
473 5581 501 5648 3)
522 5580 654 5646 Hearica,
670 5581 720 5654 qai
738 5581 793 5637 Iul.
813 5585 831 5636 6
847 5585 974 5636 mortam
991 5584 1058 5634 erat.

315 5679 377 5732 aaa.
396 5677 478 5734 Pom.
497 5679 517 5734 1.
1625 5671 1658 5726 87
