4604 6420
407 372 469 441 356
983 370 1030 435 nx
1048 371 1224 436 GREGORH
1241 370 1280 434 nt
1299 371 1479 436 taurento

496 607 737 700 FridericO,
764 609 934 685 illustri
963 612 1263 687 Romanorum
1290 609 1550 704 imperatori
1576 627 1750 704 semper
1775 614 1967 704 augusto

1060 739 1103 808 et
1129 733 1222 827 regi
1248 733 1408 808 Sicilie.
1620 733 1622 738 ’

514 879 588 945 Non
621 880 751 967 ignorat
780 881 959 967 imperialis
989 882 1204 963 excellentia,
1239 880 1327 968 quod
1360 881 1481 946 nobilis
1509 880 1559 945 vir
1585 879 1776 966 Raynaldus
1786 882 1809 962 ¹,
1842 888 1939 947 natus
1970 882 2060 947 clare

406 985 563 1050 memorie
580 983 721 1050 Conradi
737 984 829 1050 ducis
847 985 1028 1072 Spoletani,
1051 1007 1111 1051 nos
1128 1007 1171 1050 ex
1186 984 1347 1050 industria
1361 984 1587 1071 multipliciter
1602 985 1801 1071 provocavit,
1825 985 2060 1050 inestimabilia

406 1084 525 1152 damna
548 1095 581 1153 et
603 1089 825 1154 atrocissimas
848 1090 985 1154 iniurias
1010 1090 1150 1156 ecclesie
1173 1089 1322 1155 Romane
1344 1088 1460 1154 audaci
1484 1088 1638 1174 superbie
1665 1086 1852 1169 inferendo,
1881 1095 1914 1154 et
1936 1089 2058 1153 multos
2126 1115 2138 1152 a

405 1211 471 1256 non
498 1191 569 1256 sine
598 1191 772 1256 manifesta
802 1193 1001 1258 contumelia
1033 1191 1199 1258 Creatoris
1232 1193 1417 1258 immaniter
1446 1189 1642 1286 tribulando.
1699 1189 1794 1256 Unde
1824 1191 1851 1256 si
1881 1190 2061 1256 secundum

405 1293 595 1379 iniquitates
618 1296 722 1381 ipsius
745 1297 926 1362 retribuere
950 1297 1110 1362 vellemus
1135 1297 1253 1378 eidem,
1276 1317 1483 1382 nequaquam
1505 1295 1539 1360 in
1562 1294 1715 1380 angustia
1737 1294 1800 1359 sibi
1823 1294 2060 1380 compassionis

406 1397 640 1464 exhiberemus
662 1399 818 1464 affectum
841 1400 1074 1466 intercedendo
1098 1423 1157 1487 pro
1181 1421 1231 1481 eo,
1256 1400 1315 1466 sed
1337 1401 1425 1464 illius
1448 1419 1551 1486 penas
1576 1398 1763 1463 conniventi
1786 1399 1879 1463 oculo
1902 1398 2060 1463 transire·

405 1522 488 1566 mus.
532 1501 658 1568 Verum
690 1503 766 1589 quia
795 1504 883 1569 illius
911 1526 1023 1570 sumus
1054 1505 1133 1570 licet
1161 1504 1295 1590 indigne
1325 1504 1437 1570 vicarii
1466 1502 1649 1583 constituti,
1678 1502 1732 1587 qui
1755 1502 1856 1567 verbo
1885 1500 1997 1566 docuit
2026 1506 2061 1566 et

406 1605 561 1671 instruxit
583 1608 747 1692 exemplo,
770 1614 807 1672 ut
828 1629 887 1694 pro
909 1608 1183 1694 persequentibus
1206 1613 1241 1674 et
1256 1605 1529 1672 calumniantibus
1545 1626 1605 1670 nos
1622 1625 1762 1687 oremus,
1785 1612 1820 1670 et
1835 1603 2060 1670 misericordia
2114 1632 2141 1670 ιο

406 1708 582 1795 plurimum
613 1709 801 1795 indigentes
829 1711 952 1776 frustra
981 1718 1169 1797 peteremus
1199 1711 1295 1776 nobis
1324 1709 1501 1774 Dominum
1532 1707 1701 1788 misereri,
1736 1707 1799 1772 nisi
1830 1709 2061 1773 miseraremur

406 1812 558 1877 miserias
575 1814 782 1878 miserorum:
807 1835 885 1880 ecce
906 1816 1043 1880 remisso
1066 1815 1116 1879 illi
1138 1836 1286 1896 rancore,
1309 1814 1408 1880 salvis
1425 1820 1534 1878 tamen
1552 1813 1704 1878 omnibus
1728 1813 1761 1876 in
1780 1812 1898 1897 quibus
1917 1812 2060 1878 ecclesie

406 1913 553 1979 Romane
576 1921 725 1996 tenetur,
756 1917 848 1982 cuius
876 1918 948 1982 iura
978 1939 1183 2004 nequequam
1206 1917 1376 2003 negligere
1400 1937 1459 1980 nos
1483 1921 1625 2001 oportet,
1656 1937 1698 1980 ne
1726 1937 1747 1980 a
1768 1915 1910 1982 Domino
1933 1914 2060 2002 negligi

406 2039 607 2101 mereamur,
639 2019 867 2086 celsitudinem
891 2027 980 2086 tuam
1003 2043 1175 2107 rogamus,
1208 2041 1378 2086 monemus
1402 2027 1435 2084 et
1461 2019 1627 2084 hortamur
1650 2019 1683 2082 in
1705 2017 1866 2100 Domino,
1897 2025 2060 2104 quatenus

252 2136 334 2180 usto.
350 2143 393 2190 ar.
407 2143 532 2187 memor
550 2122 641 2208 qnod
662 2123 892 2190 misericordes
909 2124 1165 2190 misericordiam
1182 2129 1432 2210 consequentur,
1456 2128 1489 2187 et
1511 2142 1575 2206 quo
1592 2122 1730 2206 quisque
1754 2128 1805 2186 est
1826 2122 1931 2186 maior
1951 2122 2058 2207 magis
2154 2125 2158 2134 '

406 2233 457 2290 est
479 2226 650 2312 placabilis
674 2225 755 2307 ira²,
778 2227 867 2292 illius
890 2228 1038 2308 obtentu,
1063 2228 1118 2312 qui
1141 2227 1266 2313 prefert
1288 2225 1544 2291 misericordiam
1568 2225 1781 2306 holocaustis,
1803 2226 1907 2290 nostri
1930 2246 2059 2312 quoque

405 2329 608 2409 interventu,
640 2329 696 2414 qui
725 2335 758 2395 et
787 2329 904 2395 honori
927 2336 985 2395 tuo
1009 2337 1042 2395 et
1074 2331 1162 2395 illius
1186 2329 1285 2395 statui
1314 2328 1491 2394 salubriter
1518 2328 1689 2394 consulere
1716 2328 1924 2410 affectamus,
1951 2327 2060 2393 David

405 2433 575 2518 exemplo,
606 2433 661 2517 qui
692 2439 813 2517 quanto
842 2432 929 2520 apud
956 2433 1106 2500 homines
1138 2436 1243 2499 maior
1265 2440 1350 2514 erat,
1382 2440 1472 2497 tanto
1496 2454 1531 2498 se
1556 2431 1751 2520 propensius
1775 2431 1948 2497 humilians
1972 2431 2060 2519 apud

404 2534 513 2628 Deum
540 2535 764 2602 misericordie
795 2537 949 2623 operibus
978 2539 1141 2616 assuevit,
1172 2539 1347 2604 clementie
1377 2543 1432 2602 tue
1462 2538 1594 2601 ianuam
1621 2537 1652 2601 ei
1681 2535 1809 2622 aperire
1833 2534 1996 2622 digneris,
2024 2544 2061 2601 ut

404 2637 571 2724 parcendo
599 2639 741 2704 maxime
772 2661 810 2704 ao
838 2640 1025 2705 miserando
1059 2649 1147 2706 tuam
1173 2643 1354 2728 potentiam
1387 2639 1618 2720 manifestans,
1652 2637 1936 2703 mansuetudinem
1969 2645 2060 2702 tuam
2113 2661 2141 2699 ro

405 2741 478 2807 Deo
501 2749 629 2828 gratam
653 2748 686 2807 et
708 2743 894 2808 hominibus
917 2744 1036 2810 reddas
1060 2752 1239 2832 acceptam,
1262 2766 1387 2830 nosque
1410 2745 1621 2810 serenitatem
1644 2749 1733 2806 tuam
1756 2741 1864 2827 dignis
1881 2742 2059 2806 debeamus

405 2847 560 2932 prosequi
582 2845 766 2911 actionibus
788 2847 975 2931 gratiarum.

512 2965 635 3032 Datum
658 2965 775 3048 Reate,
799 2965 865 3031 Vll
886 2966 935 3032 Id.
958 2967 1028 3034 lun.
1052 2969 1262 3056 pontificatus
1285 2969 1389 3034 nostri
1412 2989 1498 3033 anno
1521 2968 1644 3052 quinto.

1029 3213 1437 3221 m——a--m-

1182 3455 1270 3530 eta.

513 3565 774 3691 &recoluerit
788 3617 878 3679 papa
900 3599 1100 3666 Fridcricum
1121 3596 1336 3664 Rornanorum
1357 3598 1575 3677 irnperatorem
1598 3596 1710 3660 iterum
1732 3593 1883 3660 attentius
1904 3596 2001 3676 repat,
2023 3596 2060 3656 at

408 3698 597 3779 Templuriis
618 3699 892 3782 ctHospitaluriis
906 3704 1015 3770 ablata
1029 3702 1153 3769 restitui
1168 3699 1280 3786 faciat,
1302 3701 1457 3782 ruittitquc
1477 3699 1521 3764 ad
1541 3719 1611 3763 eccm
1631 3698 1668 3763 dc
1690 3697 1748 3762 hac
1768 3717 1803 3762 rc
1816 3695 2058 3782 [Williclmum]
2111 3741 2138 3779 2,

404 3801 580 3882 episcopiam
600 3801 825 3870 Mutinensem.
1702 3803 1797 3880 1231,
1819 3800 1894 3867 Iure.
1919 3803 1970 3864 13.

510 3919 593 3990 Grec.
611 3921 660 3976 IX
677 3921 746 3993 Rep.
768 3923 963 3995 Vot.11,101,
981 3928 1050 3987 102‚·
1068 3923 1130 3980 Iaid.
1152 3922 1184 3991 V,
1203 3926 1249 3979 82.

494 4113 738 4210 Friderico,
765 4118 934 4195 illustri
960 4120 1262 4195 Romanorum
1287 4119 1548 4211 imperatori
1574 4138 1751 4211 semper
1777 4121 1967 4213 augusto

1058 4249 1099 4318 et
1124 4242 1218 4336 regi
1244 4240 1407 4315 Sicilie.

512 4389 749 4472 Mansuetudo,
778 4391 885 4477 pietas
908 4399 941 4458 et
964 4393 1139 4458 clementia
1159 4390 1263 4457 veluti
1285 4400 1353 4455 tres
1376 4409 1507 4456 sorores
1529 4387 1666 4468 decore,
1692 4388 1821 4454 nobiles
1844 4394 1878 4454 et
1900 4388 2056 4475 insignes,

407 4493 581 4558 dilectores
605 4491 686 4559 suos'
705 4494 849 4570 feliciter
871 4495 1069 4583 dirigentes,
1100 4518 1158 4562 eos
1181 4495 1255 4561 Deo
1285 4494 1424 4580 placitos
1447 4499 1481 4558 et
1503 4492 1691 4557 hominibus
1715 4492 1861 4557 alliciunt
1883 4493 2056 4578 gratiosos,

406 4617 487 4682 quas
503 4597 616 4682 utique
632 4597 797 4684 principes
821 4620 860 4665 eo
884 4598 1145 4666 debentsectari
1162 4600 1328 4681 libentius,
1352 4598 1534 4684 amplexari
1549 4594 1803 4663 desiderabilius
1826 4604 1861 4663 et
1883 4597 2059 4663 instantius

405 4700 575 4780 venerari,
605 4721 669 4785 quo
692 4703 830 4767 materia
852 4704 1060 4790 oportunior,
1093 4703 1231 4768 facultas
1263 4700 1462 4768 commodior
1492 4707 1526 4765 et
1555 4683 1698 4786 paratior
1725 4699 1874 4785 potentia
1903 4701 1984 4787 ipsis
2007 4708 2059 4766 est

405 4808 517 4889 presto
549 4800 644 4868 dictis
677 4805 844 4870 sororibus
880 4807 1059 4872 efficaciter
1092 4806 1306 4893 obsequendi.
1365 4805 1462 4872 Unde
1498 4805 1586 4891 quod
1619 4804 1660 4870 ad
1697 4825 1809 4870 earum
1844 4827 1988 4871 amorem
2024 4812 2058 4870 te

404 4906 576 4993 precibus,
605 4907 738 4974 monitis
762 4915 795 4975 et
818 4910 1104 4977 exhortationibus
1128 4910 1320 4990 inritamus,
1351 4910 1443 4974 novit
1464 4908 1671 4973 Altissimus!
1701 4931 1744 4974 ex
1767 4906 1831 4973 fide
1855 4930 1954 4994 pura,
1978 4929 2056 4972 con-

406 5009 542 5076 scientia
563 5012 651 5077 bona
673 5019 707 5078 et
729 5014 864 5079 caritate
887 5014 1015 5079 sincera
1034 5013 1191 5100 procedit,
1214 5035 1279 5100 qua
1294 5013 1442 5099 cupimus
1458 5019 1495 5077 ut
1511 5012 1689 5078 secundum
1705 5018 1877 5098 utrumque
1893 5013 2059 5077 hominem

405 5114 438 5178 in
472 5114 614 5180 Domino
645 5117 860 5205 prospereris.
919 5116 1006 5183 Sane
1040 5119 1105 5183 iam
1139 5117 1264 5205 pluries
1297 5115 1460 5202 imperiali
1492 5115 1686 5181 sublimitati
1717 5137 1777 5203 pro
1811 5115 1940 5182 dilectis
1970 5115 2058 5196 filiis,

506 5408 534 5476 1)
552 5407 647 5462 Mense
671 5407 740 5462 Maii
763 5409 927 5478 Raynaldus
949 5409 1040 5464 dictus
1064 5409 1120 5463 dux
1139 5407 1259 5478 Spoleti,
1282 5425 1346 5462 cum
1367 5425 1423 5463 non
1449 5410 1543 5478 posset
1566 5408 1728 5479 imperatori
1750 5408 1932 5463 sufficientem
1955 5422 2058 5478 ponere

404 5493 540 5548 rationem
559 5497 610 5548 ant
627 5494 828 5550 fideiussoriam
846 5496 1005 5550 cantionem
1023 5498 1159 5566 prestare,
1185 5495 1262 5565 apud
1279 5495 1395 5564 Fogiam
1419 5494 1495 5549 iussu
1514 5494 1690 5565 imperatoris
1708 5498 1807 5566 captus
1825 5498 1868 5549 est
1886 5498 1915 5549 et
1932 5495 2059 5550 custodie

403 5580 525 5635 traditus
542 5597 575 5634 ac
592 5580 728 5635 bonorum
746 5581 870 5637 omnium
888 5583 1038 5636 amissione
1055 5583 1215 5636 mulctatus.
1250 5582 1334 5653 Rycc.
1358 5582 1391 5636 ‹te
1413 5584 1442 5636 S.
1463 5581 1554 5636 Germ.
1578 5599 1603 5636 u.
1623 5586 1704 5648 1231,
1729 5583 1777 5636 SS.
1795 5585 1813 5636 t.
1833 5581 1923 5646 XIX,
1945 5585 2058 5651 [1364.
2111 5604 2139 5643 40

403 5671 431 5738 2)
452 5669 531 5723 Ouid.
550 5671 605 5722 ΙΙΙ
623 5671 706 5724 Trisl.
725 5670 757 5724 el.
778 5673 847 5737 5,31.
