4590 6366
1067 332 1115 392 EX
1134 334 1309 393 ennoean
1326 337 1366 393 IX
1384 332 1564 392 REGIS‘PRO

564 570 849 662 Privilegium
876 569 1109 642 senatoris
1137 591 1272 662 super
1299 592 1403 661 pace
1430 568 1539 642 inita
1567 568 1686 641 inter
1714 566 1952 640 ecclesiam

1108 695 1150 764 et
1177 690 1416 764 Romanoa.

538 843 577 907 In
600 843 732 907 nomine
756 839 879 904 domini
909 841 1013 905 nostri
1036 842 1115 905 Iesu
1138 841 1273 906 Christi.
1318 841 1370 905 Ad
1399 841 1557 904 honorem
1581 839 1812 924 omnipotentis
1836 836 1901 902 Dei
1926 842 1961 902 et
1996 837 2101 901 beata

430 946 535 1011 Maria
559 967 690 1031 semper
712 944 848 1028 virginis
873 950 906 1006 et
928 942 1102 1008 beatorum
1125 944 1216 1008 Petri
1241 952 1274 1008 et
1296 944 1392 1008 Pauli
1416 943 1638 1029 apostolorum
1662 948 1696 1005 et
1719 941 1863 1004 omnium
1887 947 2100 1017 sauctorum,

431 1049 473 1114 ad
500 1049 657 1112 honorem
689 1068 817 1132 quoque
847 1053 1055 1110 sacrosancte
1078 1045 1225 1111 Romane
1258 1047 1398 1111 ecclesie
1427 1047 1541 1109 matris
1564 1052 1675 1109 nostre
1701 1051 1734 1109 et
1764 1044 1963 1108 sanctissimi
1990 1045 2100 1130 patris

430 1153 536 1216 nostri
562 1151 684 1215 domini
708 1149 876 1234 Gregorii,
906 1148 971 1214 Dei
1004 1151 1111 1234 gratia
1141 1151 1259 1214 summi
1287 1150 1465 1236 pontificis,
1496 1171 1567 1212 nos·
1586 1148 1735 1232 Angelus
1765 1147 1996 1224 Malabranoa,
2030 1147 2100 1212 Dei

431 1257 538 1341 gratia
559 1256 644 1318 alme
670 1253 767 1317 Urbis
790 1253 927 1316 illustris
952 1260 1095 1333 senator,
1119 1253 1253 1318 decreto
1279 1260 1311 1318 et
1334 1254 1528 1317 auctoritate
1553 1253 1635 1316 sacri
1662 1257 1805 1331 senatus,
1829 1250 1986 1316 mandato
2012 1273 2100 1336 quo-

432 1381 495 1444 que
519 1366 552 1422 et
575 1358 709 1422 instanti
732 1356 970 1420 acclamatione
994 1357 1109 1441 inclyti
1133 1357 1246 1443 populi
1264 1357 1414 1434 Romani,
1438 1355 1479 1420 ad
1502 1376 1618 1419 sonum
1642 1376 1798 1440 campano
1823 1361 1856 1418 et
1876 1355 2099 1419 buccinarum

432 1462 564 1549 publice
589 1467 623 1525 et
645 1459 837 1544 plenissime
863 1458 895 1521 iu
920 1458 1082 1544 Capitolio
1107 1460 1314 1544 congregati,
1344 1458 1384 1523 ad
1415 1459 1671 1544 propositionem
1694 1456 1931 1520 venerabilium
1960 1463 2099 1542 patrum

433 1565 637 1630 dominorum
667 1562 707 1625 R.
735 1561 927 1625 Portueusis
961 1569 994 1626 et
1027 1562 1145 1626 Sancte
1176 1563 1309 1628 Ruffine
1342 1563 1506 1649 episcopi,
1542 1561 1570 1625 Ι.
1593 1561 1634 1625 de
1663 1560 1823 1624 Columna
1850 1560 1935 1624 tituli
1967 1560 2096 1626 Sancte

432 1664 592 1731 Praxedis
617 1671 650 1729 et
673 1663 705 1726 S.
730 1663 835 1727 titulia
859 1664 978 1728 Sancte
1002 1664 1105 1728 Maria
1140 1672 1229 1730 trans
1256 1665 1413 1750 Tyberim
1436 1665 1704 1752 presbyterorum
1727 1662 1959 1743 cardinalium,
1991 1687 2100 1750 super

434 1769 596 1834 discordia
619 1769 705 1831 inter
728 1773 971 1832 sacrosanctam
993 1768 1174 1833 Romanam
1199 1770 1373 1834 ecclesiam
1396 1775 1533 1832 matrem
1556 1773 1758 1832 nostramet
1781 1765 1921 1830 cundem
1947 1767 2095 1830 sanctis-

434 1874 551 1937 simum
575 1877 699 1958 patrem
723 1878 869 1934 nostrum
894 1893 1058 1935 summum
1081 1874 1270 1958 pontificem
1294 1881 1328 1937 et
1352 1879 1501 1937 senatum
1517 1872 1737 1957 populumque
1752 1869 1936 1933 Romanum
1960 1877 2096 1950 exorta,
2145 1867 2146 1870 '

434 1976 565 2040 nomine
589 1981 722 2038 senatus
750 1981 782 2038 et
812 1976 922 2061 populi
955 1976 1174 2060 promittimus
1205 1998 1265 2040 nos
1296 1975 1521 2040 satisfacturos
1552 1973 1594 2038 ad
1623 1972 1810 2036 mandatum
1838 1973 1940 2058 ipsius
1966 1972 2097 2036 domini

433 2099 518 2165 pape
542 2078 750 2163 superfacto
774 2077 893 2142 edificii
916 2085 949 2141 ct
972 2078 1140 2142 obsidibus
1163 2078 1285 2142 Montis
1308 2079 1389 2158 Alti,
1412 2079 1603 2143 iuramentis
1628 2077 1754 2141 exactis
1777 2083 1924 2162 tempore
1950 2083 2094 2140 senatus

433 2182 522 2246 Luce
545 2181 586 2244 de
612 2180 752 2244 Sabellis
777 2187 811 2245 et
833 2181 980 2244 terminis
1009 2183 1125 2267 positis
1159 2189 1306 2267 tempore
1331 2189 1464 2246 senatus
1488 2180 1636 2246 eiusdem
1659 2181 1693 2243 in
1715 2179 1910 2264 patrimonio
1934 2186 1968 2243 et
1991 2181 2095 2244 terris

434 2283 578 2348 lidelium
603 2285 758 2358 ecclesie,
783 2291 816 2347 et
839 2284 916 2368 quia
939 2283 1105 2348 iustitiarii
1129 2285 1162 2348 in
1187 2284 1354 2349 Sabiniam
1379 2292 1412 2349 et
1434 2284 1586 2348 Tusciam
1611 2290 1758 2369 tempore
1782 2280 1930 2346 eiusdem
1954 2289 2095 2346 senatus

433 2389 563 2452 iverunt
590 2386 631 2451 ad
663 2385 828 2470 exigenda
856 2387 1039 2452 iuramenta
1068 2387 1216 2474 predicta
1240 2395 1272 2452 et
1301 2388 1529 2474 possessiones
1554 2386 1695 2450 ecclesie
1724 2391 1757 2449 et
1785 2384 1929 2449 fidelium
1955 2406 2095 2450 suorum

435 2490 650 2576 occupandas,
676 2499 709 2554 et
732 2511 831 2575 super
846 2489 1048 2556 diffidatione
1073 2491 1196 2555 domini
1212 2491 1369 2575 Raynerii
1387 2490 1507 2554 Sancte
1525 2489 1627 2554 Maris
1645 2489 1678 2552 in
1696 2487 1870 2552 Oosmedin
1886 2489 2094 2553 venerabilis

434 2593 563 2657 diaconi
579 2593 753 2658 cardinalis
770 2600 804 2656 et
819 2594 968 2677 magistri
983 2594 1208 2659 Bartholomei
1224 2595 1355 2672 notarii,
1375 2600 1408 2658 et
1425 2615 1524 2679 super
1539 2593 1734 2678 spoliatione
1751 2591 1834 2654 sacri
1851 2591 2094 2657 Lateranensis

433 2697 549 2782 palatii
572 2703 605 2761 et
628 2696 843 2782 occupatione
866 2696 964 2774 illius,
989 2702 1022 2759 et
1045 2719 1145 2783 super
1168 2698 1363 2783 spoliatione
1388 2696 1556 2761 domorum
1580 2693 1782 2781 quorundam
1806 2693 2033 2774 cardinalium,
2061 2705 2097 2761 et

436 2820 535 2884 super
566 2799 758 2885 privilegiis
782 2795 1065 2863 factis‘Rainuoio
1105 2808 1139 2864 et
1171 2801 1244 2864 aliis
1271 2800 1428 2865 Romanis
1459 2821 1518 2885 pro
1553 2819 1667 2863 eorum
1701 2797 1826 2860 damnis
1862 2818 1962 2883 super
1993 2798 2095 2864 bonis

436 2903 648 2966 ecclesiarum
665 2901 828 2966 Ostiensis
853 2907 886 2964 et
901 2901 1099 2965 Tusculanib
1115 2909 1147 2967 et
1162 2903 1367 2967 Penestrini⁰
1391 2903 1635 2988 episcopatuum
1660 2908 1693 2966 et
1716 2902 1851 2964 aliarum
1875 2901 2095 2967 ecclesiarum

437 3013 471 3070 et
493 3006 567 3069 aliis
590 3005 858 3092 possessionibus
882 3013 915 3069 et
943 3007 1039 3070 terris
1062 3006 1208 3070 fidelium
1240 3007 1273 3069 in
1300 3006 1495 3092 patrimonio
1525 3005 1615 3069 beati
1637 3004 1742 3084 Petri,
1773 3010 1807 3068 et
1837 3026 1936 3089 super
1968 3012 2095 3070 statuto

436 3107 523 3171 facto
546 3109 599 3171 vel
621 3109 817 3194 privilegiis,
840 3108 925 3194 quod
941 3107 1109 3173 Romanus
1132 3110 1282 3196 pontifex
1304 3131 1370 3174 non
1393 3108 1597 3193 regrediatur
1619 3108 1661 3171 ad
1682 3108 1807 3172 Urbem
1831 3109 1888 3173 seu
1913 3109 2000 3192 quod
2023 3131 2093 3174 non
2164 3172 2169 3183 ,

436 3211 620 3276 faceremus
648 3233 763 3298 pacem
795 3234 868 3277 oum
896 3213 983 3299 ipso,
1016 3213 1080 3277 nisi
1111 3215 1201 3299 prius
1235 3214 1425 3278 restitueret
1452 3214 1593 3297 quinque
1625 3212 1716 3276 milia
1745 3211 1920 3292 librarum,
1954 3220 2096 3299 recepta

437 3319 548 3379 mutuo
579 3337 679 3402 super
700 3317 834 3381 Roccba
862 3317 902 3382 de
925 3316 1017 3402 Papa
1027 3319 1048 3398 ¹,
1078 3324 1112 3382 et
1141 3339 1253 3382 omues
1279 3339 1442 3404 expensas
1474 3325 1508 3381 et
1534 3316 1653 3380 damna
1680 3317 1772 3380 illata
1793 3315 1949 3380 Romanis
1979 3319 2093 3382 cuius-

438 3439 564 3503 cunque
588 3419 784 3483 couditiouis
807 3421 861 3484 vel
877 3419 1018 3494 ordinis.
1064 3418 1154 3493 Quas
1178 3419 1399 3485 diffidationes
1423 3427 1457 3485 et
1487 3419 1660 3505 privilegia
1683 3418 1870 3505 supradicta
1891 3421 2094 3486 auctoritate

437 3522 521 3584 sacri
546 3528 678 3586 senatus
702 3528 736 3586 ot
757 3522 911 3586 mandato
934 3523 1047 3609 populi
1072 3545 1268 3588 evacuamus
1293 3525 1381 3588 etin
1405 3524 1531 3587 irritum
1553 3524 1685 3610 penitus
1708 3543 1910 3588 revocamus.

545 3624 590 3688 Ut
613 3632 723 3690 autem
745 3627 912 3690 internos
937 3634 970 3691 et
993 3634 1138 3691 sanctam
1161 3628 1345 3692 Romanam
1368 3628 1543 3692 ecclesiam
1567 3634 1600 3691 et
1623 3625 1764 3692 eundern
1787 3626 2030 3690 sanctissimum
2058 3635 2094 3693 et

437 3727 746 3793 reverendissimum
781 3737 909 3815 patrem
948 3736 1094 3795 nostrum
1128 3739 1161 3795 ct
1196 3752 1405 3797 successores
1444 3731 1547 3817 ipsius
1583 3730 1624 3794 de
1660 3737 1769 3794 cetero
1806 3737 1916 3794 cesset
1951 3732 2096 3795 materia

437 3821 634 3916 questionis,
664 3854 760 3917 quem
792 3834 834 3897 ob
860 3834 1078 3898 reverentiam
1101 3834 1178 3899 Iesu
1203 3835 1345 3916 Christi,
1377 3836 1469 3901 cuius
1494 3835 1598 3898 vicem
1622 3835 1707 3918 gerit
1730 3834 1763 3897 in
1795 3834 1907 3911 terris,
1937 3839 1972 3898 et
1998 3835 2093 3899 beati

436 3935 527 4000 Petri
549 3937 774 4022 apostolorum
801 3937 972 4022 principis,
1001 3939 1093 4002 ouius
1123 3961 1295 4004 successor
1324 3940 1453 4016 existit,
1485 3937 1684 4002 intendimus
1707 3944 1861 4022 tanquam
1884 3935 2094 4002 devotissimi

438 4038 497 4101 filii
519 4040 670 4102 venerari
694 4047 727 4103 et
750 4039 828 4103 totis
851 4039 974 4104 viribus
996 4040 1168 4122 honorare,
1192 4043 1334 4106 maxime
1352 4042 1427 4126 quia
1448 4040 1564 4104 honori
1588 4047 1621 4104 et
1644 4039 1730 4104 same
1753 4039 1850 4103 huius
1873 4040 1957 4103 alme
1982 4046 2016 4103 et
2039 4041 2092 4104 iu-

438 4141 523 4225 clyte
547 4140 647 4204 Urbis
672 4140 830 4226 expedire
853 4141 1018 4207 videmus:
1047 4146 1243 4210 auctoritate
1268 4147 1352 4209 sacri
1377 4152 1527 4222 senatus,
1558 4164 1721 4207 consensu
1744 4148 1778 4206 et
1806 4141 1957 4206 mandato
1982 4142 2091 4227 ipsius

437 4243 549 4330 populi
574 4242 781 4324 ordinamus,
811 4246 992 4326 sancimus,
1026 4249 1199 4313 statuimus
1224 4256 1257 4314 et
1285 4250 1421 4314 tirmiter
1444 4248 1641 4322 stabilimus,
1675 4245 1761 4332 quod
1784 4266 1897 4310 omues
1921 4247 2031 4310 clerici
2057 4254 2092 4312 et

439 4346 663 4411 ecclesiastice
679 4368 830 4432 persone,
854 4349 909 4433 qui
933 4357 1009 4414 suut
1031 4351 1064 4415 in
1080 4351 1170 4418 Urbe
1194 4360 1227 4417 et
1250 4360 1354 4434 extra,
1379 4360 1412 4417 et
1427 4352 1549 4416 familie
1567 4350 1690 4415 domini
1712 4371 1797 4436 pape
1822 4357 1855 4414 et
1875 4348 2093 4438 cardinalium

439 4449 674 4513 conveniantur
697 4455 821 4513 tautum
846 4453 906 4517 sub
931 4453 1039 4519 iudice
1063 4457 1300 4537 ecclesiastico,
1323 4478 1383 4521 neo
1407 4456 1447 4519 ad
1472 4455 1655 4520 secularem
1678 4454 1856 4534 trahantur,
1879 4475 1940 4518 neo
1962 4452 2004 4516 ad
2027 4453 2091 4518 boc

440 4557 599 4636 cogantur
621 4573 680 4636 per
709 4552 870 4618 fossiones
894 4555 1062 4622 domorum
1093 4565 1149 4622 aut
1176 4560 1239 4623 alio
1265 4559 1497 4645 compulsionis
1521 4578 1658 4641 genere,
1688 4579 1748 4622 nec
1776 4558 1886 4642 aliqua
1916 4558 2090 4622 occasione

439 4654 671 4739 inquietentur.
717 4653 811 4728 Quod
839 4663 949 4721 autem
973 4660 1095 4724 dictum
1125 4669 1176 4725 est
1206 4661 1246 4726 de
1275 4662 1408 4726 familiis
1438 4660 1560 4724 domini
1588 4681 1672 4746 pape
1701 4667 1734 4724 et
1764 4658 1990 4737 cardinalium,
2022 4681 2089 4724 non

438 4757 652 4841 intelligimus
676 4757 716 4822 de
748 4759 874 4823 civibus
896 4759 1054 4827 Romanis
1084 4763 1194 4844 laicis,
1225 4765 1279 4849 qui
1309 4765 1432 4829 habent
1462 4763 1575 4828 domos
1599 4770 1633 4827 et
1655 4763 1795 4827 familias
1819 4763 1852 4826 in
1875 4762 1979 4840 Urbe,
2009 4764 2092 4828 licet

440 4860 618 4924 familiares
642 4861 830 4926 dicerentur
851 4865 905 4929 vel
929 4871 1050 4930 essent.
1094 4864 1179 4930 Item
1203 4866 1289 4952 quod
1312 4866 1428 4931 amodo
1451 4867 1533 4930 nulli
1557 4867 1667 4930 clerici
1690 4867 1744 4930 vel
1766 4867 1913 4951 religiosi
1936 4869 1989 4932 vel
2012 4868 2090 4932 laici

439 4965 661 5049 cuiuscunque
697 4966 892 5032 conditionis
925 4969 978 5032 vel
1007 4968 1145 5051 ordinis,
1179 4971 1233 5055 qui
1263 4971 1398 5035 veniunt
1429 4969 1470 5033 ad
1504 4971 1717 5055 apostolicam
1748 4970 1861 5035 sedem
1891 4971 1945 5036 vel
1976 4972 2092 5036 limina

438 5067 609 5132 beatorum
637 5067 728 5132 Petri
759 5076 791 5133 et
821 5071 932 5148 Pauli,
960 5071 994 5134 in
1023 5072 1204 5154 veniendo,
1234 5072 1389 5138 morando
1419 5081 1452 5137 et
1479 5073 1646 5138 redeundo
1676 5075 1847 5140 trahantur
1876 5074 1917 5139 ad
1946 5075 2090 5140 iudicem

439 5173 638 5253 secularem,
669 5194 730 5237 neo
753 5174 861 5258 aliquo
891 5175 988 5239 modo
1014 5184 1187 5260 cogantur,
1222 5177 1280 5242 scd
1303 5198 1323 5242 a
1346 5185 1497 5243 senatore
1522 5185 1555 5241 et
1585 5186 1700 5244 senatu
1722 5179 1832 5265 potius
1855 5178 2088 5270 defendentum
2142 5207 2171 5248 cs

545 5465 568 5532 ¹)
587 5469 611 5516 S.
630 5467 699 5518 tituli
717 5467 784 5517 tinent
801 5485 844 5532 op.
862 5468 947 5534 Rayn.
1029 5468 1053 5535 ¹³)
1071 5473 1218 5522 Tusculana
1236 5471 1320 5538 Rapo.
1401 5471 1423 5537 ‘l
1440 5473 1589 5524 I’cuestrina
1607 5473 1692 5542 Rapa.

543 5604 569 5675 1)
589 5603 679 5658 Rocca
696 5603 726 5657 di
744 5604 825 5674 Papa
841 5617 930 5671 prope
952 5604 1106 5660 Tusculum.
