4494 6426
1027 399 1074 454 EX
1091 397 1248 455 HONORII
1266 397 1307 454 III
1324 397 1505 454 REGIS'I'RO
1584 462 1587 468 ,

988 638 1218 714 Communi
1245 642 1295 716 de
1322 642 1541 715 Pertenat.

542 788 751 854 Presentium
774 789 868 854 vobis
892 791 1086 856 auctoritate
1113 791 1174 856 hac
1203 792 1275 856 vice
1306 790 1514 857 concedimus
1538 791 1744 864 facultatem,
1777 794 1814 853 ut
1837 811 1880 854 ex
1902 786 2088 852 hominibus

434 892 534 955 castri
557 893 658 956 vestri
681 892 807 977 aliquos
831 892 1007 978 prudentes
1032 899 1065 959 et
1087 892 1203 960 fideles
1227 895 1315 959 viros
1338 895 1432 959 vobis
1455 896 1488 959 in
1513 895 1665 959 eonsules
1688 891 1829 977 eligatis,
1854 891 1909 977 qui
1930 890 2025 954 nobis
2049 888 2088 954 de

434 995 504 1060 iure
528 994 674 1060 Romane
700 996 840 1062 ecclesie
863 996 1005 1062 fideliter
1026 997 1280 1084 respondentes,
1313 999 1417 1062 sciant
1440 1004 1473 1062 et
1496 999 1623 1084 possint
1646 995 1793 1061 eiusdem
1817 995 1917 1059 castri
1941 995 2087 1080 regimen

434 1099 610 1164 salubriter
632 1098 826 1184 gubernare.

540 1227 618 1296 Dat.
639 1229 794 1295 Laterau.
816 1227 867 1293 XI
889 1228 964 1294 Kal.
987 1228 1116 1294 Ianuar.
1139 1229 1347 1315 pontificatus
1369 1227 1473 1292 nostri
1496 1247 1581 1293 anuo
1605 1233 1710 1292 sexto.

1054 1505 1465 1516 --—-..-—...-—.-—

1223 1759 1306 1831 188.

547 1868 735 1964 Heorta
750 1897 816 1960 III
823 1917 913 1977 pope
927 1895 1093 1980 [Hispani]
1115 1897 1253 1978 episcopo
1274 1897 1460 1962 Verccltensi
1473 1897 1612 1974 mandat,
1634 1901 1670 1961 nt
1683 1898 1868 1962 sententiani-
1882 1898 2091 1962 excommnni-

434 2006 580 2082 cationis,
607 2003 658 2068 eui
679 1999 895 2085 Emonam]
920 1997 1072 2064 Ostiensis
1099 2001 1258 2080 episcopans
1288 2000 1441 2063 civitatem
1463 2000 1731 2065 Mediolanensem
1757 2005 1884 2081 praepter
1911 2001 2089 2086 A[miecet]

433 2109 524 2175 Socci
545 2105 702 2188 qnondam
720 2103 884 2187 potestatis
905 2102 1085 2166 inauditam
1107 2104 1307 2168 temeritatem
1322 2105 1527 2184 supposuerit,
1549 2105 1727 2168 solemniter
1742 2105 1880 2185 publicet
1903 2109 1932 2169 et
1954 2105 2088 2168 inviolar-

433 2215 537 2278 biliter
558 2210 718 2276 observari
738 2206 847 2288 faeiat.
1734 2210 1826 2284 1222,
1851 2207 1922 2272 Ion.
1948 2212 2000 2272 14.

537 2332 610 2386 noa.
630 2332 684 2382 m
699 2328 768 2398 nep.
792 2327 848 2382 vn.
867 2328 926 2392 nr,
944 2330 1015 2389 rsa·
1034 2325 1096 2380 ato.
1122 2326 1167 2390 VJ,
1186 2331 1247 2380 172.

937 2537 1240 2629 ..episeopo
1268 2535 1580 2610 vercellensi.

542 2687 686 2754 Gravern
708 2684 802 2751 nobis
826 2687 1024 2751 venerabilis
1049 2687 1152 2753 frater
1174 2696 1287 2754 noster
1310 2737 1317 2752 .
1342 2738 1349 2752 .
1373 2687 1631 2754 Mediolanensis
1654 2686 1946 2772 arehiepiscopus¹
1972 2688 2090 2752 obtulit

432 2794 649 2879 questionem,
673 2788 759 2876 quod
782 2787 823 2853 A.
848 2787 970 2854 Saccus
995 2791 1157 2876 quondam
1180 2799 1328 2878 potestas
1345 2791 1640 2857 Mediolanensium
1662 2810 1721 2876 pro
1745 2811 1795 2870 eo,
1820 2789 1907 2874 quod
1930 2791 2089 2877 quosdam

433 2895 735 2962 excommunicatos
759 2892 929 2957 absolvere
954 2895 1058 2958 noluit
1081 2895 1144 2958 nisi
1167 2894 1271 2959 forma
1294 2896 1435 2961 ecclesie
1459 2895 1647 2975 observata,
1670 2915 1744 2958 euni
1767 2893 1875 2957 hauno
1901 2916 2085 2980 supponere

432 2999 577 3063 inaudite
617 2996 812 3064 temeritatis
850 2993 1052 3060 absurditate
1097 2999 1314 3084 presumpsit,
1360 3005 1393 3064 et
1429 2998 1516 3062 bona
1553 2999 1623 3062 eius
1661 2997 1760 3062 etiam
1798 2997 1979 3062 confiscare
2015 3003 2089 3083 post

431 3102 659 3167 inhibitionem
683 3098 901 3164 avenerabili
916 3097 1017 3164 fratre
1037 3107 1148 3165 nostro
1163 3101 1205 3166 H.
1224 3100 1370 3168 Ostiensi
1388 3103 1541 3189 episcopo
1564 3110 1640 3166 tunc
1663 3101 1773 3185 legato
1797 3099 1885 3164 sedis
1908 3102 2088 3187 apostolice

432 3206 495 3271 sibi
524 3207 658 3287 factam,
688 3209 822 3289 propter
854 3201 941 3287 quod
971 3202 1057 3268 idem
1080 3205 1209 3289 legatus
1232 3205 1339 3291 ipsum
1364 3213 1397 3270 et
1427 3207 1516 3284 illos,
1550 3225 1687 3291 qnorum
1713 3204 1850 3269 consilio
1877 3211 1911 3268 et
1934 3226 2034 3270 suasu
2057 3204 2089 3269 id

432 3311 538 3377 fuerat
553 3315 792 3396 attemptatum,
815 3308 1108 3372 excommunicavit
1130 3309 1257 3373 etfacit
1273 3309 1570 3374 excommunicatos
1586 3308 1716 3395 publice
1735 3309 1887 3387 nuntiari,
1902 3307 2087 3373 mandando
2169 3317 2173 3320 ’

432 3417 480 3480 eis
512 3437 571 3502 per
601 3414 806 3480 venerabiles
836 3412 953 3476 fratres
982 3419 1112 3477 nostros
1143 3460 1182 3476 ..
1212 3413 1492 3497 Pergamenscm²
1521 3418 1554 3477 et
1578 3461 1585 3476 .
1610 3461 1617 3475 .
1640 3411 1872 3476 Laudcnsem³
1903 3412 2088 3498 episcopos,
2137 3443 2154 3458 ν

433 3516 519 3602 quod
556 3518 618 3582 nisi
655 3514 842 3582 huiusmodi
879 3514 1022 3578 bannum
1059 3515 1144 3578 infra
1181 3521 1307 3580 certum
1342 3517 1518 3580 terminum
1559 3521 1770 3596 revocarent,
1808 3515 1879 3601 ipse
1921 3515 2088 3580 civitatem

432 3619 712 3687 Mediolanensem
737 3626 937 3706 supponeret
959 3617 1147 3700 interdicto,
1180 3625 1213 3684 et
1236 3639 1293 3684 ees
1317 3620 1614 3684 excommunicatos
1637 3619 1780 3682 nuntiari
1802 3619 1928 3682 faceret
1951 3619 2088 3703 singulis

432 3723 547 3789 diebus
570 3724 741 3790 dominicis
765 3731 799 3788 et
820 3723 957 3788 festivis.
1005 3723 1071 3788 Sed
1093 3724 1157 3810 ipsi
1177 3723 1320 3789 bannum
1342 3725 1449 3811 ipsum
1472 3745 1627 3789 revocare
1650 3723 1809 3788 haetenus
1832 3744 1898 3786 non
1924 3730 2088 3804 curarunt,

431 3829 510 3894 licet
525 3830 683 3894 terminus
696 3828 842 3913 prefixus
858 3827 899 3891 ab
916 3827 996 3913 ipsis
1013 3827 1177 3913 episcopis
1194 3828 1236 3892 sit
1249 3829 1392 3914 elapsus.
1427 3828 1586 3893 Nolentes
1603 3828 1704 3913 igitur
1717 3833 1808 3891 tante
1821 3828 2088 3913 presumptionis,

431 3932 569 3997 abusum
592 3932 652 3998 sub
675 3931 934 3997 dissimulatione
958 3931 1115 4012 transire,
1146 3931 1342 3996 fraternitati
1366 3940 1422 3997 tue
1445 3953 1504 4018 per
1527 3932 1708 4017 apostolica
1731 3932 1853 4017 scripta
1875 3930 2087 4017 precipiendo
2138 3964 2142 3976 ·

431 4036 641 4118 mandamus,
672 4036 824 4121 quatinus
857 4033 978 4099 dictam
1009 4036 1205 4100 sententiam
1234 4036 1372 4120 singulis
1401 4035 1518 4101 diebus
1541 4035 1714 4100 dominicis
1738 4040 1771 4100 et
1797 4035 1927 4098 festivis
1951 4035 2088 4119 pulsatis

431 4140 599 4226 campanis
635 4146 668 4204 st
702 4137 845 4204 candelis
886 4139 1034 4204 accensis
1069 4139 1294 4224 sollempniter
1328 4140 1499 4226 publicans
1537 4163 1597 4226 per
1637 4140 1710 4204 loca
1748 4139 1781 4202 in
1815 4139 1932 4223 quibus
1967 4137 2088 4204 videris

431 4242 605 4329 expedire,
638 4263 711 4307 eam
740 4242 841 4306 facias
871 4242 995 4306 tamdiu
1023 4242 1256 4308 inviolabiliter
1278 4243 1462 4321 observari,
1493 4243 1597 4308 donec
1625 4243 1689 4329 ipsi
1720 4241 1968 4328 archiepiscopo
1990 4243 2090 4306 fuerit

430 4352 497 4410 tam
521 4345 561 4409 de
585 4345 702 4409 iniuria
725 4366 821 4430 quarn
849 4343 889 4410 de
914 4343 1063 4433 dampnis
1092 4365 1236 4430 congrue
1261 4346 1479 4428 satisfactum,
1512 4353 1546 4411 et
1573 4347 1719 4433 prefatus
1742 4345 1783 4411 A.
1806 4346 2027 4432 personaliter
2048 4345 2089 4410 ad

430 4455 575 4513 nostram
591 4450 791 4534 presentiam
808 4450 937 4514 venerit
953 4449 1181 4515 absolvendus.
1217 4448 1271 4513 Ad
1293 4449 1354 4514 hec
1370 4449 1407 4514 L.
1424 4455 1622 4536 potestatem
1639 4448 1936 4514 Mediolanensium
1951 4470 2086 4514 moneas

432 4552 610 4618 efficaciter
634 4558 667 4617 et
689 4552 843 4633 inducas,
874 4559 910 4644 ut
933 4554 1018 4618 infra
1040 4559 1281 4640 competentem
1305 4554 1479 4618 terminum
1504 4553 1566 4618 sibi
1595 4552 1820 4640 prefigendum
1843 4574 1863 4617 a
1885 4559 1919 4618 te
1942 4553 2087 4617 bannum

432 4657 561 4721 relaxet
582 4655 712 4743 publice
736 4656 945 4738 antedictum,
970 4664 1003 4722 et
1026 4657 1089 4743 ipsi
1112 4657 1359 4745 archiepiscopo
1382 4657 1511 4722 restitui
1534 4657 1633 4722 faciat
1655 4657 1818 4736 universa,
1841 4677 1904 4742 que
1929 4655 1969 4722 de
1992 4657 2086 4721 bonis

431 4759 500 4824 suis
523 4764 684 4844 occupata
706 4758 893 4823 huiusmodi
917 4760 1089 4824 occasione
1113 4761 1243 4826 fuerint.
1290 4760 1385 4834 Quod
1414 4762 1441 4824 si
1464 4761 1573 4826 faeere
1602 4782 1667 4825 non
1691 4761 1867 4842 curaverit,
1900 4759 1959 4826 sed
1992 4760 2086 4845 culpe

430 4860 570 4949 predicti
585 4861 625 4926 A.
647 4883 682 4927 se
700 4863 907 4927 constituerit
924 4884 1158 4944 successorem,
1183 4871 1229 4945 tu,
1252 4871 1288 4928 ut
1311 4863 1419 4929 eidem
1442 4865 1541 4928 etiam
1565 4865 1597 4928 in
1621 4885 1739 4950 penam
1756 4862 1921 4946 succedat,
1946 4866 2086 4930 similem

429 4966 463 5028 in
485 4965 593 5050 ipsum
617 4966 815 5031 sententiam
837 4966 1058 5052 appellatione
1088 4972 1213 5032 remota
1235 4969 1441 5054 promulgas,
1471 4974 1505 5032 et
1534 4967 1700 5031 civitatem
1730 4957 1912 5053 predictam
1943 4969 2086 5033 subicias

430 5068 654 5134 ecclesiastico
677 5069 866 5151 interdicto,
896 5090 934 5134 ac
963 5070 1065 5135 facias
1095 5078 1266 5157 utramque
1297 5072 1495 5137 sententiam
1522 5092 1627 5156 usque
1657 5069 1699 5134 ad
1723 5072 1983 5138 satisfactionem
2006 5094 2085 5137 con-

430 5170 564 5256 dignam
585 5172 818 5238 inviolabiliter
840 5173 1016 5239 observari.

536 5301 612 5367 Dat.
635 5303 788 5369 Lateran.
811 5301 948 5367 XVIIII
970 5302 1048 5368 Kal.
1069 5301 1167 5370 Febr.
1191 5325 1276 5368 anno
1300 5311 1404 5369 sexto.

924 5463 1330 5471 ---.--——-—.-...---.-..——.-
1340 5466 1473 5472 ...—
1484 5466 1873 5472 ——.-..----—..—-—--
1881 5467 1907 5471 —
1917 5467 1938 5471 -.-
1949 5467 1970 5470 --

535 5563 557 5629 ⁸)
575 5565 689 5615 Porsena
707 5565 765 5631 teyr't
788 5563 906 5627 Titanes,
926 5563 986 5614 Coc.
1006 5564 1069 5629 eliprl.
1088 5564 1154 5615 dom.
1173 5572 1246 5629 temp.
1265 5584 1285 5616 e.
1303 5566 1354 5617 sed.
1374 5574 1389 5616 t.
1412 5566 1434 5628 1,
1447 5585 1480 5632 p„
1498 5571 1534 5628 71,
1552 5583 1577 5616 n.
1597 5569 1651 5616 113.
1743 5593 1753 5617 s

533 5700 558 5768 l)
579 5699 725 5752 Heariens.
795 5699 823 5767 2)
843 5697 1002 5753 Iohannem.
1072 5700 1099 5766 3>
1119 5699 1288 5756 Ottcbellnnr.

2138 4475 2162 4513 30

2136 4992 2162 5030 35
