4448 6420
709 240 909 302 sersroms
926 241 1116 304 sansures.
1154 249 1228 304 rma.
1735 254 1798 322 219

141 439 203 486 nec
226 417 395 506 expedivit
425 441 488 486 nec
519 419 612 484 licuit
633 418 785 485 diadema
815 421 945 507 imperii
972 419 1145 506 denegari,
1182 425 1237 509 qui
1264 426 1379 510 procul
1409 426 1523 511 dubio,
1556 436 1593 494 ut
1624 430 1797 516 scripsisti,

142 522 250 588 subito
272 523 379 589 factus
402 523 561 609 ingratus,
587 532 716 609 tergum
739 545 804 589 non
827 525 946 589 faciem
969 525 1066 590 vertit
1088 526 1245 605 ecclesie,
1269 529 1439 595 immemor
1461 538 1670 618 receptorum
1695 533 1796 599 bene·

142 625 316 690 ficiorum⁸.
362 625 427 692 Sed
451 628 600 713 quamvis
622 648 696 692 eam
726 627 837 692 multis
867 628 1054 713 provocarit
1086 629 1241 711 offensis,
1271 630 1499 700 dissimulabat
1529 636 1603 702 illas
1631 642 1797 722 utcunque

141 728 361 796 misericordis
384 731 526 796 ecclesie
549 731 709 816 patientia
731 738 898 798 consueta.
945 731 1011 798 Sed
1034 739 1207 819 postquam
1230 735 1273 800 ad
1295 743 1385 800 tuam
1406 739 1556 825 prorupit
1577 739 1738 822 iniuriam,
1762 740 1795 805 in

141 839 175 898 te
197 834 291 919 quasi
313 834 347 897 in
369 833 494 920 pupilla
516 833 602 898 oculi
625 840 746 898 tactum
771 835 968 899 contrarium
991 835 1077 901 ferre
1101 857 1166 901 non
1189 838 1312 922 potuit,
1348 839 1468 904 multas
1491 841 1561 906 vias
1590 843 1794 928 excogitans,

141 937 259 1023 quibus
282 937 380 1024 pleno
402 934 548 1002 remedio
572 957 631 1002 suo
654 945 768 1022 posset
791 937 966 1004 subvenire
990 939 1118 1004 minori.
1156 938 1184 1005 Ο
1211 961 1308 1027 quam
1330 943 1500 1029 proximus
1524 965 1599 1009 cras
1622 946 1794 1031 periculis!

141 1039 170 1104 Ο
193 1061 290 1125 quam
306 1047 441 1128 paratus
464 1038 506 1105 ad
528 1044 652 1104 casum!
698 1039 906 1127 Quapropter
926 1042 1091 1107 invocavit
1108 1045 1250 1109 ecclesia
1268 1045 1357 1110 illius
1378 1045 1547 1129 auxilium,
1570 1049 1625 1133 qui
1644 1049 1854 1136 superbier...
1868 1073 1910 1123 as.

139 1144 265 1209 resistit
288 1151 322 1209 ct
344 1142 401 1210 dat
423 1143 600 1209 humilibus
623 1143 773 1228 gratiam,
797 1145 853 1230 qui
876 1145 1016 1231 imperat
1038 1147 1120 1210 mari
1142 1153 1176 1212 et
1191 1149 1309 1229 ventis,
1333 1155 1368 1214 et
1390 1155 1499 1214 cessat
1520 1155 1715 1237 tempestss;
1739 1152 1794 1237 qui
1807 1172 1949 1226 sanuses.

140 1245 275 1334 deponit
301 1252 456 1333 potentes
487 1245 527 1312 de
558 1246 637 1313 sede
666 1268 705 1312 ac
736 1248 829 1333 ponit
854 1248 997 1315 'humiles
1025 1251 1059 1314 in
1091 1251 1234 1316 sublimi.
1285 1250 1454 1317 Invocavit
1482 1253 1581 1318 etiam
1611 1255 1795 1341 principum
1807 1275 1853 1318 ros.
1868 1281 1935 1330 aaa

143 1350 241 1416 corda
255 1349 410 1432 fidelium,
434 1350 571 1437 pusillos
594 1357 628 1416 et
643 1372 780 1435 magnos
798 1352 991 1432 sollicitans,
1014 1361 1050 1418 ut
1073 1353 1104 1418 ei
1127 1353 1168 1418 ad
1192 1355 1239 1418 tui
1261 1355 1495 1420 relevationem
1510 1357 1648 1443 collapsi
1663 1378 1795 1424 nrauum

140 1455 345 1540 porrigerent
367 1454 571 1520 adiutricem.
616 1453 754 1520 Obstitit
781 1454 914 1520 tandem
941 1456 1053 1521 divina
1085 1458 1235 1542 potentia
1256 1458 1376 1543 ingrati
1399 1459 1585 1540 conatibus,
1613 1461 1738 1526 faciens
1761 1463 1795 1527 in

140 1565 173 1624 te
196 1578 270 1622 cum
293 1558 436 1624 ecclesia
458 1558 588 1643 signum
610 1559 645 1623 in
668 1558 809 1640 bonum,
839 1565 876 1623 ut
898 1560 984 1624 clato
1008 1549 1149 1626 cadente
1171 1568 1208 1626 tu
1230 1582 1382 1646 surgeres
1407 1569 1442 1627 et
1465 1568 1601 1648 potente
1624 1561 1794 1630 debilitato

139 1667 175 1726 tu
198 1682 325 1748 posses.
369 1661 491 1745 Arguit
517 1661 604 1726 enim
627 1662 718 1726 illum
742 1683 802 1727 sua
824 1662 965 1743 malitia,
994 1684 1118 1750 suaque
1141 1664 1270 1730 aversio
1299 1665 1497 1750 increpavit,
1525 1666 1679 1751 quoniam
1707 1667 1794 1732 iusto

139 1764 204 1830 Dei
225 1763 346 1830 iudicio
369 1764 501 1852 propria
522 1764 679 1851 perdidit,
712 1766 768 1852 qni
790 1787 888 1831 avare
912 1766 1081 1852 cupiverat
1102 1768 1227 1843 aliena3
1257 1774 1291 1832 et
1318 1775 1367 1849 tu,
1396 1769 1450 1833 oui
1472 1769 1564 1854 regni
1586 1771 1635 1835 tui
1657 1771 1713 1836 vix
1736 1791 1794 1836 cx·

140 1877 244 1935 trema
271 1876 512 1950 remanserant,
549 1869 637 1934 illius
670 1870 801 1934 omnino
834 1869 1007 1955 imperium
1041 1869 1218 1935 obtineres.
1262 1869 1336 1936 Hec
1364 1871 1476 1957 utique
1506 1871 1621 1938 salutis
1649 1872 1795 1940 remedia

139 1993 212 2038 curn
227 1973 351 2038 anxilio
367 1973 559 2060 principum,
574 1973 684 2039 divine
700 1972 908 2060 providentie
924 1973 1045 2039 virtute
1061 1974 1263 2058 preambula,
1286 1974 1347 2039 tibi
1363 1973 1506 2061 providit
1519 1982 1626 2042 mater
1641 1977 1793 2060 ecclesia,

139 2077 218 2142 talia
238 2077 401 2142 beneficia
422 2098 523 2164 puero
547 2078 685 2142 contulit
713 2085 749 2143 et
774 2077 898 2143 adulto.
941 2075 1028 2150 Quid
1058 2079 1145 2142 ultra
1172 2077 1233 2142 tibi
1260 2078 1370 2143 facere
1401 2077 1523 2163 potuit,
1552 2085 1586 2144 et
1611 2100 1677 2144 non
1703 2079 1792 2160 fecit,

138 2180 179 2246 de
204 2180 469 2266 contingentibus
492 2181 539 2244 nil
565 2181 730 2261 omittens,
754 2186 787 2246 et
809 2202 850 2246 ea
872 2180 972 2246 etiarn
994 2179 1036 2245 ad
1059 2201 1122 2266 que
1145 2201 1210 2245 non
1233 2179 1407 2245 tenebatur
1432 2180 1599 2246 adiciens?
1636 2181 1794 2248 Miramur

138 2291 257 2366 autem,
281 2284 369 2370 quod
391 2284 425 2348 in
448 2285 499 2349 his
523 2290 596 2349 tuos
611 2285 742 2350 labores
760 2306 1007 2364 commemoras,
1030 2284 1144 2350 dicens
1167 2292 1200 2349 te
1216 2284 1308 2349 dubii
1332 2306 1427 2350 casus
1443 2284 1531 2349 facta
1553 2291 1712 2366 secutum,
1737 2284 1793 2370 qui

63 2439 73 2450 .
137 2394 271 2453 vocatus
300 2386 341 2452 ad
371 2394 479 2468 certa,
510 2387 734 2454 laborantibus
763 2388 854 2468 aliis,
889 2389 923 2452 in
953 2388 1083 2454 labores
1116 2388 1251 2454 alterius
1281 2387 1439 2469 introisti,
1473 2393 1601 2452 metens
1633 2409 1695 2473 que
1725 2408 1791 2452 non

138 2491 323 2570 seminasti,
354 2498 389 2555 et
418 2492 577 2576 colligens
600 2491 816 2577 proculdubio
839 2513 902 2577 que
932 2513 998 2556 non
1021 2491 1181 2578 sparsisti.
1226 2491 1377 2577 Denique
1406 2491 1458 2555 inh
1483 2490 1630 2556 defuncti
1654 2491 1794 2576 fatigata

138 2614 294 2680 persona,
325 2601 470 2660 nostram
493 2602 551 2660 tua
573 2617 638 2661 non
661 2595 833 2682 preterivit
855 2596 1016 2676 invectio,
1045 2595 1153 2660 minus
1176 2593 1354 2679 diligenter
1376 2593 1588 2660 considerans
1612 2593 1698 2679 quod
1720 2615 1791 2674 nos,

138 2698 191 2783 qni
214 2696 443 2784 predecessori
472 2698 634 2784 predicto,
663 2698 769 2784 quoad
798 2699 959 2764 utilitates
988 2705 1076 2778 tuas,
1107 2698 1282 2764 affectione
1315 2699 1464 2785 plenaria
1489 2697 1723 2780 succedentes,
1750 2697 1792 2762 ad

137 2801 184 2865 tui
206 2800 522 2866 consummationem
545 2801 681 2866 honoris
704 2807 857 2887 patenter
882 2801 1047 2865 astitimus
1070 2808 1104 2866 et
1125 2807 1293 2887 potenter,
1321 2807 1434 2866 nostro
1456 2801 1489 2866 iu
1512 2801 1623 2866 multis
1646 2800 1790 2866 detraxi-

138 2924 220 2986 mus,
243 2910 281 2968 ut
301 2909 359 2968 tuo
375 2903 579 2970 ediceremus
596 2905 722 2984 honori,
744 2903 822 2969 facti
840 2902 1079 2988 quodammodo
1102 2903 1188 2969 fame
1211 2910 1324 2968 nostre
1341 2903 1480 2990 prodigi,
1502 2911 1557 2971 tue
1580 2904 1680 2991 parci.
1726 2902 1793 2969 Sed

136 3028 193 3094 pro
217 3007 290 3072 istis
314 3014 349 3072 et
370 3007 444 3072 aliis
476 3007 553 3073 hac
570 3007 665 3073 nobis
689 3007 905 3072 retributione
930 3004 1125 3092 respondes,
1156 3007 1232 3092 quia
1262 3006 1344 3073 dicis
1373 3007 1424 3073 ius
1453 3006 1586 3092 regibus
1620 3006 1732 3072 Sicilie
1758 3007 1793 3072 in

137 3110 353 3176 electionibus
386 3111 603 3196 prelatorum,
637 3110 724 3174 sicut
756 3109 877 3174 asseris
912 3108 1059 3174 debitum
1093 3129 1135 3174 ex
1168 3110 1319 3196 antiquo,
1353 3109 1474 3175 nostris
1507 3110 1793 3176 constitutionibus

136 3213 300 3280 minorari.
343 3212 469 3277 Verum
498 3213 527 3277 si
555 3212 678 3298 scripta
705 3219 763 3276 tua
793 3220 826 3277 et
857 3212 1024 3296 genitricis
1057 3220 1112 3278 tue
1135 3234 1234 3278 manu
1260 3212 1489 3278 sollicitudinis
1519 3213 1732 3295 revolvisses,
1765 3214 1793 3278 si

137 3323 323 3382 sauctorum
347 3315 447 3381 etiam
469 3321 597 3401 patrum
613 3314 864 3380 constitutiones
886 3313 1085 3394 adverteres,
1110 3335 1175 3379 non
1199 3316 1350 3401 culpares
1372 3315 1546 3381 ecclesiam
1570 3317 1657 3382 circa
1677 3317 1792 3383 defen-

139 3420 263 3485 sionem
286 3417 511 3484 ecclesiastice
534 3417 712 3496 libertatis,
743 3439 817 3482 cum
840 3438 905 3482 non
927 3417 1048 3483 debeat
1070 3416 1110 3482 de
1134 3417 1365 3504 prosecutione
1387 3417 1548 3484 morderic
1572 3419 1712 3500 iustitie,
1736 3421 1792 3506 qui

136 3521 334 3588 contendere
349 3521 464 3587 nititur
478 3520 520 3586 de
537 3520 652 3586 abusu.
697 3521 832 3586 Asseris
848 3521 985 3607 insuper
1000 3540 1060 3585 nos
1075 3526 1187 3606 preter
1202 3520 1341 3584 formam
1359 3521 1576 3587 communiter
1589 3523 1791 3608 requisitam,

136 3633 168 3692 te
190 3626 391 3707 inconsulto,
422 3623 618 3711 quibusdam
642 3624 794 3688 ecclesiis
815 3624 909 3709 regni
931 3623 1125 3688 vacantibus
1147 3623 1328 3710 prefecisse
1357 3645 1526 3710 personas.
1572 3623 1639 3689 Sed
1663 3648 1726 3712 que
1750 3627 1792 3691 sit

136 3730 192 3796 illa
211 3730 318 3796 forma
339 3730 520 3810 nescimus,
549 3747 613 3814 que
642 3749 701 3814 pro
729 3729 942 3793 certaniinis
976 3735 1066 3794 esset
1098 3727 1263 3807 informis,
1294 3748 1354 3814 per
1380 3747 1478 3812 quam
1499 3727 1679 3813 apostolice
1703 3727 1791 3792 sedis

137 3833 292 3899 iudicium
322 3853 366 3900 ex
395 3840 451 3898 tue
481 3832 661 3897 voluntatis
690 3831 825 3896 arbitrio
853 3831 1066 3919 dependeret.
1125 3831 1199 3895 Non
1229 3838 1340 3896 tamen
1372 3830 1571 3897 intendimus
1598 3852 1791 3917 promovere

137 3943 323 4023 suspectos,
357 3934 532 4000 dummodo
562 3955 628 3999 non
654 3935 740 3999 ultra
772 3942 884 3999 notam
914 3935 1110 4021 suspicionis
1139 3933 1314 4014 extendas,
1348 3954 1444 4019 quam
1473 3935 1610 4000 rationis
1643 3937 1791 4000 tramites

135 4040 308 4125 patiantur.
352 4038 566 4104 Tarentinum
588 4043 664 4124 post
686 4037 748 4102 heo
763 4037 1080 4124 archiepiscopnm¹,
1104 4057 1202 4121 quem
1216 4037 1303 4123 apud
1327 4043 1360 4102 te
1376 4038 1469 4122 quasi
1493 4058 1661 4102 asumma
1684 4039 1790 4123 gratie

135 4143 168 4208 in
189 4141 386 4230 profundum
409 4140 475 4207 odii
498 4162 593 4207 casus
623 4141 786 4229 repentini
815 4141 954 4206 mutatio
985 4141 1033 4206 sic
1061 4139 1198 4223 deiecit,
1230 4148 1267 4204 ut
1296 4141 1350 4226 qui
1379 4140 1478 4227 paulo
1508 4147 1584 4206 ante
1614 4141 1707 4227 quasi
1736 4161 1793 4206 cor

135 4267 236 4310 unum
264 4253 299 4312 et
328 4246 437 4312 anima
465 4266 531 4310 una
570 4266 642 4310 cum
679 4245 826 4332 principe
858 4244 1071 4322 censebatur,
1106 4243 1213 4309 subito
1244 4244 1312 4326 fur,
1348 4243 1457 4309 subito
1488 4243 1649 4330 proditor,
1682 4243 1790 4309 subito

135 4351 182 4414 tui
204 4349 373 4435 sanguinis
399 4348 508 4414 dictus
539 4349 582 4414 sit
613 4349 829 4429 obtrectator,
859 4369 924 4413 nou
953 4347 1158 4413 excludimus
1189 4368 1209 4411 a
1238 4367 1416 4432 responso,
1445 4347 1603 4412 mirantes
1634 4346 1732 4433 quidd
1757 4349 1791 4413 in

136 4454 227 4518 illum
251 4460 387 4540 expetas
410 4451 559 4534 ultionis,
589 4473 686 4538 quem
715 4474 775 4539 per
796 4452 976 4518 bonorum⁹
1001 4451 1258 4517 subtractionem
1281 4472 1414 4516 snorum
1437 4456 1471 4515 ct
1499 4450 1709 4516 interdictum
1732 4473 1791 4517 sue

136 4555 223 4621 sedis
252 4577 420 4622 accessum
449 4561 562 4620 contra
591 4554 659 4620 fasr
686 4563 720 4620 st
747 4556 873 4621 licitum
902 4555 949 4619 tui
979 4562 1170 4640 prosecutor
1199 4553 1324 4618 arbitrii
1353 4554 1418 4618 iam
1440 4553 1581 4640 punisti,
1607 4575 1694 4641 pena
1715 4577 1790 4642 pre-

136 4659 287 4725 veniente
310 4658 466 4724 iudicium
489 4667 523 4724 et
545 4659 742 4725 executione
766 4680 831 4724 non
861 4663 1058 4745 expectante
1082 4657 1241 4722 libellum.
1297 4655 1356 4720 Set
1378 4657 1516 4722 forsitan
1540 4658 1669 4743 estqui
1692 4657 1790 4738 dicat,

137 4761 221 4847 quod
243 4761 320 4827 dnm
344 4783 404 4828 sua
420 4763 585 4849 placuisse
601 4762 787 4842 creduntur,
810 4762 882 4849 ipse
898 4760 1107 4848 displicuisse
1123 4758 1261 4826 videtur.
1307 4757 1564 4824 Cathaniensem
1580 4760 1790 4846 episcopum²

137 4886 199 4930 nou
222 4863 375 4930 duximus
398 4865 654 4948 obmittendum,
685 4866 778 4930 cuius
801 4863 1031 4952 prodigalitate
1054 4869 1160 4928 totum
1183 4883 1320 4948 regnum
1343 4860 1426 4928 dicis
1449 4883 1525 4928 esse
1548 4883 1733 4945 corrosum,
1762 4863 1790 4927 si

50 4979 82 5016 *ὁ
138 4975 246 5034 tamen
272 4969 307 5034 in
329 4975 433 5036 totum
464 4970 626 5056 processit
648 4969 810 5050 corrosio,
834 4966 920 5033 uude
949 4973 999 5033 tot
1029 4973 1258 5032 remanserunt
1285 4965 1424 5052 reliquie
1455 4964 1680 5031 corrodenda?
1724 4964 1790 5030 Hic

140 5071 165 5134 si
186 5093 314 5138 merces
337 5072 496 5154 servitiis,
530 5072 558 5138 si
581 5072 705 5137 fructus
734 5070 920 5152 laboribus,
951 5070 979 5136 si
1006 5070 1132 5136 meritis
1161 5069 1321 5154 premium
1350 5067 1583 5156 responderet,
1613 5066 1702 5134 aliud
1731 5091 1790 5156 pro

238 5331 261 5399 ⁸)
279 5333 462 5387 maliciorum
478 5333 547 5386 deest
562 5351 584 5385 r.
673 5332 697 5399 b)
715 5334 742 5384 in
760 5332 827 5386 deest
844 5351 867 5384 r.
955 5331 976 5396 ε)
995 5331 1109 5383 mordere
1126 5349 1148 5382 r.
1234 5327 1257 5394 d)
1276 5329 1344 5394 quod
1363 5329 1394 5380 R.
1487 5331 1509 5396 ο)
1527 5331 1653 5382 bonorum
1671 5329 1739 5380 deest
1757 5329 1788 5381 12.

151 5415 171 5482 ¹)
189 5419 230 5469 fax
249 5417 280 5470 Β.

240 5555 265 5620 l)
284 5555 439 5608 Nicolaum.
509 5557 536 5620 ‘ll
561 5555 709 5608 tutte-um
727 5556 760 5608 de
779 5555 920 5610 Paleario.

1528 5645 1582 5698 28!
