4448 6420
463 369 526 430 202
1051 369 1099 422 EX
1117 369 1273 424 HONORII
1291 370 1332 424 III
1350 369 1531 423 REGISTRO

461 562 580 625 usque:
614 540 817 626 eligendum,
848 541 934 627 quod
957 542 1087 627 quidem
1111 543 1143 605 in
1172 542 1320 605 advocati
1346 543 1577 607 constitutione
1610 542 1808 628 precipimus
1838 542 2025 614 observari,
2055 564 2119 627 quo

461 653 582 722 tamen,
606 645 634 708 si
656 646 780 709 inutilis
803 645 902 710 fuerit
925 652 1084 732 repertus,
1109 653 1217 710 amoto
1240 647 1324 710 alius
1348 647 1565 711 substituatur
1588 647 1705 710 eidem.
1751 646 1803 710 Ad
1828 646 1983 711 indicium
2009 655 2119 711 autem

462 747 648 812 huiusmodi
679 770 698 811 a
734 747 811 813 sede
850 750 1031 834 apostolica
1065 749 1228 813 libertatis
1260 756 1415 836 percepto
1447 772 1547 814 unum
1583 772 1718 814 aureum
1753 751 1823 815 sedi
1862 755 2042 838 apostolico
2078 755 2119 817 ab

463 853 589 917 eisdem
621 853 766 939 patronis
800 855 931 919 nomino
963 875 1081 918 oeneus
1115 854 1216 936 gratis
1249 853 1394 917 oblatum
1425 855 1621 939 persolvatis
1651 854 1745 918 nobis
1776 857 1962 941 nostrisque
1988 879 2118 921 succes-

465 956 592 1020 soribus
627 957 803 1020 annuatim.
855 955 1074 1020 Decernimus
1110 977 1187 1039 ergo
1223 964 1286 1020 etc.
1319 977 1436 1040 usque:
1472 957 1651 1042 protutura,
1687 959 1777 1021 salva
1811 958 1898 1022 sedis
1935 960 2117 1046 apostolice

464 1061 656 1124 auctoritate
688 1067 721 1124 et
751 1059 918 1123 diocesani
951 1060 1097 1146 episcopi
1125 1059 1281 1122 canonica
1309 1060 1502 1123 reverentia.
1563 1059 1664 1144 Siqua
1693 1061 1792 1144 igitur
1819 1063 1851 1125 in
1882 1062 2029 1127 futurum
2059 1072 2120 1130 etc.

464 1185 582 1248 usque:
606 1164 731 1227 ultioni.
778 1162 913 1226 Cunctis
937 1170 1047 1226 autem
1070 1169 1132 1226 eto.
1156 1183 1274 1246 usque:
1298 1161 1414 1226 Amen.

572 1283 648 1347 Dat.
672 1283 778 1348 Reate
802 1304 861 1369 per
884 1303 999 1346 manus
1022 1284 1170 1366 magistri
1194 1281 1354 1347 (luidonis
1378 1283 1500 1347 domini
1531 1305 1615 1371 pape
1639 1287 1775 1354 notarii.
1805 1286 1904 1351 XVII
1926 1287 2002 1350 Kal.
2029 1287 2119 1373 Sept.

466 1387 563 1451 indic.
593 1387 694 1460 XIII,
731 1387 962 1451 incarnationis
989 1387 1162 1451 Dorninice
1190 1408 1274 1450 anno
1305 1388 1356 1450 Μ0
1380 1387 1451 1451 00⁰
1481 1388 1563 1454 XX⁰
1586 1389 1626 1468 V,
1656 1391 1863 1476 pontificatus
1891 1412 1969 1454 vero
1998 1389 2119 1454 domini

466 1491 606 1554 Honorii
630 1511 713 1576 pape
737 1490 789 1554 III
811 1511 895 1553 anno
919 1489 1056 1554 declino.

1090 1668 1500 1677 mmm-

1253 1921 1339 1994 SSO.

577 2031 763 2122 Honorias
783 2057 847 2121 Ill
861 2079 951 2138 papa
968 2060 1081 2122 abbati
1102 2065 1130 2122 ct
1151 2060 1266 2122 decnno
1293 2061 1460 2125 Caatncnsr'
1482 2060 1589 2122 scribit
1610 2060 1647 2123 dc
1669 2062 1807 2140 episcopo
1829 2060 1981 2140 AtrTsano,
2009 2063 2064 2142 qni-
2092 2083 2123 2124 sc

467 2166 666 2244 opposuerat,
700 2161 866 2242 qnornr'nns
897 2162 1027 2225 Iocobna
1060 2162 1229 2226 nronncnns
1265 2163 1376 2226 Sancti
1406 2164 1578 2226 dbrtnnatr'
1613 2165 1768 2226 ecclesium
1804 2167 1838 2227 r‘n
1871 2165 2009 2245 qondam
2042 2166 2122 2228 silva

467 2268 595 2334 dmccsr's
616 2265 772 2345 Alifanuo
794 2269 994 2329 construeret.
1762 2270 1854 2345 1225,
1877 2269 1961 2350 Ano.
1983 2270 2037 2334 20.

572 2385 646 2439 Han.
666 2384 723 2437 III
738 2379 803 2454 Ray.
829 2384 885 2439 Vol.
910 2384 938 2447 V,
960 2388 1009 2450 79;
1029 2386 1088 2439 Lib.
1108 2387 1143 2446 Χ,
1164 2391 1208 2441 27.

874 2656 882 2672 .
912 2655 920 2672 .
949 2599 1099 2673 abbati
1128 2604 1169 2672 et
1198 2654 1206 2670 .
1237 2655 1245 2671 .
1274 2599 1443 2672 decano
1471 2599 1716 2672 Casinensi.

578 2747 660 2812 Cum
685 2747 763 2811 ordo
788 2746 1017 2812 Cisterciensis
1041 2747 1072 2810 in
1098 2747 1238 2810 ecclesie
1261 2746 1412 2832 paradiso
1436 2746 1574 2810 dextera
1597 2747 1707 2811 divina
1730 2748 1896 2833 plantatus
1920 2753 1983 2811 etc.
2028 2745 2123 2810 Unde

470 2874 533 2916 non
567 2852 637 2915 sine
668 2871 767 2914 causa
795 2851 966 2926 miramur,
999 2849 1085 2934 quod
1116 2870 1188 2913 oum
1217 2849 1308 2913 fratri
1341 2850 1463 2914 Iacobo
1498 2851 1655 2914 monacho
1679 2850 1791 2914 Sancti
1814 2849 1986 2913 Fortunati
2009 2849 2123 2914 dantes

471 2956 661 3042 primarium
683 2952 826 3038 lapidem
841 2952 1062 3032 benedictum,
1086 2953 1346 3017 concesserimus
1371 2953 1402 3016 ei
1425 2954 1592 3017 licentiam
1616 2955 1649 3017 in
1673 2955 1755 3016 silva
1778 2975 1841 3038 que
1864 2959 2001 3017 vocatur
2016 2952 2124 3017 'Phora

472 3060 604 3122 Alifane
638 3056 778 3121 diocesis
813 3056 985 3120 ecclesiam
1021 3055 1061 3119 ad
1099 3056 1255 3120 honorem
1290 3056 1387 3120 beate
1422 3057 1568 3141 Virginis
1605 3056 1646 3120 ad
1683 3058 1952 3142 propagationem
1986 3055 2123 3141 predicti

473 3161 595 3226 ordinis
623 3158 848 3240 construendi,
879 3160 934 3223 ubi
968 3160 1159 3222 karissimus
1191 3160 1223 3223 in
1248 3159 1378 3223 Christo
1412 3160 1498 3223 filius
1530 3167 1642 3224 noster
1671 3159 1874 3232 Friderious,
1904 3157 2123 3224 Romanorum
2171 3173 2188 3209 2¹·

473 3267 651 3352 imperator
678 3263 816 3327 illustris
841 3284 971 3349 semper
993 3271 1151 3346 augustus
1175 3271 1208 3326 ot
1232 3284 1291 3325 rox
1316 3262 1444 3340 Sicilie,
1468 3264 1532 3327 sibi
1554 3264 1679 3348 amplas
1702 3264 1950 3347 possessiones,
1975 3267 2072 3348 prout
2094 3262 2124 3323 in

476 3368 593 3433 litteris
626 3367 695 3431 eius
725 3374 876 3453 apparet.
909 3367 964 3452 pia
994 3365 1192 3429 liberalitate
1221 3365 1371 3437 donavit,
1401 3366 1599 3430 venerabilis
1635 3367 1735 3430 frater
1763 3372 1876 3430 noster
1907 3417 1914 3430 .
1939 3414 1947 3428 .
1976 3365 2125 3428 Alitanus

474 3472 647 3558 episcopus
676 3469 783 3534 eidem
807 3470 979 3548 monacho,
1006 3477 1041 3532 ut
1064 3471 1198 3542 asserit,
1229 3470 1401 3554 quominus
1425 3476 1490 3532 tam
1515 3471 1604 3555 pium
1635 3491 1716 3555 opus
1740 3469 1890 3555 Incipiat,
1920 3467 2067 3532 indebite
2091 3489 2125 3530 se

474 3576 625 3662 opponit,
656 3595 723 3638 non
752 3572 925 3637 attendens
955 3572 1041 3657 quod
1070 3594 1142 3636 cum
1174 3572 1259 3636 idem
1288 3573 1465 3658 imperator
1494 3574 1723 3658 possessiones
1753 3574 1841 3658 ipsas
1871 3571 1911 3636 ad
1942 3592 2025 3657 opus
2050 3590 2124 3634 con-

475 3677 621 3743 struendi
643 3677 876 3740 monasterium
900 3674 1039 3752 dederit,
1063 3675 1210 3760 prefatus
1236 3676 1409 3761 episcopus
1433 3675 1489 3738 dat
1513 3697 1654 3752 oausam,
1677 3682 1713 3738 ut
1739 3697 1795 3738 eas
1818 3673 1938 3738 debeat
1961 3693 2126 3742 revocare.
2173 3699 2188 3735 ε

474 3783 585 3869 quiet
609 3782 753 3868 seipsum
777 3780 817 3844 ad
839 3781 997 3866 pietatem
1021 3801 1178 3844 exercere
1202 3785 1332 3842 tenetur
1355 3786 1387 3842 et
1411 3778 1450 3842 ad
1476 3800 1549 3843 enm
1573 3780 1654 3843 alios
1678 3777 1821 3842 exortari
1845 3784 1907 3840 etc.

581 3902 657 3966 Dat.
680 3901 797 3978 Reate,
820 3901 907 3965 XIII
929 3899 1004 3963 Kal.
1028 3899 1195 3984 Septemb.
1218 3921 1302 3963 anno
1327 3899 1463 3964 decimo.

1259 4428 1344 4499 281.

585 4536 771 4629 Honorino
793 4567 859 4629 ΙΙΙ
875 4588 960 4648 papa
974 4567 1181 4653 [Raynoldo]
1202 4569 1429 4648 archiepiscopo
1444 4566 1649 4646 andnncnsi
1670 4565 1713 4628 ad
1731 4586 1837 4646 procos
1861 4566 2039 4650 G[rn‘dcnia
2061 4566 2085 4628 I
2090 4565 2131 4649 V]

475 4671 595 4735 concitis
616 4673 767 4736 Forensis
788 4671 932 4748 mandat,
963 4676 999 4733 nt
1025 4673 1198 4736 libertatern
1225 4673 1264 4736 ob
1287 4673 1386 4736 codem
1418 4672 1523 4735 cornito
1545 4669 1720 4732 horninibus
1750 4669 1844 4732 nillac
1872 4669 1975 4732 sancti
2003 4669 2131 4750 Rapta-

476 4774 554 4837 berti
575 4774 731 4837 indultam
753 4777 862 4838 contro
883 4772 1011 4836 candem
1034 4778 1063 4836 ot
1084 4794 1269 4838 successores
1291 4775 1372 4846 cina,
1400 4775 1429 4837 si
1452 4791 1570 4835 neccsse
1591 4772 1702 4851 suerit,
1722 4791 1781 4850 per
1803 4771 2131 4834 oacornnrnnr'cationr's

477 4881 505 4939 ot
529 4875 688 4940 interdicti
710 4878 879 4939 sententias
901 4879 1036 4941 tucatur.
1770 4876 1864 4945 1225,
1886 4875 1968 4957 Any.
1991 4878 2044 4938 30.

579 4996 653 5048 Hon.
672 4997 727 5048 III
741 4997 806 5063 nep.
828 4995 886 5051 Vol.
912 4995 939 5058 V,
959 4999 1082 5061 80-81,·
1101 4997 1161 5050 Lr'b.
1184 4997 1219 5060 Χ,
1240 5001 1285 5050 33.

578 5080 653 5135 Bibl.
673 5081 790 5136 Patrist.
810 5082 885 5136 Han.
903 5083 955 5133 ΙΙΙ
972 5081 1028 5150 Ep.
1047 5082 1108 5135 Lib.
1128 5083 1164 5150 X,
1183 5100 1209 5136 n.
1228 5089 1271 5136 22.

933 5347 942 5366 .
973 5349 981 5366 .
1010 5291 1351 5382 archiepiscopo
1378 5287 1672 5380 Lugdunensi.

584 5439 671 5503 Vota
692 5438 838 5503 fidelium
861 5439 1017 5526 pietatem
1042 5440 1075 5503 in
1099 5461 1134 5503 se
1160 5439 1369 5517 continentia,
1393 5436 1509 5522 quibus
1533 5437 1675 5500 maxime
1700 5436 1835 5500 libertas
1859 5437 2044 5521 inquiritur.
2067 5458 2127 5522 que

477 5543 666 5609 favorabilis
690 5565 742 5607 res
761 5543 883 5618 existit,
906 5543 1017 5608 lavore
1036 5551 1111 5608 sunt
1127 5564 1270 5627 congruo
1286 5540 1526 5629 prosequenda,
1549 5562 1674 5625 nosque
1698 5541 1778 5626 ipsis
1802 5547 1955 5604 tenemur
1974 5540 2128 5627 apostoli-

478 5669 552 5712 cum
574 5645 755 5736 presidium
780 5647 951 5734 impertiri.
997 5646 1092 5711 Unde
1120 5647 1198 5712 licet
1227 5643 1519 5731 supplicationibus
1543 5644 1702 5740 porrectis
1728 5643 1823 5715 nobis
1846 5664 1947 5742 super
1968 5643 2128 5718 libertate.
