4596 6406
755 364 955 420 aristonis
974 363 1163 420 SELECTAE.
1201 364 1276 419 1240.
1779 371 1838 432 li'll

191 555 302 597 earum
326 534 454 618 argenti
477 535 661 601 taciendam
685 535 809 602 eisdem
834 535 977 602 Gnidoni
1001 543 1034 602 et
1056 537 1258 624 Huguicioni
1286 561 1324 605 ae
1352 561 1464 604 eorum
1487 541 1691 627 procuratori
1712 543 1842 608 nomine

191 638 410 724 predictorum
435 641 676 705 sententialiter
698 640 984 726 condempnemus.
1030 641 1138 716 Quem
1162 644 1358 708 sententiam
1380 644 1479 708 scribi
1494 644 1633 709 lecimus
1649 645 1842 730 pcrNocle-

191 743 274 807 rium
298 743 513 808 scriniarium.
559 745 598 807 In
622 745 714 809 euius
738 745 786 811 111
809 746 1031 811 testimonium
1059 753 1092 811 et
1120 746 1317 812 evidentiam
1345 749 1526 835 pleniorem
1555 770 1694 835 presens
1721 750 1842 814 instru-

191 852 339 912 mentum
363 846 463 931 sigilli
486 848 589 911 nostri
611 847 790 914 munimine
813 849 954 914 fecimus
975 849 1132 916 roborari.

300 949 384 1014 Lata
408 955 459 1014 est
482 950 543 1015 hee
567 952 732 1016 sententia
762 958 796 1017 et
823 955 960 1018 recitata
982 975 1041 1040 per
1062 953 1185 1018 dictum
1209 953 1375 1019 dominum
1396 954 1436 1021 R.
1460 955 1649 1021 Ostiensem
1673 963 1706 1022 et
1728 956 1842 1022 Velle-

190 1058 334 1117 trensem
359 1055 550 1141 episcopum
574 1055 607 1119 in
631 1057 750 1142 palatio
775 1062 960 1121 sanctorum
984 1057 1167 1121 Marcellini
1191 1064 1224 1122 et
1239 1057 1331 1122 Petri
1353 1058 1393 1124 de
1416 1059 1508 1126 Urbe
1531 1080 1641 1125 eoram
1664 1059 1727 1124 hiis
1750 1061 1842 1126 testi-

190 1155 268 1220 bus:
294 1157 421 1222 seilioet
444 1157 574 1223 domiuo
592 1157 766 1224 Gottilrido
790 1159 831 1224 de
847 1159 1008 1225 Prefeetis
1024 1160 1145 1225 domini
1161 1182 1247 1248 pepe
1271 1160 1471 1227 subdiacono
1494 1169 1528 1227 ct
1551 1163 1722 1248 capellano
1746 1170 1842 1242 teste,

190 1260 348 1344 magistro
362 1260 493 1346 Rogero
507 1260 547 1326 de
563 1261 684 1325 Sancto
698 1262 730 1326 H
734 1263 798 1327 elia
813 1264 1005 1349 cappellano
1019 1263 1096 1328 dicti
1110 1263 1232 1328 domini
1245 1262 1408 1329 Ostiensis
1425 1265 1684 1332 etVelletrensis
1696 1267 1843 1353 episcopi

190 1368 287 1444 teste,
304 1364 460 1448 magistro
474 1364 625 1430 Dionisio
642 1371 738 1444 teste,
755 1367 910 1451 magistro
927 1366 1074 1430 Roffrido
1091 1366 1131 1430 de
1144 1366 1336 1432 Benevento
1354 1374 1449 1448 teste,
1465 1369 1622 1454 magistro
1639 1369 1785 1434 Iohanne
1802 1369 1842 1434 de

194 1465 331 1531 Oaserta
347 1475 447 1548 teste,
472 1468 628 1553 magistre
644 1467 790 1533 Berardo
807 1468 848 1534 (11
864 1469 986 1534 Mareia
1001 1469 1159 1534 advocato
1173 1471 1261 1536 11111
1279 1478 1375 1553 11111,
1392 1471 1492 1535 Sento
1510 1472 1551 1538 (11
1567 1473 1729 1537 Medicina
1746 1479 1842 1554 teste,

192 1577 225 1634 et
248 1569 407 1635 Zacharia
430 1571 555 1636 notario
579 1571 743 1636 Medieiue
767 1578 868 1655 teste,
896 1572 1027 1637 domino
1051 1571 1203 1640 Guidcne
1228 1573 1268 1640 de
1292 1574 1448 1640 Arestino
1471 1582 1572 1657 teste,
1602 1575 1778 1641 Gottilrido
1802 1575 1842 1642 de

191 1673 349 1738 Porcaria
365 1675 484 1739 clerieo
501 1681 597 1754 teste,
620 1674 795 1740 Ambrosio
818 1675 987 1740 scriniario
1004 1683 1100 1754 teste,
1124 1675 1270 1741 Tebaldo
1286 1679 1414 1743 notario
1430 1677 1471 1744 de
1487 1678 1608 1743 Panieo
1623 1678 1842 1744 Bononiensis

192 1776 334 1842 diocesis
360 1784 462 1860 teste,
494 1777 681 1865 Bonaparte
705 1777 898 1863 Uguieiouis
921 1778 1083 1843 Perusino
1107 1784 1208 1858 teste,
1241 1779 1431 1845 Guillielmo
1454 1781 1495 1846 de
1517 1782 1721 1847 Patranaano
1746 1788 1841 1862 teste,

195 1881 354 1966 magistro
377 1881 524 1947 Iohanne
540 1881 682 1967 Anglico
706 1880 828 1946 domini
850 1903 935 1968 pape
959 1881 1162 1947 subdiacono
1185 1888 1281 1964 teste,
1305 1883 1412 1948 donno
1439 1883 1607 1951 Bemarde
1634 1893 1843 1972 procuratore

194 1986 383 2052 monasterii
406 1987 575 2053 Farfensis
598 1993 694 2067 teste,
717 1986 867 2050 Formica
890 2006 1022 2050 cursore
1046 1986 1174 2050 comitis
1198 1985 1358 2052 Guidonis
1381 1994 1476 2054 teste.

299 2090 371 2176 Ego
403 2091 578 2156 Neelerius
612 2090 808 2154 auctoritate
845 2090 1007 2176 imperiali
1044 2089 1231 2156 scriniarius
1267 2091 1422 2177 predictis
1457 2092 1608 2158 omnibus
1642 2093 1776 2158 interfui
1811 2099 1844 2158 et

192 2194 276 2258 hano
305 2195 502 2259 sententiam
533 2194 573 2259 de
604 2193 756 2258 mandato
781 2194 980 2258 venerabilis
1007 2195 1110 2280 patris
1139 2194 1261 2259 domini
1290 2193 1327 2258 R.
1351 2195 1541 2261 Hostiensis
1569 2203 1603 2261 et
1625 2195 1843 2262 Vellstrenais

192 2297 341 2384 episcopi
363 2297 479 2384 scripsi
504 2304 537 2362 et
561 2298 722 2383 compleri
744 2303 888 2382 rogatus.

300 2399 370 2465 Nos
393 2399 504 2486 itaque
521 2401 641 2466 vestris
659 2399 954 2487 supplicationibus
977 2399 1125 2464 inclinati
1148 2401 1345 2466 sententiam
1368 2402 1472 2488 ipsam
1494 2401 1689 2468 auctoritate
1711 2410 1844 2489 aposto-

115 2520 142 2560 20
195 2503 260 2568 lica
282 2503 512 2569 confirmamus
536 2511 569 2569 et
591 2505 754 2590 presentis
779 2503 890 2589 scripti
913 2503 1095 2591 patrocinio
1119 2505 1371 2586 communimus,
1403 2505 1624 2591 appellatione
1647 2527 1667 2570 a
1688 2528 1844 2593 procura-

192 2614 264 2673 tore
287 2609 340 2672 vel
371 2606 497 2674 sindico
526 2607 663 2673 adverse
693 2609 795 2694 partis
826 2608 1022 2693 interposita
1050 2628 1115 2672 non
1144 2607 1306 2674 obstante.
1351 2606 1443 2672 Nulli
1465 2629 1543 2692 ergo
1566 2647 1608 2657 -
1631 2617 1744 2676 nostre
1768 2631 1845 2675 cou-

192 2711 386 2776 firmationis
411 2717 474 2776 ete.
520 2709 556 2776 si
579 2712 650 2796 quis
672 2718 783 2778 autern
807 2719 870 2777 etc.

301 2829 377 2895 Dat.
401 2829 555 2898 Lateran.
579 2830 630 2896 XI
653 2831 728 2898 Kal.
751 2831 843 2912 Maii,
865 2851 950 2896 anuo
973 2830 1100 2896 decimo
1123 2837 1249 2916 quarto.

977 3337 1062 3410 tra.

301 3451 492 3559 (1111111111
514 3477 569 3541 IX
587 3498 675 3558 perro
701 3477 871 3544 Gaillelmo
893 3479 997 3543 corrriti
1012 3479 1160 3559 palatino
1182 3477 1327 3556 morrdot,
1349 3481 1385 3542 at
1408 3477 1451 3543 od
1471 3477 1682 3564 dclbrrsioaom
1704 3502 1847 3547 1111111

116 3609 128 3649 1
194 3582 357 3664 aecirrpcas
380 3581 414 3643 in
436 3580 593 3646 1111111111
614 3581 756 3647 ecclcsiae
773 3585 953 3662 perseveret,
977 3583 1151 3664 assamque,
1184 3581 1218 3645 T.
1235 3602 1363 3646 1111111
1385 3584 1414 3644 11
1431 3582 1517 3663 lit-ios
1538 3584 1605 3646 cias
1625 3585 1847 3668 111111119νί-
1874 3641 1877 3650 .

197 3687 259 3748 toto
281 3685 445 3749 amonitates
467 3683 984 3765 1111111111οὲ111111111111111
1006 3683 1224 3765 1111111111.
1463 3675 1557 3764 1240,
1579 3683 1686 3766 Aac.
1707 3689 1760 3752 23.

299 3803 382 3874 arey.
400 3804 449 3859 rx
466 3803 533 3874 ary.
550 3805 612 3860 11.
632 3803 714 3874 xrr,
733 3807 775 3858 ro.

528 4015 675 4090 Nobili
701 4015 801 4090 viro
830 4013 1073 4089 Guillelmo
1101 4013 1255 4088 comiti
1281 4013 1513 4108 palatino¹.

304 4168 377 4233 Etsi
405 4165 607 4232 ferventibus
637 4166 746 4252 impiis
781 4167 872 4231 velut
902 4185 992 4230 mare
1018 4164 1111 4229 Petri
1142 4163 1294 4229 navicula
1327 4171 1558 4251 tempestatum
1595 4163 1780 4229 turbinibus
1815 4170 1848 4230 et
1864 4181 1985 4234 111111.

198 4275 414 4362 procellarum
442 4272 594 4336 fluctibus
623 4272 782 4357 agitetur,
813 4291 983 4357 speramus
1012 4275 1123 4335 111111
1153 4269 1186 4333 11
1214 4289 1270 4348 eo,
1300 4269 1354 4333 eui
1383 4269 1474 4333 renti
1502 4273 1536 4334 et
1563 4289 1651 4332 mare
1682 4266 1847 4348 obediunt,
1863 4285 2006 4340 1111111.

198 4379 274 4464 qui·
305 4376 483 4464 procellam
511 4375 673 4440 convertit
701 4375 734 4438 in
760 4395 893 4454 euram,
926 4371 1013 4459 quod
1040 4377 1256 4457 tempestates
1282 4370 1469 4436 huiusmodi
1496 4376 1530 4436 st
1556 4370 1701 4457 procelle
1731 4370 1847 4456 ipsam,

198 4482 261 4547 etsi
285 4500 434 4565 mergere
461 4481 604 4560 valeant,
627 4499 692 4544 non
716 4478 939 4562 submergent,
963 4477 1040 4562 quia
1061 4474 1209 4540 residens
1233 4476 1265 4540 in
1291 4497 1332 4541 ea
1350 4473 1511 4540 Dominus
1533 4475 1693 4539 iustorum
1715 4471 1848 4539 tandem

198 4584 396 4649 clamoribus
419 4583 599 4664 excitatus,
629 4581 705 4646 dum
728 4582 822 4665 lugat
843 4581 979 4666 spiritus
1001 4578 1206 4644 insufflantes
1230 4584 1263 4644 et
1284 4579 1366 4643 mari
1385 4577 1557 4662 ventisque
1581 4577 1735 4663 imperat,
1759 4576 1849 4642 dabit

199 4687 327 4752 reddita
350 4687 527 4753 serenitate
551 4685 771 4770 tranquillum.
817 4683 857 4748 Iu
880 4705 919 4749 1ο
943 4683 1043 4768 igitur
1065 4680 1217 4746 fiduciam
1239 4687 1272 4746 te
1295 4702 1417 4768 ponere
1438 4681 1619 4767 cupientes,
1641 4680 1848 4747 devotionem

199 4798 289 4859 tuam
311 4812 481 4856 monemus
504 4796 538 4855 et
559 4788 728 4854 hortamur
749 4793 875 4852 attente
898 4808 937 4852 ac
959 4808 1019 4874 per
1040 4786 1222 4873 apostolica
1245 4784 1304 4849 tibi
1328 4788 1449 4874 scripta
1471 4785 1673 4867 mandamus,
1696 4785 1848 4871 quatinus

198 4899 312 4986 spiritu
336 4896 412 4962 forti
436 4894 608 4960 roboratus
632 4894 812 4959 constantis
835 4893 934 4956 animi
957 4892 1160 4956 munimenta
1182 4887 1363 4974 suscipiens
1387 4889 1486 4954 etad
1509 4888 1736 4954 defensionem
1759 4895 1848 4952 tuam

198 4999 450 5087 magnanimiter
477 5005 509 5064 te
538 4999 728 5083 accingens,
755 4999 789 5062 in
817 4997 881 5063 tide
908 5019 947 5062 ae
974 4997 1148 5063 devotione
1171 4993 1319 5060 Romane
1348 4994 1490 5058 ecclesie
1517 4993 1631 5056 matris
1654 4999 1711 5056 tue
1733 4993 1847 5056 immo-

198 5107 307 5172 biliter
341 5123 554 5191 perseveres,
590 5123 725 5167 securus
761 5123 821 5188 pro
857 5107 947 5167 certo
978 5099 1066 5186 quod
1091 5120 1157 5163 non
1186 5098 1291 5163 (111111
1318 5096 1393 5177 tibi,
1428 5097 1456 5160 si
1490 5116 1573 5182 opus
1601 5093 1715 5175 tuerit,
1747 5093 1849 5182 ipsius

199 5208 339 5275 ecclesie
362 5206 521 5272 auxilium
545 5212 750 5292 oportunum.
795 5205 839 5270 Et
868 5206 895 5270 si
925 5203 1063 5270 eandem
1093 5201 1267 5269 ecelesiam
1289 5201 1471 5266 Romanam
1499 5220 1572 5264 cum
1600 5198 1751 5264 hostibus
1780 5197 1848 5262 suis

121 5335 147 5373 (1
200 5313 241 5378 ad
265 5332 379 5398 pacem
402 5309 511 5375 redire
534 5309 726 5394 contigerit,
756 5316 789 5373 te
812 5329 851 5372 ac
881 5307 1030 5372 homiues
1057 5306 1232 5371 comitatus
1261 5305 1309 5368 tui
1335 5302 1576 5369 ildebrandisei
1604 5301 1645 5367 ad
1667 5301 1849 5366 Romanam

200 5416 375 5484 ecclesiam
408 5415 602 5502 pertinentis
636 5415 726 5501 pacis
756 5419 912 5499 expertes
942 5412 1129 5477 nullatenus
1157 5409 1391 5494 relinquemus.
1439 5406 1484 5472 Et
1511 5415 1548 5472 ut
1576 5407 1639 5472 hoo
1668 5404 1785 5471 melius
1816 5411 1850 5471 et

306 5677 328 5750 ¹)
347 5679 416 5754 quos
434 5677 467 5736 n,
711 5675 736 5746 1)
756 5673 886 5740 rosea·
903 5671 941 5742 cf.
959 5687 985 5726 a.
1006 5671 1104 5724 59711
1123 5669 1188 5722 aas.
