4596 6406
769 424 968 479 EPISTOLAE
986 423 1175 479 subacens.
1213 427 1288 479 1238.
1789 429 1851 489 625

203 602 412 667 consessione
431 601 654 666 intelleximus
670 602 804 665 obiisse.
827 599 924 663 Unde
939 599 1145 664 nobilitatem
1158 605 1246 664 tuam
1263 620 1433 664 monemus
1451 606 1484 664 et
1500 599 1667 663 hortamur
1683 599 1852 676 attentius,

203 707 356 792 quatinus
380 705 557 791 prudenter
579 705 752 769 attendens
776 724 871 789 quam
894 702 996 766 fallax
1019 703 1062 766 sit
1084 702 1234 784 mundus,
1259 703 1326 767 vita
1350 703 1472 780 brevis,
1495 703 1569 766 finis
1593 703 1722 779 dubius,
1746 702 1851 768 horri-

201 811 278 874 bilis
313 811 422 874 exitus
457 818 491 874 ct
524 809 679 875 terribilis
715 807 848 872 tandem
882 807 1001 886 iudex,
1036 829 1100 871 non
1136 807 1307 891 indulgeas
1336 807 1479 871 lacrimis
1512 814 1563 871 set
1586 808 1788 872 orationibus
1819 815 1853 872 ct

202 915 392 980 elemosinis
426 917 536 1001 potius
571 935 667 977 vaces
702 934 760 999 pro
795 918 922 975 mortuo
954 908 1041 996 apud
1063 910 1182 976 Deum.
1228 911 1398 992 Ceterum,
1428 933 1501 975 cum
1525 933 1589 975 non
1614 911 1769 998 expediat
1791 913 1852 975 tibi

207 1025 241 1084 ct
264 1025 350 1084 terre
382 1025 452 1096 tue,
487 1025 524 1082 ut
546 1017 699 1102 coniugio
724 1037 853 1096 careas,
888 1023 938 1079 set
972 1014 1075 1079 nubas
1105 1015 1139 1078 in
1161 1014 1303 1079 Domino
1334 1022 1367 1080 et
1396 1037 1493 1079 vaces
1523 1015 1599 1079 filiis
1628 1016 1851 1102 procreandis,

201 1123 365 1202 volumus,
402 1131 439 1187 ut
462 1121 503 1186 de
526 1127 637 1185 nostro
662 1120 799 1184 consilio
825 1126 858 1183 et
880 1116 1033 1182 mandato
1057 1119 1157 1182 talem
1179 1117 1213 1180 in
1237 1118 1341 1182 virum
1362 1118 1518 1205 recipias,
1554 1120 1608 1204 qui
1632 1126 1665 1184 et
1688 1120 1851 1184 nobilitati

201 1233 255 1290 tue
279 1234 391 1312 gratus
415 1233 449 1290 et
471 1226 567 1291 nobis
590 1224 707 1288 merito
731 1225 773 1286 sit
796 1229 962 1307 acceptus,
985 1244 1024 1286 ac
1047 1228 1167 1287 terram
1191 1229 1224 1286 et
1247 1223 1319 1286 iura
1341 1229 1397 1286 tua
1423 1230 1520 1308 prout
1549 1223 1685 1309 expedit
1714 1225 1747 1287 in
1775 1224 1851 1288 forti

201 1353 297 1394 manu
314 1338 346 1395 et
362 1336 497 1395 extento
519 1329 653 1393 brachio
676 1334 817 1392 tueatur.
861 1325 906 1390 Et
927 1333 964 1390 ut
987 1327 1104 1390 melius
1128 1333 1161 1390 et
1184 1325 1351 1392 efficacius
1374 1325 1416 1390 ad
1439 1327 1596 1392 honorem
1620 1334 1653 1392 et
1675 1328 1850 1392 utilitatem

203 1442 289 1498 tuam
321 1434 406 1519 quod
437 1433 635 1498 intendimus
666 1431 883 1516 compleatur,
916 1431 1120 1516 presentium
1144 1430 1203 1494 tibi
1232 1431 1427 1495 auctoritate
1456 1430 1662 1512 mandamus,
1698 1433 1851 1518 quatinus

200 1561 260 1625 per
287 1538 418 1603 fidelem
449 1539 597 1602 nuntium
628 1543 661 1600 et
690 1534 881 1610 discretum,
917 1535 968 1597 cui
999 1535 1097 1599 etiam
1132 1533 1360 1599 consentiendi
1392 1535 1425 1599 in
1460 1536 1565 1600 virum
1598 1543 1632 1600 ct
1663 1537 1790 1600 iurandi
1817 1538 1850 1600 in

200 1642 341 1706 animam
368 1648 458 1706 tuam
491 1642 518 1706 si
547 1663 628 1726 opus
659 1639 759 1703 fucrit
788 1644 988 1724 potestatem
1018 1637 1194 1720 concedas,
1228 1640 1432 1704 voluntatem
1456 1646 1546 1703 tuam
1575 1640 1670 1704 nobis
1698 1641 1852 1705 celeriter

201 1746 383 1812 rescribere
406 1767 472 1809 non
494 1751 685 1831 postponas.

308 1866 384 1932 Dat.
407 1867 559 1932 Lateran.
583 1865 618 1930 II
640 1865 715 1930 Kal.
739 1863 828 1944 Maii,
851 1885 937 1928 anno
961 1861 1164 1928 duodecimo.

311 2007 349 2071 In
366 2007 506 2072 eundem
529 2007 598 2072 fere
622 2005 752 2069 modurn
778 2054 810 2071 ..
833 2004 945 2068 abbati
963 2003 1188 2068 Sacrariensi¹
1212 2005 1475 2070 Camaldulensis
1497 2005 1619 2070 ordinis
1638 2006 1850 2071 Plorucensis

205 2111 346 2176 diocesis
370 2133 474 2197 usque
502 2113 535 2174 in
563 2111 671 2174 finem.
716 2108 860 2194 Ideoque
890 2106 1096 2187 mandamus,
1131 2109 1283 2193 quatinus
1317 2110 1455 2174 eiandcrn
1493 2109 1711 2174 donniccllam
1745 2110 1785 2173 ad
1818 2109 1850 2173 id

200 2216 379 2278 efficaciter
408 2236 543 2279 moneas
567 2221 601 2278 et
629 2213 774 2277 inducas.
827 2209 871 2274 Et
899 2211 977 2296 quia
1005 2233 1072 2274 non
1103 2211 1248 2298 expedit,
1276 2221 1313 2277 ut
1337 2219 1424 2277 terra
1449 2235 1517 2290 sua,
1541 2234 1604 2298 que
1628 2220 1680 2277 est
1702 2213 1850 2276 Romane

200 2319 340 2383 eeclesia
364 2317 552 2405 specialis²,
576 2316 617 2381 ad
641 2338 755 2380 manus
779 2316 917 2380 alieuius
942 2314 1105 2394 deveniat,
1130 2315 1185 2400 qui
1208 2337 1272 2380 non
1297 2317 1340 2380 sit
1362 2315 1470 2380 fidelis
1498 2315 1585 2380 sedis
1608 2317 1789 2403 apostolice
1813 2339 1851 2380 ac

200 2422 349 2502 devotus,
381 2423 412 2486 ci
442 2420 503 2485 sub
526 2420 694 2484 fidelitatis
704 2431 718 2459 ‘¹
741 2427 774 2484 ct
795 2440 882 2505 pena
905 2419 1252 2484 excommunicationis
1276 2421 1413 2484 firmiter
1436 2420 1585 2485 inhibere
1608 2442 1779 2507 procures,
1810 2441 1850 2484 ne

200 2547 273 2590 eum
297 2526 406 2610 aliquo
430 2525 602 2591 contrahat
624 2525 747 2609 absque
771 2530 886 2587 nostra
908 2523 1042 2588 licentia
1065 2523 1212 2609 speciali.

307 2645 384 2710 Dat.
409 2645 563 2714 Lateran.
587 2646 635 2711 IV
658 2645 772 2712 Nonas
795 2644 885 2710 Maii.

820 2911 1230 2918 u——u—-u—-q-m

983 3136 1069 3211 727.

306 3249 355 3345 G
357 3279 498 3360 reperias
520 3279 575 3342 IX
603 3301 692 3360 papa
714 3278 891 3343 Hearicnrn
924 3279 1032 3343 duceni
1055 3279 1190 3344 Silesiae
1223 3283 1253 3343 ct
1286 3279 1464 3344 Graeculae
1496 3283 1608 3356 nicrret,
1646 3283 1681 3342 at
1710 3299 1852 3343 arcessas

199 3385 334 3450 chrici
357 3384 463 3464 patris
490 3383 542 3446 sai
571 3383 685 3446 irrortui
709 3382 771 3446 sibi
798 3383 962 3462 displicere
989 3404 1115 3463 orariam
1145 3383 1334 3448 ealciditione
1359 3384 1560 3460 demonstret,
1598 3384 1686 3464 eique
1713 3383 1852 3463 rrrcndat,

199 3493 234 3552 nt
255 3487 430 3573 [Falconi]
451 3485 680 3564 archiepiscopo
711 3489 740 3550 ct
772 3486 917 3550 ccclesiae
948 3485 1128 3550 Gncsnensi
1149 3485 1186 3551 de
1212 3485 1339 3550 damnis
1371 3490 1400 3551 et
1431 3487 1563 3550 iniuriis
1593 3487 1695 3552 illatis
1721 3488 1853 3568 plenam

199 3592 449 3678 satisfactionem
470 3589 631 3670 impericiat
652 3593 680 3653 ct
702 3589 743 3654 ab
765 3590 905 3671 ipserum
927 3589 1180 3670 oppressionibus
1196 3591 1328 3671 penitas
1349 3590 1553 3672 conquiescat.

1491 3697 1584 3772 1238,
1607 3693 1692 3760 Mai.
1713 3693 1765 3758 25.

304 3834 387 3903 (ἔτερ.
398 3831 446 3884 IX
463 3831 528 3898 Rep.
542 3830 601 3884 Vol.
614 3829 664 3892 VI,
682 3835 733 3892 235
751 3830 815 3884 Lib.
834 3830 908 3897 XII,
928 3835 987 3884 127.
1025 3831 1143 3886 Edirnns
1161 3831 1232 3888 lianc
1251 3833 1392 3901 epistolam
1410 3850 1445 3886 ca
1463 3831 1851 3901 Rayn.nnn.eccl.a.1aes,

198 3922 215 3984 §
234 3923 352 3981 56—0'8,
373 3917 526 3988 suppletum
544 3921 569 3969 et
587 3922 736 3970 ccmectcrn
754 3933 788 3970 cx
810 3915 936 3985 Thelser,
955 3917 1034 3972 Mon.
1053 3919 1113 3972 Pol.
1132 3925 1150 3973 t.
1169 3919 1196 3986 1,
1211 3936 1238 3988 p.
1258 3925 1302 3986 33,
1319 3936 1346 3972 a.
1366 3923 1398 3972 71
1416 3918 1478 3988 [T],
1496 3918 1543 3987 qni
1560 3918 1625 3986 1209.
1645 3917 1799 3988 casmipait.

304 4021 439 4087 ranan,
457 4021 523 4092 Rea.
542 4025 643 4076 rocos.

450 4252 698 4346 Gregorius
725 4259 801 4327 etc.
828 4251 968 4326 nobili
996 4254 1090 4327 viro
1118 4254 1306 4330 Henrieo
1335 4256 1434 4330 duci
1461 4255 1602 4330 Zlesie

870 4380 914 4446 et
941 4367 1180 4449 Cracovie'.

308 4522 488 4608 Cupientes
522 4529 558 4584 ut
587 4521 628 4584 ab
661 4521 886 4586 adolescentia
914 4531 971 4586 tua
998 4523 1107 4587 timori
1136 4522 1269 4588 Domini
1298 4535 1332 4590 et
1361 4527 1462 4590 anteri
1485 4528 1707 4592 assuefaciens
1732 4536 1850 4592 temet-

200 4627 324 4712 ipsum,
358 4626 444 4711 apud
466 4625 574 4689 Deum
598 4633 631 4690 et
654 4626 804 4690 homines
828 4627 874 4690 sie
897 4628 1049 4713 proficias
1073 4628 1236 4714 sapientia
1260 4637 1293 4694 et
1316 4637 1415 4709 etate,
1448 4638 1484 4694 ut
1506 4631 1609 4717 patris
1640 4633 1687 4696 tui
1712 4633 1991 4718 vestigatur-22⁵2·

199 4731 372 4816 presertim
396 4731 428 4794 in
453 4729 722 4815 oppressionibus
745 4731 959 4795 eeclesiarum
983 4739 1018 4796 et
1040 4733 1233 4797 clericorum
1257 4755 1322 4796 non
1344 4733 1501 4799 imitanda
1524 4737 1723 4821 relinquens,
1747 4739 1851 4802 eccle·

203 4835 268 4898 sias
291 4841 325 4898 ct
347 4854 505 4919 personas
528 4833 772 4898 ecclesiasticas
801 4835 856 4920 pio
886 4857 1017 4922 semper
1045 4844 1079 4900 et
1110 4844 1261 4922 prompto
1288 4839 1457 4903 venereris
1485 4841 1621 4921 affectu,
1653 4840 1795 4904 libenter
1817 4846 1849 4904 te

203 4937 389 5002 salubribus
423 4936 554 5000 monitis
589 4939 828 5023 premunimus,
866 4961 928 5025 que
959 4948 1049 5005 tanto
1081 4942 1180 5005 altius
1213 4941 1301 5006 cordi
1338 4948 1393 5006 tuo
1428 4942 1551 5008 debent
1583 4945 1691 5030 infigi,
1729 4952 1850 5030 quanto

200 5043 316 5106 fortius
339 5041 497 5106 honoram
521 5048 611 5105 tuum
635 5043 813 5127 respiciunt
836 5051 869 5108 et
892 5046 1049 5120 salutem;
1079 5046 1190 5132 etqui
1213 5045 1280 5110 dux
1303 5067 1338 5110 es
1362 5046 1434 5110 aliis
1458 5048 1669 5122 constitutus,
1697 5045 1850 5111 ducatum

199 5155 291 5211 tuum
323 5153 356 5211 ct
383 5143 536 5230 quicquid
563 5143 683 5224 habes,
717 5145 815 5210 immo
850 5148 1003 5233 quicquid
1031 5171 1083 5229 es,
1119 5151 1161 5214 ab
1186 5150 1411 5214 universorum
1441 5149 1572 5214 domino
1600 5172 1849 5236 recognoscens,

201 5251 247 5316 sic
282 5258 315 5315 te
345 5251 450 5336 ipsum
484 5270 544 5335 per
571 5249 773 5312 rectitudinis
801 5250 887 5314 viam
915 5251 1033 5333 ducas,
1068 5253 1154 5338 quod
1185 5237 1227 5317 ab
1256 5254 1327 5318 cius
1357 5254 1574 5340 beneplacitis
1608 5275 1673 5318 non
1703 5253 1849 5320 recedas.

306 5563 328 5630 ·)
345 5565 383 5614 aa
401 5563 434 5615 n.

121 5685 148 5729 ω
306 5665 333 5732 1)
351 5665 414 5720 Siue
434 5667 629 5734 Soccarn'ensi5
657 5668 854 5724 nwnarnrians
877 5673 976 5742 postea
993 5667 1144 5724 desolatam
1165 5675 1221 5738 θεός
1249 5669 1340 5738 Fara,
1365 5671 1399 5726 dc
1421 5671 1546 5743 elicropr.
1566 5669 1730 5737 Sardiniae,
1758 5689 1788 5742 p.
1808 5675 1849 5728 61.

199 5751 227 5822 2)
247 5750 290 5822 Cf.
310 5751 422 5820 er‘nelt,
440 5753 458 5807 l.
476 5768 498 5808 c.

302 5852 365 5908 aaa.
382 5853 465 5908 Pcrr.
483 5853 504 5908 1.
1269 5859 1277 5872 ¹
1611 5854 1644 5910 ia
