4448 6420
407 382 469 443 218
996 376 1043 430 Ex
1062 376 1218 431 HONOltII
1237 375 1276 429 Ill
1295 373 1474 428 REGISTRO

406 550 518 630 Porro,
543 557 579 614 ut
601 550 780 630 credimus,
804 550 925 614 tenelle
949 549 1086 614 infantie
1110 549 1252 614 nondum
1274 551 1373 614 finem
1396 548 1572 631 attigeras,
1603 567 1676 610 cum
1700 545 1819 630 impius
1842 541 2059 622 Mercualdus,

405 653 453 717 tui
476 654 616 718 nominis
640 652 805 718 detractor
826 653 971 739 perfidus
993 653 1173 738 avidusque
1197 659 1326 717 tuorum
1348 652 1490 729 invasor,
1514 649 1606 734 regni
1624 647 1736 712 Sicilie
1759 652 1862 712 m'etas
1884 667 2060 732 aggressus

406 756 556 842 ultraque
580 777 695 821 manus
718 757 897 821 invasionis
920 755 1120 835 extendens,
1149 755 1296 820 Mentem
1320 755 1475 819 Casinum
1502 751 1653 817 obsedit¹
1683 757 1717 816 et
1746 750 1921 815 insultibus
1948 751 2059 815 multis

406 860 557 945 impetiit,
580 881 740 924 exercens
765 860 815 924 sui
838 860 937 924 robur
954 859 1118 924 exereitus
1141 858 1182 923 ad
1205 865 1372 946 speratum
1389 856 1618 922 exterminium
1635 855 1808 941 captionis.
1854 853 1921 918 Sed
1942 855 1976 918 in
1999 855 2059 919 hoc

406 963 547 1028 ecclesie
571 962 756 1028 sollicitudo
778 984 845 1027 non
869 962 989 1043 defuit,
1019 984 1082 1047 que
1110 985 1170 1048 per
1196 962 1278 1028 duos
1307 961 1490 1026 cardinales
1523 981 1596 1026 cum
1627 959 1738 1023 multis
1762 956 1920 1022 militibus
1944 964 1978 1023 et
2000 979 2058 1023 ex-

405 1065 517 1152 pensis
540 1086 605 1129 non
628 1066 764 1131 modicis
781 1066 947 1130 efficacem
971 1087 1102 1131 manum
1124 1066 1240 1130 auxilii
1262 1066 1410 1152 porrexit
1425 1065 1581 1138 obsessis,
1604 1063 1691 1126 vires
1706 1061 1868 1126 invasoris
1885 1060 2060 1125 debilitans

407 1176 441 1233 et
469 1175 606 1233 conatus
636 1168 817 1235 obsidentis
844 1169 982 1236 elidens.
1028 1169 1177 1255 Cumque
1208 1169 1389 1234 obsidionis
1418 1170 1527 1234 exitus
1556 1167 1736 1232 exultantis
1759 1186 1824 1230 non
1847 1164 2061 1252 responderet

406 1271 548 1349 affectui,
572 1277 606 1336 st
628 1279 805 1358 prorogata
828 1294 886 1360 spe
903 1273 1105 1338 defensionis
1129 1273 1170 1337 ad
1194 1273 1276 1337 alios
1299 1270 1475 1337 resistendi
1498 1271 1641 1336 animum
1660 1274 1866 1334 resumerent
1889 1269 2061 1346 convicini,

407 1395 443 1438 se
466 1374 596 1459 iniquus
624 1375 681 1440 ille
713 1376 747 1439 in
771 1374 916 1440 Siciliam
948 1376 1131 1456 transtulit,
1159 1380 1196 1440 ut
1218 1374 1281 1455 ibi,
1312 1375 1340 1438 si
1363 1373 1403 1438 de
1436 1395 1579 1460 persona
1601 1373 1690 1456 regis
1713 1371 1868 1437 desiderii
1891 1371 1941 1435 sui
1964 1372 2061 1436 finem

407 1478 601 1562 attingeret,
638 1478 679 1542 ad
707 1479 802 1563 regni
829 1478 997 1563 fastigium
1030 1478 1100 1542 sine
1130 1476 1332 1541 difficultatis
1362 1477 1531 1542 obstaculo
1566 1475 1765 1563 perveniret.
1822 1473 1889 1540 Sed
1922 1495 1983 1538 nec
2014 1474 2060 1537 ibi
2121 1503 2132 1536 a

407 1581 620 1667 protectionis
644 1582 740 1646 solite
757 1581 927 1646 dexteram
952 1581 1116 1646 subtraxit
1139 1581 1289 1660 eeclesia,
1313 1581 1445 1645 mittens
1470 1581 1547 1644 illue
1570 1581 1655 1645 bone
1679 1579 1836 1644 memorie
1853 1575 2058 1665 C[ynthium]

408 1684 495 1748 tituli
512 1683 624 1749 Sancti
641 1683 833 1748 Laurentii²
855 1685 1085 1771 presbyterum
1108 1685 1319 1764 cardinalem,
1343 1684 1446 1749 nobili
1469 1685 1537 1749 viro
1561 1683 1680 1748 comite
1698 1681 1843 1747 Iacobo²
1866 1681 2061 1746 consobrino

408 1787 548 1875 predicti
581 1787 825 1874 predecessoris
855 1789 959 1852 nostri
989 1788 1100 1852 multis
1129 1789 1291 1854 associato
1318 1789 1474 1853 militibus
1501 1790 1534 1853 in
1563 1789 1610 1853 tui
1641 1785 1823 1852 subsidium
1850 1785 2061 1850 nihilominus

408 1890 582 1955 destinato.
627 1891 722 1955 Alius
745 1891 844 1955 etiarn
861 1889 1035 1954 cardinalis
1059 1891 1119 1955 tibi
1135 1891 1343 1976 postmodum
1360 1893 1471 1956 extitit
1486 1892 1673 1979 deputatus,
1697 1890 1752 1973 qui
1776 1889 1841 1953 tuis
1863 1888 2061 1954 utilitatibus

408 2014 474 2057 non
497 1992 654 2058 remissus
677 1993 723 2058 ibi
745 1993 831 2058 diem
856 1994 974 2057 elausit
997 1999 1190 2070 extremum,
1215 2004 1455 2081 consequenter
1477 1995 1541 2059 alio
1564 1994 1751 2070 substituto,
1773 1999 1810 2056 ut
1833 1991 2061 2057 sollicitudinis

409 2096 519 2162 debite
543 2096 712 2183 plenitudo
741 2097 828 2162 cirea
857 2102 912 2162 tue
944 2119 1085 2184 persone
1116 2099 1299 2164 custodiam
1328 2122 1394 2164 non
1420 2099 1564 2165 deesset.
1607 2100 1739 2163 Interea
1760 2095 1917 2183 Diopuldi
1940 2096 2063 2160 malitia

408 2201 505 2284 longe
527 2199 659 2284 lateque
682 2199 802 2265 diffusa
825 2200 872 2264 sio
897 2221 932 2266 se
956 2222 1016 2286 per
1037 2209 1149 2287 partes
1164 2203 1285 2289 Apulia
1308 2225 1346 2268 ac
1363 2203 1466 2268 Terre
1480 2203 1620 2268 Laboris
1644 2200 1848 2278 extenderat,
1872 2205 2062 2284 tantumque

409 2310 580 2391 receperat
601 2304 809 2384 inerementi,
841 2303 927 2389 quod
961 2305 1095 2369 obtenta
1118 2305 1159 2370 de
1182 2304 1310 2394 Pletrol
1335 2307 1497 2392 quondam
1529 2307 1648 2370 comite
1673 2304 1789 2370 Gelani
1810 2302 1976 2378 victoria³,
2006 2323 2062 2388 pro

408 2406 523 2471 maiori
549 2405 619 2471 fere
641 2412 734 2492 parte
757 2407 905 2472 homines
929 2409 1073 2492 regionis
1104 2430 1163 2473 suo
1187 2410 1373 2496 applicabat
1399 2411 1535 2474 arbitrio
1566 2429 1690 2494 suoque
1714 2407 1857 2472 dominio
1880 2405 2064 2484 addicebat,

408 2510 442 2574 in
465 2510 592 2594 aliquos
617 2509 702 2574 sicut
723 2516 877 2596 poterant
900 2511 1092 2577 resistentes
1116 2533 1155 2576 eo
1177 2512 1341 2578 crudelius
1358 2513 1584 2592 debachando,
1607 2534 1671 2598 quo
1693 2512 1800 2575 minus
1822 2510 1863 2576 de
1885 2531 2062 2596 paucorum
2123 2543 2134 2574 a

410 2618 444 2678 et
473 2612 643 2677 humilium
671 2612 809 2678 timebat
838 2615 1014 2699 repagulo,
1050 2616 1106 2700 qui
1135 2615 1176 2680 de
1204 2618 1380 2681 multorum
1408 2627 1442 2683 et
1470 2616 1659 2682 sublimium
1686 2615 1810 2680 viribus
1840 2613 2065 2700 triumpharat.

410 2714 557 2802 Cumque
580 2717 614 2780 in
637 2717 785 2802 partibus
809 2718 875 2782 illis
898 2739 963 2782 non
993 2719 1130 2783 haberet
1153 2720 1295 2785 ccclesia
1318 2742 1414 2807 quem
1442 2721 1586 2807 erigeret
1610 2726 1722 2784 contra
1745 2719 1852 2797 illum,
1880 2717 2064 2802 multosque

410 2825 559 2906 sumptus
587 2821 734 2886 amiserit
766 2821 799 2884 in
831 2821 1018 2886 hominibus
1047 2823 1208 2906 regionis,
1241 2845 1304 2909 que
1337 2846 1396 2910 pro
1428 2831 1462 2889 te
1495 2825 1559 2888 iam
1591 2823 1670 2888 feeit
1698 2841 1861 2908 expensas
1889 2821 2065 2884 multorum

411 2923 536 2987 milium
569 2925 754 3004 unciamm,
796 2931 931 3011 recepto
971 2925 1013 2989 ad
1047 2947 1129 3012 opus
1164 2927 1212 2990 tui
1245 2948 1265 2991 a
1302 2924 1487 3014 Glualterol
1531 2927 1649 2992 comite
1684 2923 1847 3012 quondam
1879 2923 2065 2988 Brensnsi⁴

411 3025 579 3092 fidelitatis
609 3029 740 3113 publice
768 3027 967 3108 iuramento,
999 3029 1106 3115 ipsum
1134 3030 1223 3094 misit
1245 3031 1278 3094 in
1302 3051 1454 3115 regnum,
1486 3037 1523 3096 ut
1549 3051 1610 3115 per
1639 3051 1714 3095 eum
1746 3029 1824 3093 elati
1846 3027 2066 3112 confringeret
2112 3054 2133 3090 a

411 3150 534 3194 cornua
555 3130 688 3195 inimici.
726 3131 892 3217 Numquid
914 3132 1009 3196 huicb
1033 3132 1095 3196 fuit
1112 3134 1322 3198 commissum
1345 3132 1484 3220 perdere
1507 3139 1669 3220 puerum?
1712 3130 1867 3217 Nunquid
1888 3131 1984 3195 huic⁰
2007 3131 2068 3195 fuit

412 3232 570 3299 creditum
603 3235 744 3320 spoliare
775 3235 956 3321 pupillum?
1002 3235 1053 3301 De
1084 3237 1202 3301 throno
1234 3235 1299 3301 Dei
1330 3237 1495 3301 sententia
1523 3235 1676 3322 prodeat,
1707 3241 1741 3300 et
1770 3236 1873 3299 virtus
1903 3233 2066 3299 Altissimi

413 3341 538 3401 rectum
553 3337 709 3402 iudicium
725 3344 889 3424 operetur,
914 3339 942 3403 si
965 3339 1122 3404 adversus
1140 3341 1314 3405 ecelesiam
1332 3348 1420 3404 tuam
1438 3340 1669 3406 excellentiam
1686 3338 1796 3404 decuit
1818 3339 1898 3402 talia
1921 3337 2066 3416 eredere,

413 3441 441 3505 si
465 3439 579 3505 debuit
601 3461 644 3506 ex
666 3441 718 3505 his
742 3449 900 3528 concepta
916 3442 1092 3508 credulitas
1116 3445 1149 3507 in
1171 3451 1300 3531 parturn
1322 3445 1453 3530 prodire
1470 3443 1669 3523 huiusmodi,
1691 3448 1728 3508 ut
1748 3441 1857 3508 verbis
1880 3447 1916 3507 et
1938 3440 2065 3527 scriptis

413 3541 586 3630 expositad
610 3544 644 3608 in
666 3544 798 3630 publico
822 3554 1035 3630 compareret.
1082 3545 1148 3612 Sed
1164 3547 1274 3611 forsan
1297 3547 1358 3611 hoc
1374 3547 1483 3612 divina
1498 3545 1703 3633 providentia
1718 3545 1832 3625 voluit,
1855 3551 1892 3609 ut
1906 3544 2066 3609 habeatur
2108 3565 2129 3604 a·

413 3647 446 3712 in
468 3652 636 3732 posterum
660 3648 788 3712 cautela
818 3650 963 3714 securior
986 3671 1028 3714 ex
1051 3651 1192 3736 proviso.
1238 3650 1335 3715 Circa
1358 3651 1523 3715 hominem
1548 3649 1710 3734 siquidem
1736 3648 1890 3729 alienum,
1915 3669 2011 3734 quem
2034 3648 2065 3712 in

414 3749 492 3815 sede
515 3749 618 3836 patris
642 3749 699 3829 tui,
724 3750 751 3814 si
775 3757 886 3816 tamen
908 3753 1010 3838 patris
1035 3753 1131 3817 sedes
1155 3753 1219 3818 dici
1242 3752 1373 3832 debeat,
1397 3774 1459 3838 que
1482 3775 1546 3817 non
1571 3752 1790 3817 successionis
1814 3750 1873 3816 sed
1896 3750 2064 3816 electionis

412 3853 483 3918 iure
507 3851 667 3930 defertur,
691 3860 836 3918 erectum
859 3855 979 3920 fuisse⁰
1002 3857 1209 3942 predixeras,
1240 3863 1296 3922 tua
1317 3857 1459 3921 urinamf
1488 3856 1646 3921 adversus
1670 3855 1843 3920 ecclesiam
1865 3853 2066 3919 substitisset

413 3957 565 4038 invectio,
590 3977 630 4021 eo
654 3955 739 4042 quod
754 3957 875 4022 veritas
899 3967 1020 4044 negata
1042 3959 1082 4024 de
1106 3960 1247 4046 publicis
1270 3961 1377 4024 minus
1401 3960 1556 4045 relinquit
1578 3958 1654 4023 fidei
1677 3958 1718 4023 de
1742 3959 1889 4023 occultis.
1933 3957 2064 4022 Nullum

414 4061 501 4124 eninr
524 4061 680 4144 angulum
703 4061 786 4124 latet
807 4061 951 4147 imperii,
980 4061 1066 4146 quod
1089 4063 1286 4148 imperatore
1309 4063 1454 4127 Henrico
1478 4060 1633 4126 defuncto
1657 4059 1789 4146 quidam
1811 4061 1889 4125 olim
1911 4060 2063 4146 Philippo

414 4162 576 4248 quondam
592 4161 668 4227 duci
684 4161 815 4244 Suavis,
831 4173 891 4228 acg
910 4164 1034 4228 Othoni
1050 4164 1258 4252 postmodum
1278 4165 1467 4251 imperatori
1483 4165 1597 4228 divisis
1610 4164 1833 4229 voluntatibus
1857 4163 2065 4236 adheserunt,

412 4266 457 4331 Et
479 4267 558 4331 licet
580 4264 667 4330 idem
689 4264 862 4352 Philippus
886 4288 1005 4332 nomen
1028 4276 1120 4333 tuum
1143 4269 1247 4354 primo
1270 4267 1487 4356 pretenderit,
1520 4267 1561 4332 ad
1585 4289 1620 4332 sc
1643 4273 1761 4354 postea
1783 4268 1944 4332 convertit
1966 4289 2065 4354 nego·

414 4368 511 4448 tium,
542 4367 589 4431 sie
617 4366 717 4432 illudh
737 4368 990 4434 succedentibus
1014 4371 1179 4457 prosperis
1204 4371 1271 4435 suis
1294 4371 1490 4435 utilitatibus
1515 4371 1701 4456 applicans,
1734 4369 1821 4455 quod
1849 4391 1917 4435 non
1939 4371 2005 4436 iam
2027 4369 2065 4434 de

414 4472 484 4536 iure
506 4470 678 4536 dubitabat
700 4473 839 4558 imperii,
863 4474 922 4538 sed
945 4496 1038 4562 spem
1061 4475 1101 4538 ad
1126 4475 1374 4561 occupationem
1391 4475 1485 4559 regni
1502 4473 1613 4539 Sicilie
1629 4473 1839 4561 prorogabat,
1855 4469 2064 4561 L[upoldum]

414 4574 577 4660 quondam
605 4573 888 4642 Wormaciensem
923 4578 1135 4664 episcopum⁵
1169 4577 1210 4641 ad
1244 4578 1307 4642 hoc
1343 4579 1487 4644 mittens.
1543 4577 1582 4641 In
1616 4577 1667 4642 his
1702 4577 1802 4642 etiam
1830 4583 1887 4641 tuo
1921 4576 2064 4643 subsidio

414 4677 595 4763 apostolice
632 4677 720 4742 sedis
749 4680 955 4764 providentia
987 4701 1051 4744 non
1079 4680 1215 4760 deiecit,
1248 4681 1295 4745 sie
1327 4681 1374 4745 illi
1404 4702 1465 4766 per
1493 4687 1711 4744 memoratum
1739 4678 1776 4744 O.
1807 4679 2006 4746 cardinalem
2035 4687 2067 4745 et

413 4781 588 4845 nonnullos
610 4781 752 4846 vasallos
785 4785 925 4848 ecclesie
953 4783 1112 4848 resistens
1140 4784 1175 4847 in
1197 4783 1358 4865 Marchia,
1390 4782 1477 4868 quod
1505 4788 1641 4848 conatus
1669 4781 1822 4848 contrivit
1848 4782 2005 4849 adversos
2035 4791 2068 4848 et

414 4881 606 4948 interdictus
630 4889 682 4948 est
703 4884 854 4952 hostibus
877 4887 974 4952 etiam
998 4888 1039 4951 ad
1062 4888 1184 4974 primos
1201 4889 1294 4973 regni
1309 4888 1391 4952 fines
1408 4908 1573 4952 accessus.
1618 4887 1772 4973 Philippo
1790 4885 1922 4952 tandem
1940 4887 2066 4952 sublato

414 4985 455 5051 de
478 4985 602 5068 medio,
631 4985 767 5069 Othoni,
791 5011 889 5075 quem
912 4991 1054 5055 omnium
1076 4991 1263 5078 principum
1285 4992 1438 5057 roborata
1461 4991 1678 5056 consensibus
1702 4991 1917 5076 presentabat
1939 4992 2066 5070 electio,

521 5245 544 5314 ⁸)
563 5251 693 5300 Laurentii
710 5251 737 5300 in
755 5251 855 5302 Lucina
871 5251 940 5302 H.B.
1022 5251 1047 5317 b)
1065 5253 1113 5302 hoc
1129 5270 1152 5303 r.
1233 5251 1256 5317 ο)
1275 5253 1327 5306 boc,
1341 5271 1362 5302 r.
1444 5251 1467 5318 ιι)
1486 5253 1601 5320 exposita
1618 5251 1773 5303 authenticis
1792 5249 1863 5302 ΗΒ.
1949 5251 1972 5318 ‘)
1989 5253 2067 5304 fuisse

415 5352 460 5403 par
477 5336 610 5388 ecelesiam
628 5335 697 5387 ΗΒ.
780 5333 803 5402 Ι)
821 5339 959 5403 prudenter
976 5357 998 5389 r.
1080 5335 1103 5402 ιι)
1122 5338 1226 5404 quidam
1244 5337 1313 5388 AB.
1396 5337 1419 5402 ¹¹)
1437 5339 1511 5390 illum
1527 5357 1549 5389 r.

516 5488 543 5556 1)
562 5487 649 5542 Initio
666 5490 749 5556 11995
765 5487 801 5557 cs.
820 5487 1032 5558 Setimnacaer,
1049 5489 1153 5543 Kaisar
1170 5489 1268 5543 Fried.
1285 5490 1329 5554 11,
1348 5497 1367 5544 t.
1386 5490 1411 5555 1,
1425 5507 1456 5560 p.
1475 5496 1517 5545 17.
1577 5490 1606 5554 2)
1626 5489 1727 5558 sciar
1745 5488 1778 5542 dc
1795 5487 1901 5543 Iacobo
1921 5485 2069 5543 amatim·

413 5573 497 5656 dicto,
515 5573 642 5628 Andriae
655 5577 755 5643 postca
772 5574 876 5629 comae.
912 5573 978 5630 Η.Β.
1065 5575 1095 5643 3)
1110 5579 1192 5645 1200,
1209 5589 1298 5630 mesae
1314 5575 1408 5630 Iunio.
1496 5577 1525 5646 4)
1544 5577 1588 5630 Dc
1607 5592 1639 5631 eo
1656 5574 1693 5646 cs.
1712 5574 1927 5639 amimam,
1942 5591 1974 5648 p.
1990 5577 2067 5628 aaa

413 5663 487 5730 sequ.
558 5661 586 5730 5)
604 5659 642 5731 cf.
661 5661 869 5716 Schimnccher
882 5677 913 5730 p.
930 5665 970 5716 28
986 5667 1011 5716 at
1027 5677 1100 5733 sequ.
