4448 6420
698 331 898 392 EPIS'IOLAE
916 331 1105 392 SELEG‘I'AE.
1141 335 1217 390 1224.
1724 337 1782 403 181

133 510 288 576 merearis
313 510 469 597 consequi
494 512 738 598 sempiternum.
785 509 872 576 Sane
896 531 1056 597 supereo
1080 511 1168 596 quod
1191 509 1231 576 de
1254 510 1408 597 passagio
1424 509 1583 575 carissimi
1607 511 1640 575 in
1657 509 1787 576 Ohristo

133 615 190 679 filii
213 615 317 679 nostri
341 614 516 695 Friderici,
550 616 687 678 illustris
710 614 933 680 Romanorum
957 615 1165 699 imperatoris
1189 635 1319 701 semper
1341 615 1472 700 augusti
1496 622 1530 679 et
1552 615 1639 700 regis
1663 613 1787 697 Sicilie,

134 716 305 780 certificari
323 714 502 799 desideras,
526 724 558 782 te
581 740 620 782 ac
644 717 818 783 exfortium
841 725 933 782 tuum
957 717 1000 782 ad
1022 718 1126 803 ipsius
1142 717 1243 783 Terre
1261 718 1380 783 Sancte
1404 739 1593 782 succursum
1615 718 1787 802 magnifice

135 817 322 898 offerendo,
359 818 437 884 fidei
479 827 533 885 tue
568 821 675 885 zelum
710 822 743 884 in
774 820 916 886 Domino
952 820 1218 886 commendantes
1255 821 1314 885 tibi
1347 822 1545 886 auctoritate
1584 821 1788 908 presentium

134 921 358 1003 declaramus,
397 921 483 1007 quod
520 923 608 988 idem
645 924 823 1010 imperator
857 924 899 988 ad
936 924 1041 1010 ipsius
1078 929 1164 988 terre
1198 924 1426 989 liberationem
1460 925 1711 1008 magnanimiter
1749 945 1787 988 ac

134 1025 305 1110 magnifice
329 1047 364 1090 se
388 1027 544 1111 accingit,
578 1048 598 1090 a
627 1027 713 1092 festo
742 1028 848 1091 sancti
879 1028 1035 1091 Iohannis
1058 1026 1201 1113 baptiste
1224 1028 1374 1114 proximo
1398 1026 1438 1092 ad
1461 1049 1582 1092 annum
1604 1049 1705 1092 unum
1727 1047 1787 1113 pro

132 1128 303 1193 liberanda
326 1128 366 1194 dc
389 1130 539 1194 manibus
563 1129 742 1194 infidelium
766 1137 854 1195 terra
881 1132 953 1216 ipsa
976 1151 1051 1193 cum
1073 1131 1245 1194 innumera
1267 1130 1411 1196 fidelium
1434 1131 1643 1196 multitudine
1667 1131 1787 1196 etalio

133 1237 291 1318 apparatu
313 1232 475 1317 imperiali
497 1231 742 1316 magnificentia
764 1232 863 1318 digno
887 1233 1019 1297 Christo
1042 1232 1176 1297 ductore
1199 1233 1339 1298 feliciter
1361 1235 1568 1300 transiturus.
1612 1234 1785 1299 Monemus

132 1336 231 1420 igitur
255 1337 467 1401 serenitatem
489 1343 579 1400 tuam
602 1343 635 1401 et
666 1338 834 1401 hortamur
856 1339 889 1400 iu
912 1336 1073 1414 Domino,
1106 1338 1258 1420 quatinus
1281 1338 1375 1401 iuxta
1396 1338 1594 1402 laudabilem
1618 1336 1787 1423 promissi·

136 1460 231 1503 ouem
255 1445 346 1503 tuam
369 1445 461 1503 tuum
486 1438 619 1504 studeas
643 1440 821 1504 anfortium
852 1441 962 1504 taliter
994 1461 1189 1526 preparare,
1217 1439 1303 1525 quod
1325 1447 1402 1505 tunc
1427 1442 1534 1527 possis
1556 1440 1687 1505 domino
1710 1439 1788 1503 Iesu

134 1541 261 1606 Christo
286 1541 420 1627 dignum
443 1541 666 1627 magnitudine
698 1548 755 1605 tua
784 1543 953 1606 servitium
983 1542 1151 1606 exhibere.
1196 1541 1242 1606 Ut
1271 1549 1380 1608 autem
1409 1550 1445 1608 tu
1469 1549 1502 1607 et
1533 1542 1655 1608 subditi
1676 1541 1723 1606 tui
1746 1539 1787 1604 ad

133 1651 196 1708 tam
221 1652 371 1709 sanctum
402 1667 483 1732 opus
507 1667 564 1711 vos
594 1652 685 1710 tanto
714 1646 872 1710 libentius
904 1653 937 1710 et
960 1645 1110 1710 devotius
1134 1648 1332 1733 preparetis,
1362 1654 1483 1732 quanto
1508 1668 1551 1712 ex
1579 1647 1641 1711 hoc
1664 1645 1788 1709 maiora

132 1748 225 1813 robis
253 1748 340 1834 apud
366 1748 475 1814 Deum
503 1751 630 1836 premia
662 1751 873 1837 comparatis,
908 1750 1112 1814 notificamus
1144 1749 1311 1814 devotioni
1341 1757 1415 1832 tue,
1449 1749 1535 1835 quod
1569 1769 1699 1829 omues,
1732 1747 1789 1833 qui

131 1852 279 1917 laborem
306 1853 406 1917 istum
435 1853 469 1916 in
499 1853 639 1940 propriis
664 1853 816 1940 personis
846 1853 1006 1919 subierint
1036 1861 1070 1919 et
1093 1855 1265 1941 expensis,
1295 1861 1329 1919 et
1356 1856 1404 1918 illi
1431 1855 1546 1933 etiam,
1577 1855 1633 1940 qui
1662 1873 1727 1917 non
1755 1852 1788 1915 iu

134 1955 284 2041 personis
311 1955 455 2041 propriis
489 1956 568 2020 illuc
598 1957 801 2021 accesserint
829 1956 886 2021 sed
918 1958 952 2020 in
982 1957 1049 2021 suia
1081 1957 1237 2043 expensis
1267 1957 1360 2021 iuxta
1391 1957 1564 2022 facultates
1593 1978 1668 2022 suas
1700 1955 1787 2019 viros

132 2057 268 2123 idoneos
292 2057 542 2138 destinaverint,
572 2066 607 2125 et
635 2060 683 2123 illi
707 2059 873 2140 similiter,
904 2059 960 2144 qui
982 2060 1060 2124 licet
1082 2061 1116 2123 in
1138 2060 1255 2124 alienis
1279 2061 1435 2146 expensis
1458 2060 1491 2123 in
1513 2059 1654 2147 propriis
1677 2063 1789 2122 tamen

132 2161 282 2246 personis
305 2163 520 2242 accesserint,
550 2163 681 2248 plenam
710 2169 922 2249 peccatorum
952 2184 1101 2243 suorum,
1133 2162 1173 2228 de
1204 2164 1323 2248 quibus
1345 2184 1423 2228 vere
1453 2163 1584 2228 contriti
1610 2161 1732 2227 fuerint
1755 2166 1788 2226 et

134 2263 286 2343 confessi,
310 2264 439 2328 veniam
463 2264 548 2329 dono
571 2266 750 2354 apostolice
775 2265 977 2350 indulgentie
1002 2273 1253 2350 consequuntur.
1299 2266 1408 2330 Huius
1432 2287 1560 2351 quoque
1584 2263 1787 2330 remissionis

134 2373 206 2431 sunt
239 2367 288 2430 illi
321 2368 499 2453 participes
532 2369 625 2432 iuxta
657 2370 871 2454 quantitatem
907 2369 1043 2434 subsidii
1072 2375 1106 2434 et
1134 2369 1317 2435 devotionis
1352 2369 1521 2450 affectum,
1556 2369 1610 2453 qui
1638 2367 1679 2432 ad
1710 2367 1786 2432 sub-

45 2493 76 2528 ‘.·
134 2472 321 2536 tentionem
343 2472 447 2556 ipsius
471 2471 572 2536 Terre
597 2472 717 2537 Sancte
746 2473 786 2538 dc
818 2474 913 2538 bonis
937 2475 1005 2538 suis
1029 2495 1173 2558 congrue
1196 2473 1428 2538 ministrabunt
1451 2479 1508 2536 aut
1531 2473 1617 2536 circa
1640 2469 1788 2557 predicta

133 2574 322 2660 impendent
353 2574 526 2638 consilium
556 2582 590 2639 et
619 2577 778 2640 auxilium
806 2584 1011 2663 oportunum.
1061 2577 1158 2640 Hanc
1186 2582 1252 2640 tam
1282 2575 1439 2662 grandem
1470 2575 1722 2659 indulgentiam,
1754 2575 1787 2638 in

134 2684 245 2741 sancta
268 2685 302 2741 et
324 2678 502 2742 universali
533 2678 657 2764 synodo
684 2679 804 2744 factam
834 2681 983 2744 omnibus
1009 2679 1220 2757 Christianis,
1253 2680 1455 2765 presentium
1486 2679 1680 2742 auctoritate
1709 2697 1787 2741 con-

134 2779 277 2845 cedimus
302 2781 491 2864 specialiter
518 2781 579 2845 tibi
608 2788 641 2846 et
665 2782 861 2848 Christianis
892 2784 1042 2848 omnibus
1066 2790 1123 2847 tuo
1146 2783 1299 2868 regimini
1323 2789 1355 2846 et
1379 2781 1501 2846 dicioni
1524 2781 1691 2845 subiectis.
1737 2779 1787 2843 Tu

134 2905 209 2969 ergo
243 2890 415 2970 presentes
449 2885 577 2949 litteras
613 2885 713 2949 facias
750 2887 816 2951 tuis
851 2887 990 2950 subditis
1025 2886 1148 2950 Christi
1179 2885 1329 2950 fidelibus
1361 2885 1510 2964 recitari,
1548 2883 1665 2968 quibus
1696 2883 1789 2947 iuxta

135 2987 388 3072 postulationem
412 2993 501 3050 tuam
524 2986 790 3052 benedictionem
814 2991 1029 3076 apostolicam
1052 2989 1245 3074 elargimur,
1268 2988 1496 3075 promittentes
1521 2986 1582 3051 tibi
1605 2994 1639 3052 et
1662 2987 1729 3068 eis,
1753 2987 1787 3050 in

134 3089 377 3174 quibuscunque
401 3091 582 3176 oportuerit
605 3097 639 3156 et
661 3089 822 3172 decuerit,
846 3093 1026 3179 apostolice
1050 3091 1139 3157 sedis
1162 3092 1301 3177 gratiam
1325 3097 1357 3155 et
1379 3090 1536 3155 favorem.

238 3209 315 3274 Dat.
337 3210 490 3275 Lateran.
512 3210 562 3274 IV
584 3209 633 3275 Id.
656 3211 745 3298 Maii,
769 3234 854 3278 anno
878 3220 1003 3278 octavo.

756 3489 1167 3499 Ἥ

919 3755 1004 3828 954.

235 3863 424 3956 Honorius
457 3889 525 3955 III
548 3911 639 3972 papa
674 3889 848 3958 Iohannem
884 3895 1122 3960 comestabulum
1155 3893 1292 3962 Bratiae
1328 3893 1391 3959 sive
1423 3892 1596 3958 Armeniae
1632 3889 1790 3954 certiorem

136 4000 254 4080 secans
274 3997 312 4060 dc
333 3993 763 4079 Fr[tderia·]1tanan0ram
787 3999 985 4078 imperatoris
1007 4001 1138 4063 teratino
1157 3997 1435 4081 peregrinationis,
1465 3997 1609 4060 hortatur
1637 3997 1672 4056 ut
1697 3993 1790 4054 inccta
1813 4025 1820 4034 ,

9 4117 59 4153 ὼ)
132 4101 367 4182 prornissioncm
399 4117 489 4160 snam
521 4097 690 4183 anfortium
717 4119 808 4163 srrnnr
840 4103 887 4165 ita
912 4107 1095 4182 praeparet,
1128 4108 1178 4181 nt,
1213 4105 1293 4166 sicrrt
1322 4121 1391 4166 earm
1422 4100 1538 4177 deceat,
1572 4098 1608 4160 in
1637 4094 1790 4158 exercitus

139 4201 491 4270 nanturiacensem
514 4202 619 4265 conire
637 4203 747 4282 possit.
1425 4205 1518 4280 1224,
1541 4200 1625 4264 Mai.
1651 4202 1701 4264 12.

235 4322 310 4376 Han.
330 4322 383 4373 111
399 4321 469 4390 ch.
488 4320 551 4374 In'b.
576 4321 657 4386 VIII,
676 4326 740 4376 435.

450 4532 594 4605 Nobili
622 4533 718 4606 viro
745 4535 940 4608 Iohanni
966 4535 1281 4608 comestabulo
1311 4533 1472 4606 Bratie.

239 4682 381 4747 Litteris
398 4681 580 4745 nobilitatis
603 4688 659 4746 tue
683 4683 824 4768 receptis
847 4681 1051 4767 benignitate
1075 4690 1211 4768 paterna
1234 4688 1267 4746 et
1290 4681 1389 4767 digna
1411 4681 1582 4766 diligentia
1604 4681 1790 4763 intellectis,

12 4790 52 4812 ''
137 4787 239 4870 gavisi
271 4805 382 4849 sumus
415 4785 449 4848 iu
472 4783 603 4848 domino
627 4784 706 4849 Iesu
729 4785 859 4850 Christo
889 4793 956 4850 tum
986 4807 1084 4872 super
1110 4793 1166 4850 tuo
1188 4807 1346 4873 prospero
1370 4791 1474 4862 statu,
1508 4791 1577 4848 tum
1607 4805 1705 4870 super
1735 4784 1790 4869 pio

135 4889 354 4973 laudabilique
371 4887 550 4973 proposito,
574 4887 661 4973 quod
684 4889 772 4972 geris
796 4887 836 4952 dc
855 4889 1001 4954 subsidio
1025 4889 1126 4953 Terre
1151 4888 1282 4970 Sancto,
1305 4894 1402 4975 prout
1425 4887 1540 4953 eedem
1563 4887 1659 4951 nobis
1681 4887 1789 4951 littere

134 4992 350 5058 declararunt.
397 4989 493 5054 Unde
516 4997 572 5056 tue
596 4999 709 5056 notum
732 4991 869 5055 facimus
893 4991 1127 5077 magnitudini,
1156 4991 1187 5056 id
1218 4991 1304 5076 quod
1332 4991 1527 5056 intellexisti
1553 4988 1593 5053 de
1617 4989 1790 5053 karissimo

134 5096 164 5160 in
193 5095 326 5160 Christo
357 5095 425 5158 filio
455 5100 567 5158 nostro
596 5095 667 5176 nr,
696 5095 815 5158 illustri
844 5093 1065 5160 Romanorum
1096 5097 1293 5180 imperatore
1324 5115 1454 5181 semper
1479 5098 1619 5178 augusto
1650 5097 1682 5156 et
1712 5113 1790 5176 rege

135 5199 259 5274 Sicilie,
292 5219 392 5284 super
422 5198 556 5282 negotio
580 5197 682 5263 Terre
707 5197 845 5280 Sancte,
874 5198 1088 5285 proculdubio
1111 5219 1224 5262 verum
1248 5218 1332 5261 esse.
1378 5196 1471 5262 Idem
1501 5197 1588 5261 enim
1615 5195 1792 5280 imperator

58 5327 72 5352 ι
136 5311 195 5368 etc.
231 5309 267 5366 ut
301 5322 399 5387 supra
433 5321 554 5386 usquc:
589 5302 797 5364 transiturus.
855 5300 1026 5364 Moncmus
1062 5301 1162 5385 igitur
1193 5299 1398 5363 nobilitatem
1434 5307 1524 5362 tuam
1558 5305 1592 5362 et
1624 5297 1792 5362 hortamur

134 5415 267 5482 attento,
295 5425 355 5490 per
375 5404 562 5490 apostolica
583 5404 644 5466 tibi
669 5406 791 5491 scripta
806 5403 1009 5484 mandantes,
1034 5405 1185 5488 quatinus
1209 5403 1300 5466 iuxta
1317 5401 1515 5467 laudabilem
1532 5408 1565 5465 et
1585 5401 1791 5486 magnificam

134 5509 381 5594 promissionem
410 5514 500 5570 tuam
533 5506 578 5570 ita
616 5513 707 5570 tuum
745 5506 879 5572 studeas
914 5507 1089 5572 exfortium
1120 5525 1311 5593 preparare,
1341 5505 1426 5590 quod
1460 5511 1552 5586 tunc,
1586 5505 1671 5569 sicut
1697 5504 1793 5570 decet

133 5611 389 5702 magnitudinem
411 5617 521 5692 tuam,
544 5611 656 5675 venire
680 5612 787 5698 possis
811 5613 844 5676 in
867 5613 1025 5676 auxilium
1048 5612 1214 5677 exercitus
1238 5609 1426 5692 Christiani,
1450 5618 1484 5676 et
1505 5610 1638 5696 dignum
1661 5610 1792 5675 domino
