4590 6366
768 361 970 425 EPISTOLAE
988 369 1176 426 SELECTAE.
1213 371 1289 425 1235.
1789 377 1851 440 537

203 542 315 608 divina
336 543 510 630 dispositio
532 551 566 608 te
595 565 654 608 sue
684 543 865 630 providerit
896 544 1036 608 ecclesie
1060 541 1268 608 defensorem
1291 565 1415 628 nosque
1440 545 1665 630 experimento
1697 545 1852 611 didiceri-

203 670 275 713 mus
299 649 402 735 ipsius
426 650 577 714 iniuriam
599 648 764 734 propriam
787 654 951 734 reputare,
974 647 1176 733 imperialem
1201 647 1429 712 celsitudinem
1452 649 1621 714 hortamur
1643 656 1676 715 et
1699 649 1852 715 obsecra-

203 773 276 816 mus
298 752 331 815 iu
346 751 499 832 Domino,
522 753 673 836 quatinus
692 751 801 815 divino
825 752 943 837 spiritu
966 751 1128 816 excitatus
1151 751 1191 815 ad
1216 758 1323 816 tantas
1347 752 1487 816 ecclesie
1504 751 1625 818 Christi
1641 753 1852 818 vindicandas

203 857 339 920 iniurias
363 857 537 940 insurgens
560 878 603 920 ex
626 856 747 935 animo,
773 857 821 920 eis
844 856 980 942 privatis
1004 856 1092 920 omni
1116 855 1224 920 officio
1247 857 1377 942 publico
1402 862 1435 921 et
1458 878 1477 920 a
1498 856 1641 921 factione
1664 857 1853 921 testamenti

203 980 242 1023 ac
265 960 425 1023 bonorum
448 960 658 1024 successione
681 961 830 1040 remotis,
861 961 950 1045 ipsos
980 960 1095 1040 etiam,
1126 968 1163 1024 ut
1185 961 1261 1045 vagi
1293 961 1358 1024 sint
1386 966 1419 1024 et
1446 958 1576 1045 profugi
1599 966 1853 1046 superterram,

203 1063 244 1126 ah
273 1063 424 1148 imperio,
455 1063 565 1148 regnis
593 1071 627 1127 et
653 1064 749 1127 terris
779 1070 834 1128 tue
867 1063 984 1127 ditioni
1015 1063 1194 1148 suppositis
1221 1069 1381 1149 perpetuo
1411 1061 1519 1126 edicto
1547 1063 1750 1147 proscribas,
1779 1085 1853 1129 cum

202 1165 349 1250 legitime
373 1166 560 1230 sanctiones
584 1187 623 1230 ec
647 1166 743 1230 modo
766 1166 874 1252 puniri
894 1167 1028 1230 iubeant
1047 1164 1238 1252 parricidas,
1260 1173 1297 1231 ut
1313 1167 1549 1230 elementorum
1572 1187 1635 1230 usu
1651 1167 1716 1230 vivi
1741 1189 1853 1233 carere

202 1271 360 1358 incipiant
383 1272 554 1356 celumque
576 1271 658 1356 ipsis
681 1271 913 1356 superstitibus
937 1277 971 1335 et
991 1276 1079 1335 terra
1101 1271 1239 1335 mortuis
1261 1270 1436 1334 auferatur.

313 1375 352 1438 In
377 1374 516 1440 eundem
547 1374 679 1438 modum
709 1374 968 1460 archiepiscopis
997 1381 1031 1439 et
1061 1375 1241 1461 episcopis,
1274 1374 1466 1454 abbatibus,
1496 1371 1678 1460 prioribus,
1709 1373 1852 1455 decanis,

202 1477 439 1543 archidiaconis
463 1485 497 1542 et
519 1478 592 1541 aliis
617 1477 830 1541 ecclesiarum
851 1478 987 1562 prelatis
1010 1477 1215 1556 Lombardie,
1238 1477 1431 1542 Romaniole
1455 1497 1493 1541 ac
1514 1478 1658 1541 marchia
1681 1477 1852 1542 Tervisine

203 1587 237 1646 et
258 1582 395 1645 aliarum
418 1581 668 1666 provinciarum,
691 1579 731 1642 ad
755 1600 837 1664 quos
861 1580 970 1644 littere
994 1581 1057 1644 iste
1080 1581 1291 1666 pervenerint
1314 1586 1376 1644 etc.
1399 1598 1520 1664 usque:
1546 1577 1586 1643 de
1610 1579 1852 1644 Advocatorum

202 1686 360 1772 progenie
382 1685 606 1772 promulgatis.
651 1682 736 1756 Quia
759 1704 837 1747 vero
860 1704 925 1747 non
945 1683 1145 1764 dubitamus,
1169 1684 1246 1768 quin
1270 1681 1445 1747 orrendum
1467 1682 1605 1764 facinus,
1629 1682 1716 1767 quod
1738 1682 1852 1747 auditu

203 1796 255 1853 est
277 1796 344 1853 tam
368 1788 543 1866 horribile,
573 1787 667 1851 vobis
698 1793 731 1850 et
758 1788 831 1851 aliis
861 1788 941 1851 viris
972 1787 1143 1852 catholicis
1166 1787 1430 1850 ammirationem
1452 1785 1582 1868 ingerat
1610 1792 1643 1850 et
1676 1793 1853 1871 stuporem,

203 1892 412 1972 mandamus,
443 1892 596 1977 quatinus
626 1890 792 1977 predictos
816 1891 903 1955 viros
932 1891 1061 1975 iniquos
1085 1890 1202 1955 diebus
1226 1889 1398 1954 dominicis
1422 1896 1456 1952 et
1478 1888 1605 1952 festivis
1629 1890 1853 1954 excommuni-

140 2041 144 2052 ·
205 2002 295 2060 catos
320 1996 534 2082 solempniter
555 1995 713 2059 nuntietis
736 2002 770 2059 et
791 1994 920 2058 faciatis
944 2001 1108 2079 tamquam
1132 1994 1431 2058 excommunicatos
1455 1993 1557 2057 artius
1581 1981 1706 2072 evitari,
1729 1993 1854 2057 denun-

201 2102 323 2165 tiantes
346 2101 480 2185 insuper
502 2102 576 2164 loca
597 2098 639 2162 ad
661 2120 724 2184 que
746 2099 954 2179 devenerint,
978 2100 1121 2185 quandiu
1144 2100 1189 2163 ibi
1212 2099 1342 2176 fuerint,
1366 2097 1539 2162 interdicto
1563 2095 1720 2174 subiecta,
1744 2096 1855 2160 taliter

134 2275 139 2280 ,
202 2203 391 2268 mandatum
420 2204 636 2290 apostolicum
665 2204 847 2289 impleturi,
876 2202 963 2289 quod
995 2203 1215 2270 commendari
1244 2204 1285 2267 de
1313 2202 1502 2267 obedientia
1524 2201 1693 2275 debeatis;
1724 2220 1799 2263 nam
1826 2199 1853 2262 si

203 2329 310 2388 secus,
334 2306 421 2392 quod
444 2327 509 2370 non
533 2303 707 2383 credimus,
731 2306 887 2384 feceritis,
910 2307 1054 2392 possetis
1077 2327 1142 2371 uon
1157 2307 1320 2371 immerito
1335 2305 1467 2391 proprie
1483 2302 1653 2388 dignitatis
1677 2310 1710 2368 et
1732 2300 1855 2366 ordinis

200 2411 382 2498 periculum
404 2409 589 2475 formidare.

311 2515 351 2578 In
370 2514 510 2579 eundem
530 2511 662 2577 modum
678 2511 803 2576 eisdem
823 2534 945 2598 usque:
970 2519 1021 2578 est
1038 2513 1257 2592 commissum,
1282 2519 1315 2576 et
1338 2517 1564 2598 receptatores
1588 2532 1699 2576 eorum
1723 2509 1854 2596 publice

203 2615 348 2682 candelis
372 2617 523 2681 accensis
539 2615 801 2680 denuntiavimus
819 2616 1168 2682 excommunicationis
1193 2617 1357 2681 sententie
1381 2616 1553 2680 subiacere
1576 2621 1610 2680 et
1631 2614 1705 2678 loca
1727 2613 1769 2677 ad
1792 2635 1854 2699 que

203 2717 411 2799 devenerint,
441 2718 596 2805 quamdiu
617 2719 663 2782 ibi
687 2718 824 2800 fuerint,
857 2719 1028 2805 supposita
1051 2718 1242 2796 interdicto,
1273 2719 1403 2783 statutis
1427 2717 1621 2803 quibusdam
1645 2724 1758 2781 contra
1780 2738 1855 2803 pre-

204 2821 310 2887 dictos
333 2830 366 2886 et
389 2844 503 2887 omnes
528 2821 568 2886 de
592 2821 835 2886 Advocatorum
859 2823 1007 2908 proienie
1030 2821 1244 2909 promulgatis
1268 2828 1331 2884 etc.
1354 2842 1458 2906 usque
1482 2822 1515 2885 in
1539 2821 1648 2885 finem.

311 2925 351 2988 In
374 2925 514 2990 eundem
546 2924 678 2989 modum
708 2926 947 3010 potestatibus,
977 2925 1172 2989 consiliariis
1203 2932 1236 2989 et
1264 2925 1551 2989 communitatibus
1583 2925 1751 2989 civitatum
1773 2923 1855 2987 alio-

205 3049 342 3113 rumque
365 3030 512 3092 locorum
535 3027 750 3108 Lombardie,
781 3027 994 3108 Romaniole,
1024 3027 1170 3091 marchia
1193 3025 1365 3092 Tarvisine
1390 3034 1423 3092 et
1445 3029 1583 3092 aliarum
1605 3028 1857 3114 provinciarum,

203 3130 245 3195 ad
268 3153 349 3217 quos
372 3132 481 3196 littere
505 3133 568 3196 iste
591 3132 813 3217 pervenerint,
837 3153 954 3216 usque:
988 3131 1155 3217 predictos
1178 3131 1266 3196 viros
1289 3132 1420 3217 iniquos
1443 3153 1505 3197 neo
1528 3133 1716 3218 receptetis,
1739 3152 1801 3196 nec
1823 3131 1858 3194 in

204 3235 322 3300 vestris
354 3236 515 3320 receptari
549 3234 736 3298 civitatibus
773 3236 843 3299 sive
879 3235 960 3298 locis
988 3236 1042 3299 vel
1078 3255 1191 3298 eorum
1222 3233 1373 3298 districtu
1407 3235 1613 3319 aliquatenus
1647 3234 1857 3321 permittatis,

204 3337 303 3401 immo
327 3343 361 3402 et
382 3359 440 3402 vos
462 3336 626 3403 banniatis
644 3338 778 3404 eosdem
802 3346 836 3404 et
857 3339 1011 3404 bannitos
1028 3338 1158 3402 faciatis
1182 3359 1242 3424 per
1264 3339 1336 3402 loca
1351 3344 1461 3402 vestra
1484 3344 1517 3403 et
1533 3338 1700 3403 districtus
1724 3337 1856 3424 publice

205 3441 415 3526 proclamari;
443 3443 528 3527 quod
559 3443 588 3506 si
616 3443 689 3528 capi
715 3442 827 3507 forsan
854 3444 1036 3530 potuerint,
1069 3465 1126 3508 eos
1159 3443 1376 3528 inperpetuo
1400 3462 1531 3506 carcere
1555 3449 1686 3506 acarta
1710 3441 1858 3506 custodia

205 3545 335 3609 faciatis
358 3567 431 3609 cunr
454 3545 626 3630 diligentia
648 3545 809 3627 detineri,
840 3547 897 3610 ubi
919 3568 1004 3633 pane
1027 3545 1149 3611 doloris
1173 3553 1206 3612 ot
1228 3567 1314 3630 aqua
1335 3545 1573 3624 tribulationis,
1603 3543 1679 3609 dom
1703 3545 1857 3625 vixerint,
1874 3551 2029 3612 isernias

205 3655 442 3716 sustententur.

312 3751 351 3815 ln
379 3752 519 3818 eundem
552 3750 684 3816 modum
716 3751 819 3816 nobili
848 3753 918 3816 viro
948 3771 985 3815 .;
1015 3750 1090 3818 duci
1116 3753 1319 3818 Venetorum
1333 3754 1353 3834 ¹,
1385 3751 1643 3830 marchionibus,
1673 3751 1857 3830 comitibus,

204 3855 399 3934 baronibus,
427 3855 615 3920 castellanis
643 3859 676 3919 et
704 3855 778 3918 aliis
805 3854 971 3919 nobilibus
994 3855 1209 3932 Lombardie,
1238 3855 1433 3919 Romaniole
1457 3877 1494 3919 ac
1517 3855 1662 3919 marchia
1685 3853 1857 3919 Tarvisine

205 3964 239 4022 ot
261 3957 397 4021 aliarum
420 3958 672 4044 provinciarum,
697 3956 737 4020 ad
761 3978 842 4042 quos
865 3959 975 4023 littere
999 3959 1062 4023 iste
1089 3959 1312 4045 pervenerint.

314 4060 353 4124 In
387 4060 526 4125 eundem
558 4061 628 4125 fere
664 4059 796 4125 modum
829 4061 933 4125 nobili
961 4062 1031 4126 viro
1064 4109 1096 4125 ..
1122 4060 1334 4146 Salinguerre
1368 4061 1409 4126 de
1437 4061 1589 4126 Ferraria
1623 4061 1713 4126 fideli
1746 4067 1858 4126 nostro

207 4185 330 4250 usque:
354 4162 430 4228 dum
453 4164 608 4245 vixerint,
632 4171 873 4240 sustententur;
896 4164 1085 4230 mandatum
1108 4171 1256 4229 nostrum
1279 4165 1391 4230 taliter
1413 4165 1624 4250 impleturus,
1649 4165 1736 4251 quod
1758 4163 1858 4230 dero-

206 4269 329 4332 tionem
351 4274 441 4332 tuam
462 4268 689 4333 commendare
712 4270 829 4333 merito
846 4268 1036 4334 debeamus.
1081 4269 1237 4355 Alioquin
1260 4269 1504 4333 ammissionem
1528 4266 1617 4332 feudi
1641 4275 1675 4333 et
1696 4268 1859 4348 beneficii,

207 4391 269 4455 que
293 4392 313 4435 a
333 4371 482 4435 Romana
502 4377 535 4436 st
559 4373 632 4437 aliis
656 4379 751 4437 tenes
775 4373 937 4452 ecclesiis,
959 4373 1084 4460 poteris
1108 4371 1294 4437 formidare.

315 4475 355 4538 In
378 4474 518 4540 eundem
541 4475 673 4541 modum
696 4475 833 4541 Ezelino
857 4483 890 4542 et
913 4476 1069 4542 Alberioo
1093 4475 1134 4541 de
1156 4474 1319 4539 Romania
1339 4498 1445 4562 usque
1469 4477 1503 4540 in
1526 4477 1636 4542 finem.

827 4756 1238 4764 ψ

991 5033 1078 5108 643.

128 5206 155 5246 ro
310 5144 365 5236 P
358 5193 414 5237 ars
442 5173 589 5254 epistolae
617 5173 764 5254 Grmorii
785 5173 843 5238 IX
860 5194 983 5254 papus,
1016 5174 1053 5237 ia
1084 5194 1148 5255 quc
1177 5173 1322 5238 Bactrici
1351 5173 1478 5254 rapinae
1503 5173 1672 5251 Costalloc,
1703 5172 1801 5236 Tolcti
1832 5175 1863 5236 et

208 5273 357 5358 Legionis
387 5275 488 5356 longis
514 5275 661 5339 encomiis
687 5274 725 5338 dc
753 5279 863 5340 sancio
885 5275 1050 5342 Elisabeth
1071 5277 1179 5340 scribit
1205 5280 1235 5340 cl
1261 5276 1298 5340 dc
1320 5276 1517 5340 concessae
1543 5275 1683 5341 Ooarcdi
1704 5275 1861 5357 quondam

208 5377 382 5462 langravii
407 5379 599 5462 llaririapicc
620 5381 650 5442 ci
671 5379 804 5462 Agnetis
825 5383 920 5444 actos
941 5382 1025 5462 repis
1046 5378 1215 5444 Belemina
1237 5381 1362 5442 namot.
1528 5377 1622 5455 1235,
1645 5377 1720 5442 Ion.
1744 5383 1775 5446 7.

312 5637 338 5703 1)
356 5635 459 5690 Iacobo
483 5635 608 5708 Trapeia.

315 5752 378 5802 ltro.
396 5753 476 5803 Posr.
494 5753 514 5804 1.
