4524 6412
435 425 496 486 304
1020 429 1067 482 EX
1086 430 1261 484 auunculi
1280 431 1318 483 Ill
1337 427 1517 484 REGISTRO

291 620 328 662 rs.
345 623 424 668 mers
440 595 617 660 mationem
650 599 734 683 legis
763 599 943 666 Mahometi
979 601 1045 665 alte
1080 608 1114 667 et
1147 595 1372 688 sollempniter
1406 601 1623 687 frequentari,
1658 601 1790 665 fuerunt
1822 602 1912 666 velut
1947 599 2091 686 diploide

436 699 560 788 duplici
592 703 785 767 confusione
817 705 957 785 turbati,
992 706 1121 791 iamque
1156 707 1261 793 ipsius
1294 707 1453 771 malitiam
1488 709 1725 790 cognoscentes
1757 704 1924 768 civitatem
1955 703 2092 767 exibant

436 825 549 870 omnes
572 806 780 887 unanimiter,
804 807 977 893 ipsumque
1001 810 1224 894 sequebantur
1246 811 1287 875 ad
1310 801 1439 897 portum
1463 830 1524 873 sua
1547 807 1822 895 peregrinatione,
1846 807 1895 870 ita
1916 805 2002 892 quod
2026 826 2091 869 non

436 908 641 994 sperabatur,
666 908 822 994 quodibi
845 911 982 977 deberet
1006 913 1213 979 Christianus
1237 915 1355 1000 aliquis
1378 933 1558 978 remanere.
1602 911 1787 997 Imperator
1808 910 1900 974 venit
1922 909 1956 972 in
1978 909 2091 973 Acoon

436 1011 470 1074 in
493 1010 600 1075 media
622 1012 874 1098 quadragesima
886 1015 906 1094 ¹,
929 1015 1090 1082 festinans
1113 1016 1218 1082 modis
1241 1018 1361 1103 quibus
1384 1021 1514 1102 poterat
1536 1013 1758 1079 transfretare.
1802 1012 1928 1076 Milites
1944 1011 2091 1077 Theuto·
2153 1058 2157 1070 .

436 1114 528 1178 nicos
553 1135 665 1179 secum
688 1117 818 1182 trahere
842 1119 1040 1196 conabatur,
1070 1121 1128 1186 sed
1158 1123 1191 1186 in
1214 1123 1274 1186 hac
1298 1129 1390 1208 parte
1414 1119 1573 1205 prolicere
1597 1138 1662 1182 non
1685 1122 1833 1202 poterat,
1861 1122 1959 1200 prout
1981 1116 2093 1193 vellet,

437 1236 511 1280 cum
541 1217 694 1282 timerent
722 1223 1068 1288 excommunicationis
1097 1227 1294 1290 sententiam
1325 1231 1359 1287 et
1392 1222 1432 1286 dc
1463 1228 1631 1308 tempore⁸
1660 1241 1811 1305 magnam
1840 1219 1993 1284 fiduciam
2028 1240 2094 1283 non

437 1319 608 1386 haberent.
653 1321 724 1386 Iam
746 1324 847 1410 aliqui
870 1328 1035 1413 peregrini
1058 1329 1222 1394 interfecti
1243 1329 1373 1393 lucrant
1394 1325 1553 1391 adeuntes
1578 1325 1803 1411 sepulchrum,
1825 1322 1912 1388 unde
1936 1321 2094 1409 paulatim

438 1424 684 1490 transeuntibus
707 1427 880 1492 videbatur
907 1429 1094 1494 huiusmodi
1124 1430 1257 1494 malitiis
1287 1430 1447 1494 securitas
1477 1427 1639 1492 interdici.
1685 1427 1757 1501 Que
1785 1433 1900 1513 postea
1928 1424 2093 1498 evenient,

439 1527 626 1592 curabimus
667 1528 810 1594 fideliter
845 1551 883 1595 ac
919 1531 1097 1616 diligenter
1130 1533 1296 1597 sanctitati
1330 1538 1438 1596 vestre
1474 1551 1570 1616 quam
1608 1531 1672 1595 cito
1710 1530 1890 1615 poterimus
1928 1528 2092 1592 intimare.
2144 1547 2166 1584 10

439 1629 706 1696 Transmitteuda
728 1632 880 1698 duximus
903 1635 1026 1722 scripta
1048 1636 1165 1701 eadem
1186 1658 1247 1724 per
1269 1635 1417 1701 diversos
1440 1636 1592 1718 nuntios,
1623 1642 1660 1700 ut
1687 1636 1804 1702 saltem
1831 1655 1916 1698 unus
1937 1625 2094 1698 bravium

441 1734 676 1820 apprehendat.

548 1854 669 1921 Datum
692 1855 815 1938 Accon,
839 1859 907 1924 VII
929 1859 1098 1927 Kalendas
1121 1863 1264 1927 Martiii.

591 2375 593 2380 ,
1220 2303 1306 2376 385.

551 2409 741 2518 Greportus
769 2437 825 2503 IX
843 2459 933 2520 grapa
962 2443 1093 2504 rectores
1120 2381 1275 2506 ementis
1303 2440 1514 2522 Lcmbcrdiuc
1541 2443 1630 2521 rapot
1656 2440 1685 2500 ct
1712 2440 1827 2514 monet,
1860 2439 1895 2497 at
1918 2432 2097 2514 promissus

440 2560 589 2606 arcatores
610 2541 745 2606 militam
766 2542 943 2622 inrplmtur.
1106 2565 1107 2568 ¹
1735 2540 1829 2617 1229,
1850 2535 1935 2602 Mat.
1957 2536 2009 2600 15.
2148 2565 2169 2602 rs

545 2661 626 2727 Grec.
644 2661 694 2714 IX
709 2661 778 2730 aeq.
802 2660 858 2714 Vol.
877 2660 902 2728 I,
922 2666 978 2723 112,
998 2665 1063 2728 113‚·
1081 2661 1143 2715 Lib.
1163 2660 1225 2723 ΙΙΙ,
1244 2666 1286 2714 10.

544 2745 680 2810 Pottbast,
698 2745 769 2816 Reg.
788 2748 874 2800 8398.

662 2923 891 2997 Nobilibus
917 2924 1026 2997 viris
1054 2924 1309 2998 rectoribus
1336 2923 1569 2998 societatis
1597 2921 1870 2996 Lomhardie.

550 3072 585 3136 Si
601 3073 783 3137 consultius
805 3079 856 3138 est
878 3074 912 3138 in
926 3074 1024 3139 vicini
1046 3073 1146 3138 fundo
1168 3074 1341 3138 alluvionis
1363 3074 1521 3159 impetum
1544 3073 1696 3158 congruis
1716 3071 1895 3136 obstaculis
1911 3071 2096 3158 prevenire,

442 3197 483 3238 nc
508 3181 578 3238 sata
599 3175 732 3261 propria
753 3175 867 3261 rapido
890 3176 1121 3264 disperdantur
1142 3177 1292 3257 incursu,
1324 3178 1352 3242 si
1381 3178 1482 3242 tutius
1512 3185 1563 3242 est
1594 3176 1711 3264 parieti
1734 3176 1842 3241 vicino
1865 3174 1994 3239 ardenti
2018 3194 2092 3237 suc·
2146 3227 2156 3240 .

446 3297 594 3357 currere,
629 3285 665 3342 ut
693 3278 842 3364 dampnis
870 3281 1012 3367 propriis
1040 3286 1244 3361 occurratur,
1272 3280 1368 3366 plane
1400 3287 1492 3367 patet
1521 3289 1555 3346 et
1584 3282 1700 3366 plene,
1732 3278 1818 3364 quod
1845 3277 1920 3343 dum
1954 3277 2097 3342 ecclesie

444 3381 591 3446 Romane
616 3383 768 3467 gratuita,
792 3404 834 3448 nc
859 3383 1003 3448 dicamus
1027 3383 1148 3460 debita,
1172 3394 1205 3448 et
1228 3385 1389 3469 promissa
1405 3384 1559 3469 prestatis
1583 3383 1749 3466 obsequia,
1773 3389 1917 3446 vestrum
1933 3383 2096 3446 interesse

443 3485 679 3571 prosequimini
701 3486 892 3574 principale,
923 3493 1021 3573 prout
1043 3488 1173 3572 plenius
1195 3489 1334 3572 potestis
1357 3487 1540 3567 advertere,
1564 3508 1661 3572 quam
1683 3507 1743 3551 nos
1767 3485 1883 3551 deceat
1906 3485 2097 3570 explanare.

443 3589 553 3663 Quare
581 3610 647 3654 non
677 3595 744 3654 tam
774 3592 972 3656 necessitate
995 3613 1091 3676 qnam
1115 3593 1299 3668 voluntate,
1330 3613 1396 3655 non
1425 3598 1491 3656 tam
1521 3591 1678 3658 solvendo
1708 3589 1854 3655 debitum
1885 3608 1984 3674 qnam
2007 3605 2097 3651 com-

443 3692 572 3757 modum
588 3694 756 3780 proprium
772 3693 985 3781 procurando,
1009 3693 1139 3758 debetis
1163 3702 1197 3758 et
1218 3696 1415 3780 promissum
1439 3715 1609 3758 numerum
1632 3694 1771 3757 militum
1795 3692 1866 3756 sine
1882 3689 2096 3754 diminutione
2160 3716 2171 3752 s

443 3796 607 3882 complere
639 3804 672 3860 et
705 3796 879 3882 providere
912 3798 1066 3874 sollicite,
1097 3818 1138 3862 ne
1173 3798 1381 3862 militantium
1417 3806 1547 3885 tempus
1587 3789 1778 3862 continuum
1809 3803 1860 3860 set
1891 3793 1972 3858 utile
2002 3792 2098 3856 nobis

444 3906 566 3980 currat,
596 3921 669 3964 cum
698 3901 779 3964 alias
802 3901 944 3964 ecclesie
969 3922 1100 3965 causam
1125 3909 1158 3966 et
1180 3906 1340 3981 vestram,
1370 3908 1403 3965 et
1425 3901 1538 3985 utiquc
1562 3902 1635 3986 plus
1658 3906 1801 3963 vestram
1824 3918 1922 3983 quam
1945 3895 2098 3972 ecclesie,

443 4003 625 4068 discrimini
659 4002 852 4067 videremini
888 4025 1053 4088 exponere
1090 4004 1309 4086 inconsulto„
1343 4004 1516 4081 Ceterum,
1551 4002 1637 4089 quod
1668 4024 1733 4066 non
1765 4003 1836 4066 sina
1870 4000 2098 4065 ammiratione

444 4106 616 4172 referimus
640 4112 674 4170 et
696 4105 835 4182 rubore,
858 4107 1001 4171 nondum
1024 4109 1207 4194 promissus
1230 4129 1384 4172 numerus
1408 4108 1547 4171 militum
1570 4113 1621 4170 est
1643 4106 1844 4192 completus,
1868 4101 1983 4189 etqui
2005 4103 2099 4167 missi

444 4215 521 4273 sunt
542 4207 625 4273 adeo
655 4230 783 4272 morose
806 4217 980 4289 venerunt,
1011 4210 1096 4294 quod
1129 4232 1246 4295 magna
1273 4232 1349 4297 pars
1381 4211 1557 4297 temporie,
1588 4231 1652 4294 quo
1682 4208 1863 4273 debuerant
1893 4208 1927 4272 in
1954 4207 2097 4271 ecclesie

445 4311 612 4397 obsequiis
636 4311 794 4391 exerceri,
817 4311 946 4376 videtur
969 4313 1128 4377 inutiliter
1149 4314 1328 4378 ellluxisse.
1371 4312 1455 4377 Nam
1480 4310 1619 4398 quedam
1643 4312 1793 4376 civitates
1816 4311 1935 4388 nullos,
1958 4308 2099 4394 quedam

444 4435 509 4478 non
536 4413 601 4477 nisi
625 4419 754 4499 partem
782 4415 934 4500 promissi
962 4416 1088 4480 numeri
1117 4415 1340 4496 destinarunt,
1368 4415 1508 4500 quedam
1537 4415 1602 4479 hiis
1629 4415 1685 4499 qui
1713 4414 1805 4479 missi
1834 4419 1910 4478 sunt
1938 4411 2100 4478 dedemnt

447 4517 553 4580 minus
578 4515 779 4582 sufficientes
802 4539 977 4604 expensas,
1001 4518 1065 4582 alie
1089 4539 1166 4582 vero
1191 4540 1348 4605 equorum
1372 4525 1406 4583 et
1428 4539 1591 4604 armorum
1614 4522 1737 4602 negant
1759 4516 1945 4594 emendam,
1968 4521 2099 4580 extorto

445 4619 486 4683 ab
511 4619 569 4698 cis,
594 4620 678 4684 sicut
700 4621 740 4685 ab
765 4621 838 4686 aliis
861 4621 1095 4697 intelleximus,
1119 4621 1204 4706 quod
1227 4623 1327 4686 nichil
1349 4623 1435 4686 ultra
1457 4622 1593 4707 exigant
1614 4622 1807 4686 iuramento.
1852 4621 1994 4685 Militum
2018 4639 2099 4705 quo-

446 4742 509 4807 que
532 4721 679 4808 quidam,
707 4725 856 4788 nolentes
886 4726 939 4790 vel
970 4745 1036 4788 non
1065 4725 1214 4788 valentes
1246 4745 1348 4809 usque
1380 4725 1421 4788 ad
1450 4732 1580 4811 tempus
1608 4725 1729 4788 morari
1759 4729 1933 4802 statutum,
1961 4723 2027 4786 iam
2057 4720 2098 4785 de
2164 4775 2169 4790 .

322 4895 330 4912 ,
445 4825 564 4891 itinere
588 4826 732 4910 cogitant
753 4826 920 4891 redeundi.
967 4826 1076 4900 Quare
1092 4826 1270 4891 Lombardi
1286 4847 1408 4891 noxam
1431 4834 1465 4891 et
1487 4832 1597 4892 notam
1613 4826 1765 4891 videntur
1780 4826 1849 4891 lere
1865 4823 2103 4890 inevitabiliter

445 4931 633 5010 incurrisse,
659 4937 692 4996 et
714 4931 847 5016 negotio
871 4931 1030 5008 ecclesie,
1054 4930 1106 4994 cui
1129 4929 1291 4994 Dominus
1314 4937 1365 4994 est
1388 4929 1548 4994 hactenus
1571 4929 1712 4994 feliciter
1733 4936 1945 5016 prosperatus
1968 4933 2003 4992 et
2024 4949 2099 5014 pro-

447 5033 642 5118 sperabitur,
665 5041 701 5099 ut
724 5055 906 5120 speramus,
936 5033 1065 5098 felicius
1087 5034 1121 5098 in
1144 5035 1299 5113 futurum,
1321 5033 1362 5099 de
1385 5034 1542 5098 dilatione
1565 5033 1689 5119 sperati
1713 5023 1897 5098 succursus
1909 5031 2100 5118 multiplicis

447 5138 600 5228 utilitatis
624 5143 675 5203 est
697 5143 891 5224 prorogatus
916 5137 1063 5202 effectus.
1109 5136 1195 5210 Quia
1216 5158 1294 5202 vero
1318 5137 1402 5201 sicut
1423 5137 1484 5200 viri
1507 5134 1634 5222 providi
1657 5136 1754 5221 plene
1776 5135 1897 5214 nostis,
1927 5133 2012 5219 quod
2035 5135 2101 5200 nisi

445 5241 628 5327 promissus
651 5261 806 5305 numerus
829 5239 1014 5324 impleatur,
1038 5259 1111 5303 cum
1135 5238 1324 5304 crederetur
1340 5239 1427 5324 quod
1448 5236 1713 5326 prehabundarct
1736 5236 1945 5323 promissioni
1968 5238 2100 5319 solutio,
2152 5265 2177 5306 m

554 5397 931 5406 ——----.-——-.-.d—
1157 5398 1365 5403 Μ----
1606 5395 1750 5402 ...-.———.

468 5579 478 5594 .
554 5500 575 5564 ·)
595 5501 641 5566 ls-
660 5502 722 5568 ineo·

549 5637 576 5704 1)
599 5635 686 5690 Mart.
708 5640 753 5689 25.
822 5636 850 5704 2)
868 5636 948 5688 burno
966 5635 1071 5704 Aprilis
1089 5635 1229 5702 lcyeodam
1253 5635 1435 5703 arbitramur,
1462 5650 1522 5688 cram
1546 5633 1664 5703 epistola
1678 5633 1744 5702 post
1762 5630 1848 5685 Mart.
1866 5636 1904 5686 25
1927 5632 2035 5702 scripto
2056 5633 2103 5686 sit.

396 5765 399 5770 .
448 5751 480 5760 -—
499 5721 583 5791 Papo
607 5738 665 5776 eam
687 5721 1007 5791 Ial.1recepit;cf.a.
1028 5720 1209 5786 scalonae.
