4524 6412
803 379 1003 435 EPISTOLAE
1020 381 1209 439 SELECTAE.
1246 386 1322 442 1226.
1828 398 1890 460 245

277 645 286 662 .
317 645 326 662 .
354 589 509 665 abbati
536 595 579 665 et
605 593 843 666 conventui
871 595 1130 668 monasterii
1157 597 1299 671 sancti
1325 597 1550 675 Michaelis
1576 603 1629 677 de
1656 604 1839 680 Siberch

804 712 1089 788 Coloniensis
1116 716 1319 792 diocesis.

341 857 442 923 Iustis
465 861 648 945 petentium
671 869 733 928 etc.
757 884 872 948 usque:
908 866 1084 951 complere.
1131 865 1348 951 Significastis
1378 868 1538 954 siquidem
1565 872 1677 953 nobis,
1706 872 1888 958 quodcum

238 961 315 1025 olim
337 961 445 1026 felicis
471 964 628 1028 memorie
651 963 747 1030 Anno
772 966 978 1032 Coloniensis
1006 968 1289 1056 archiepiscopus,
1312 974 1503 1038 monasterii
1526 975 1627 1040 vestri
1648 974 1817 1058 fundator,
1847 976 1888 1042 de

173 1087 185 1123 s
236 1086 400 1130 consensu
422 1066 557 1151 capituli
580 1069 630 1132 sui
653 1069 787 1154 provide
804 1072 985 1150 statuisset,
1008 1079 1045 1136 ut
1061 1072 1208 1148 abbates,
1232 1075 1285 1158 qui
1310 1097 1368 1162 pro
1392 1083 1539 1164 tempore
1557 1081 1754 1146 monasterio
1777 1088 1888 1146 vestro

233 1174 422 1253 preessent,
450 1189 687 1257 quemcumque
710 1174 832 1239 vellent
859 1175 1021 1260 eligerent
1050 1176 1257 1257 advocatum,
1289 1179 1373 1243 siout
1402 1180 1435 1244 in
1465 1182 1537 1246 eius
1563 1183 1736 1270 privilegio
1760 1185 1888 1270 plenius

234 1270 353 1336 dicitur
383 1273 560 1354 contineri,
595 1273 713 1340 deiude
746 1283 883 1342 vacante
912 1277 1083 1342 advocatia
1110 1279 1214 1364 ipsius
1249 1283 1439 1346 monasterii
1470 1283 1555 1350 bone
1582 1287 1740 1352 memorie
1763 1286 1887 1373 Engel-

233 1374 363 1438 bertum
387 1373 619 1442 Coloniensem
646 1377 929 1466 archiepiscopum
957 1381 1094 1466 eiusque
1124 1403 1332 1448 successores
1362 1385 1567 1451 concorditer
1596 1389 1821 1474 assumpsistis
1854 1391 1887 1454 in

234 1484 412 1564 perpetuos
439 1478 634 1561 advocatos,
665 1481 712 1544 ita
738 1489 848 1547 tamen
879 1483 966 1567 quod
996 1483 1201 1549 advocatiam
1228 1486 1332 1571 ipsam
1361 1508 1380 1550 a
1408 1486 1597 1556 Coloniensi
1627 1492 1770 1556 ecclesia
1798 1493 1887 1558 nullo

160 1609 185 1646 ιο
237 1589 385 1669 tompore
413 1584 557 1649 alienare
589 1587 719 1650 valeant
746 1587 800 1651 vel
823 1587 1014 1664 transferre,
1046 1595 1142 1672 prout
1171 1589 1204 1653 in
1233 1588 1382 1655 eiusdem
1404 1591 1597 1678 Engelberti
1626 1595 1744 1660 litteris
1771 1595 1889 1660 dicitur

235 1687 364 1772 plenius
388 1687 558 1752 contineri.
604 1686 716 1761 Quare
745 1688 809 1754 hiis
833 1690 918 1755 adici
941 1691 1133 1776 postulastis
1157 1691 1255 1757 robur
1277 1695 1458 1780 apostolice
1481 1695 1653 1760 firmitatis.
1697 1697 1766 1761 Nos
1789 1697 1889 1782 igitur

234 1790 354 1854 vestris
371 1791 663 1877 supplicationibus
679 1801 873 1874 annuentes,
897 1795 1066 1880 premissa,
1090 1796 1174 1860 siout
1189 1797 1250 1861 rite
1274 1819 1312 1862 ao
1328 1797 1463 1882 provide
1478 1799 1565 1863 facta
1582 1807 1667 1878 sunt,
1690 1801 1886 1864 auctoritato

234 1895 416 1980 apostolica
444 1896 672 1961 confirmamus
704 1905 736 1961 et
766 1899 928 1983 presentis
953 1899 1064 1984 scripti
1094 1901 1276 1984 patrocinio
1300 1902 1548 1966 communimus.
1593 1903 1683 1966 Nulli
1707 1924 1785 1988 ergo
1810 1925 1886 1966 oon-

234 1997 426 2061 firmationis
449 2034 499 2061 —.
545 1997 676 2083 Siquis
700 2037 752 2062 —.

158 2151 182 2188 η
342 2118 417 2182 Dat.
441 2118 595 2184 Lateren.
618 2120 667 2184 Vl
690 2119 770 2188 Kal.
789 2120 995 2201 Decembris,
1020 2144 1104 2188 anno
1127 2123 1186 2188 XI.

853 2383 944 2390 ψ-.-
960 2384 1262 2392 --ῌ--Ἣ

1019 2647 1105 2721 326.

341 2757 528 2850 Honoras
550 2783 617 2850 ΙΙΙ
628 2806 720 2866 papa
747 2787 993 2868 compositionem
1020 2787 1104 2851 inter
1133 2788 1318 2869 nzapistrnm
1344 2788 1476 2852 militiae
1502 2787 1623 2853 Christi
1644 2790 1680 2852 in
1701 2787 1837 2853 Lioonio
1859 2793 1888 2851 ct

231 2886 454 2954 hermannum
474 2889 652 2968 episcopum
673 2888 855 2954 batensem
882 2911 976 2972 saper
1006 2891 1192 2972 quibasdam
1222 2890 1316 2954 tortis
1343 2889 1497 2954 traiano
1519 2890 1649 2955 Atbcrto
1669 2889 1802 2973 Ripcnsi
1823 2891 1887 2970 cpi-

232 3010 321 3072 scopo
342 3013 372 3056 o.
393 2994 487 3070 1224,
510 2991 574 3056 Iul.
596 2994 641 3055 23
661 2992 777 3058 initam
798 2995 971 3075 conficiant,
993 2993 1111 3058 adiecto
1133 2997 1237 3058 tenore
1258 2992 1449 3074 dipttoorotts.

1535 3100 1629 3176 1226,
1649 3095 1726 3163 Dec.
1748 3101 1800 3165 10.

337 3178 411 3232 Hoc.
431 3179 569 3250 111ch
593 3179 650 3235 Vol.
673 3180 704 3245 V,
722 3186 787 3248 151,-
806 3180 868 3235 Lib.
886 3181 942 3246 XI,
961 3187 1022 3237 401.

333 3263 470 3330 Pontos,
489 3266 559 3336 neq.
579 3269 660 3320 roas.

420 3536 429 3555 .
459 3536 468 3555 .
496 3480 710 3573 magistro
738 3485 781 3553 el
808 3480 1022 3554 tratribus
1048 3479 1207 3554 militie
1235 3478 1405 3554 Christi
1432 3481 1475 3554 in
1501 3480 1699 3556 Livonia.

338 3630 388 3694 Ea
417 3651 481 3715 que
511 3629 633 3695 iudicio
660 3630 715 3694 vel
748 3628 923 3694 concordia
951 3635 1014 3694 etc.
1047 3650 1166 3714 usque:
1204 3631 1405 3696 communiri.
1459 3630 1645 3717 Eapropter
1672 3637 1735 3697 eto.
1765 3651 1885 3716 usque:

230 3754 387 3814 assensu,
418 3734 704 3820 compositionem,
735 3753 799 3817 que
822 3732 986 3798 intervos
1010 3755 1053 3798 ex
1075 3739 1168 3819 parte
1190 3754 1257 3798 una
1279 3740 1312 3799 et
1334 3734 1558 3799 venerabilem
1580 3735 1715 3799 fratrem
1737 3741 1885 3798 nostrum

231 3886 272 3902 ..
302 3837 499 3902 Lealensem
531 3837 721 3922 episcoprum
751 3857 794 3900 ex
822 3836 926 3900 altera
957 3855 1056 3921 super
1083 3835 1278 3920 quibusdam
1308 3838 1421 3917 terris,
1454 3836 1674 3901 mediantibus
1705 3835 1886 3901 venerabili

229 3940 329 4006 fratre
358 3947 471 4005 nostro
495 3988 502 4003 .
529 3987 536 4002 .
559 3938 697 4023 Rigensi
720 3938 877 4024 episcopo
907 3944 940 4003 et
968 3939 1040 4003 eius
1070 3939 1225 4024 collegis,
1258 3939 1474 4006 amicabiliter
1504 3939 1693 4020 intervenit,
1727 3945 1825 4024 prout
1851 3939 1885 4002 in

229 4043 349 4108 litteris
377 4043 452 4108 inde
483 4041 642 4108 conlectis
671 4041 800 4128 plenius
831 4042 1032 4118 continetur,
1064 4041 1149 4106 sieut
1176 4043 1237 4108 rite
1266 4044 1336 4109 sine
1365 4045 1524 4131 pravitate
1555 4041 1690 4129 provide
1720 4041 1807 4106 facta
1835 4049 1886 4106 est

230 4154 264 4212 et
293 4147 335 4211 ab
363 4153 502 4232 utraque
530 4151 623 4231 parte
654 4152 770 4230 sponte
794 4151 947 4231 recepta,
980 4145 1175 4210 auctoritate
1204 4147 1387 4231 apostolica
1410 4147 1646 4211 confirmamus·
1666 4151 1700 4210 et
1722 4145 1885 4232 presentis

230 4250 342 4336 scripti
371 4249 492 4336 pagina
519 4248 766 4314 communimus.
821 4246 874 4311 Ad
901 4249 1058 4314 maiorem
1088 4255 1197 4313 autem
1225 4249 1273 4314 rei
1303 4249 1499 4315 evidentiam
1528 4256 1676 4314 tenorem
1704 4247 1885 4313 litterarum

154 4393 158 4402 ·
231 4353 374 4439 ipsarum
398 4352 439 4418 de
462 4352 565 4417 verbo
588 4349 630 4415 ad
651 4351 788 4416 verbum
810 4353 1020 4438 presentibus
1044 4351 1196 4417 duximus
1220 4353 1438 4417 inserendum.
1484 4351 1548 4426 Qui
1570 4351 1645 4415 talis
1669 4357 1733 4416 est:

335 4456 545 4522 Hermannus
575 4454 640 4520 Dei
671 4455 779 4540 gratia
808 4454 980 4521 Lealensis
1016 4457 1209 4542 episeopus,
1242 4457 1393 4520 omnibus
1424 4457 1487 4521 hoe
1515 4455 1672 4541 seriptum
1699 4455 1886 4541 legentibus

230 4559 369 4624 salutem
393 4561 426 4623 in
449 4579 488 4624 eo
511 4559 567 4644 qui
591 4565 643 4623 est
665 4559 754 4622 salus
778 4559 931 4623 omnium.
977 4559 1098 4624 Notum
1130 4582 1203 4625 esse
1229 4561 1377 4625 volumus
1400 4566 1467 4624 tam
1490 4559 1608 4624 futuris
1631 4581 1728 4644 quam
1749 4581 1885 4646 presen-

229 4662 332 4743 tibus,
361 4661 448 4749 quod
477 4661 517 4727 de
541 4663 678 4727 consilio
701 4662 900 4727 venerabilis
929 4662 1039 4727 fratris
1069 4665 1173 4727 nostri
1204 4662 1326 4727 domini
1348 4662 1479 4728 Alberti
1500 4662 1655 4748 Rigensis
1684 4663 1830 4750 episcopi
1853 4669 1886 4727 et

230 4767 369 4832 ecclesie
394 4787 465 4846 sue,
488 4766 738 4852 peregrinorum
762 4787 892 4852 quoque
916 4788 955 4830 ac
979 4767 1098 4831 civium
1120 4766 1315 4852 Rigensium
1339 4789 1412 4833 oum
1435 4768 1589 4833 fratribus
1612 4766 1728 4831 militie
1752 4766 1885 4846 Christi,

153 4907 157 4918 ·
230 4871 323 4935 iuxta
346 4868 431 4955 quod
455 4870 489 4934 in
511 4871 678 4935 autentico
702 4871 848 4955 ipsorum
866 4871 1061 4951 continetur,
1085 4871 1184 4936 talem
1207 4872 1346 4936 fecimus
1369 4871 1651 4957 compositionem,
1674 4876 1710 4933 ut
1732 4869 1885 4934 videlicet

230 4995 251 5038 a
277 4974 372 5039 nobis
402 4981 435 5039 et
461 4974 581 5038 nostris
611 4972 860 5038 successoribus
891 4981 1027 5038 teneant
1061 4974 1125 5060 ipsi
1153 4973 1293 5039 mediam
1321 4975 1452 5039 circiter
1479 4973 1647 5058 regionem
1675 4972 1885 5058 episcopatus

229 5078 334 5142 nostri
357 5076 581 5142 iurisdictione
605 5077 693 5142 civili
716 5081 876 5164 perpetuo
895 5075 1128 5162 possidendam
1152 5098 1225 5142 oum
1249 5078 1409 5158 eeclesiis,
1434 5075 1569 5141 decimis
1594 5082 1627 5139 et
1650 5075 1737 5139 omni
1759 5073 1885 5138 emolu-

229 5187 340 5246 mento
365 5181 548 5267 temporali,
571 5187 691 5246 terram
714 5179 868 5246 videlicet
892 5179 1063 5260 Saokole¹,
1086 5179 1329 5260 Normeounde,
1352 5179 1492 5246 Moecha
1516 5199 1589 5243 cum
1613 5177 1681 5241 suis
1704 5176 1885 5241 attinentiis

228 5291 262 5349 ct
283 5283 451 5350 dimidiam
480 5291 606 5370 partem
635 5289 723 5349 terre
745 5282 916 5369 Weigele,
946 5284 1037 5348 salvo
1069 5283 1164 5348 nobis
1193 5283 1227 5346 in
1261 5283 1411 5348 omnibus
1442 5283 1512 5347 iure
1541 5280 1713 5366 spirituali.
1758 5277 1797 5344 Iu
1820 5279 1885 5344 illis

335 5461 465 5468 ...α-.--μ
565 5461 695 5466 ...-.-..-..--
708 5461 817 5466 ,.....-.......
832 5461 871 5466 ....-
896 5461 938 5466 -..
955 5461 1086 5468 ......-.—
1103 5463 1132 5467 -..
1150 5463 1168 5468 .,.
1717 5456 1774 5462 ·——·

332 5577 359 5645 1)
379 5575 442 5630 Hoc
459 5579 560 5640 terrae,
579 5575 696 5639 Soeteh,
715 5576 912 5646 Norruipunrte,
933 5577 1030 5632 Moclc
1050 5584 1168 5638 coactae.
1187 5595 1214 5633 sc
1231 5577 1380 5634 extendant
1400 5595 1434 5632 ca
1455 5575 1593 5630 occidente
1611 5576 1697 5642 lacus,
1716 5571 1766 5642 qui
1782 5571 1886 5626 «licitur

230 5662 344 5732 l'er'pus.
