4538 6426
381 423 421 487 12
962 421 1010 477 EX
1029 422 1184 478 HONOltlI
1203 423 1242 477 ΙΙΙ
1262 421 1441 478 REGISTRO

379 595 582 660 terminorum
610 595 697 660 utre
718 595 880 660 Eldauam
911 597 1096 662 stultiam
1125 601 1154 660 ct
1183 597 1337 681 quidquid
1366 598 1402 661 iu
1433 596 1560 663 Setovia
1590 596 1742 661 Kauutus
1770 619 1828 662 reu
1855 598 2028 684 defunctus,

376 699 479 780 frater
499 700 575 778 cius,
597 700 806 782 acquisiverit.
1674 702 1769 779 1217,
1791 701 1864 767 qu.
1887 707 1940 771 31.

482 819 558 874 Hau.
575 819 634 874 III
648 818 716 887 Rey.
741 818 797 872 Vol.
816 819 841 884 Ι,
861 823 912 882 56;
929 820 992 875 Lib.
1012 821 1118 886 1,220.

481 903 617 970 Poruase,
635 903 704 975 Rip.
723 908 799 960 5441.

781 1102 1055 1177 Wsldemaro
1083 1104 1176 1194 regi
1201 1104 1422 1177 Danorum
1447 1103 1627 1177 illustri.

484 1247 584 1313 Iustis
606 1249 788 1334 petentium
811 1257 872 1315 eto.
894 1271 1012 1338 nsque:
1042 1252 1217 1337 complere.
1270 1251 1351 1316 Cum
1376 1253 1476 1336 igitur
1503 1253 1696 1317 karissimus
1723 1251 1757 1314 in
1780 1250 1911 1316 Christo
1939 1250 2026 1316 filius

377 1356 490 1415 noster
501 1350 690 1416 Fridericus
713 1374 773 1417 rex
790 1352 912 1434 Sicilie,
935 1353 968 1416 in
983 1352 1203 1418 Romanorum
1217 1355 1447 1440 imperatorem
1463 1356 1603 1436 electus,
1627 1355 1667 1419 de
1683 1375 1820 1419 assensu
1834 1355 2027 1441 principum,

376 1474 436 1539 pro
459 1474 541 1539 pace
570 1476 609 1519 aa
631 1455 806 1520 concordia
833 1457 919 1520 inter
946 1457 1117 1542 imperinm
1146 1464 1180 1522 et
1207 1479 1344 1543 regnum
1371 1457 1470 1523 Datie
1499 1457 1731 1523 inviolabiliter
1760 1457 1965 1523 observanda
1993 1465 2027 1522 et

377 1554 527 1621 hostibus
561 1557 691 1644 imperii
726 1559 956 1639 cohercendis,
991 1581 1104 1624 omnes
1140 1562 1296 1626 terminos
1330 1562 1415 1625 ultra
1445 1561 1605 1626 Eldanam
1632 1568 1665 1626 et
1687 1560 1820 1625 Albiem
1853 1561 2025 1647 imperium

378 1659 623 1744 contingentes,
648 1683 728 1746 quos
751 1663 862 1728 inclite
892 1662 1126 1729 recordationis
1149 1663 1301 1729 Kanutus
1329 1687 1404 1746 rex,
1426 1665 1527 1729 frater
1553 1672 1643 1741 tuus,
1671 1669 1865 1750 provocatus
1888 1663 2025 1745 iniuriis,

378 1766 411 1823 et
439 1767 474 1825 tu
505 1783 579 1827 enm
609 1786 648 1830 eo
671 1765 794 1851 paritor
821 1765 1021 1850 acquisistis,
1057 1773 1090 1830 et
1112 1766 1265 1853 quicquid
1294 1768 1350 1832 ina
1375 1767 1505 1832 Solaria
1530 1767 1616 1832 idem
1638 1767 1740 1831 frater
1761 1772 1836 1830 tuus
1860 1787 2027 1853 compara·

377 1867 446 1926 tum
469 1871 604 1949 paterno
627 1888 751 1952 suoque
779 1868 891 1933 labore
926 1869 1045 1950 tenuit,
1080 1889 1182 1955 regno
1217 1877 1274 1934 tuo
1310 1869 1484 1952 addiderit,
1518 1871 1603 1950 sicut
1635 1890 1695 1955 per
1722 1870 1921 1934 autenticum
1951 1870 2026 1935 inde

379 1966 566 2032 coniectum
588 1969 756 2036 evidenter
777 1977 924 2057 apparet,
948 1993 1007 2036 nos
1030 1974 1096 2037 tuis
1119 1973 1272 2060 precibus
1295 1974 1452 2054 inclinati,
1476 1973 1560 2058 quod
1583 1973 1623 2037 nb
1647 1972 1763 2051 codem
1785 1994 1864 2058 rege
1887 1973 1928 2037 de
1949 1995 2026 2038 eon-

378 2069 452 2134 silio
468 2071 652 2159 principum
672 2081 707 2139 et
723 2095 863 2140 assensu
882 2096 941 2161 pro
961 2076 1047 2140 bono
1070 2079 1160 2163 pacis
1175 2097 1274 2162 super
1291 2077 1354 2140 hiis
1373 2076 1507 2163 provide
1525 2078 1646 2140 iactum
1665 2081 1717 2141 est
1732 2082 1838 2140 ratum
1855 2076 2027 2154 habentes,

377 2175 570 2240 auctoritate
592 2178 775 2262 apostoliea
798 2165 1025 2243 confirmamus
1049 2187 1083 2244 et
1105 2181 1267 2265 presentis
1295 2180 1408 2266 scripti
1430 2180 1610 2266 patrocinio
1642 2180 1891 2245 communimus.
1921 2180 2024 2267 Nulli

377 2295 456 2360 ergo
480 2283 541 2344 ete.
564 2285 676 2345 nostre
700 2281 954 2347 confirmationis
978 2290 1039 2348 eto.
1086 2282 1215 2368 Siquis
1239 2289 1349 2348 autem
1373 2289 1434 2350 etc.

379 2439 383 2446 .
484 2379 560 2446 Dat.
584 2381 737 2448 Laternn.
760 2384 795 2448 II
816 2383 891 2449 Kal.
914 2384 1012 2451 Febr.
1035 2385 1242 2472 pontificatus
1264 2387 1369 2452 nostri
1390 2408 1475 2452 anno
1498 2387 1613 2472 primo.

1176 2885 1233 2959 15.

486 2981 675 3076 Ilioneum
702 3013 767 3078 111
793 3033 880 3094 papa
908 3018 1071 3096 uufsrruu
1098 3016 1280 3093 aruceus,
1312 3017 1395 3096 que
1422 3018 1503 3080 uu
1530 3017 1739 3103 ameum]
1765 3019 1871 3084 cusu
1893 3019 2027 3084 suessae

376 3111 405 3170 et
426 3107 670 3199 [Laurentium]
690 3119 864 3198 episcopum
882 3118 1169 3185 Wratisluuieusem
1187 3119 1387 3203 C[ourudus]
1400 3120 1559 3200 episcopus
1581 3121 1737 3200 quondam
1751 3121 2028 3208 Helberstudcusis

376 3210 413 3274 de
441 3213 567 3279 chumis
589 3219 795 3297 praestandis
820 3241 842 3284 a
870 3221 1055 3302 quibusdum
1085 3221 1276 3300 Tcutouieis,
1304 3223 1360 3303 qui
1386 3223 1424 3286 de
1450 3243 1528 3286 uoco
1549 3223 1592 3286 ud
1617 3224 1707 3288 illius
1734 3229 1835 3290 terrae
1857 3225 2026 3291 incolatum
2079 3250 2105 3288 so

375 3313 498 3380 inducti
517 3317 655 3400 sumunt,
672 3324 893 3406 promutpacit,
919 3324 1058 3406 quodque
1079 3328 1213 3406 utruque
1227 3344 1310 3406 pars
1331 3329 1437 3406 sponte
1458 3326 1581 3406 recepit.
1656 3414 1742 3477 1217
1771 3413 1807 3478 F
1819 3413 1856 3478 br
1888 3415 1929 3476 15

1740 3463 1750 3492 i
1802 3435 1818 3477 θ
1857 3464 1865 3481 ·
1932 3465 1939 3480 ·

481 3503 554 3561 uu.
573 3508 631 3563 111
646 3507 715 3580 seq.
741 3510 797 3564 vu.
816 3512 842 3576 ι,
862 3511 991 3586 seue
1013 3513 1038 3577 ι,
1057 3516 1122 3567 253.

479 3588 616 3659 rostrae,
635 3593 706 3666 usq.
725 3600 807 3651 seeo.

871 3741 1015 3816 Nobili
1042 3743 1143 3816 viro
1171 3742 1217 3817 H.
1246 3742 1345 3816 duci
1371 3743 1528 3818 Zlesie.
2080 3792 2105 3830 u

485 3884 572 3949 Olim
587 3887 673 3953 inter
688 3895 720 3954 te
737 3911 774 3956 uc
792 3892 1014 3957 venerabilem
1037 3892 1170 3956 tratrem
1191 3898 1339 3958 nostrum
1354 3941 1361 3956 .
1379 3942 1386 3958 .
1403 3891 1709 3957 Wrstislaviensem
1726 3893 1916 3978 episcopum
1930 3913 2028 3979 super

375 3986 512 4053 decimis
533 3993 718 4076 prestandis
742 4016 762 4059 a
784 3995 979 4081 quibusdam
1002 3996 1202 4078 Teutoniois,
1226 3998 1280 4082 qui
1303 3996 1344 4061 de
1367 4017 1451 4061 novo
1475 3994 1516 4059 ad
1532 3995 1619 4060 illius
1643 4001 1729 4060 terre
1753 3995 1875 4060 inducti
1898 3996 2028 4060 fuerant

376 4099 563 4176 incolatum,
588 4097 760 4182 questione
784 4099 927 4180 suborta,
952 4099 1084 4164 tandem
1106 4107 1182 4186 post
1197 4101 1428 4166 altereationes
1448 4100 1655 4185 multiplices,
1679 4099 1863 4183 exquibus
1884 4100 1963 4164 lites
1986 4122 2028 4165 ex

375 4202 487 4266 litibus
510 4203 743 4282 noscebantur,
775 4208 808 4267 et
829 4201 1065 4287 proveniebant
1094 4202 1160 4267 odii
1184 4204 1385 4284 simultates,
1420 4204 1453 4266 in
1478 4201 1703 4268 venerabilem
1724 4200 1858 4266 tratrem
1880 4209 2027 4267 nostrum

377 4303 413 4368 Ο.
437 4307 627 4393 episcopum
659 4305 821 4392 quondam
852 4305 1154 4388 Alverstatensam,
1185 4308 1291 4372 virum
1324 4305 1495 4394 providum
1519 4312 1553 4370 et
1580 4303 1766 4385 discretum,
1789 4327 1865 4392 pars
1888 4313 2024 4391 utraque
2078 4332 2105 4370 ao

376 4408 581 4474 concorditer
603 4409 840 4497 compromisit,
864 4409 920 4495 qui
947 4409 1061 4473 habito
1085 4431 1183 4496 super
1211 4410 1273 4475 hoc
1295 4409 1444 4495 diligenti
1467 4415 1610 4474 tractatu
1634 4407 1675 4472 de
1697 4409 1837 4495 partium
1860 4410 2027 4473 voluntate

376 4510 542 4576 intervos
567 4533 687 4598 equum
709 4513 879 4577 arbitrium
894 4513 1128 4598 promulgavit;
1151 4513 1238 4579 unde
1261 4521 1328 4578 tam
1342 4520 1379 4578 tu
1402 4534 1499 4600 quam
1521 4512 1609 4577 idem
1631 4511 1806 4597 episcopus
1828 4531 1867 4575 ac
1889 4532 2027 4576 venera-

375 4615 460 4679 biles
483 4616 601 4681 fratres
625 4615 769 4697 nostrii,
790 4613 982 4703 H[enricus]
1008 4615 1213 4682 Gneunensis
1230 4618 1495 4704 archiepiscopus
1520 4623 1553 4681 et
1576 4615 1774 4700 suffraganei
1798 4615 1862 4692 sui,
1886 4613 2030 4679 decanus

376 4740 503 4804 quoque
536 4725 570 4785 et
601 4721 778 4807 capitulum
801 4718 1074 4784 Wratislaviense
1103 4741 1163 4806 per
1190 4728 1317 4786 vestras
1349 4721 1475 4785 litteras
1498 4718 1595 4784 nobis
1618 4718 1787 4783 humiliter
1809 4718 2030 4804 supplicastis,

373 4829 411 4886 ut
442 4822 612 4887 arbitrium
645 4824 811 4888 intervos
836 4821 1052 4886 amicabiliter
1079 4823 1195 4887 initum
1217 4845 1256 4889 aa
1280 4829 1396 4910 sponte
1420 4830 1589 4910 receptum
1612 4822 1792 4907 apostolico
1815 4819 2027 4906 dignaremur
2079 4845 2104 4882 es

375 4927 554 4991 munimine
577 4926 742 4991 roborare.
787 4924 856 4989 Nos
879 4925 980 5010 igitur
1002 4925 1120 4990 vestris
1144 4927 1296 5012 precibus
1323 4931 1417 5011 grato
1441 4929 1672 4988 concurrentes
1694 4944 1842 5002 assensu,
1866 4925 2029 5010 composi-

375 5029 499 5093 tionem
522 5030 638 5115 ipsam,
663 5029 747 5093 sicut
769 5029 839 5093 sine
856 5027 1016 5113 pravitate
1031 5027 1166 5114 provide
1182 5028 1269 5093 iacta
1289 5035 1391 5093 estet
1413 5027 1454 5091 nb
1473 5034 1610 5111 chaque
1627 5034 1720 5111 parte
1744 5034 1860 5113 sponte
1884 5034 2029 5111 recepte,

372 5141 409 5198 ut
431 5135 465 5198 in
487 5134 713 5198 instmmentis
737 5130 855 5198 exinde
880 5131 1037 5196 coniectis
1060 5133 1190 5218 plenius
1214 5133 1413 5212 continetur,
1437 5131 1630 5196 auctoritate
1654 5130 1836 5215 apostolica
1858 5130 2028 5194 confirma-

374 5259 446 5302 mus
481 5243 514 5301 et
547 5237 709 5324 presentis
744 5236 857 5323 scripti
893 5236 1074 5321 patrocinio
1103 5238 1351 5301 communimus.
1414 5235 1506 5300 Nulli
1535 5255 1613 5321 ergo
1636 5240 1698 5298 sto.
1722 5241 1834 5298 nostre
1856 5235 2028 5299 confirme-

373 5343 471 5407 tionis
495 5350 557 5409 cto.
602 5342 640 5406 si
664 5341 736 5426 quis
759 5346 869 5405 autem
893 5347 956 5405 stc.
2080 5361 2107 5398 so

480 5445 557 5510 Dat.
581 5446 734 5511 Lateran.
760 5445 825 5510 XV
846 5444 921 5509 Kal.
944 5445 1054 5509 Martii
1078 5445 1288 5531 pontificatus
1311 5445 1414 5509 nostri
1439 5465 1523 5508 anno
1547 5443 1663 5529 primo.

480 5603 609 5610 1—-—--
621 5604 783 5609 ⁴-—
988 5604 1012 5608 ---
1025 5605 1035 5609 -
1254 5604 1588 5610 ¹.-.-—-—.-.---——--—

486 5710 507 5776 ⁸)
525 5711 553 5760 iu
571 5708 639 5758 deest
656 5710 683 5758 iu
702 5707 733 5757 R.
813 5705 835 5770 Ι’)
854 5717 953 5760 nostros
974 5705 1004 5756 B.
