4494 6426
601 415 603 420 ¹
726 353 926 409 EPISTOLAE
943 355 1132 411 SELECTAE.
1169 355 1244 410 1220.
1771 361 1812 423 97

162 523 272 606 decet,
302 526 413 611 quieta
442 533 475 592 et
502 527 598 591 illesa
627 528 823 606 consistent,
855 535 887 592 et
915 529 948 593 in
978 536 1048 594 tota
1070 535 1157 594 terra
1179 529 1253 594 Deo
1283 537 1418 595 auctore
1442 551 1509 616 pax
1531 537 1565 595 et
1595 531 1814 616 tranquillitas

162 637 386 702 conservetur;
416 651 474 715 pro
504 637 594 694 certo
618 631 744 704 scituri,
775 631 861 715 quod
885 633 912 696 si
936 634 991 716 qui
1019 640 1246 718 presumerent
1269 634 1368 698 aliter
1391 639 1597 720 attemptare,
1621 656 1679 698 nos
1702 641 1813 722 preter

164 731 285 814 regiam
307 731 484 807 ultionem,
515 754 611 817 quam
642 732 774 797 demum
804 736 950 819 effugere
980 757 1045 800 non
1069 738 1227 816 valerent,
1259 738 1539 824 presumptionem
1565 759 1675 802 corum
1703 739 1813 802 taliter

163 835 364 919 puniremus.
394 834 479 920 quod
502 858 587 923 peno
611 836 749 902 docente
781 845 1034 922 cognoscerent,
1063 860 1159 927 quam
1188 861 1320 924 gravem
1351 841 1434 904 hanc
1458 847 1685 928 reputaremus
1709 840 1811 904 offen-

164 957 245 1014 sam,
275 944 309 1002 et
336 946 457 1023 quanto
487 941 558 1004 zelo
588 942 731 1005 zelemur
763 943 869 1028 ipsum
898 964 1009 1027 regem
1037 951 1071 1006 et
1096 943 1173 1007 fidei
1201 942 1388 1008 Christiane
1417 945 1602 1028 negotium,
1636 944 1723 1029 quod
1753 965 1812 1031 per

165 1041 302 1107 eundem
326 1065 437 1128 rogem
462 1043 574 1108 divina
596 1045 757 1129 largiente
782 1049 930 1132 potentia
952 1069 1121 1133 speramus
1145 1048 1287 1112 feliciter
1309 1047 1578 1134 promovendum.

269 1144 347 1209 Dat.
370 1146 458 1233 apud
481 1147 606 1212 Urbem
629 1155 787 1230 veterem,
810 1150 896 1214 XIII
918 1150 993 1216 Kal.
1018 1150 1233 1236 Septembris,
1257 1172 1342 1215 anno
1366 1151 1489 1236 quinto.

788 1375 1191 1384 A.-.......,..-...--..—....-.--.-...-1---.-

945 1587 1029 1662 132.

269 1696 458 1790 Honorius
472 1721 539 1788 III
548 1744 635 1805 papa
646 1725 815 1811 [prerto]
829 1729 967 1808 episeopo
980 1728 1236 1810 Bubeuberpeusi
1250 1728 1390 1805 euadat,
1405 1729 1563 1791 utcontra
1577 1724 1813 1810 F[u'dericum]

161 1831 375 1897 Rornanorum
396 1847 496 1909 repom
517 1827 696 1891 masticari
717 1829 851 1894 demeat.
1451 1833 1544 1908 1220,
1566 1829 1650 1914 Aue.
1673 1833 1724 1896 20.

263 1951 337 2005 uon.
356 1951 410 2002 ΠΙ
425 1948 493 2015 Rea
516 1947 573 2000 ror.
592 1951 650 2010 111,
668 1952 702 2002 15
708 1968 718 2016 ,·
735 1949 798 2002 uu.
824 1949 853 2012 ν,
874 1954 915 2003 71.

633 2219 642 2236 .
672 2218 681 2237 .
710 2164 922 2256 episcopo
949 2164 1335 2256 babembergensi.

266 2309 374 2374 Grave
391 2311 535 2395 gerimus
552 2320 585 2376 et
599 2312 778 2398 indignum,
804 2315 889 2398 quod
905 2315 1023 2400 spretis
1040 2311 1290 2379 inhibitionibus
1307 2321 1340 2380 et
1361 2313 1672 2379 commonitionibus
1687 2316 1808 2379 nostris

161 2413 225 2476 iam
248 2415 359 2500 sepius
381 2414 440 2478 tibi
457 2415 563 2496 factis,
587 2424 700 2481 contra
722 2419 932 2482 karissimum
955 2419 988 2481 in
1011 2418 1141 2483 Christo
1165 2418 1268 2483 filium
1291 2425 1438 2482 nostrum
1460 2417 1497 2483 F.
1513 2418 1674 2483 illustrem
1697 2438 1809 2502 regem

160 2514 272 2579 Sicilie
303 2517 334 2579 in
356 2517 577 2584 Romanorum
607 2521 837 2606 imperatorem
861 2523 1001 2587 electum
1024 2522 1223 2602 machinari,
1247 2523 1331 2586 siout
1354 2521 1551 2606 accepimus,
1577 2541 1641 2585 non
1664 2521 1808 2586 desistis.

160 2617 303 2703 Ideoque
328 2623 529 2705 presentium
554 2623 615 2686 tibi
637 2626 831 2690 auctoritate
855 2625 1056 2706 mandamus,
1081 2626 1232 2710 quatinus
1256 2625 1366 2689 taliter
1393 2624 1434 2687 ab
1465 2623 1650 2688 huiusmodi
1673 2645 1808 2710 perver-

160 2721 256 2785 sitate
286 2722 452 2806 quiescas,
483 2725 568 2809 quod
598 2727 719 2791 elamor
747 2727 789 2791 ad
813 2750 872 2792 nos
898 2749 997 2813 super
1018 2728 1081 2793 boe
1104 2727 1145 2792 de
1169 2735 1279 2792 cetero
1309 2748 1374 2791 non
1397 2733 1560 2808 recurrat,
1590 2730 1668 2814 quia
1689 2726 1722 2790 id
1743 2748 1809 2791 non

159 2847 329 2912 possemus
351 2827 489 2892 ulterius
513 2833 545 2892 in
567 2832 726 2916 patientia
749 2833 923 2897 sustinere.

265 2931 342 2995 Dat.
365 2930 451 3017 apud
471 2931 753 3015 Urbemvetorem‚
777 2935 862 3000 XIII
884 2935 958 3001 Kal.
981 2935 1195 3022 Septembris,
1218 2937 1428 3024 pontificatus
1452 2936 1556 2999 nostri
1577 2956 1662 3000 anno
1684 2935 1806 3020 quinto.

943 3373 1025 3446 133.

267 3481 454 3578 Honorius
487 3512 554 3577 III
584 3531 672 3592 papa
699 3511 873 3575 chriurm
910 3513 947 3576 de
981 3512 1092 3591 Nilfeu
1125 3514 1371 3595 crucesignatum
1403 3536 1425 3578 a
1456 3516 1519 3577 uoti
1549 3515 1601 3578 sui
1633 3515 1808 3578 excoctione

77 3651 94 3684 -.›=
156 3620 297 3698 absoluit,
319 3640 386 3684 cum
409 3616 594 3681 Frirtericas
616 3615 830 3680 Romanorum
852 3638 909 3679 rer
928 3616 1033 3697 filium
1059 3637 1149 3680 suum
1171 3616 1381 3701 [Ileurieum]
1402 3621 1431 3681 et
1453 3621 1549 3682 totam
1571 3617 1718 3682 Suebiam
1740 3618 1807 3681 eius

157 3745 253 3790 curae
276 3721 469 3787 eorumiserit.
1446 3723 1539 3797 1220,
1562 3721 1644 3802 Aup.
1667 3723 1719 3783 21.

261 3842 334 3896 Hoa.
354 3844 409 3894 III
423 3841 491 3909 Bcp.
517 3840 572 3892 Vol.
591 3843 649 3904 ΙΙΙ,
668 3845 702 3894 15
708 3858 718 3906 ;
736 3838 799 3892 Lib.
823 3839 852 3902 V,
873 3843 917 3892 70.

422 4053 572 4127 Nobili
599 4053 696 4126 viro
723 4052 916 4126 Henrico
944 4054 994 4126 de
1021 4051 1164 4125 Niffen
1192 4073 1322 4126 cruce
1351 4051 1538 4144 signato.

266 4204 318 4268 Ad
346 4226 463 4290 preces
494 4202 660 4267 karissimi
690 4203 723 4266 in
756 4203 888 4267 Christo
922 4203 980 4267 lilii
1009 4203 1112 4267 nostri
1140 4200 1313 4282 Frideriei,
1344 4202 1482 4266 illustris
1513 4201 1601 4286 regis
1630 4200 1742 4265 Sicilie
1770 4201 1804 4263 in

78 4339 102 4374 -ιε,
157 4308 379 4372 Romanomm
402 4309 632 4394 imperatorem
656 4307 765 4386 electi,
789 4307 844 4392 qui
868 4307 969 4370 filium
994 4327 1087 4370 suum
1111 4312 1144 4370 et
1166 4313 1267 4370 totam
1285 4304 1439 4370 Suerism
1462 4311 1517 4370 tue
1535 4325 1611 4370 cure
1633 4305 1805 4384 commisit,

156 4412 349 4475 auctoritate
378 4411 440 4476 tibi
467 4412 668 4497 presentium
698 4410 920 4494 indulgemus,
951 4417 987 4474 ut
1016 4410 1211 4474 executione
1241 4408 1309 4472 roti
1337 4409 1401 4489 tui,
1429 4429 1526 4494 quam
1557 4406 1613 4471 diu
1642 4407 1742 4472 fuerit
1763 4407 1805 4472 de

158 4515 366 4601 beneplacito
395 4522 506 4578 nostro
541 4536 716 4600 suspensa,
746 4514 855 4578 nullus
887 4522 920 4578 te
950 4513 992 4578 ad
1023 4512 1104 4577 illud
1135 4533 1253 4598 cogere
1282 4513 1392 4576 valeat
1415 4510 1655 4595 exequendum,
1678 4511 1742 4574 nisi
1765 4509 1804 4575 de

156 4620 294 4706 speciali
316 4618 497 4706 apostolice
521 4617 610 4681 sedis
633 4616 786 4681 mandato
810 4618 953 4682 faciente
978 4616 1018 4682 de
1041 4617 1102 4680 hac
1125 4623 1238 4680 nostra
1261 4614 1466 4699 indulgentia
1488 4615 1697 4678 mentionem.

267 4721 343 4786 Dat.
366 4721 454 4808 apud
471 4721 595 4786 Urbem
619 4729 774 4800 veterem,
798 4721 866 4786 XII
880 4721 956 4786 Kal.
979 4720 1193 4808 Septembris,
1216 4719 1424 4806 pontificatus
1447 4717 1552 4780 nostri
1574 4738 1659 4782 anno
1682 4718 1805 4803 quinto.

776 4965 1186 4974 ——-—.-——--—-

938 5175 1021 5249 134.

75 5357 101 5392 a·
263 5289 449 5384 Honorius
469 5315 533 5381 III
554 5335 645 5396 propa
666 5315 906 5396 archiepiscopis
927 5317 956 5378 ct
976 5313 1126 5395 episeopis
1144 5334 1203 5393 per
1221 5313 1403 5377 Teutonicus
1424 5313 1599 5378 coristitutis
1619 5311 1744 5390 inhibet,
1768 5332 1806 5375 uc

149 5443 213 5502 pro
234 5421 294 5486 leui
315 5440 412 5486 eausa
440 5424 543 5484 terras
564 5419 726 5485 Friderici
747 5418 962 5484 Rauracorum
984 5419 1066 5502 repis
1095 5418 1252 5482 subicient
1281 5418 1458 5496 interdicto,
1491 5417 1642 5498 quamdiu
1662 5437 1720 5480 reu
1740 5418 1806 5496 ipsc

155 5525 222 5588 iuri
250 5529 334 5588 stare
353 5529 490 5605 paratus
511 5525 562 5589 sit.
1441 5524 1535 5599 1220,
1557 5521 1640 5604 Aua
1664 5523 1717 5585 21.

260 5644 333 5698 uon.
352 5645 407 5696 Π]
420 5643 488 5712 1309.
512 5643 570 5698 vu.
589 5646 647 5709 m,
667 5647 716 5704 15;
734 5639 797 5698 Lu.
821 5640 850 5706 r,
870 5643 912 5695 oo.

259 5751 319 5824 tiso.
337 5769 416 5819 Pom.
435 5769 454 5820 L
1567 5751 1601 5806 13
