4448 6420
352 158 411 222 158
936 157 983 212 EX
1002 158 1158 214 HONORII
1176 159 1217 213 111
1234 158 1415 214 REGISTRO

350 331 557 416 negotiorum
588 331 779 396 instantium
802 332 904 398 Terre
929 331 1063 414 Sancte,
1094 333 1180 419 quod
1203 332 1244 398 ad
1268 354 1308 397 ca
1330 333 1517 398 necessaria
1540 331 1833 418 circumspectione
1858 330 1999 417 gerenda

351 457 432 521 opus
456 443 546 500 esset
568 442 682 501 nostra
703 438 871 522 presentia
894 438 1069 523 corporali,
1099 460 1196 524 quam
1220 437 1295 522 quia
1319 437 1386 501 illic
1409 435 1567 501 exhibere
1595 457 1660 500 non
1683 456 1875 521 possumus,
1904 457 1998 499 occu-

349 541 417 626 pati
442 540 605 605 communi
629 561 708 605 cura
730 541 870 605 ecclesie
894 542 1075 626 generalis,
1106 540 1285 606 venerabili
1312 539 1404 604 fratri
1433 546 1545 603 nostro
1570 587 1577 602 .
1602 591 1610 606 .
1634 539 1819 626 patriarche
1843 538 1996 603 lerosoli-

350 643 481 724 mitono,
504 645 574 708 viro
597 645 709 729 utique
727 643 898 730 prudentie
922 645 1158 710 cohonestatis
1175 650 1322 730 experte,
1345 645 1433 708 vices
1450 651 1578 708 nostras
1601 644 1634 707 in
1657 645 1719 708 hae
1736 650 1828 730 parte
1845 641 1998 707 duximus

259 819 261 822 ,
351 747 618 826 committendas,
656 746 763 812 eidem
800 749 897 834 plene
937 749 1110 831 legationis
1149 747 1293 812 officium
1330 745 1538 813 concedendo
1576 768 1613 812 ac
1650 745 1822 811 tribuendo
1862 745 1998 809 liberam
2047 767 2057 804 s

349 855 562 936 potestatem,
591 857 627 914 ut
651 849 830 914 secundum
853 849 964 914 datam
993 851 1054 914 sibi
1078 872 1097 914 a
1119 849 1192 914 Deo
1214 848 1422 936 prudentiam
1445 851 1587 934 corrigat
1616 855 1648 914 et
1676 848 1845 929 emendet,
1875 846 2002 912 ordinet

351 959 384 1016 ct
406 951 567 1039 disponat,
589 960 687 1040 prout
710 975 837 1038 queque
862 953 969 1018 officio
989 975 1048 1017 suo
1071 953 1220 1038 indigere
1242 955 1432 1038 cognoverit
1455 960 1489 1018 et
1512 953 1691 1032 securitati,
1714 953 1942 1038 tranquillitati
1965 973 2002 1015 ae

351 1057 449 1120 statui
471 1062 580 1121 vestro
602 1055 721 1120 viderit
743 1054 910 1141 expedire.
948 1056 1094 1141 Ideoque
1118 1077 1177 1142 per
1192 1057 1373 1141 apostolica
1388 1056 1480 1120 vobis
1503 1057 1624 1142 scripta
1638 1056 1851 1144 precipiendo
1868 1054 2001 1120 manda-

351 1181 439 1240 mus,
470 1162 621 1245 quatinus
649 1160 757 1225 eidem
787 1167 952 1245 tamquam
981 1161 1161 1247 apostolice
1196 1159 1285 1224 sedis
1315 1159 1425 1244 legato
1453 1161 1685 1239 reverentiam,
1720 1159 1943 1225 obedientiam
1971 1163 2002 1223 et

350 1263 631 1328 honorificentiam
660 1264 873 1344 exhibentes,
902 1265 973 1328 eius
1003 1264 1188 1328 salubribus
1215 1263 1347 1327 monitis
1375 1271 1409 1327 et
1436 1262 1597 1327 mandatis
1626 1263 1803 1328 intendatis
1834 1262 2003 1327 humiliter
2052 1285 2071 1320 a

352 1373 385 1430 et
416 1366 542 1432 devote.
595 1367 751 1450 Alioquin
782 1369 992 1442 sententiam,
1022 1389 1119 1453 quarn
1149 1366 1528 1432 rationabilitertulerit
1557 1369 1589 1431 in
1619 1367 1775 1446 rebelles,
1804 1365 2002 1452 precipimus

352 1490 455 1552 usque
479 1469 520 1532 ad
543 1469 800 1533 satisfactionem
825 1469 1018 1554 condignam
1042 1470 1274 1534 inviolabiliter
1298 1469 1475 1534 observari.

459 1588 534 1654 Dat.
558 1590 711 1654 Lateran.
733 1589 783 1653 IV
804 1589 883 1655 Idus
907 1589 995 1672 Maii,
1020 1591 1228 1676 pontificatus
1252 1592 1356 1655 nostri
1379 1613 1464 1655 anno
1487 1591 1564 1656 VII.

971 1870 1383 1878 ...β-...μή

1145 2145 1231 2220 229.

458 2259 647 2351 Honorius
668 2284 736 2348 III
751 2305 841 2366 papa
862 2285 1001 2364 episcopo
1032 2289 1061 2349 ct
1091 2286 1228 2366 capitulo
1252 2285 1495 2350 Tarentusr'easc'
1522 2285 1627 2350 codem
1654 2305 1692 2349 oc
1718 2286 1786 2368 rcpr'
1807 2287 2007 2351 Francorum

352 2388 389 2451 dc
410 2387 559 2468 colloquio
580 2407 650 2452 cum
672 2389 855 2468 imperatore
876 2389 981 2452 habito
1001 2388 1117 2467 scribit,
1140 2407 1247 2469 cosque
1269 2387 1313 2453 ad
1333 2407 1511 2453 succursum
1538 2387 1653 2453 Terrae
1675 2389 1810 2456 Sanctae
1831 2394 1933 2455 merset
1944 2393 1964 2455 ¹.
2056 2419 2076 2454 n

1644 2495 1738 2572 1226,
1761 2492 1845 2560 Mai.
1868 2497 1922 2558 26.

458 2614 531 2668 Han.
550 2613 608 2666 ΙΙΙ
622 2612 689 2682 Ray.
714 2613 768 2668 Vol.
787 2612 841 2679 IV,
861 2619 911 2676 55;
931 2613 993 2666 Lib.
1021 2613 1084 2679 VII,
1103 2617 1163 2667 177.

722 2826 945 2919 Episcopo
973 2832 1016 2900 et
1042 2826 1246 2919 capitulo
1273 2825 1639 2900 Tarantasiensi.

191 3000 250 3042 rsa.
268 3003 346 3052 mna.
464 2971 612 3038 Dextera
638 2972 773 3037 Domini
805 2974 929 3038 fecerat
961 2973 993 3037 in
1025 2975 1176 3061 captione
1206 2974 1359 3040 Damiate
1388 2975 1544 3038 virtutem
1574 2979 1608 3038 et
1638 2974 1842 3039 exaltaverat
1869 2974 2007 3060 gloriam

357 3074 496 3140 nominis
519 3075 711 3157 Christiani,
741 3081 792 3141 set
815 3077 890 3161 quia
914 3076 1100 3142 Christiana
1123 3077 1254 3142 devotio
1279 3100 1322 3142 ex
1344 3076 1462 3141 divinis
1486 3077 1592 3163 tepuit
1613 3073 1798 3159 benefieiis,
1822 3097 1865 3140 ex
1889 3075 2005 3160 quibus
2055 3107 2123 3144 aa»

192 3205 268 3247 rorem.
284 3208 337 3256 rra.
357 3201 476 3244 norum
491 3179 651 3244 fervorem
668 3180 826 3245 debuerat
847 3182 1075 3266 assumpsisse,
1099 3203 1137 3245 ac
1161 3181 1277 3266 spiritu
1298 3180 1449 3245 elationis
1472 3181 1583 3245 inflata
1599 3201 1730 3246 carnem
1746 3201 1842 3245 suum
1858 3179 2009 3266 posuisse

355 3283 526 3347 brachium
553 3283 741 3362 videbatur,
774 3283 889 3348 eadem
913 3283 1051 3349 dextera
1079 3284 1212 3350 Domini
1242 3285 1289 3349 sic
1319 3284 1439 3349 elatam
1468 3285 1613 3369 graviter
1644 3285 1745 3350 allisit
1768 3283 1809 3349 ad
1832 3290 1955 3348 terram
1977 3289 2009 3347 et

355 3387 531 3452 inebriavit
559 3387 660 3452 calice
693 3389 741 3452 irc
770 3409 843 3468 suc,
873 3389 1012 3473 gratiam
1035 3396 1230 3454 convertens
1253 3390 1286 3452 in
1309 3389 1390 3452 iram
1414 3394 1447 3452 et
1470 3388 1624 3473 gaudium
1648 3389 1682 3452 in
1705 3409 1883 3466 merorem,
1916 3387 2008 3472 igno-

356 3491 472 3572 minia,
503 3513 562 3578 per
591 3513 687 3577 quam
717 3492 832 3557 eadem
864 3500 914 3557 est
942 3493 1089 3578 perdita*
1121 3494 1251 3572 civitas,
1283 3492 1437 3577 gloriam,
1467 3513 1528 3578 per
1558 3513 1654 3577 quarn
1682 3491 1866 3576 conquisita
1893 3489 2009 3570 fuerat,

358 3602 542 3681 superante.
588 3595 766 3682 Speremus
789 3603 917 3675 autem,
947 3596 1032 3681 quod
1056 3595 1166 3660 divina
1188 3596 1374 3680 benignitas
1396 3593 1655 3660 misericordiam
1683 3616 1747 3659 non
1770 3593 1952 3658 continebit
1974 3593 2008 3656 in
2058 3623 2081 3658 z

357 3701 421 3779 ira,
450 3706 500 3764 set
528 3700 618 3764 illam
647 3701 783 3765 anobis
807 3708 975 3782 avertens,
1008 3701 1147 3766 eandem
1170 3699 1315 3766 effundet
1338 3701 1372 3764 in
1395 3722 1470 3781 eos,
1503 3701 1646 3784 quinon
1668 3703 1829 3762 noverunt
1852 3717 1928 3762 eum
1950 3717 2011 3760 nec

357 3803 509 3866 invocant
532 3824 651 3868 nomen
676 3805 757 3885 eins,
783 3811 833 3868 set
855 3805 888 3868 in
912 3806 983 3869 eius
1006 3805 1214 3891 obprobrium
1237 3804 1331 3868 nobis
1353 3797 1576 3890 improperant
1598 3809 1695 3888 atque
1719 3801 1847 3866 dicunt:
1871 3800 1938 3864 Ubi
1961 3805 2012 3864 est

356 3904 449 3970 Deus
472 3913 606 3970 eorum?
650 3907 746 3972 Hanc
770 3915 878 3972 antem
903 3929 995 3994 spem
1018 3915 1163 3973 nostram
1186 3931 1251 3974 non
1281 3929 1394 3995 parum
1417 3908 1623 3987 corroborat,
1653 3905 1738 3993 quod
1762 3905 1956 3970 karissimus
1977 3903 2011 3968 in

358 4007 487 4073 Christo
510 4009 598 4074 filius
620 4018 732 4076 noster
753 4009 984 4099 F[riderious],
1014 4013 1151 4077 illustris
1175 4012 1397 4077 Romanorum
1429 4011 1605 4097 imperator
1636 4031 1766 4096 semper
1787 4015 1948 4094 angustus
1978 4015 2011 4072 et

358 4133 418 4177 rex
446 4110 573 4194 Sicilie,
603 4112 758 4178 divinitus
780 4115 975 4201 inspiratus,
1009 4116 1139 4179 omissis
1169 4116 1279 4179 multis
1308 4113 1484 4200 arduisque
1514 4115 1655 4200 negotiis
1688 4121 1750 4179 etc.
1782 4121 1819 4176 ut
1849 4133 1949 4198 supra
1976 4112 2010 4175 in
2028 4111 2032 4114 ”
2059 4143 2075 4174 '-

357 4215 467 4279 littera
496 4237 558 4300 que
589 4217 636 4281 sic
663 4217 795 4304 incipit:
833 4219 944 4283 Iustus
968 4217 1128 4283 Dominus
1157 4241 1276 4304 usqne:
1304 4217 1533 4283 iurisiurandib
1558 4218 1717 4302 religione
1746 4217 1897 4280 firmavit.
1942 4215 2011 4279 Nos

358 4318 457 4403 igitur
490 4319 594 4404 ipsius
628 4320 834 4406 imperatoris
869 4323 958 4408 pium
1002 4329 1035 4386 et
1071 4323 1211 4387 salubre·
1235 4323 1453 4408 propositum,
1489 4322 1572 4385 sicut
1612 4320 1652 4384 ad
1688 4319 1830 4384 officium
1864 4326 2011 4383 nostrum

358 4421 517 4508 pertinet,
541 4422 740 4504 adiurantes,
764 4445 860 4510 reges
885 4433 918 4489 et
941 4426 1106 4512 principes
1130 4448 1168 4490 aa
1192 4427 1273 4490 alios
1297 4425 1420 4490 Christi
1443 4424 1557 4488 fideles
1581 4423 1704 4489 sedulis
1728 4422 2011 4488 exhortationibus

359 4532 392 4588 ct
414 4525 603 4611 apostolicis
627 4526 838 4612 indulgentiis
862 4530 1063 4610 excitamus,
1086 4536 1123 4595 ut
1146 4537 1179 4595 et
1201 4530 1264 4616 ipsi
1287 4529 1329 4594 ad
1350 4529 1580 4593 liberationem
1603 4536 1705 4608 terre,
1729 4529 1762 4592 in
1786 4549 1851 4612 qua
1873 4526 1955 4592 deus
1979 4532 2012 4589 et

359 4627 510 4693 dominns
532 4637 645 4694 noster
668 4631 763 4695 Iesus
787 4631 937 4697 Christus
961 4641 1105 4698 nostram
1128 4633 1282 4719 dignatus
1305 4641 1356 4698 est
1377 4634 1506 4719 operari
1530 4634 1686 4709 salutem,
1713 4652 1772 4718 pro
1795 4631 1892 4698 nobis
1915 4629 2010 4694 morti
2063 4649 2070 4686 ι

360 4732 492 4797 tradidit
507 4734 733 4820 semetipsum,
757 4735 895 4799 viriliter
918 4758 953 4800 sc
978 4739 1160 4822 accingant.
1207 4737 1294 4802 Sanc
1317 4739 1393 4822 quia
1408 4744 1537 4824 tempus
1561 4744 1621 4816 est,
1645 4742 1682 4800 ut
1698 4735 1832 4799 tollatur
1855 4736 1912 4799 illa
1934 4755 2010 4799 oon·

358 4835 462 4916 fusio,
496 4858 559 4922 qna
594 4838 653 4902 filii
687 4839 806 4903 ancille
837 4840 998 4905 insultant
1030 4843 1064 4905 in
1092 4842 1177 4906 lilios
1205 4843 1323 4922 libere,
1359 4847 1480 4906 terram
1513 4841 1617 4905 nostri
1647 4839 1804 4925 principis
1834 4837 2010 4904 detinendo

359 4940 590 5006 miserabiliter
606 4949 808 5028 occupatam,
832 4950 962 5030 tempus
986 4951 1046 5022 est,
1070 4951 1106 5008 ut
1127 4945 1174 5009 hii
1196 4946 1253 5030 qui
1275 4967 1331 5029 ere
1346 4951 1557 5032 peecatorum
1579 4965 1615 5009 se
1639 4943 1768 5008 diabolo
1784 4942 2010 5020 vendiderunt,

358 5045 546 5110 ammissum
576 5055 772 5131 recuperent
805 5046 1009 5128 libertatem,
1044 5054 1078 5112 et
1107 5069 1168 5135 per
1199 5049 1369 5114 salutifere
1402 5047 1638 5134 redemptionis
1670 5045 1853 5111 remedium
1887 5048 2010 5111 animas

468 5205 607 5212 --—-.-.=-..
633 5205 700 5210 .---...
712 5205 789 5212 ...,-...,..
800 5207 932 5212 ..,,,.,...,.....-.
946 5207 1029 5212 -.,-...,..
1049 5208 1053 5212 .
1069 5208 1083 5212 ..
1102 5208 1134 5214 ..,.
1161 5209 1222 5214 ...,.,
1240 5207 1386 5214 --.-..-——--
1692 5207 1911 5216 -n--—....-.

466 5305 489 5373 ⁸)
509 5309 621 5374 predicta
639 5307 671 5357 lt.
756 5306 778 5372 ὓ)
797 5309 938 5359 iusiurandi
958 5308 989 5359 n.

463 5447 489 5513 l)
510 5445 552 5514 Cf.
571 5445 713 5514 epistolam
728 5461 781 5514 per
804 5445 1045 5500 Turontasicuscm
1059 5445 1231 5513 prouinciam
1248 5444 1368 5507 missam,
1386 5442 1436 5497 sub
1455 5461 1481 5498 rr.
1501 5449 1566 5498 225.
