4590 6366
765 397 965 452 EPlSTOLhE
983 396 1173 452 SELECTAE.
1210 397 1286 452 1235.
1786 401 1849 462 543

306 571 388 636 Οιιιιι
417 573 518 657 igitur
546 579 659 656 treuge
690 593 764 635 cum
788 570 978 634 Sarracenis
1011 572 1090 635 inite
1120 571 1248 636 modico
1281 572 1345 635 sint
1367 577 1516 656 tempore
1540 571 1712 648 durature,
1744 592 1785 635 ne
1810 573 1849 650 si,

197 675 283 757 quod
312 676 413 756 absit,
444 676 609 740 invonitur
632 675 818 739 Christiana
846 674 1006 760 professio
1030 675 1206 760 imparata,
1238 675 1417 739 verendum
1441 675 1499 754 sit,
1531 674 1618 759 quod
1647 695 1713 739 non
1742 674 1847 738 solum

196 777 338 842 difficilis
362 786 447 843 terro
473 781 676 865 recuperatio
707 779 772 842 iam
801 780 937 859 amisse,
965 801 1078 843 verum
1110 780 1210 844 ctiam
1234 778 1450 864 desperabilis
1473 779 1614 842 retentio
1638 779 1681 842 sit
1704 786 1846 844 retente:

196 881 366 965 cupientes
389 883 478 947 acics
501 882 691 946 Dominicas
720 884 902 947 instaurare
934 904 972 946 ac
1000 904 1059 968 per
1089 883 1280 946 continuata
1302 881 1446 967 presidia
1469 881 1591 945 Christi
1614 883 1746 966 negotio
1769 904 1845 968 pro-

195 983 313 1062 videri,
342 984 382 1048 de
413 985 549 1048 fratrum
577 993 762 1049 nostrorum
786 986 923 1049 consilio
953 986 1102 1048 militiam
1126 985 1345 1048 Christianam
1373 985 1407 1046 in
1439 984 1585 1068 partibus
1609 985 1845 1064 transmarinis,
1880 1041 1881 1044 ,

195 1087 400 1172 queiugiter
428 1095 539 1152 contra
566 1089 679 1153 hostes
709 1088 785 1153 fidei
808 1089 948 1174 prelium
970 1087 1106 1152 Domini
1135 1075 1324 1174 prelietur,
1341 1085 1382 1150 ad
1411 1086 1517 1150 minus
1541 1108 1645 1172 usquo
1668 1087 1709 1151 ad
1731 1087 1844 1153 decem

193 1179 301 1252 annos*
318 1190 517 1276 providimus
536 1192 768 1272 instruendam,
792 1191 832 1256 de
848 1191 994 1255 fidelium
1020 1191 1208 1256 elemosinis
1231 1190 1412 1254 subsidium
1437 1189 1627 1253 continuum
1650 1191 1845 1256 habituram.

194 1290 237 1355 Ut
271 1303 381 1357 autern
416 1295 501 1379 quod
537 1296 735 1361 intendimus
771 1298 889 1360 molius
920 1303 953 1360 et
988 1296 1155 1360 efficacius
1186 1297 1376 1380 impleatur,
1414 1295 1566 1379 exemplo
1599 1295 1756 1380 apostoli,
1790 1297 1845 1381 qui

196 1397 352 1460 collectas
384 1399 525 1464 faciebat
554 1403 587 1464 in
617 1402 786 1486 gentibus,
817 1409 853 1464 ut
874 1401 1020 1465 mitteret
1043 1401 1116 1464 illas
1140 1399 1295 1464 fratribus
1319 1399 1492 1483 egentibus
1516 1399 1549 1461 in
1571 1398 1767 1480 Ierusalem,
1797 1400 1844 1464 sic

195 1522 293 1586 super
315 1501 377 1566 hoc
401 1502 552 1567 duximus
575 1504 823 1590 providendum,
847 1512 883 1568 ut
907 1504 1054 1588 quilibet,
1077 1504 1132 1587 qui
1156 1503 1342 1567 Christiana
1364 1501 1568 1587 professione
1593 1508 1753 1573 censetur,
1777 1509 1843 1566 tam

192 1605 356 1668 masculus
381 1628 477 1690 quam
501 1607 636 1686 femina,
670 1615 737 1671 tam
772 1608 910 1671 clericus
941 1627 1037 1690 quam
1067 1607 1185 1686 laicus,
1220 1614 1253 1669 et
1283 1613 1350 1670 tam
1381 1605 1532 1669 subditus
1562 1626 1657 1689 quam
1687 1607 1843 1691 prelatus,

194 1708 340 1772 conferat
362 1711 508 1794 qualibet
541 1712 723 1795 septimana
753 1711 868 1774 saltem
895 1729 995 1772 unum
1019 1708 1188 1773 denarium
1212 1710 1245 1772 in
1274 1709 1458 1794 hocopus,
1490 1729 1549 1792 per
1577 1729 1691 1771 manus
1720 1730 1843 1789 eorum,

193 1810 248 1894 qui
270 1811 311 1874 ad
335 1812 396 1876 hoc
420 1814 515 1877 electi
539 1814 675 1893 fuerint,
707 1815 739 1878 in
769 1813 950 1878 subsidium
981 1813 1128 1877 eiusdem
1159 1814 1276 1877 militie
1306 1810 1574 1886 convertendum
1603 1812 1644 1875 iis
1674 1811 1843 1876 dumtaxat

193 1915 358 1998 exeeptis,
390 1917 445 2000 qui
470 1925 623 2002 suscepto
647 1918 752 1980 crucis
777 1917 965 1981 charactere
990 1923 1065 1980 sunt
1088 1917 1167 1980 illuc
1189 1917 1407 2001 personaliter
1429 1914 1635 2001 profecturi&
1680 1915 1732 1978 Ad
1756 1914 1842 2000 quod

129 2036 140 2072 a
193 2015 335 2081 fideliter
357 2019 586 2102 exequendum
609 2020 642 2082 in
671 2020 817 2104 qualibet
848 2020 979 2083 civitate
1003 2020 1056 2082 vel
1087 2025 1212 2098 castro,
1241 2018 1319 2082 villa
1348 2019 1401 2082 vel
1427 2018 1498 2082 vico
1527 2026 1735 2081 assumantur
1767 2019 1841 2098 duo,

191 2141 275 2183 unus
300 2121 453 2186 videlicet
477 2123 616 2186 clericus
640 2145 698 2209 per
721 2124 911 2208 episcopum
934 2130 968 2187 et
990 2124 1074 2186 alter
1096 2123 1199 2186 laicus
1223 2144 1283 2208 per
1304 2121 1470 2185 dominum
1494 2121 1547 2185 vel
1570 2127 1731 2186 rectorem
1755 2129 1841 2188 torre

192 2245 250 2288 seu
273 2225 420 2288 locorum
443 2227 643 2306 communia,
667 2225 782 2289 fideles
807 2233 840 2288 et
861 2225 987 2304 idonei,
1009 2226 1163 2290 timentes
1186 2225 1305 2304 Deum,
1330 2225 1385 2310 qui
1408 2224 1568 2310 recipiant
1591 2225 1638 2288 sic
1661 2224 1785 2300 oblata;
1809 2233 1842 2291 et

191 2347 232 2389 ne
264 2326 347 2392 forte
381 2328 473 2391 illum
505 2329 597 2392 cuius
628 2334 678 2392 est
707 2329 875 2413 negotium
908 2329 1076 2413 contingat
1105 2328 1212 2414 decipi
1241 2329 1293 2392 vel
1321 2326 1479 2406 fraudari,
1513 2328 1546 2390 in
1573 2327 1639 2391 fine
1667 2329 1842 2393 cuiuslibet

190 2430 313 2493 mensis
338 2431 394 2494 fiat
415 2453 474 2517 per
498 2432 631 2497 eosdem
654 2433 810 2496 clericum
834 2439 867 2496 et
889 2433 1008 2496 laicum
1031 2433 1064 2495 in
1087 2431 1217 2518 publico
1233 2431 1441 2518 presentibus
1465 2431 1559 2494 bonis
1582 2432 1661 2495 viris
1684 2439 1718 2496 et
1732 2432 1841 2496 Deum

113 2557 125 2596 a
191 2534 382 2598 timentibus
405 2535 487 2598 ratio
511 2535 551 2599 de
567 2537 720 2622 receptis,
742 2544 778 2599 ut
796 2537 918 2600 sciatur
933 2534 1010 2620 quid
1034 2543 1068 2600 et
1084 2542 1238 2620 quantum
1260 2535 1391 2620 inopus
1408 2533 1594 2598 huiusmodi
1617 2535 1660 2598 sit
1676 2535 1839 2614 collatum,

190 2635 337 2701 adhibito
361 2638 417 2701 illo
440 2640 567 2702 cautcle
589 2639 695 2703 studio
718 2645 754 2703 ut
776 2639 817 2704 de
841 2639 904 2702 hiis
927 2640 1028 2703 nichil
1049 2640 1180 2704 omnino
1204 2638 1362 2724 depereat
1385 2644 1436 2702 set
1457 2644 1562 2703 totum
1584 2636 1626 2701 ad
1649 2660 1730 2725 opus
1753 2637 1839 2704 dicte

190 2739 306 2804 militie
329 2741 456 2826 integre
480 2750 701 2822 conservetur,
725 2743 771 2806 ita
793 2750 840 2824 ut,
864 2743 892 2807 si
914 2744 955 2807 de
978 2744 1050 2807 loeo
1073 2744 1129 2807 illo
1153 2763 1248 2808 cruce
1272 2743 1393 2826 signati
1414 2741 1514 2826 aliqui
1537 2739 1578 2805 ad
1599 2748 1710 2826 partes
1733 2748 1839 2806 trans-

189 2841 381 2907 fretaverint
404 2845 623 2931 supradictas,
655 2847 721 2910 illis
744 2847 833 2933 prius
864 2855 898 2911 et
919 2849 1029 2933 potius
1054 2849 1086 2911 iu
1117 2847 1342 2910 transmarinis
1365 2845 1513 2930 partibus
1537 2845 1578 2909 de
1601 2847 1674 2930 ipsa
1696 2845 1840 2910 debeant

188 2948 329 3033 pecunia
352 2949 515 3034 stipendia
536 2950 717 3035 provideri;
747 2957 781 3014 et
803 2951 836 3014 in
858 2952 922 3016 fine
946 2951 1122 3016 cuiuslibet
1142 2949 1219 3014 anni
1243 2955 1351 3013 obram
1373 2949 1436 3012 loci
1460 2949 1616 3035 episcopo
1638 2949 1696 3013 fiat
1719 2947 1838 3012 exinde

111 3075 116 3092 ¹
189 3050 272 3114 ratio
306 3053 487 3135 generalis,
527 3060 564 3117 ut
596 3075 656 3138 per
689 3054 833 3118 locorum
868 3055 1040 3140 episcopos
1075 3060 1282 3140 receptorum
1316 3053 1479 3137 quantitas
1513 3051 1661 3115 Romano
1692 3051 1839 3137 pontifici
1923 3117 1925 3122 ,

188 3161 389 3240 exponatur,
419 3178 481 3242 que
504 3157 698 3242 consignata
720 3157 860 3221 fideliter
883 3164 916 3221 et
938 3156 1088 3242 deposita
1109 3179 1170 3243 per
1192 3157 1285 3236 illos,
1309 3155 1363 3240 qui
1387 3152 1428 3218 ad
1451 3155 1513 3219 hoc
1536 3153 1685 3238 deputati
1707 3154 1837 3232 fuerint,

187 3257 264 3321 illuc
288 3259 433 3344 plenarie
457 3262 705 3325 transmittatur.
752 3258 952 3324 Confidimus
976 3267 1085 3324 autem
1107 3260 1142 3324 in
1164 3259 1306 3323 Domino
1331 3265 1364 3322 et
1386 3258 1419 3321 in
1441 3257 1590 3343 potentia
1612 3258 1742 3322 virtutis
1766 3259 1837 3322 cius

187 3382 372 3446 speramus,
403 3362 489 3447 quod
520 3365 547 3427 si
575 3385 678 3449 usque
710 3363 751 3426 ad
779 3364 976 3449 premissum
999 3370 1129 3450 tempus
1162 3361 1347 3426 huiusmodi
1370 3360 1549 3447 presidium
1571 3359 1764 3424 indeficiens
1787 3360 1836 3424 in-

187 3471 369 3544 stauretur,
402 3465 677 3530 rccdificabuntur
699 3467 850 3530 civitates
874 3473 908 3531 et
931 3466 1064 3552 oppida,
1095 3473 1129 3530 ct
1152 3467 1185 3529 in
1209 3467 1256 3530 cis
1280 3463 1519 3529 habitatoribus
1543 3464 1727 3528 constitutis
1751 3470 1839 3527 terra

186 3570 391 3632 manuteneri
407 3572 529 3655 poterit
544 3577 676 3634 auctore
692 3569 834 3633 Domino
857 3579 890 3635 et
909 3570 1053 3636 defendi.
1096 3570 1242 3654 Ideoque
1260 3569 1498 3632 fraternitatem
1514 3574 1657 3631 vestram
1674 3585 1836 3649 rogamus,

185 3692 355 3736 monemus
380 3680 413 3736 et
440 3672 609 3736 hortamur
637 3674 670 3737 in
693 3673 852 3755 Domino,
882 3689 942 3761 per
976 3675 1156 3760 apostoliea
1178 3673 1272 3737 uobis
1302 3673 1424 3759 scripta
1451 3670 1599 3734 districte
1624 3667 1836 3756 precipiendo

184 3773 387 3854 mandantes,
412 3776 564 3859 quatinus
582 3777 773 3840 commissos
789 3778 883 3841 vobis
900 3778 1038 3862 populos
1054 3777 1215 3840 moneatis
1232 3777 1389 3840 attentius
1414 3782 1447 3839 et
1463 3774 1642 3839 efficaciter
1663 3771 1835 3850 inducatis,

184 3877 217 3939 in
241 3877 467 3942 remissionem
497 3878 546 3943 eis
578 3875 805 3965 precaminum
835 3881 1045 3964 iniungentes
1069 3901 1107 3943 ac
1131 3878 1343 3944 obsecrantes
1366 3900 1427 3964 per
1447 3877 1580 3941 Patrem
1604 3882 1637 3940 et
1658 3874 1779 3939 Filium
1802 3881 1836 3938 et

184 3979 341 4065 Spiritum
366 3989 514 4045 sanetum
537 3989 570 4046 et
592 4004 652 4067 per
674 3983 898 4068 aspersionem
923 3983 1090 4068 sanguinis
1113 3982 1193 4045 Iesu
1216 3981 1353 4060 Christi,
1383 3989 1421 4045 ut
1443 3981 1528 4044 sieut
1551 3979 1704 4044 convenit
1726 3985 1833 4043 atten-

184 4082 300 4147 dentes
324 4085 465 4170 qualiter
494 4091 666 4149 transeunt
693 4086 861 4164 universa,
891 4094 989 4172 prout
1014 4087 1239 4170 unusquisque
1263 4084 1442 4150 destinabit
1464 4085 1498 4147 in
1521 4083 1618 4148 corde
1643 4104 1718 4162 suo,
1749 4081 1868 4169 quoda
1883 4099 1988 4151 esaar.

182 4185 222 4251 de
249 4188 355 4272 gratia
389 4189 531 4274 petimus
568 4209 633 4252 non
669 4210 711 4253 ex
745 4189 879 4253 tristitia
911 4197 967 4253 aut
996 4210 1038 4253 ox
1072 4190 1271 4253 necessitate
1300 4188 1441 4253 Domino
1470 4185 1669 4265 exolvendo,
1703 4185 1834 4251 datores

181 4291 289 4374 ylares
314 4312 349 4355 se
374 4291 557 4356 ostendant.
602 4291 721 4371 Porro,
751 4293 897 4376 quamvis
928 4292 960 4355 id
990 4291 1153 4356 modicum
1181 4314 1240 4379 pro
1268 4293 1437 4376 unigenito
1459 4290 1525 4355 Dei
1554 4290 1621 4354 lilio
1649 4311 1669 4354 a
1696 4290 1833 4375 singulis

182 4391 222 4456 de
246 4394 352 4476 gratia
374 4395 593 4478 requiramus,
616 4395 848 4459 necessitatem
872 4403 981 4461 tamen
1005 4397 1104 4460 alicui
1126 4416 1191 4460 uon
1214 4395 1427 4481 imponimus,
1451 4395 1529 4479 quin
1551 4395 1656 4481 possit
1679 4393 1711 4458 in
1735 4415 1833 4479 gazo-

181 4495 368 4580 phylacium
391 4496 525 4562 Domini
556 4499 681 4562 maiora
709 4519 884 4583 reponere,
917 4507 968 4564 set
997 4506 1117 4585 quanto
1147 4500 1297 4584 cuiquam
1319 4498 1481 4563 Dominus
1506 4497 1643 4562 contulit
1665 4498 1833 4584 ampliora,

182 4605 272 4662 tanto
297 4601 327 4664 ci
350 4601 574 4665 retributionis
599 4601 744 4685 equitate
776 4609 915 4686 pensata
937 4600 1039 4666 debet
1068 4602 1208 4686 quilibet
1235 4601 1368 4665 maioris
1396 4601 1579 4665 devotionis
1605 4601 1747 4685 insignia
1774 4621 1832 4665 ex-

180 4701 305 4768 hibere.
351 4703 420 4769 Nec
444 4703 595 4768 dubitent
618 4704 694 4767 dare
718 4704 767 4767 illi
789 4711 921 4768 terrena
944 4712 977 4768 et
999 4726 1105 4791 pauca
1125 4704 1283 4790 brevique
1306 4711 1454 4790 tempore
1477 4703 1644 4782 duratura,
1675 4704 1731 4787 qui
1754 4724 1832 4768 con·

180 4806 255 4868 tulit
277 4807 439 4885 universa,
464 4829 527 4893 que
552 4809 621 4872 sive
638 4809 788 4872 volentes
811 4809 879 4871 sive
895 4809 1046 4872 nolentes
1062 4810 1223 4889 nesciunt,
1247 4806 1365 4894 quibus
1389 4808 1454 4870 sint
1476 4807 1653 4872 herodibus
1677 4808 1832 4888 relicturi,

181 4929 239 4993 pro
263 4907 381 4992 quibus
405 4910 462 4973 illa
492 4911 580 4974 bona
601 4910 753 4975 dantibus
777 4917 853 4974 sunt
875 4912 1057 4997 promissa,
1088 4933 1151 4997 que
1178 4933 1239 4977 noo
1268 4911 1380 4974 oculus
1404 4909 1485 4974 vidit
1511 4932 1572 4974 nec
1599 4911 1687 4975 auris
1710 4909 1833 4974 audivit
1847 4936 1866 4974 1.
1879 4929 1927 4972 cor.
1942 4935 1984 4982 aa.

181 5031 242 5074 neo
278 5011 311 5074 in
348 5033 403 5076 cor
436 5013 576 5077 hominis
611 5011 837 5077 ascenderunt.
887 5013 956 5078 Nos
991 5016 1077 5079 enim
1111 5015 1152 5079 de
1187 5014 1420 5100 omnipotentis
1448 5011 1512 5076 Dei
1545 5011 1768 5076 misericordia
1798 5019 1832 5076 et

118 5177 123 5188 ,
184 5113 355 5178 beatorum
378 5115 468 5179 Petri
492 5124 524 5180 et
546 5116 641 5180 Pauli
664 5117 887 5202 apostolorum
911 5119 981 5182 eius
1005 5119 1199 5182 auctoritate
1224 5116 1353 5196 confisi,
1381 5114 1531 5179 omnibus
1554 5135 1631 5178 vere
1654 5115 1831 5200 ponitenti-

182 5215 244 5280 bus
268 5225 301 5282 ot
325 5219 493 5298 confessis,
518 5219 572 5305 qui
590 5219 804 5284 elemosinam
827 5221 860 5284 in
883 5219 1042 5306 hocopus
1066 5227 1133 5285 tam
1148 5222 1239 5308 pium
1262 5227 1296 5285 et
1317 5218 1492 5296 laudabile,
1514 5223 1613 5303 prout
1635 5224 1686 5281 est
1707 5217 1831 5281 dietum

181 5321 350 5406 superius,
374 5320 527 5386 duxerint
550 5322 798 5404 conferendam,
821 5322 903 5387 duos
927 5344 1029 5387 annos
1053 5325 1147 5388 annis
1172 5321 1308 5407 singulis
1331 5322 1372 5387 de
1396 5321 1541 5385 iniuncta
1564 5320 1627 5384 sibi
1650 5321 1831 5407 penitentia

181 5422 435 5489 misericorditer
463 5425 660 5488 relaxamus.
711 5425 783 5489 Illis
815 5432 926 5490 autem
955 5427 1010 5512 qui
1040 5447 1105 5492 non
1135 5427 1240 5490 solum
1271 5425 1333 5489 hoo
1364 5431 1415 5488 set
1441 5425 1566 5489 maiora
1592 5444 1651 5511 pro
1682 5421 1829 5490 subsidio

476 5583 602 5590 —--....,-
614 5585 732 5590 —.—-
940 5585 1037 5592 ..a——
1325 5583 1451 5590 *—

285 5683 307 5750 ¹)
325 5683 452 5750 damasque
469 5703 500 5737 ea
518 5686 602 5756 Roya-
