4604 6420
772 404 971 461 epistotae
989 405 1178 461 SELEC'I'AE.
1215 409 1290 463 1933.
1800 419 1863 481 405

241 631 489 724 Friderico,
517 633 822 710 Romanorum
849 637 1109 729 imperatori
1139 658 1312 730 semper
1339 644 1544 733 augusto,
1571 641 1823 718 Ierusalem

759 761 801 830 et
827 757 981 832 Sicilie
1008 758 1101 850 regi
1128 758 1308 833 illustri.

311 893 451 960 Dilectis
479 895 554 960 filiis
583 897 748 982 magistris
772 896 953 963 Benedicta
977 902 1011 980 et
1031 896 1132 976 vPetro
1155 896 1196 962 de
1220 896 1342 963 Sancto
1366 897 1553 966 Germano¹
1580 901 1761 988 imperialis
1784 904 1859 969 aule

204 996 385 1079 iudicibus,
415 1018 553 1083 quorum
584 999 791 1085 diligentiam
823 1007 857 1066 et
885 999 1139 1065 sollicitudinem
1171 1020 1344 1085 possumus
1373 989 1490 1068 merito
1523 1004 1769 1088 commendare,
1803 1027 1861 1093 pro

141 1127 153 1165 s
205 1098 375 1165 tractanda
397 1099 582 1184 eoncordia,
607 1123 704 1188 quarn
728 1104 823 1170 inter
837 1109 927 1168 tuam
950 1103 1183 1168 excellentiam
1207 1110 1241 1168 et
1262 1103 1465 1171 Lombardos
1487 1113 1619 1174 auctore
1642 1108 1716 1175 Deo
1738 1109 1861 1175 lacien-

203 1201 278 1267 dam
314 1204 572 1290 assumpsimus,
607 1207 641 1270 in
671 1213 784 1272 nostra
814 1207 983 1292 presentia
1012 1206 1216 1287 constitutis,
1251 1207 1331 1273 licet
1361 1229 1404 1272 ex
1437 1216 1530 1295 parte
1562 1217 1620 1277 tua
1648 1212 1799 1278 renuent
1828 1212 1861 1277 in

204 1305 348 1372 medium
365 1306 563 1374 sufficientia
578 1309 790 1392 munimenta,
814 1309 891 1394 quia
906 1314 1016 1374 tamen
1034 1307 1292 1374 Lombardorum
1307 1311 1414 1375 nuntii
1437 1311 1479 1376 ad
1494 1319 1640 1380 nostram
1656 1314 1858 1401 presentiam

203 1408 359 1477 destinati
380 1411 422 1476 ad
443 1411 647 1478 tractandum
670 1413 711 1478 ds
734 1433 815 1499 pace
838 1413 932 1478 iuxta
954 1413 1181 1499 compromissi
1203 1413 1363 1479 formam²
1385 1413 1573 1482 mandatum
1597 1417 1764 1484 sufficiens
1791 1439 1856 1483 non

85 1517 90 1528 “
203 1513 380 1596 habebant,
403 1535 474 1594 nos,
501 1537 601 1604 super
615 1516 672 1581 illa
687 1516 866 1602 procedere
882 1523 1099 1601 nequeuntes,
1121 1523 1350 1604 procuratores
1370 1518 1505 1584 eosdem
1527 1519 1568 1586 ad
1590 1521 1666 1586 illos
1690 1523 1750 1587 sub
1766 1529 1856 1588 certa

129 1650 154 1688 ιο
205 1618 350 1684 mandati
378 1619 483 1686 forma
511 1618 664 1686 duximus
695 1619 927 1700 remittendos,
964 1620 1056 1714 sicut.
1077 1641 1136 1707 per
1171 1622 1284 1708 scripti
1316 1617 1482 1707 tenorem,
1517 1644 1613 1710 quem
1643 1624 1713 1689 tibi'
1734 1625 1857 1691 latores

204 1723 406 1809 presentium
435 1724 665 1809 assignabunt,
697 1724 819 1811 poterit
852 1725 1008 1809 eliquere.
1054 1724 1216 1799 Quocirca
1246 1727 1444 1793 excellentie
1474 1734 1529 1793 tue
1557 1727 1618 1793 snb
1647 1748 1733 1814 pena
1760 1728 1860 1793 trium

204 1825 329 1892 milium
359 1848 541 1892 marcarum
570 1829 699 1913 argenti
735 1826 945 1908 mandamus,
978 1827 1130 1913 quatinus
1161 1826 1202 1893 ad
1235 1829 1439 1895 tractandum
1469 1829 1510 1896 de
1540 1831 1611 1917 ipso
1642 1832 1792 1916 negotio,
1825 1837 1859 1896 et

205 1929 393 2017 specialiter
417 1951 516 2018 snper
539 1930 686 1996 articulis
709 1930 743 1995 in
757 1927 1002 2017 compromisso
1026 1931 1204 2011 contentis,
1235 1952 1363 1998 necnon
1385 1932 1428 1997 ad
1450 1931 1663 2016 audiendum,
1693 1934 1858 2022 recipien-

203 2031 281 2098 dum
304 2040 337 2099 et
359 2032 545 2100 faciendum
569 2034 723 2121 quicquid
755 2055 814 2120 pro
838 2034 954 2100 eodem
976 2035 1111 2120 negotio
1134 2035 1327 2101 duxerimus
1350 2034 1583 2117 ordinandum,
1614 2036 1683 2102 sive
1707 2037 1749 2102 ad
1771 2058 1860 2104 com-

128 2165 152 2204 a
205 2136 361 2224 plendum
390 2137 501 2203 omnia
522 2143 589 2202 tam
612 2138 814 2225 generaliter
836 2159 933 2223 quam
957 2138 1161 2224 specialiter,
1193 2159 1257 2224 que
1282 2139 1510 2226 compromissi
1532 2139 1637 2205 forma
1659 2141 1804 2227 requiret
1826 2146 1861 2207 et

203 2261 264 2326 per
285 2241 523 2327 procurationis
551 2240 694 2306 officium
724 2240 871 2326 legitime
900 2247 1056 2327 poterunt
1087 2241 1253 2328 expediri,
1284 2263 1388 2328 usque
1417 2242 1459 2308 ad
1481 2242 1667 2328 quindecim
1691 2243 1762 2310 dies
1786 2249 1861 2330 post

203 2343 324 2414 festum
346 2345 596 2411 resurrectionis
611 2342 784 2410 Dominice
808 2345 957 2430 proximo
980 2350 1156 2410 venturum
1180 2351 1410 2430 procuratores
1434 2347 1633 2432 sollempnes
1657 2346 1861 2413 sufficienter

203 2446 380 2514 instructos
403 2454 437 2513 et
459 2447 625 2513 sufficiens
648 2445 837 2512 mandatum
860 2446 1021 2513 habentes
1044 2446 1085 2512 ad
1108 2454 1254 2514 nostram
1276 2470 1434 2536 procures
1456 2451 1658 2537 presentiam
1681 2450 1860 2520 destinare.

204 2549 359 2617 (letarum
383 2552 443 2616 sub
465 2572 552 2637 pena
574 2572 634 2617 sex
660 2551 787 2616 milium
809 2571 992 2616 marcarum
1015 2551 1142 2636 argenti
1167 2550 1353 2617 eelsitudini
1377 2559 1432 2620 tue
1457 2553 1636 2619 districtius
1660 2553 1859 2636 inhibemus,

126 2680 152 2719 ro
205 2674 247 2718 ne
277 2654 400 2739 aliquid
433 2655 564 2720 interim
598 2654 699 2721 iacias
735 2655 788 2719 vel
822 2675 978 2739 procures
1013 2655 1118 2736 effici,
1155 2677 1215 2741 per
1248 2656 1334 2741 qnod
1368 2658 1536 2743 contingat
1569 2658 1659 2746 pacis
1690 2659 1859 2743 negotium

91 2803 96 2810 .
205 2757 365 2844 impediri.
410 2757 585 2844 Alioquin,
622 2760 650 2824 si
683 2765 798 2824 contra
830 2758 961 2840 feceris,
994 2766 1105 2845 preter
1139 2780 1314 2846 congruam
1349 2761 1608 2828 satisfactionem
1643 2759 1857 2850 dampnorum

98 2947 100 2952 Ι
205 2881 323 2945 penam
346 2860 535 2927 iamdictam
559 2869 593 2929 te
616 2864 747 2929 noveris
770 2863 987 2928 incursurum.

312 2980 389 3046 Dat.
413 2981 575 3068 Anagnia,
598 2983 665 3047 VII
688 2982 761 3048 Kal.
783 2983 941 3050 Februar.
965 3004 1050 3050 anno
1073 2993 1177 3052 sexto.

898 3420 899 3423 ‘
990 3453 1077 3526 soa.

311 3562 503 3675 (drepana
525 3591 580 3656 1x
597 3611 684 3672 papa
705 3590 892 3656 mataras
914 3591 996 3657 aaa
1016 3592 1149 3658 manat
1169 3592 1271 3657 veroa
1291 3591 1431 3658 muas.
1505 3593 1599 3671 1233,
1622 3592 1695 3660 aa.
1718 3592 1771 3657 aa

125 3731 151 3770 aa
180 3781 181 3784 Ἴ
308 3712 389 3781 urea.
407 3711 457 3765 IX
473 3711 541 3781 Ray.
567 3711 623 3767 Vol.
644 3713 702 3777 ΙΙΙ,
722 3715 774 3773 75,·
792 3710 855 3765 Dio.
880 3710 927 3776 VI,
945 3714 1010 3766 259.

297 3905 565 3982 Rectoribus
591 3905 825 3980 societatis
851 3907 1128 3996 Lombardie,
1162 3906 1467 3999 potestatibus
1495 3909 1535 3978 et
1561 3903 1766 3979 consiliis

796 4028 1026 4102 civitatum
1054 4028 1266 4103 eiusdem.

313 4165 402 4233 Dare
425 4189 541 4255 paoem
564 4168 718 4254 gentibus
742 4175 776 4234 et
798 4169 925 4234 salvum
949 4167 1087 4234 reddere
1112 4169 1292 4235 Salvatoris
1314 4167 1471 4255 populum
1495 4167 1680 4254 cupientes,
1711 4161 1860 4248 eoquod

204 4272 308 4338 nostri
332 4272 375 4338 sit
397 4273 497 4338 officii
519 4272 609 4338 illam
625 4272 808 4359 quibusque
832 4273 984 4338 fidelibus
1008 4294 1195 4359 procurare,
1218 4273 1435 4363 inuoluptate
1458 4269 1622 4358 gessimus
1634 4266 1858 4360 concordiam,

126 4400 152 4440 ao
204 4397 301 4463 qnam
324 4375 635 4456 interearissimum
659 4376 693 4440 in
711 4375 842 4442 Christo
865 4377 968 4442 filium
991 4384 1138 4442 nostrum
1153 4377 1368 4457 Fridericnm,
1390 4375 1612 4440 Romanorum
1628 4374 1858 4460 imperatorem

204 4487 285 4562 eta,
317 4501 355 4546 aa
385 4501 443 4546 vos
472 4485 607 4546 auctore
636 4478 778 4546 Domino
807 4480 989 4546 faciendam
1021 4482 1275 4569 assumpsimus,
1312 4478 1463 4546 abdicato
1491 4479 1597 4566 spatio
1625 4475 1789 4542 tarditatis
1818 4472 1858 4540 ad

202 4583 301 4650 finem
324 4583 487 4650 deducere
510 4584 700 4649 salutarem.
746 4581 812 4648 Sed
835 4583 913 4670 quia
934 4591 1164 4671 procuratores
1185 4584 1287 4649 rastri
1309 4582 1341 4646 in
1365 4587 1478 4647 nostra
1500 4581 1667 4668 presentia
1689 4578 1859 4646 constituti

203 4708 262 4774 pro
291 4687 429 4774 singulis
461 4685 650 4752 civitatibus
683 4687 852 4752 societatis
882 4694 991 4752 vestre
1025 4684 1067 4751 ad
1095 4685 1299 4752 tractandum
1328 4685 1369 4750 de
1403 4685 1476 4771 ipsa
1508 4685 1600 4751 iuxta
1632 4680 1860 4771 compromissi

202 4789 339 4856 formam
362 4789 552 4856 mandatum
568 4790 736 4856 sufficiens
758 4812 823 4856 non
847 4789 1025 4871 habebant,
1047 4812 1119 4871 nos,
1143 4813 1243 4877 super
1264 4791 1323 4855 illa
1343 4788 1524 4876 procedere
1540 4795 1756 4876 nequeuntes,
1780 4806 1856 4874 pro·

127 4915 152 4955 a
206 4902 373 4960 curatores
397 4892 438 4959 ad
461 4915 519 4958 vos
538 4893 691 4960 duximus
715 4895 941 4960 remittendos.
979 4893 1104 4960 Verum
1127 4916 1168 4959 ne
1192 4892 1378 4958 huiusmodi
1402 4893 1581 4976 negotium,
1605 4912 1648 4955 ex
1670 4911 1734 4975 quo
1756 4889 1860 4953 multa

202 5005 339 5085 possent
361 4997 494 5063 evenire
516 4999 671 5084 pericula,
695 4997 791 5063 nimis
814 5005 946 5064 maneat
968 4999 1001 5063 in
1022 5020 1194 5085 suspenso,
1216 4996 1424 5063 universitati
1439 5001 1549 5060 vestre
1574 4993 1633 5059 snb
1652 5013 1739 5080 pena
1760 4989 1858 5056 trium

202 5101 329 5166 milium
360 5122 542 5167 marcarum
573 5108 635 5168 etc.
665 5107 702 5166 nt
734 5123 833 5188 snpra
866 5123 988 5189 usqne:
1024 5104 1173 5190 proximo
1203 5108 1377 5168 venturum
1410 5118 1469 5186 pro
1500 5097 1638 5183 singulis
1670 5092 1858 5160 civitatibus

204 5205 372 5271 societatis
406 5203 621 5286 Lombardie,
658 5204 806 5272 Marohie
842 5213 876 5272 et
910 5206 1104 5272 Romaniole
1139 5210 1367 5292 procuratores
1402 5201 1604 5286 sollempnes
1638 5203 1701 5263 etc.
1737 5215 1857 5281 usque:

202 5307 386 5374 destinetis.
430 5307 484 5374 Ad
506 5309 568 5374 heo
591 5309 653 5375 sub
675 5330 762 5396 pena
784 5331 845 5376 sex
867 5311 994 5376 milium
1017 5330 1199 5378 marcarum
1223 5307 1351 5392 argenti
1375 5312 1437 5372 etc.
1460 5325 1583 5390 usque:
1608 5303 1806 5368 incursuros.

124 5457 151 5496 ro
310 5428 387 5496 Dat.
411 5438 447 5496 ut
470 5452 578 5518 supra.

1240 5579 1753 5594 ..—......———--.-—-——-·

307 5688 334 5758 ι)
355 5687 398 5758 cf.
412 5704 443 5758 p.
463 5691 527 5754 aaa,
543 5693 599 5743 nor.
617 5693 643 5743 a.
713 5689 741 5758 a)
762 5687 805 5758 cf.
822 5705 850 5746 a.
868 5693 931 5744 eoo.
