4604 6420
436 367 498 429 392
1015 359 1062 415 EX
1081 360 1256 416 Guuuonss
1274 360 1312 412 IX
1330 358 1511 414 REGIS'I'RO

437 557 478 600 ne
501 536 561 599 sub
586 556 698 600 earum
722 541 877 620 pretextu
901 534 1067 620 simplices
1089 532 1235 619 protrahi
1259 533 1390 596 valeant
1413 532 1454 595 ad
1477 555 1636 612 errorem,
1672 531 1879 596 universitati
1902 535 2010 594 vestre
2032 550 2092 614 per

436 639 619 726 apostolica
649 637 771 722 scripta
799 635 946 700 districte
979 633 1189 722 precipiendo
1221 633 1428 712 mandamus,
1465 636 1617 720 quatinus
1648 635 1872 698 fraternitates
1905 631 2091 696 huiusmodi

437 741 639 807 denuntietis
663 741 793 826 penitus
816 761 881 803 non
905 739 1092 816 servandas,
1117 740 1203 803 clero
1226 737 1336 818 Urbis,
1366 760 1407 802 ne
1436 737 1476 802 dc
1500 745 1610 803 cetero
1634 739 1667 801 in
1691 738 1759 801 suis
1783 737 1933 802 ecclesiis
1956 734 2089 800 easdem

437 844 611 910 admittant
643 865 749 930 neque
780 843 944 929 sepeliant
973 862 1110 927 corpora
1140 847 1341 905 mortuorum
1365 863 1438 905 cum
1469 840 1782 926 sollempnitatibus,
1812 862 1875 925 que
1906 839 2090 904 introducta

439 955 514 1013 sunt
538 947 711 1012 occasione
735 946 896 1032 ipsarum,
926 944 1106 1009 districtius
1129 944 1328 1008 inhibentes.
1375 943 1556 1008 Statuimus
1580 944 1696 1022 etiam,
1723 951 1760 1008 ut
1782 944 1872 1007 nulla
1894 943 1959 1008 alia
1981 949 2092 1028 preter
2157 1002 2162 1014 ,

438 1055 651 1116 memoratam
674 1048 912 1113 fraternitatem
942 1048 1135 1112 clericorum
1165 1046 1207 1120 de
1236 1052 1345 1112 cetero
1374 1047 1431 1110 fiat
1461 1047 1493 1110 in
1516 1046 1607 1111 Urbe
1638 1046 1827 1111 fraternitas
1860 1045 1930 1109 siue
1958 1046 2094 1110 licentia

439 1153 526 1218 sedis
554 1152 735 1239 apostolice
766 1151 912 1237 speciali.
967 1150 1114 1215 Olerioos
1142 1171 1237 1221 vero,
1272 1149 1328 1234 qui
1359 1170 1455 1214 secus
1484 1148 1760 1235 presumpserint,
1791 1154 1825 1212 et
1853 1148 2030 1226 ecclesias,
2060 1148 2093 1211 in

438 1256 557 1341 quibus
579 1254 766 1320 huiusmodi
788 1254 1011 1318 fraternitates
1035 1253 1192 1317 laicorum
1222 1252 1344 1317 fuerint
1375 1252 1556 1331 celebrate,
1586 1251 1776 1337 supponatis
1805 1251 1968 1315 sententie
1992 1250 2093 1315 inter-

410 1360 529 1438 dicti,
555 1381 618 1445 que
643 1359 713 1423 sine
738 1356 874 1444 speciali
897 1357 1049 1422 mandato
1074 1354 1162 1421 sedis
1185 1355 1366 1440 apostolice
1390 1356 1577 1419 nullatenus
1601 1355 1710 1419 valeat
1732 1353 1885 1418 relaxari.
1957 1439 1958 1442 Ἴ

546 1480 634 1545 Data
654 1478 817 1563 Anagnis,
840 1477 907 1542 VII
930 1478 1004 1544 Kal.
1028 1476 1187 1542 Novemb.
1212 1496 1296 1540 anno
1321 1482 1427 1542 sexto.

1061 1721 1472 1728 ,φῇ-...κῃ

1225 1945 1311 2017 488.

548 2057 738 2168 &reportas
753 2085 809 2151 IX
822 2107 913 2167 papa
927 2084 1092 2150 Fridcrtco
1104 2085 1320 2148 Rauracorum
1341 2083 1523 2164 temeratori
1543 2082 1666 2164 pretias
1688 2083 1762 2164 opit,
1784 2084 1868 2164 quod
1888 2085 2095 2170 referentibus

441 2189 564 2252 rrantits
591 2189 671 2266 cius,
700 2189 888 2273 [Loadeac]
914 2189 1141 2270 arclatepiscopo
1164 2188 1366 2251 Messancast
1395 2192 1423 2250 ct
1452 2185 1563 2269 P[ctro
1584 2185 1622 2248 dc
1651 2185 1770 2272 Viaca]
1799 2188 1974 2269 imperiali-s
2000 2189 2096 2262 aretae

440 2292 556 2369 tertiae,
580 2291 670 2372 piam
689 2293 883 2373 propositum
905 2293 1093 2372 emaceperit,
1123 2293 1211 2374 cique
1230 2291 1399 2371 promittit,
1428 2290 1587 2354 ecclesiam
1608 2289 1644 2352 in
1667 2291 1785 2372 aepotto
1804 2291 1881 2372 (idat
1902 2294 1931 2355 et
1951 2292 2095 2356 cecksiae

440 2398 469 2460 et
491 2393 615 2476 imperti
635 2395 755 2459 tarium
776 2396 1005 2460 restauratione
1026 2397 1056 2458 es'
1077 2415 1242 2476 nunqnam
1263 2394 1446 2479 defuturam
1468 2413 1539 2458 esse.
1748 2397 1842 2473 1232,
1868 2396 1932 2461 Oct.
1954 2397 2008 2462 27.

544 2514 626 2582 Grep.
645 2514 695 2568 IX
711 2515 780 2583 ch.
802 2514 860 2569 Vol.
878 2515 940 2579 ΙΙΙ,
959 2518 996 2568 48
1002 2536 1012 2578 ,·
1031 2514 1094 2568 Lib.
1119 2515 1167 2579 VI,
1185 2517 1245 2567 149.
1295 2513 1402 2568 Pertrii
1419 2513 1559 2582 exemptor
1577 2513 1762 2583 supplevimus
1780 2531 1814 2569 ea
1832 2515 1924 2588 Rapa.
1941 2517 2013 2570 Ana.
2031 2517 2094 2570 eccl.

501 2605 520 2655 2
635 2605 661 2655 2.

441 2606 501 2656 Μ
523 2603 683 2751 3ilaltffast,
701 2685 767 2755 Rep.
786 2690 870 2741 9028.

516 2899 761 2989 Friderico,
789 2900 961 2974 illustri
989 2900 1289 2974 Romanorum
1317 2901 1582 2992 imperatori
1609 2923 1784 2993 semper
1811 2906 2022 2994 augusto,

955 3020 1203 3094 Ierusalem
1232 3026 1274 3094 ct
1300 3021 1453 3095 Sicilie
1480 3021 1584 3113 regi.

551 3166 742 3232 Lacrimosa
765 3173 950 3233 sanctorum
973 3169 1088 3250 oratio,
1111 3169 1299 3233 continuata
1320 3188 1379 3253 pro
1406 3167 1472 3232 filio
1496 3169 1608 3254 utique
1632 3169 1789 3254 singulari
1813 3175 1846 3235 et
1869 3171 1974 3236 electo
1998 3172 2094 3236 unico

444 3272 557 3336 matris
580 3293 654 3352 sue,
684 3271 918 3337 iocunditatem
940 3272 1126 3338 desiderate
1149 3274 1254 3337 letitie
1279 3279 1312 3337 et
1335 3270 1454 3356 gaudia
1476 3272 1571 3338 nobis
1593 3273 1712 3338 festive
1736 3273 1912 3338 hilaritatis
1934 3274 2095 3354 exhibuit,

444 3375 521 3440 dum
544 3373 702 3460 paulatim
726 3395 798 3438 cum
821 3375 941 3441 fiducia
963 3375 1004 3438 ad
1033 3375 1186 3439 thronum
1216 3375 1375 3439 altissime
1405 3375 1586 3441 maiestatis
1609 3383 1643 3441 et
1672 3378 1850 3441 sacrarium
1874 3377 2094 3442 exauditionis

444 3478 626 3546 ascendens
650 3477 808 3559 obtinuit,
841 3486 878 3543 ut
906 3478 1111 3544 descendens
1134 3499 1154 3542 a
1177 3484 1269 3564 patre
1293 3479 1452 3542 luminum
1476 3479 1597 3544 candor
1624 3481 1708 3545 lucis
1732 3486 1845 3545 eterno
1870 3487 1903 3546 et
1925 3483 2094 3566 speculum

444 3583 515 3648 sine
543 3581 686 3656 macula,
719 3581 874 3666 splendor
904 3581 1006 3668 patris
1035 3589 1069 3646 et
1101 3581 1205 3666 figura
1235 3581 1418 3646 substantie
1447 3582 1533 3660 eius,
1566 3583 1743 3670 imperialis
1774 3583 1925 3648 culminis
1952 3584 2095 3648 animum

444 3685 535 3750 radio
559 3706 700 3770 superne
724 3685 882 3751 claritatis
906 3685 1084 3762 illuminet,
1114 3707 1176 3770 que
1209 3684 1291 3749 adeo
1321 3685 1355 3749 in
1387 3684 1493 3749 cordis
1517 3686 1565 3750 tui
1587 3686 1774 3752 habitaculo
1798 3687 1862 3751 iam
1885 3686 2029 3766 refulsit,
2059 3692 2095 3749 ut
2148 3719 2166 3757 ρ,

444 3789 548 3874 ruptis
572 3794 760 3853 catenarum
782 3789 940 3868 vinculis,
972 3788 1090 3872 quibus
1113 3788 1224 3851 multis
1248 3793 1281 3852 et
1304 3787 1565 3854 intolerabilibus
1590 3792 1859 3878 occupationibus
1882 3789 2095 3876 premebaris,

444 3893 597 3977 angelum
626 3891 686 3956 tihi
713 3892 848 3955 missum
872 3912 892 3954 a
913 3889 1073 3970 Domino,
1101 3891 1157 3975 qui
1184 3898 1217 3954 te
1241 3889 1458 3956 dormientem
1486 3893 1572 3958 inter
1594 3895 1826 3979 quaterniones
1837 3896 1858 3974 ¹,
1886 3891 2095 3958 insidiatores

444 3997 551 4061 anime
567 4001 634 4076 tue,
658 3994 913 4060 misericorditer
928 3995 1095 4074 excitavit,
1119 3995 1213 4080 sequi
1228 3994 1355 4080 ceperis
1372 4016 1475 4079 usque
1495 3994 1537 4059 ad
1553 4003 1679 4082 portam
1705 3997 1845 4062 ferream
1864 4002 1897 4061 et
1913 3995 2096 4060 induratam

444 4099 570 4163 malitia
590 4098 778 4184 impiorum,
807 4119 870 4182 que
892 4098 979 4163 ultro
1002 4098 1061 4162 tibi
1084 4099 1251 4185 aperietur
1274 4105 1330 4160 aut
1353 4103 1542 4163 conteretur
1563 4099 1674 4183 gladio
1699 4099 1904 4185 triumphali,
1935 4120 2031 4184 quem
2055 4098 2096 4164 de

446 4222 581 4288 corpore
597 4200 782 4264 beatissimi
797 4200 888 4264 Petri
911 4207 1076 4287 sumptum
1100 4207 1133 4266 et
1156 4200 1196 4264 de
1220 4222 1318 4264 manu
1342 4208 1530 4285 susceptum
1546 4202 1659 4266 vicarii
1675 4201 1754 4267 Iesu
1770 4201 1893 4266 Christi
1915 4201 2095 4288 imperialis
2148 4233 2176 4272 ao

444 4304 586 4368 vibravit
608 4302 746 4368 dextera
768 4301 810 4366 ad
825 4301 1001 4368 vindictam
1017 4303 1274 4384 malefactorum,
1299 4303 1353 4388 qui
1376 4303 1592 4370 ascendentes
1615 4327 1713 4391 super
1733 4305 1940 4370 altitudinem
1961 4306 2097 4370 nubium

445 4407 600 4472 resistere
623 4404 771 4491 potentie
793 4403 903 4469 divine
926 4406 1075 4471 nituntur
1097 4412 1131 4470 et
1154 4404 1281 4490 gladios
1304 4412 1393 4487 tuos,
1423 4406 1464 4473 ad
1492 4408 1661 4473 munimen
1683 4409 1774 4494 pacis
1798 4414 1832 4474 et
1860 4407 1937 4473 fidei
1961 4408 2054 4474 datos
2077 4430 2097 4472 a

445 4509 598 4587 Domine,
621 4506 822 4592 dampnabili
845 4508 1078 4594 superstitione
1103 4515 1347 4595 contempnunt.

553 4609 788 4675 Referentibus
812 4609 974 4695 siquidem
1003 4611 1183 4676 venerabili
1206 4612 1306 4678 fratre
1336 4618 1448 4678 nostro
1474 4614 1530 4677 ..²
1559 4613 1807 4700 archiepiscopo
1830 4614 2037 4680 Messanensi
2064 4623 2098 4682 et

445 4714 565 4778 dilecto
583 4711 650 4776 filio
662 4711 716 4776 Ρ.3
734 4712 913 4797 imperialis
930 4713 1005 4779 aule
1021 4713 1138 4794 iudice,
1160 4715 1281 4779 nuntiis
1300 4716 1375 4795 tuis,
1392 4715 1482 4801 pium
1498 4717 1700 4803 propositum
1718 4722 1752 4782 ct
1770 4723 1917 4782 sanctum
1934 4717 2095 4784 desideri·
2148 4747 2175 4786 ss

446 4839 511 4896 um,
536 4815 708 4880 consilium
730 4821 856 4880 rectum
872 4815 981 4881 divina
996 4817 1209 4904 inspiratione
1226 4825 1449 4904 conceptumn,
1472 4841 1532 4884 nos
1555 4827 1589 4885 et
1611 4821 1728 4885 fratres
1744 4821 1849 4885 nostri
1864 4823 1970 4906 gavisi
1985 4845 2096 4888 sumus

446 4923 480 4985 in
494 4918 636 4984 Domino
661 4924 694 4983 et
716 4919 750 4983 in
773 4921 921 5005 potentia
935 4920 1116 4985 maiestatis
1139 4921 1255 5007 ipsius,
1278 4922 1332 5007 qui
1356 4921 1404 4986 sic
1427 4923 1522 4988 matri
1545 4923 1647 4995 filium
1670 4929 1704 4988 et
1726 4924 1793 4988 filio
1817 4932 1955 4990 matrem
1980 4926 2096 5012 spiritu

447 5045 506 5089 suo
530 5022 675 5088 caritatis
697 5022 818 5103 univit,
850 5029 886 5087 ut
916 5024 1092 5088 affectuum
1120 5025 1228 5089 unitas
1257 5032 1290 5090 et
1320 5024 1474 5090 identitas
1504 5026 1685 5090 animorum
1709 5025 1803 5090 nobis
1826 5028 1952 5092 onustis
1975 5029 2099 5115 leviget

555 5198 633 5206 ——

553 5321 575 5383 ¹)
594 5332 660 5382 praee
677 5324 816 5382 separaum
833 5333 912 5383 aspre
929 5317 966 5369 od
976 5320 1058 5388 fiaera
1075 5335 1107 5370 ea
1124 5318 1210 5386 Rapo.

550 5451 577 5520 1)
597 5450 913 5522 Cs.Act.12,4etseqa.
992 5453 1021 5523 2)
1039 5455 1073 5508 N.
1086 5454 1273 5524 nummata
1291 5454 1386 5509 Mense
1399 5454 1546 5524 Aprilis-
1559 5455 1670 5510 bandus
1683 5457 1807 5526 Reginus
1826 5457 2050 5527 archiepiscopus
2068 5457 2097 5511 in
2149 5467 2177 5505 ⁴⁰

446 5539 650 5594 Messanensem
668 5539 790 5609 eligitur,
833 5541 917 5610 Ryoc.
935 5541 969 5594 de
987 5543 1016 5597 S.
1037 5541 1126 5596 Gerra
1144 5559 1170 5597 a.
1189 5545 1277 5608 1232;
1296 5543 1350 5597 SS.
1368 5545 1387 5596 t.
1406 5542 1493 5610 XIX,
1506 5559 1537 5613 p.
1557 5547 1622 5599 368.
1709 5545 1738 5615 3)
1757 5544 1841 5598 Hunc
1860 5560 1917 5599 esse
1935 5544 2049 5599 Petram
2065 5543 2099 5599 de

453 5624 538 5681 Viaca
555 5627 672 5682 testatur
690 5626 865 5698 imperatoria
882 5628 1029 5698 responsio
1047 5628 1114 5684 Dec.
1133 5631 1151 5682 3
1169 5627 1246 5698 data,
1263 5644 1290 5681 a.
1310 5632 1372 5685 495.
