4448 6420
664 326 863 382 EPISTOLAE
880 281 1069 384 subacuta.
1102 328 1170 384 1223
1689 337 1745 398 161

99 501 154 562 tua
176 519 242 562 non
265 496 435 564 debuisset
456 521 668 587 prorumpere
692 502 957 588 circumspectio,
989 503 1089 567 etiam
1117 503 1145 567 si
1173 525 1306 588 gravem
1334 525 1354 568 a
1382 504 1476 570 nobis
1499 505 1650 571 iniuriam
1672 529 1753 594 per=

97 599 237 667 tulisset.
270 601 363 667 Dixit
379 603 466 668 enim
482 625 540 667 nos
561 604 622 668 tibi
639 605 877 691 protectionem
893 605 1033 686 dedisse,
1057 629 1119 692 que
1140 629 1204 672 non
1228 614 1298 673 crat
1313 610 1473 694 protectio
1495 609 1553 674 sed
1569 610 1748 678 destructio

100 705 310 791 appellanda,
339 714 453 793 utpote
484 707 639 788 tendens,
671 715 767 795 prout
795 707 881 772 idem
912 708 1103 790 subintulit,
1135 709 1176 774 ad
1205 731 1344 796 persone
1377 717 1432 776 tue
1466 713 1683 798 perditionem
1715 722 1748 779 et

100 810 208 893 regni;
239 817 272 874 ct
301 809 420 874 adiecit
446 816 496 888 ut,
528 810 789 896 quandoquidem
817 811 1010 875 nolebamus
1045 833 1065 874 a
1093 819 1125 877 te
1157 813 1341 877 nominatos
1375 814 1538 900 recipere,
1568 817 1674 882 nullos
1706 818 1748 883 ad

100 910 243 998 prefatas
259 913 462 978 mitteremus
478 915 647 988 ecclesias,
669 915 745 999 quia
767 935 832 994 non
848 914 1013 999 reciperes
1037 915 1173 999 aliquos,
1196 936 1257 980 nec
1279 916 1382 1001 recipi
1409 918 1588 984 sustineres
1612 941 1632 984 a
1652 922 1747 986 nobis

98 1014 136 1080 ad
159 1015 251 1100 ipsas
275 1016 434 1080 ecclesias
458 1016 647 1083 destinatos.
694 1017 866 1102 Denique²
889 1017 1010 1081 nostris
1034 1025 1085 1082 est
1108 1018 1241 1082 auribus
1265 1021 1472 1105 postmodum
1495 1022 1690 1106 intimatum,
1713 1032 1746 1091 te

98 1117 281 1204 Capuanis,
306 1117 518 1184 Salernitanis
542 1127 576 1185 et
597 1119 777 1185 Aversanis
801 1121 937 1185 firmiter
960 1120 1183 1203 mandavisse,
1206 1128 1242 1186 ut
1265 1123 1293 1186 si
1316 1123 1400 1187 alios
1424 1144 1520 1208 quam
1544 1146 1563 1189 a
1585 1133 1618 1190 te
1641 1129 1745 1192 nomi·

97 1229 189 1285 natos
214 1221 254 1285 ad
284 1222 440 1287 ecclesias
467 1224 651 1288 miserimus
682 1222 875 1303 eorundem,
906 1223 970 1309 ipsi
1001 1224 1188 1288 nullatenus
1219 1224 1445 1306 admittantur,
1474 1226 1532 1291 sed
1561 1236 1655 1315 porta
1681 1252 1746 1296 non

97 1325 201 1388 solum
225 1325 441 1389 ecclesiarum
463 1325 522 1390 sed
545 1327 643 1390 etiam
661 1327 828 1393 civitatum
851 1327 1046 1391 obserentur
1069 1327 1204 1391 eisdem.
1245 1327 1337 1402 Quae
1360 1349 1440 1392 vera
1461 1330 1517 1394 vix
1540 1353 1615 1397 esse
1639 1332 1744 1398 credi-

97 1449 185 1508 mus,
210 1434 243 1493 et
267 1429 394 1493 sivero
418 1435 507 1509 sunt,
530 1436 586 1493 tua
609 1431 858 1516 circumspectio
881 1429 1000 1508 videat,
1024 1435 1133 1492 utrum
1157 1436 1189 1494 te
1213 1430 1331 1495 deceat
1354 1433 1432 1496 talia
1453 1432 1572 1514 facere,
1595 1441 1745 1501 utrumve

95 1531 277 1617 apostolica
292 1530 387 1596 sedes
404 1533 482 1596 talia
497 1532 617 1596 debeat
633 1533 783 1596 tolerare.
829 1531 915 1596 Sane
939 1553 1004 1597 non
1029 1533 1108 1595 satis
1125 1553 1214 1612 sano,
1238 1540 1275 1597 ut
1298 1554 1371 1597 cum
1388 1556 1469 1620 pace
1494 1542 1550 1600 tua
1565 1539 1744 1622 loquamur,

95 1635 185 1699 luisti
213 1657 292 1700 usus
319 1637 470 1716 oonsilio,
503 1635 631 1722 quando
660 1635 821 1700 mandasti
850 1637 929 1699 talia
958 1635 1021 1699 dici
1051 1636 1145 1700 nobis
1169 1638 1222 1700 vel
1252 1637 1353 1718 fieril,
1376 1638 1452 1722 quia
1475 1639 1521 1702 sic
1544 1640 1679 1704 innuisti
1701 1647 1744 1720 te,

95 1739 179 1825 quod
209 1760 275 1804 non
304 1738 481 1821 credimus,
510 1762 584 1805 esse
611 1746 759 1826 paratum
789 1747 822 1803 et
850 1747 1035 1825 promptum
1059 1739 1099 1803 ad
1122 1741 1337 1827 rumpendum
1364 1743 1450 1808 inter
1471 1764 1531 1807 nos
1556 1749 1589 1808 et
1617 1749 1649 1809 te
1672 1745 1743 1809 vin-

95 1843 204 1906 culum
227 1843 383 1908 caritatis.
428 1843 662 1908 Desideramus
680 1844 794 1920 enims,
807 1843 853 1906 lili
877 1842 1055 1920 carissime,
1078 1847 1114 1906 ut
1136 1845 1225 1907 omni
1247 1849 1395 1930 tempore
1418 1851 1451 1911 et
1468 1847 1610 1912 maxime
1632 1854 1744 1913 nostro

96 1947 137 2010 sit
157 1947 245 2010 inter
266 1953 298 2011 te
325 1967 362 2010 ac
386 1947 561 2011 ecclesiam
583 1946 763 2011 Romanam
786 1944 878 2008 firma
900 1950 934 2008 et
957 1945 1085 2008 sincera
1108 1944 1257 2026 dilectio,
1289 1948 1365 2031 quia
1396 1947 1428 2010 id
1458 1955 1491 2012 et
1518 1949 1581 2036 ipsi
1605 1951 1744 2015 ecclesie

95 2055 128 2113 et
150 2048 212 2112 tibi
236 2056 269 2114 et
292 2049 352 2114 toti
369 2048 608 2114 Christianitati
632 2047 859 2132 cognoscimus
883 2045 1051 2131 expedire,
1074 2049 1326 2134 necquicquam
1349 2050 1490 2114 amarius
1513 2051 1609 2116 facile
1632 2059 1745 2138 posset

95 2151 188 2216 uobis
211 2150 371 2233 accidere,
396 2173 492 2236 quam
516 2153 544 2215 si
568 2158 687 2215 statum
710 2157 812 2230 tuum,
836 2170 932 2234 quem
956 2150 1058 2212 multa
1082 2171 1158 2214 cura
1180 2171 1372 2236 promovere
1390 2152 1585 2235 studuimus,
1608 2175 1743 2239 cogere-

95 2276 167 2318 mur
189 2259 245 2318 aut
267 2254 470 2339 perturbare,
493 2253 578 2338 quod
601 2253 697 2334 absit,
720 2257 776 2316 aut
799 2250 985 2338 perturbari
1008 2252 1049 2316 ab
1073 2253 1161 2332 aliis,
1185 2253 1286 2334 illum,
1310 2254 1338 2318 si
1361 2253 1421 2319 tibi
1444 2255 1589 2321 favorem
1611 2262 1743 2342 aposto-

94 2358 192 2420 licum
215 2355 333 2420 deesse
358 2363 610 2441 cognoscerent,
634 2355 826 2442 perturbare
850 2356 992 2439 paratis,
1025 2356 1273 2420 conniventibus
1298 2357 1401 2422 oculis
1423 2359 1632 2445 pertransire.
1678 2357 1743 2424 Sed

61 2475 68 2486 '
96 2462 134 2541 si,
156 2460 242 2546 quod
265 2460 356 2538 Deus
379 2467 520 2540 avertat,
551 2481 689 2524 necesse
717 2467 768 2523 est
797 2464 834 2522 ut
856 2460 990 2523 veniant
1013 2459 1181 2537 scandala,
1212 2481 1274 2544 que
1303 2481 1400 2524 causa
1431 2461 1613 2546 excogitari
1634 2468 1744 2547 potest

95 2565 274 2628 conflatura
295 2563 356 2628 tibi
377 2565 450 2651 plus
475 2563 551 2642 odii,
574 2564 627 2628 vel
651 2562 863 2626 conciliatura
886 2563 1026 2626 ecclesie
1050 2563 1123 2646 plus
1148 2561 1284 2640 favoris,
1315 2584 1411 2648 quam
1435 2563 1462 2627 si
1486 2569 1522 2627 tu
1543 2584 1603 2649 per
1625 2564 1742 2629 intole-

94 2668 230 2732 rabilem
259 2667 504 2752 usurpationem
534 2672 709 2752 attemptes
745 2665 1004 2730 ecclesiasticam
1040 2665 1227 2729 libertatem
1258 2672 1421 2745 evertere,
1457 2667 1639 2752 apostolica
1664 2687 1741 2731 vero

95 2769 190 2834 sedes
212 2771 301 2833 illam
325 2769 504 2834 secundum
522 2769 648 2848 divinas
672 2775 704 2833 et
727 2768 884 2833 humanas
902 2768 1087 2832 sanctiones
1113 2767 1243 2833 studeat
1259 2775 1473 2834 conservare?
1518 2768 1615 2834 Certe
1638 2769 1742 2852 vides,

95 2873 179 2958 quod
203 2873 258 2958 qui
282 2874 360 2937 talia
381 2873 596 2959 persuadent,
620 2879 676 2937 aut
700 2893 759 2936 sua
782 2872 885 2936 cecati
909 2871 1086 2935 ambitione
1111 2871 1282 2952 falluntur,
1307 2878 1362 2936 aut
1385 2872 1547 2938 malitiose
1571 2879 1603 2937 te
1626 2872 1743 2938 fallunt

96 2983 129 3041 et
157 2997 329 3061 gressuum
363 2983 490 3040 tuorum
520 2978 590 3040 vias
624 2975 839 3040 fraudulentis
874 2973 1033 3058 dissipare
1068 2975 1213 3038 consiliis
1246 2981 1279 3038 et
1309 2975 1604 3040 machinationibus
1633 2977 1743 3062 pravis

95 3079 287 3144 subvertere
305 3080 491 3144 moliuntur.
536 3080 659 3145 Videre
681 3086 776 3166 potes
794 3079 903 3157 ctiam,
927 3099 1024 3162 quam
1042 3078 1180 3158 sincero,
1205 3099 1367 3163 quamque
1381 3084 1519 3164 paterno
1542 3086 1575 3143 te
1599 3081 1743 3144 zelemur

94 3183 229 3263 affectu,
262 3183 318 3268 qui
345 3203 411 3247 non
441 3184 546 3247 solum
574 3189 702 3247 tuorum
725 3179 900 3246 verborum
923 3181 1074 3244 iniuriam
1097 3182 1260 3266 patienter
1282 3181 1478 3267 accipimus,
1507 3183 1741 3246 verumetiam

95 3292 206 3351 contra
228 3307 298 3350 ·nos
332 3287 421 3372 ipsos
454 3293 487 3351 te
517 3284 753 3372 quodammodo
786 3284 1028 3371 premunimus,
1062 3283 1139 3347 dum
1174 3283 1401 3348 dissuademus
1431 3291 1464 3349 te
1494 3305 1625 3349 causam
1652 3285 1742 3349 illam

93 3411 275 3468 assumere,
305 3412 348 3455 ex
370 3411 434 3476 qua
455 3411 571 3476 posses
595 3391 687 3475 quasi
712 3409 882 3453 commune
906 3387 1074 3450 incurrere
1098 3386 1224 3466 odium,
1256 3386 1335 3452 sede
1358 3388 1538 3474 apostolica
1561 3409 1603 3452 ex
1627 3386 1742 3452 eadem

93 3494 239 3559 favorem
261 3491 454 3580 plurimumd
479 3499 685 3577 assequente.
731 3491 817 3565 Quid
840 3491 947 3556 enim?
979 3510 1044 3554 non
1068 3489 1289 3554 obtinebimus
1312 3512 1384 3556 cam
1407 3491 1665 3556 iurisdictionem
1687 3491 1742 3556 vel

93 3603 289 3682 potestatem
317 3597 350 3660 in
378 3617 479 3680 regno
508 3595 635 3676 Sicilie,
665 3616 761 3681 quam
789 3596 821 3658 in
844 3593 1000 3672 Francia,
1023 3590 1159 3677 Anglie,
1188 3593 1350 3678 Hispanis
1373 3615 1411 3658 ac
1435 3595 1554 3659 ceteris
1581 3593 1741 3659 Christia-

93 3720 205 3764 norum
241 3701 351 3785 regnis
386 3705 419 3764 et
455 3700 489 3763 iu
526 3699 596 3785 ipsc
629 3699 767 3784 imperio
802 3698 967 3761 noscimur
1000 3697 1171 3761 obtinere?
1231 3696 1397 3782 Numquid
1429 3699 1462 3761 in
1496 3717 1597 3782 regno
1628 3696 1741 3762 Sicilie

93 3804 199 3867 minus
222 3803 424 3867 auctoritatis
446 3804 500 3867 vel
521 3803 695 3888 potestatis
722 3800 934 3880 habebimus,
956 3801 1050 3884 quia⁰
1074 3801 1108 3863 in
1131 3822 1169 3865 eo
1192 3807 1347 3887 tanquam
1370 3801 1421 3865 in'
1450 3801 1538 3866 sedis
1561 3801 1740 3887 apostolico

93 3907 286 3993 patrimonio
309 3906 382 3992 plus
405 3906 485 3970 iuris
510 3912 543 3970 et
565 3903 798 3968 iurisdictionis
820 3901 1002 3967 habemus?
1040 3902 1126 3976 Quid
1149 3904 1275 3968 conaris
1299 3902 1446 3989 aggredi,
1471 3903 1548 3988 quid
1571 3902 1739 3968 meditaris

39 4031 45 4040 ·
95 4010 253 4096 incipere,
283 4007 438 4073 seductus
466 4008 558 4072 falsis
589 4006 734 4071 consiliis
764 4013 797 4070 et
825 4007 988 4070 animatus
1015 4012 1069 4070 tue
1100 4008 1207 4071 calore
1237 4013 1270 4071 et
1298 4008 1414 4071 robore
1442 4007 1643 4071 iuventutis?
1687 4005 1740 4070 An

93 4111 197 4177 credis
226 4133 301 4176 esse
328 4112 534 4198 prudentiam
561 4111 614 4174 vel
643 4110 813 4174 consilium
847 4114 903 4173 aut
934 4110 1116 4195 potentiam
1152 4117 1263 4174 contra
1291 4109 1414 4190 Deum,
1452 4116 1485 4175 et
1522 4110 1592 4174 eius
1623 4110 1739 4174 timore

92 4218 276 4302 postposito
299 4237 411 4303 speras
440 4222 472 4281 te
503 4236 601 4301 posse
629 4214 798 4299 prevalere
829 4211 989 4276 adversus
1016 4213 1088 4278 eius
1116 4213 1303 4293 ecclesiam,
1334 4234 1407 4278 cum
1436 4233 1499 4298 qua
1526 4212 1676 4300 promisit
1704 4233 1739 4277 sa

92 4339 193 4405 usque
224 4318 265 4383 ad
294 4319 606 4383 consummationem
635 4315 738 4380 seculi
765 4320 1035 4400 permansurum?
1081 4314 1117 4379 Si
1147 4316 1350 4401 contempnis
1379 4316 1500 4380 nostris
1530 4315 1739 4401 acquiescere
1758 4330 1912 4386 uaesano.

94 4422 235 4502 monitis,
259 4421 449 4486 domesticis
473 4421 589 4485 saltem
614 4419 803 4504 acquiescas
828 4417 999 4503 exemplis,
1022 4424 1131 4481 tecum
1153 4419 1224 4504 ipse
1248 4418 1434 4502 recogitans
1456 4439 1588 4482 manum
1607 4418 1740 4484 Domini

95 4525 317 4590 abbreviatam
341 4545 405 4588 non
430 4545 522 4603 esse,
552 4529 676 4586 utnon
699 4521 805 4607 possit
828 4521 957 4605 erigere
979 4542 1017 4584 ac
1040 4519 1241 4606 deprimere,
1263 4520 1402 4607 perdere
1425 4543 1463 4585 ac
1487 4524 1624 4590 salvare.
1667 4521 1740 4586 Hec
1758 4539 1796 4582 m.
1812 4544 1865 4593 son.

93 4628 148 4693 tibi
186 4628 330 4711 benigno
358 4627 466 4691 animo
497 4633 530 4690 et
561 4625 687 4688 sincero
717 4623 853 4703 affectu,
892 4623 1044 4708 princeps
1066 4624 1295 4709 inclytissime,
1331 4623 1519 4706 scribimus,
1553 4630 1741 4710 satagentes

93 4731 294 4797 inconsultos
332 4729 432 4793 animi
469 4729 515 4793 tui
560 4735 666 4791 motus
704 4732 841 4813 paterna
880 4726 1151 4806 commonitione,
1190 4727 1459 4800 comminatione,
1499 4725 1741 4812 redargutione,

95 4834 321 4900 obsecratione
348 4854 386 4896 ac
412 4831 636 4916 increpatione
665 4848 893 4915 compescere,
923 4834 1021 4914 teque
1045 4828 1087 4893 ad
1109 4849 1161 4910 ea,
1193 4850 1277 4915 quae
1301 4837 1466 4894 terrenum
1490 4828 1658 4894 stabiliant
1680 4829 1742 4892 tibi

95 4957 230 5023 regnum
254 4943 287 5002 et
317 4943 465 5002 eternum
497 4940 689 5020 preparent,
720 4931 906 4997 informare.
950 4931 1102 5018 Denique
1125 4939 1161 4996 ut
1183 4932 1243 4996 tibi
1267 4933 1490 5012 consulamus,
1521 4939 1675 5017 quantum
1699 4931 1739 4996 ad

96 5046 282 5126 presentem
309 5039 498 5118 articulum,
531 5037 617 5101 bona
639 5035 702 5100 fide
726 5035 855 5100 consilii
877 5035 978 5100 nostri
1005 5040 1072 5116 est,
1101 5042 1138 5101 ut
1159 5035 1287 5100 litteras
1315 5041 1387 5100 tuas
1413 5055 1562 5100 seorsum
1589 5035 1683 5099 nobis
1707 5043 1740 5100 et

97 5163 241 5208 seorsum
264 5141 418 5206 iratribus
442 5141 513 5204 sine
535 5138 692 5203 dilatione
715 5138 936 5218 transmittas,
963 5159 1023 5225 per
1050 5160 1131 5224 quas
1164 5140 1192 5202 si
1220 5138 1303 5203 forte
1330 5137 1477 5225 prelatus
1504 5138 1637 5202 nuntius
1664 5145 1740 5202 tuus

97 5243 310 5310 demandato
333 5249 389 5308 tuo
411 5264 490 5307 usus
519 5262 583 5306 non
611 5241 673 5305 luit
702 5239 923 5326 predictorum
951 5241 1129 5327 asperitate
1161 5242 1349 5321 verborum,
1380 5262 1441 5306 nec
1468 5239 1631 5306 mandasti
1654 5240 1741 5327 quod

198 5403 291 5409 -—-—-
301 5401 406 5408 --—...-
415 5403 430 5407 .-
439 5401 460 5406 -
469 5399 1164 5407 -.-..--—---—------u--.--—..--.-----.---

197 5504 220 5568 ⁸)
240 5503 358 5570 Denique
375 5504 467 5556 nostris
485 5530 517 5538 -
536 5503 627 5554 debeat
650 5503 757 5554 tolerare
775 5503 843 5554 dccet
860 5520 902 5568 op.
922 5501 953 5554 R.
1062 5501 1086 5568 1’)
1104 5503 1146 5554 val
1168 5503 1223 5555 fieri
1246 5502 1314 5554 deest
1333 5519 1376 5569 ap.
1395 5501 1427 5555 R.
1543 5500 1564 5568 ⁸)
1582 5503 1651 5554 enim
1674 5501 1741 5553 dccet

97 5607 134 5654 ap.
155 5589 184 5640 ll.
268 5587 291 5652 ⁸¹)
310 5589 442 5655 publicum
460 5588 492 5641 R.
573 5587 596 5654 ³)
614 5589 740 5656 quamll.
822 5587 846 5652 ¹)
864 5589 891 5639 in
910 5588 978 5640 deest
994 5605 1036 5654 cp.
1056 5587 1087 5640 R.

194 5693 257 5746 Rau.
275 5693 357 5744 Porr.
375 5693 395 5748 1.
1500 5686 1533 5740 21
