4596 6406
1021 395 1070 451 EX
1088 395 1264 451 GREGORII
1282 395 1321 450 IX
1339 394 1520 450 REGISTRO

1225 694 1312 769 756.

548 808 740 920 (treantes
767 836 824 902 rx
850 857 942 918 papa
963 834 1095 920 affin]
1119 835 1188 918 cm
1214 833 1446 920 alamann]
1474 834 1558 917 roms
1578 832 1708 898 nanae
1738 834 1892 919 aarum,
1923 839 1960 900 n
1983 835 2111 899 onam

438 941 541 1025 (ilium
572 940 734 1026 [Albcrti]
765 940 854 1006 ducis
884 940 1062 1019 Senoniae,
1096 940 1165 1004 licet
1194 941 1300 1006 cadam
1333 941 1437 1022 ipsam
1470 939 1506 1004 im
1538 942 1651 1022 quarto
1683 940 1970 1022 consanguinitatis
2001 939 2112 1022 prada

439 1047 584 1131 attingat,
606 1047 643 1111 im
665 1047 901 1111 matrimonium
922 1045 1032 1110 daocrc
1048 1044 1159 1126 possit.
1739 1045 1833 1124 1239,
1854 1044 1939 1126 Aac.
1962 1047 2017 1109 31.

545 1165 626 1236 Grec.
644 1167 692 1220 IX
707 1165 778 1237 Bag.
798 1165 857 1222 Vol.
878 1165 929 1234 VI,
947 1170 1015 1236 122;
1032 1164 1096 1220 Lib.
1114 1164 1203 1230 XIII,
1221 1169 1279 1220 112.

543 1253 770 1326 1999911109.
789 1255 890 1308 rotet.

507 1449 654 1524 Nobili
680 1447 779 1522 viro
806 1449 846 1524 E.
874 1454 981 1524 nato
1009 1446 1234 1522 karissimi
1260 1447 1302 1520 in
1331 1445 1516 1520 Christo
1543 1446 1627 1521 lilii
1654 1447 1796 1521 nostri
1823 1447 1880 1520 W.
1908 1447 2043 1523 Dacie

1094 1568 1213 1662 regis
1239 1568 1445 1644 illustris.

547 1721 601 1785 Ex
624 1727 717 1807 parte
741 1718 907 1785 karissimi
930 1719 964 1783 in
981 1717 1113 1785 Christo
1136 1720 1195 1785 filii
1218 1719 1320 1784 nostri
1335 1718 1391 1783 W.
1405 1717 1510 1783 Dacie
1533 1717 1623 1802 regis
1646 1717 1784 1783 illustris
1807 1721 1909 1804 patris
1932 1720 1981 1784 tui
2004 1721 2107 1786 nobis

442 1826 552 1892 extitit
583 1826 785 1902 intimatum,
821 1822 907 1910 quod
942 1844 1014 1888 eum
1050 1824 1135 1888 inter
1165 1824 1274 1910 ipsum
1303 1830 1338 1888 et
1365 1823 1511 1888 nobilem
1540 1821 1644 1886 virum
1675 1821 1793 1887 ducem
1817 1822 1961 1888 Saxonis
1990 1824 2106 1908 gravia

441 1930 559 1995 fuisset
587 1934 704 1994 exorta
734 1927 901 1992 discordia
932 1934 965 1993 et
988 1949 1032 1992 ex
1056 1949 1096 1994 ea
1118 1929 1220 1993 multe
1245 1934 1372 2013 strages
1394 1927 1578 2007 hominum,
1605 1927 1781 1991 multarum
1811 1931 1972 1992 terrarum
2003 1927 2106 1992 deso·
2161 1937 2185 1975 1⁰

446 2033 513 2099 etio
537 2038 571 2097 et
599 2031 713 2118 gravia
743 2031 896 2117 pericula
923 2038 1133 2116 emergerent
1162 2031 1359 2110 animarum,
1392 2030 1479 2096 idem
1502 2051 1577 2111 rex,
1609 2029 1783 2094 attondens
1806 2030 1893 2116 qued
1916 2030 2015 2095 aliter
2037 2053 2108 2096 non

440 2142 572 2224 poterat
594 2136 658 2200 hiis
682 2135 839 2222 periculis
863 2135 1000 2216 obviari,
1024 2157 1097 2200 cum
1121 2135 1239 2201 eodem
1262 2135 1345 2201 duce
1369 2135 1538 2216 convenit,
1561 2139 1598 2198 ut
1613 2133 1733 2198 Iuitam
1755 2135 1856 2198 filiam
1879 2134 1985 2220 ipsius
2009 2133 2107 2201 ducis

439 2240 501 2306 tibi
525 2240 670 2306 traderet
692 2242 726 2305 ln
748 2261 896 2305 uxorem.
942 2239 1052 2314 Quare
1075 2240 1172 2305 nobis
1194 2240 1363 2306 humiliter
1385 2239 1592 2327 supplicavit,
1615 2244 1652 2303 ut
1678 2259 1751 2303 cum
1767 2237 1854 2302 dicta
1875 2237 1961 2303 Inita
1983 2239 2109 2325 prelati

441 2343 535 2409 ducis
558 2343 626 2408 filia
648 2349 681 2408 te
705 2343 740 2408 in
764 2351 879 2429 quarto
903 2344 1008 2428 gradu
1032 2344 1328 2430 consanguinitatis
1351 2344 1508 2430 attingat,
1540 2364 1641 2429 snper
1669 2343 1732 2406 hoo
1760 2339 1934 2428 providere
1964 2348 2108 2428 paterna

442 2448 619 2514 clementia
641 2469 845 2515 curaremus.
893 2449 1002 2536 Ipsius
1026 2449 1127 2534 igitur
1149 2449 1248 2534 regis,
1271 2470 1368 2534 quem
1393 2448 1479 2512 inter
1502 2453 1630 2512 ceteros
1651 2446 1740 2512 orbis
1766 2445 1931 2532 principes
1948 2445 2107 2531 specialis
2162 2466 2186 2504 ιι

443 2552 655 2638 prerogativa
677 2551 866 2618 dilectionis
890 2553 1130 2640 amplectimur,
1154 2554 1309 2640 precibus
1333 2553 1480 2618 inclinati
1505 2552 1581 2634 tibi,
1605 2551 1690 2637 quod
1716 2550 1854 2616 eandem
1876 2549 1998 2614 Iuitam
2022 2551 2107 2615 iam·

444 2654 522 2720 dicti
553 2654 646 2722 ducis
673 2656 774 2721 filiam
804 2657 838 2721 in
867 2678 1006 2722 uxorem
1031 2657 1152 2724 ducere
1184 2658 1315 2737 valeas,
1349 2655 1583 2743 impedimento
1619 2677 1683 2720 non
1721 2656 1871 2720 obstante
1902 2653 2108 2736 huiusmodi,

444 2760 638 2826 auctoritate
670 2761 875 2847 presentium
904 2760 1123 2847 indulgemus.
1168 2761 1261 2826 Nulli
1287 2782 1365 2848 ergo
1394 2801 1435 2810 -
1464 2767 1575 2826 nostre
1600 2760 1823 2825 concessionis
1847 2764 1910 2824 etc.
1963 2758 2001 2824 si
2031 2761 2109 2845 quis

447 2869 557 2928 autem
580 2868 643 2928 etc.

551 2983 628 3051 Dat.
650 2981 814 3070 Anagnia,
837 2983 871 3050 II
895 2983 971 3051 Kal.
999 2984 1168 3072 Septemb.
1192 3006 1277 3050 anno
1300 2983 1397 3052 XIII.

1067 3243 1479 3251 Ἥ-

1207 3446 1210 3452 ’
1232 3502 1317 3576 757.

550 3613 742 3726 Gregorius
763 3642 820 3708 n(
839 3661 927 3723 papa
947 3640 1079 3727 [Paro]
1106 3641 1246 3724 epaon
1271 3641 1450 3709 caeram
1472 3644 1620 3723 nannai,
1649 3649 1685 3709 m
1705 3646 1873 3711 stetinum
1900 3647 1938 3712 a
1960 3648 2111 3713 annam

442 3767 501 3827 per
522 3745 849 3810 excommunicationis
870 3745 900 3812 et
920 3745 1080 3811 interdicti
1107 3747 1279 3813 sententias
1305 3749 1478 3830 compellat,
1505 3753 1542 3812 ut
1563 3751 1774 3831 possessimms
1803 3755 1833 3817 ct
1859 3752 1933 3818 imra
1961 3753 2110 3820 90010990

448 3849 638 3928 Tarvisium,
661 3869 741 3931 quoe
763 3849 965 3932 9099190911,
988 3849 1085 3917 eidem
1106 3851 1259 3917 restituat.
1744 3858 1838 3936 1239,
1860 3856 1939 3922 Noc.
1961 3861 2016 3925 20.

551 3969 635 4040 Grey.
655 3970 704 4023 IX
720 3970 791 4042 Rep.
815 3970 870 4027 Vol.
893 3971 943 4039 VI,
960 3973 1025 4036 129,-
1042 3969 1105 4026 Lit.
1123 3971 1213 4041 XIII,
1230 3977 1290 4028 148.

549 4056 686 4125 Potttoat,
703 4055 773 4126 neq.
791 4059 892 4112 10809.

975 4273 984 4292 .
1013 4273 1023 4294 .
1051 4219 1265 4314 episcopo
1294 4219 1569 4298 Castellano.

558 4366 652 4431 Sicut
674 4367 876 4432 venerabilis
899 4366 1002 4433 irater
1029 4374 1144 4434 noster
1167 4417 1174 4433 .
1199 4417 1207 4432 .
1232 4369 1408 4456 episcopus
1431 4370 1643 4438 Tervisinus¹
1666 4396 1726 4438 sua
1747 4375 1843 4441 nobis
1867 4377 2107 4461 conquestione

448 4470 655 4551 monstravit,
685 4470 843 4536 Ezelinus
871 4469 912 4536 de
943 4471 1111 4555 Romano,
1143 4472 1208 4538 Dei
1237 4478 1270 4538 et
1299 4473 1440 4540 ecclesio
1468 4476 1633 4558 inimicus,
1663 4479 1748 4542 Asili
1776 4485 1810 4544 et
1831 4478 1953 4544 Montis
1982 4480 2107 4548 Beluni

447 4580 565 4651 castra,
589 4595 699 4638 arcem
715 4573 871 4640 Braidem
886 4574 1095 4661 Rooeamque
1116 4577 1283 4642 Cornute²
1306 4599 1435 4644 necnon
1458 4581 1565 4660 villas,
1589 4583 1706 4660 curias,
1729 4584 1958 4668 possessiones
1981 4593 2017 4650 et
2039 4587 2108 4652 clia

447 4677 520 4741 iura
543 4677 685 4743 ecclesie
708 4677 891 4760 Terrisinc,
915 4686 1026 4765 spreto
1050 4681 1218 4747 fidelitatis
1240 4682 1422 4748 iuramento
1446 4706 1510 4769 qno
1533 4691 1665 4751 tenetur
1686 4686 1804 4768 eidem,
1826 4707 1887 4772 per
1907 4688 2103 4756 violentiam
2161 4737 2190 4776 ,ο

449 4780 625 4866 occupavit
649 4788 682 4847 et
706 4803 747 4847 ea
770 4788 931 4868 occupata
953 4783 1079 4851 detinet
1102 4805 1140 4849 ac
1163 4785 1340 4851 restituere
1364 4788 1566 4854 contradicit.
1610 4789 1774 4864 Quocirca
1795 4790 1999 4876 mandamus,
2024 4816 2107 4880 qua-

448 4884 550 4961 tinus,
577 4883 605 4948 si
629 4890 681 4950 est
702 4886 759 4969 its,
783 4885 905 4951 dictum
921 4885 1104 4968 Ezelinum,
1127 4894 1163 4952 ut
1179 4895 1287 4954 castra
1309 4897 1344 4956 et
1365 4892 1430 4958 alia
1453 4893 1641 4979 supradicta
1663 4915 1736 4959 cnm
1757 4894 1917 4960 fructibus
1940 4901 2109 4984 perceptis

448 5008 492 5052 ex
522 4986 571 5053 eis
598 4989 652 5054 rel
681 4988 736 5075 qui
768 4989 956 5076 potuissent
983 4991 1108 5078 percipi
1141 4993 1284 5058 ecclesie
1312 4994 1460 5080 predicte
1494 4996 1579 5061 inira
1607 5018 1755 5063 mensem
1786 5003 1861 5084 post
1890 5000 2107 5068 monitionem

447 5097 537 5156 tuam
559 5092 713 5157 restituat
734 5099 772 5158 ut
795 5099 936 5176 tenetur,
961 5115 1021 5180 per
1043 5096 1394 5164 excommunicationis
1411 5099 1444 5164 in
1459 5121 1636 5186 personam
1652 5107 1687 5166 et
1705 5101 1740 5166 in
1762 5107 1882 5166 terram
1906 5101 1978 5168 eius
2001 5103 2107 5170 inter-

448 5194 528 5260 dicti
552 5197 734 5261 sententins
758 5196 981 5285 appellatione
1006 5205 1131 5264 remota
1154 5200 1348 5286 compellas,
1372 5202 1497 5269 iaciens
1519 5209 1691 5291 utramque
1714 5205 1910 5270 sententiam
1933 5227 2038 5293 usque
2061 5209 2106 5274 ad
2160 5248 2188 5288 ³5

450 5299 709 5365 satisfactionem
732 5299 929 5387 condignam
951 5302 1184 5369 inviolabiliter
1206 5303 1385 5371 observari.

554 5420 630 5485 Dat.
653 5420 806 5487 Lateran.
829 5421 896 5485 XII
918 5421 994 5491 Kal.
1017 5423 1176 5492 Decemb.
1200 5447 1284 5492 anno
1308 5427 1404 5495 XIII.

553 5679 580 5748 1)
601 5677 709 5733 Ticina.
814 5679 843 5748 2)
861 5679 939 5736 Loco
956 5697 975 5734 a
992 5683 1103 5738 civitate
1124 5684 1269 5744 Teroieiao
1286 5687 1359 5744 inter
1377 5688 1587 5758 septentrionem
1605 5691 1631 5746 et
1647 5687 1808 5746 occidentem
1826 5689 1891 5745 sita
