4524 6412
448 405 510 468 328
1026 399 1323 454 montuosum
1344 398 1524 452 REGISTRO

449 573 590 638 ecclesie
613 572 854 658 patrimonium,
878 571 1190 636 excomunicatiouis
1214 569 1412 635 sententiam
1435 571 1651 652 incurrerunt,
1675 577 1809 657 propter
1832 569 1918 656 quod
1941 572 2102 635 universis

449 682 483 741 et
505 675 643 760 singulis
666 675 844 740 districtius
868 674 1069 754 inhibemus,
1099 695 1140 738 ne
1164 674 1352 752 consilium,
1383 673 1543 738 auxilium
1566 682 1623 738 aut
1645 673 1789 738 favorem
1812 673 1878 737 illis
1901 672 2103 758 impendant,

449 800 523 843 cum
546 777 941 842 excommunicaverimus
964 797 1078 841 omnes
1101 797 1214 863 eorum
1231 776 1446 852 consiliarios,
1469 776 1660 840 auxiliarios
1687 782 1720 840 et
1741 776 1898 852 fautores,
1922 782 1956 839 et
1979 795 2038 838 vos
2061 774 2103 838 ab

448 875 655 967 imperatoris
676 879 834 946 fidelitate
852 880 1089 944 absolverimus
1104 881 1286 944 universos.
1332 879 1368 943 Si
1384 877 1461 963 quid
1485 878 1572 943 enim
1594 879 1628 942 in
1646 879 1796 964 personis
1819 878 1872 943 vel
1895 877 1994 943 rebus
2017 879 2103 941 tales

448 989 582 1069 propter
619 982 681 1047 hoc
716 982 948 1062 sustinuerint,
986 981 1049 1047 sibi
1081 988 1236 1068 poterunt
1275 983 1446 1067 imputare.
1507 981 1630 1046 Contra
1663 1002 1745 1066 quos
1780 981 1914 1067 insuper
1948 979 2103 1045 duximus

451 1083 676 1164 statuendum,
703 1090 741 1148 ut
763 1084 872 1149 nullus
896 1105 1009 1149 eorum
1032 1083 1073 1148 ad
1095 1085 1308 1169 potestariam
1330 1084 1385 1150 vel
1412 1083 1501 1149 aliud
1531 1084 1672 1149 officium
1696 1083 1862 1147 civitatum
1885 1089 1942 1147 aut
1964 1083 2104 1147 aliorum

448 1188 594 1252 locomm
617 1185 658 1252 de
682 1193 792 1252 cetero
807 1193 1042 1266 assumanturl,
1066 1179 1389 1252 excommunicentur
1411 1187 1510 1252 etiam
1529 1187 1690 1252 electores
1713 1185 1868 1271 ipsorum,
1890 1205 1930 1249 ac
1953 1185 2104 1250 civitates

451 1296 485 1354 et
514 1291 604 1371 loca,
636 1289 789 1376 quamdiu
811 1289 987 1355 habuerint
1009 1289 1130 1355 ibidem
1154 1291 1279 1368 officia,
1310 1290 1501 1355 subiaceant
1528 1288 1711 1354 interdicto.
1765 1287 1923 1354 Preterea
1952 1288 2105 1353 omnibus

412 1407 414 1410 ’
450 1393 622 1458 beneficiis
646 1413 705 1457 seu
727 1390 844 1472 feudis,
868 1413 930 1477 que
953 1397 1067 1456 tenent
1089 1393 1131 1458 ab
1148 1393 1309 1472 ecclesiis,
1331 1394 1403 1479 ipso
1427 1393 1492 1456 sint
1512 1393 1583 1457 iure
1606 1391 1735 1476 privati,
1758 1412 1936 1477 eorumque
1958 1391 2017 1456 filii
2039 1413 2105 1456 uon

452 1495 665 1561 admittantur
688 1493 729 1559 ad
744 1494 906 1559 beneficia
927 1495 980 1560 vel
1003 1494 1180 1579 dignitates
1197 1495 1439 1560 ecclesiasticas
1455 1495 1526 1559 siue
1543 1493 1788 1579 dispensatione
1812 1493 1899 1559 sedis
1922 1495 2103 1581 apostolice

455 1598 602 1684 speciali,
625 1618 688 1661 nec
710 1597 898 1661 huiusmodi
913 1599 1153 1663 excomunicati
1176 1598 1392 1663 absolutionis
1415 1597 1543 1684 possint
1565 1596 1762 1662 beneficium
1777 1596 1937 1674 obtinere,
1959 1597 2025 1661 nisi
2047 1618 2107 1683 per

457 1721 578 1764 anuum
601 1699 719 1763 facturi
741 1721 864 1764 moram
888 1699 921 1763 in
945 1700 1076 1764 servitio
1099 1699 1201 1764 Terre
1218 1695 1350 1778 Sancte,
1374 1706 1407 1763 et
1429 1705 1555 1763 tantum
1578 1700 1756 1784 expensuri
1777 1698 1818 1762 ad
1841 1699 1948 1763 minus
1971 1698 2106 1777 ibidem,

455 1808 611 1887 quantum
648 1823 705 1866 eos
737 1801 798 1866 abb
827 1802 893 1866 illis
923 1803 1068 1867 constitit
1102 1802 1302 1888 percepisse.
1358 1800 1518 1874 Quocirca
1552 1802 1754 1887 presentium
1784 1801 1878 1867 vobis
1910 1801 2106 1865 auctoritate

457 1903 604 1970 districte
628 1904 842 1990 precipimus,
877 1905 1028 1990 quatinus
1059 1904 1286 1969 inhibitionem
1318 1911 1463 1969 nostram
1491 1911 1524 1969 et
1555 1903 1688 1969 easdem
1717 1904 1918 1982 sententias,
1953 1924 1992 1967 ac
2020 1901 2107 1986 quod

429 2047 430 2050 =
456 2028 555 2093 super
576 2006 639 2072 hoc
667 2006 700 2071 in
726 2028 844 2094 penam
875 2006 1094 2093 predictorum
1124 2007 1314 2086 statuimus,
1343 2007 1549 2092 publicantes
1579 2005 1694 2071 diebus
1717 2006 1888 2071 dominicis
1911 2013 1944 2071 et
1967 2006 2107 2082 festivis,

456 2122 522 2174 tam
555 2109 721 2196 predictos
754 2108 961 2195 Reynsldum
993 2116 1027 2174 et
1060 2109 1251 2174 Bertoldum
1285 2130 1381 2195 quam
1414 2110 1634 2189 consiliarios,
1669 2110 1860 2174 auxiliarios
1895 2116 1929 2174 et
1962 2109 2108 2173 lautores

458 2233 580 2304 corum,
604 2218 638 2277 et
661 2213 851 2277 nominatim
874 2213 981 2297 siqui
1004 2218 1079 2276 suut
1101 2210 1142 2277 de
1164 2219 1274 2277 vestra
1296 2213 1427 2277 civitate
1450 2213 1502 2276 vel
1526 2211 1684 2292 districtu,
1708 2233 1781 2276 oum
1804 2212 1868 2276 illis
1884 2211 2109 2276 excommuni-

457 2321 547 2379 catos
571 2337 591 2378 a
613 2314 709 2378 nobis
733 2315 959 2402 sollempniter
982 2315 1157 2388 nuntietis;
1181 2315 1313 2399 publice
1337 2315 1566 2379 nichilominus
1581 2313 1805 2400 protestando,
1828 2313 1915 2399 quod
1936 2314 2021 2378 tales
2045 2334 2109 2378 non

456 2417 554 2481 aliter
575 2437 671 2502 quem
687 2417 869 2503 predictum
893 2423 945 2482 est
966 2423 1120 2502 poterunt
1135 2416 1352 2481 absolutionis
1370 2417 1565 2482 beneficium
1581 2417 1741 2482 obtinere.
1785 2416 1829 2480 Et
1852 2437 1929 2482 ecce
1953 2415 2109 2480 dilectum

457 2519 559 2583 filium
583 2567 616 2583 ..
640 2518 874 2585 subdiaconum
897 2527 931 2584 et
954 2520 1158 2606 capellanum
1181 2527 1339 2597 nostrum,
1362 2521 1478 2585 merito
1501 2519 1675 2606 probitatis
1700 2541 1757 2585 sue
1781 2520 1876 2584 nobis
1898 2526 1932 2584 et
1954 2519 2108 2584 fratribus
2158 2531 2182 2570 ²⁰

457 2621 577 2686 nostris
600 2627 789 2706 acceptum,
817 2621 859 2686 ad
881 2643 939 2686 vos
968 2621 1119 2686 duximus
1142 2620 1385 2700 destinandum,
1416 2643 1514 2708 quom
1543 2623 1685 2706 benigne
1714 2622 1912 2709 recipientes
1940 2621 1982 2685 ob
2014 2642 2109 2687 reve-

457 2724 596 2788 rentiam
619 2723 797 2810 apostolice
821 2723 909 2788 sedis
932 2731 966 2790 ct
987 2731 1132 2789 nostram
1155 2746 1254 2810 super
1275 2725 1339 2790 hiis
1361 2725 1480 2790 devote
1503 2747 1541 2791 ac
1565 2725 1743 2791 efficaciter
1764 2724 1954 2790 intendatis.

565 2842 653 2908 Data
674 2835 813 2908 Perusii.

1081 3011 1491 3022 ————--.—..-.—

1244 3298 1333 3372 411.

568 3399 758 3513 &repostus
784 3431 842 3495 IX
862 3453 952 3514 popa
982 3432 1143 3518 fratribus
1170 3435 1279 3500 domus
1310 3435 1545 3500 Teutonicomm
1572 3436 1607 3500 ia
1637 3437 1789 3501 Teulouia
1816 3439 1846 3502 et
1874 3437 2011 3503 Prascs'c
2039 3458 2110 3503 cors·

462 3532 581 3596 stitutis
601 3531 739 3610 nuntiat,
761 3552 793 3598 se
815 3554 854 3599 ea
876 3536 1027 3600 retusae
1042 3536 1223 3601 Hermunns'
1244 3537 1389 3620 erupisti
1410 3538 1577 3615 audivisse,
1602 3539 1818 3625 C[0arudum]
1839 3540 1945 3604 ducem
1960 3540 2111 3606 Polou-iae
2157 3559 2179 3598 a

461 3634 662 3719 [Masociuc]
682 3635 788 3700 domm
817 3657 923 3701 eorum
944 3642 1081 3703 castrum
1106 3639 1196 3706 Culm
1223 3631 1254 3704 et
1275 3639 1427 3721 quaedam
1454 3641 1523 3704 alio
1550 3645 1655 3706 castra
1686 3642 1720 3705 iu
1742 3640 1954 3707 Prutercmam
1980 3644 2114 3725 confinio

461 3736 643 3803 concessisse
649 3757 661 3815 ;
682 3742 784 3802 merset
804 3759 863 3818 eos,
885 3744 921 3803 at
939 3740 1034 3821 fidem
1055 3741 1139 3805 iuter
1160 3740 1317 3807 Pratcuos
1338 3742 1445 3808 scdulo
1465 3729 1629 3811 ditrtcrst(
1756 3747 1850 3822 1230,
1873 3743 1948 3809 Ian.
1974 3748 2025 3810 12.

566 3853 647 3924 arey.
665 3855 715 3909 rx
730 3856 799 3928 neq.
822 3858 879 3912 Vol.
897 3858 923 3924 1,
942 3861 1006 3926 rra
1024 3858 1088 3914 Lib.
1106 3862 1165 3924 ΠΙ,
1183 3865 1243 3914 101.

568 3940 704 4008 Poutasr,
724 3941 791 4011 Περ.
812 3947 895 3998 8480.

557 4151 797 4227 'Fratribus
824 4155 982 4229 domus
1009 4163 1162 4232 sancte
1189 4157 1320 4232 Marie
1348 4156 1694 4233 Teutonicorum
1720 4158 1763 4232 in
1789 4157 2008 4234 Teutonis
2159 4190 2181 4230 o

844 4281 888 4350 et
913 4276 1208 4351 Prutenorum
1235 4271 1438 4370 partibus
1465 4278 1735 4352 constitutis

574 4417 669 4484 Circa
688 4413 809 4488 fideles
826 4446 903 4490 suos
926 4425 1099 4491 iudicium⁰
1120 4425 1276 4491 bonitatis
1297 4447 1354 4490 sue
1370 4425 1532 4490 Dominus
1553 4426 1689 4491 exhibet
1712 4427 1745 4490 in
1767 4426 1840 4506 hoc,
1863 4426 1950 4513 quod
1969 4431 2115 4492 reservat

469 4523 517 4584 eis
540 4521 668 4600 hostes,
698 4544 779 4608 quos
805 4535 919 4611 posset
948 4533 1119 4593 conterere
1148 4528 1218 4591 solo
1240 4527 1356 4605 verbo,
1387 4533 1423 4592 ut
1446 4526 1599 4592 videlicet
1621 4529 1676 4613 qui
1703 4529 1909 4596 offenderunt
1937 4529 1972 4593 in
1993 4529 2115 4606 multis,

471 4625 687 4689 succurrendo
710 4647 768 4711 pro
791 4649 900 4702 amore
924 4652 982 4695 suo
1006 4629 1163 4716 proximis
1187 4636 1220 4694 et
1243 4629 1454 4694 retribuendo
1485 4628 1607 4715 aliquid
1631 4631 1709 4707 sibi,
1741 4633 1795 4719 qui
1824 4653 1882 4720 pro
1912 4633 1961 4697 eis
1984 4630 2116 4696 tradidit

469 4727 692 4814 semetipsum,
716 4730 937 4797 satisfaciendi
960 4733 1103 4798 habeant
1124 4733 1296 4798 materiam
1319 4739 1352 4797 et
1375 4733 1550 4797 salventur.
1597 4731 1683 4798 Sane
1699 4734 1849 4798 dominus
1873 4741 1907 4800 et
1929 4733 2117 4819 redemptor
2161 4755 2181 4793 u

468 4836 593 4908 noster,
624 4831 657 4894 in
691 4832 783 4896 cuius
814 4833 922 4899 odium
947 4842 980 4899 et
1003 4841 1225 4921 contemptum
1248 4836 1389 4922 populus
1416 4835 1575 4900 barbarus
1597 4835 1814 4901 Pmtenorum
1837 4837 1983 4921 graviter
2004 4857 2115 4923 perse·

469 4933 577 5017 quitur
600 4933 821 5019 Christianos,
852 4939 906 5023 qui
937 4939 1030 5002 iuxta
1059 4938 1148 5023 ipsos
1179 4938 1343 5028 existunt,
1374 4937 1582 5002 devotionem
1605 4939 1712 5023 querit
1740 4945 1774 5004 et
1801 4940 1961 5004 auxilium
1985 4961 2117 5005 suorum

338 5047 342 5056 ‘
467 5035 612 5101 fidelium
635 5039 668 5102 in
690 5039 751 5104 hac
774 5046 878 5126 parte,
901 5040 956 5123 qui
980 5041 1128 5125 quamvis
1151 5040 1311 5105 bonorum
1334 5047 1519 5105 nostrorum
1542 5061 1608 5106 non
1630 5050 1738 5126 egeat,
1762 5064 1802 5108 ea
1823 5049 1934 5106 tamen
1956 5043 2117 5129 exposcit,

467 5146 504 5204 ut
526 5163 584 5227 pro
608 5143 656 5208 eis
686 5143 781 5208 nobis
811 5142 971 5208 retribuat
999 5143 1033 5206 in
1064 5143 1242 5208 celestibus
1269 5143 1430 5208 beneficia
1456 5144 1595 5230 potiora.
1639 5143 1754 5230 Nuper
1786 5143 1948 5230 siquidem
1978 5144 2116 5210 dilectus

468 5243 554 5308 filius
577 5244 804 5326 Hermannns,
835 5245 992 5331 magister
1015 5244 1130 5310 domus
1154 5252 1266 5312 sancte
1289 5245 1393 5311 Mario
1416 5245 1712 5326 Theutonicorum,
1742 5246 1776 5310 in
1806 5252 1918 5311 nostra
1946 5249 2117 5334 proposuit
2161 5265 2183 5305 ιο

469 5348 636 5433 presentia
659 5350 866 5429 constitutus,
889 5347 976 5433 quod
998 5347 1118 5413 nobilis
1141 5349 1192 5413 vir
1213 5348 1251 5412 C.
1267 5347 1334 5411 dux
1349 5346 1487 5411 Polouie
1511 5353 1653 5412 castrum
1677 5346 1790 5412 Oolme
1814 5369 1887 5412 cum
1910 5349 2116 5434 pertinentiis

573 5643 597 5709 ·)
615 5645 652 5696 ea
669 5644 702 5695 n.
723 5687 725 5692 .
783 5639 806 5708 b)
823 5641 856 5694 ss
872 5639 942 5693 aar
957 5640 986 5691 a
1003 5640 1036 5691 a.
1117 5637 1139 5704 0)
1157 5639 1280 5692 sumerum
1297 5639 1329 5690 n
1349 5595 1351 5598 ⁵
