4560 6420
431 401 492 462 728
1001 393 1050 446 EX
1069 391 1243 447 GREGORII
1261 392 1301 445 IX
1318 391 1507 447 REGISTRO.

430 569 472 633 ab
496 570 574 655 ipsis
598 569 729 634 noviter
755 567 862 632 eidem
886 567 1027 631 ecclesie
1049 567 1220 649 irrogatas.
1260 565 1367 652 Super
1382 564 1444 628 hiis
1462 566 1571 651 itaque
1590 569 1807 632 constantiam
1824 576 1970 634 vestram
1987 569 2098 652 dignis

433 675 466 736 in
489 673 631 738 Domino
656 673 833 738 offerentes
857 670 1009 738 laudibus
1032 691 1070 734 ac
1092 669 1274 734 referentes
1293 669 1386 733 vobis
1403 672 1582 754 gratiarum
1605 670 1725 736 uberes
1748 671 1907 750 actiones,
1931 672 2098 737 universi-

432 783 533 841 tatem
556 783 700 841 vestram
722 797 911 857 monemus,
945 796 1098 859 rogamus
1127 780 1160 838 et
1189 773 1358 837 hortamur
1384 780 1525 855 attente,
1559 797 1619 862 per
1649 777 1830 863 apostolica
1851 777 1945 842 vobis
1971 777 2097 863 scripta

433 880 643 960 mandantes,
676 879 829 965 quatinus
860 880 906 943 sic
936 884 1188 965 perseueranter
1212 877 1375 942 assistatis
1407 878 1564 960 ecclesie,
1599 879 1646 944 sic
1675 878 1717 943 ud
1750 880 1989 945 exaltationem
2021 883 2094 947 eius

432 983 601 1049 indefessa
624 984 729 1049 sollici
738 983 850 1049 tudine
873 984 1033 1069 vigiletis,
1057 990 1093 1048 ut
1116 983 1238 1048 auxilio
1261 983 1355 1047 vobis
1378 989 1576 1068 cooperante
1601 983 1717 1048 celesti
1737 985 1823 1049 vires
1846 983 2097 1050 adversantium

433 1089 640 1153 infirmentur
664 1096 698 1152 et
721 1088 922 1153 offensorum
945 1088 1114 1153 temeritas
1136 1108 1252 1151 manus
1269 1087 1458 1172 experiatur
1473 1087 1618 1153 ultrices.
1664 1088 1707 1152 Et
1723 1095 1759 1152 ut
1775 1088 1915 1153 celerius
1933 1096 1969 1154 et
1981 1089 2099 1154 utilius

434 1191 575 1255 ecclesie
606 1191 741 1277 negotia
767 1193 801 1256 in
831 1192 894 1256 hac
922 1199 1016 1278 porte
1044 1192 1177 1256 valcant
1205 1197 1339 1255 auctore
1368 1190 1510 1255 Domino
1541 1193 1742 1278 promoveri,
1771 1213 1848 1257 ecce
1869 1192 2098 1257 venerabilem

434 1295 570 1359 fratrem
600 1301 749 1359 nostrum
775 1346 782 1361 .
808 1346 815 1362 .
844 1293 1063 1382 patriarcham
1090 1294 1405 1375 lerosolimitanum‚
1439 1295 1535 1360 nobis
1572 1303 1606 1360 et
1636 1294 1791 1360 frutribus
1822 1296 1943 1360 nostris
1979 1297 2098 1362 merito

435 1420 494 1462 suo
522 1397 693 1484 probitatis
725 1421 834 1463 carum
864 1399 1038 1464 admodum
1068 1405 1101 1463 ct
1128 1405 1316 1484 acceptum,
1356 1397 1397 1463 ud
1428 1420 1487 1464 vos
1517 1421 1576 1485 pro
1613 1398 1709 1464 dictis
1740 1399 1880 1484 negotiis
1905 1399 2098 1484 specialiter

434 1501 650 1580 destinamus,
681 1525 778 1588 quem
806 1504 848 1567 ob
878 1502 1095 1568 reverentiam
1127 1502 1308 1588 apostolice
1338 1501 1426 1566 sedis
1451 1508 1484 1567 et
1504 1509 1662 1582 nostram,
1701 1502 1799 1566 immo
1839 1502 1949 1588 potius
1974 1524 2035 1567 nos
2060 1504 2095 1568 in

436 1606 508 1690 ipso
533 1605 751 1692 suscipientes
775 1606 901 1671 ilariter
923 1612 957 1669 et
979 1604 1097 1670 devote
1121 1627 1159 1669 ac
1183 1604 1360 1670 honorifice
1384 1611 1580 1686 tractantes,
1615 1606 1647 1670 ei
1669 1605 1702 1670 in
1734 1605 1970 1691 omnibusque
1995 1627 2098 1693 super

436 1709 579 1794 negotiis
614 1709 695 1796 ipsis
732 1709 824 1774 vobis
858 1731 901 1774 ex
932 1716 1026 1795 parte
1058 1715 1172 1773 nostra
1207 1709 1355 1774 retulerit
1382 1708 1514 1794 plenam
1543 1708 1640 1774 fidem
1671 1708 1829 1774 adhibere
1862 1711 2002 1790 curetis,
2037 1710 2098 1774 illa

437 1812 616 1877 efficaciter
639 1813 813 1878 occasione
838 1812 984 1897 qualibet
1008 1818 1041 1876 et
1063 1811 1221 1878 dilatione
1244 1812 1436 1900 postpositis
1466 1812 1686 1899 adimplendo.
1736 1811 1806 1876 Nos
1838 1813 1926 1877 enim
1949 1812 2097 1878 Domino

437 1915 639 1980 concedente
663 1936 703 1980 ea
718 1914 921 1981 studebimus
938 1937 1124 2001 procurare,
1148 1937 1286 2002 perque
1303 1916 1464 1996 sibilans,
1487 1915 1563 1981 fidei
1581 1917 1742 1981 catholica
1765 1916 1865 1981 robur
1879 1923 1914 1981 et
1930 1917 2094 1982 ecclesia-

438 2021 520 2084 stice
543 2019 703 2083 libertatis
727 2026 939 2104 augmentum
962 2020 1156 2105 proveniant
1178 2026 1353 2103 vestraque
1377 2019 1491 2084 civitas
1513 2019 1672 2084 honorem
1695 2027 1728 2084 et
1743 2018 1949 2083 commodum
1967 2022 2099 2106 spacia·
2151 2027 2173 2063 ¹⁵

438 2125 516 2188 liter
547 2129 775 2208 consequatur.
837 2122 999 2207 Quicquid
1028 2130 1139 2188 autern
1173 2145 1247 2188 cum
1273 2123 1419 2210 predicto
1448 2123 1635 2210 patriarcha
1671 2145 1770 2209 super
1798 2122 1924 2188 eisdem
1953 2124 2101 2209 negotiis

440 2226 601 2293 duxeritis
624 2226 849 2305 ordinandum,
872 2233 1001 2310 gratum
1024 2226 1122 2292 dante
1145 2228 1287 2291 Domino
1310 2227 1505 2292 habebimus
1529 2234 1564 2292 et
1585 2234 1766 2314 acceptum.

549 2346 627 2412 Dat.
649 2347 803 2412 Lateran.
827 2347 928 2411 XVII
951 2347 1027 2412 Kal.
1052 2347 1143 2437 Sept.
1166 2369 1252 2413 anno
1274 2347 1350 2412 XV.
