4524 6412
431 402 493 463 296
1015 394 1062 448 Ex
1082 393 1256 448 GREGORII
1274 393 1313 445 IX
1331 393 1511 448 REGISTRO

422 571 526 636 ducis
545 569 726 656 Spoletani,
751 589 845 632 suum
862 568 1015 632 vicarium
1040 576 1072 631 ot
1095 567 1289 644 ministrum,
1313 565 1470 650 quasdam
1487 573 1591 630 terras
1609 563 1787 649 apostolice
1813 561 1901 626 sedis
1926 559 2088 645 corruptis

416 681 544 739 'earum
579 671 819 736 habitatoribus
854 671 932 734 feeit
966 671 1092 749 invadi,
1127 669 1330 755 presbyteris
1367 677 1400 733 et
1434 670 1507 732 aliis
1545 668 1674 732 clericis
1711 689 1731 730 a
1764 663 1954 730 sarracenis
1989 663 2088 747 impie

432 775 599 839 mutilatis.
628 773 740 838 ¹Unde
763 795 823 838 nos
840 773 989 838 videntes
1013 781 1046 839 et
1069 773 1229 852 dolentes,
1253 772 1339 859 quod
1356 773 1459 858 ipsius
1476 771 1635 836 Frideriei
1660 771 1771 855 iniqua
1787 768 1941 854 superbia
1956 789 2089 854 semper

432 877 615 943 ascendens
638 899 704 942 non
729 877 863 956 sistitur,
888 877 992 941 donec
1016 898 1089 941 eam
1112 877 1239 940 iustitia
1255 875 1466 961 superveniat
1489 881 1523 939 et
1546 875 1730 951 conveniat,
1753 872 1841 936 illius
1866 871 1989 935 malitie
2013 890 2088 934 eum

431 981 555 1046 auxilio
579 980 688 1045 divino
712 979 920 1066 providemus
944 981 1124 1065 apostolice
1149 979 1237 1044 sedis
1260 978 1430 1043 dexteram
1447 977 1686 1070 opponendam,
1710 976 1814 1041 tribus
1837 975 1878 1039 ad
1901 975 1964 1039 hoc
1989 995 2086 1038 exer·
2150 1015 2155 1026 ·

432 1085 552 1149 eitibus
578 1085 815 1170 congregatis¹.
861 1084 985 1148 Verum
1010 1084 1088 1169 quia
1109 1083 1172 1148 beo
1195 1104 1260 1146 non
1285 1089 1424 1167 possunt
1447 1082 1516 1146 sine
1540 1081 1695 1166 gravibus
1720 1078 1903 1166 sumptibus
1927 1077 2016 1152 fieri,
2047 1075 2089 1140 ad

433 1209 514 1273 quos
538 1189 718 1274 apostolice
742 1187 831 1252 sedis
855 1207 1059 1272 nequaquam
1084 1187 1249 1250 sufficiunt
1271 1185 1460 1264 facultates,
1492 1192 1548 1250 tue
1578 1183 1804 1249 subventionis
1833 1181 1993 1264 auxilium
2015 1187 2088 1244 tan-

434 1312 531 1375 quam
566 1290 720 1376 speeialis
755 1290 896 1354 ecclesie
922 1289 1070 1354 Romane
1104 1289 1162 1353 lilii
1197 1309 1296 1374 super
1328 1288 1380 1352 his
1414 1288 1567 1352 duximus
1595 1286 1791 1352 fiducialiter
1826 1283 2088 1369 requirendumt,

328 1461 329 1465 ,
434 1395 648 1459 serenitatem
675 1394 800 1478 regiam
829 1394 1008 1458 affectuose
1036 1400 1190 1478 rogantes
1214 1400 1248 1457 et
1278 1402 1449 1456 monentes
1473 1398 1614 1472 attente,
1646 1390 1799 1476 quatinus
1827 1409 1868 1453 ea
1895 1409 1959 1472 quc
1988 1407 2089 1472 super

434 1499 485 1562 his
509 1498 648 1562 dilectus
671 1496 758 1561 filius
781 1497 938 1581 magister
961 1497 1073 1561 Simon
1097 1497 1237 1584 scriptor
1260 1503 1389 1576 noster,
1422 1496 1463 1560 de
1496 1496 1588 1560 euius
1610 1493 1815 1581 providentia
1837 1500 1870 1556 et
1893 1491 2084 1555 sinceritate

433 1601 513 1665 fidei
536 1603 633 1686 plene
657 1598 866 1678 confidimus,
900 1601 959 1665 tibi
990 1621 1032 1664 ex
1055 1608 1149 1686 parte
1173 1606 1284 1664 nostra
1306 1605 1468 1685 proponet
1491 1597 1628 1663 eredens
1650 1603 1805 1681 tanquam
1827 1595 1868 1659 ab
1892 1616 1949 1658 oro
1972 1601 2086 1658 nostro

436 1705 581 1789 prolata,
616 1703 726 1767 taliter
754 1702 869 1767 eadem
893 1703 1026 1767 studeas
1057 1703 1250 1789 adimplere,
1282 1702 1369 1787 quod
1391 1691 1519 1767 ex'hoe
1542 1702 1601 1766 tibi
1624 1701 1740 1765 merito
1765 1698 1882 1764 reddas
1905 1698 2087 1764 Romanam

439 1806 613 1871 ecclesiam
635 1806 823 1891 obligatam,
848 1812 881 1870 et
904 1828 964 1870 nos
987 1813 1080 1891 grata
1103 1806 1163 1870 tibi
1187 1805 1366 1870 debeamus
1390 1803 1615 1868 vicissitudine
1639 1801 1846 1888 respendere.

545 1925 667 1990 Datum
690 1925 829 2006 Perusii,
854 1926 922 1991 XII
946 1925 1059 1991 Galen.
1083 1925 1174 1991 lanu.
1198 1926 1405 2012 pontificatus
1428 1926 1532 1989 nostri
1554 1946 1639 1990 anno
1663 1923 1709 1987 II.

1054 2223 1466 2231 *Ἦ

1220 2514 1305 2586 379.

544 2625 733 2735 Greqorins
757 2652 812 2716 IX
827 2673 917 2732 popo
939 2652 1113 2736 [labeoni]
1137 2651 1307 2716 Sirbiaeasi
1332 2655 1471 2734 ‹priscopo
1493 2654 1637 2731 irrumet,
1667 2659 1702 2716 et
1729 2655 1758 2717 st'
1776 2673 1913 2734 persone
1935 2654 2090 2734 quiteria-m
2153 2675 2163 2709 a

434 2758 516 2836 velt't,
538 2761 573 2820 at
594 2755 747 2820 eacrct'tus
769 2775 863 2834 super
885 2758 1002 2817 terram
1023 2773 1098 2818 saec
1120 2755 1255 2820 vicinam
1278 2756 1457 2834 traducetur,
1480 2761 1588 2822 eontra
1610 2779 1681 2821 eam
1702 2758 1839 2822 oirib'ter
1854 2757 2015 2838 precedat.

1624 2862 1717 2938 1229,
1739 2859 1834 2924 Febr.
1844 2897 1885 2905 —
1898 2860 2001 2924 Mart.

540 2942 621 3012 (ἔτερ.
640 2942 689 2996 ΙΧ
705 2941 775 3012 Ray.
799 2942 855 2995 Vol.
875 2943 899 3006 I,
920 2945 983 3016 ²⁰35
1003 2940 1065 2995 Lib.
1085 2942 1128 3006 11,
1147 2946 1190 2995 99.

631 3129 667 3209 ’.
697 3192 706 3211 .
738 3137 974 3210 Sabinensi
1002 3137 1511 3230 episcop0‚apostoliee
1539 3141 1660 3214 sedis
1687 3141 1863 3233 legato².

543 3287 770 3351 Intelleximus
794 3285 985 3370 diligenter,
1018 3287 1159 3371 qualiter
1181 3289 1250 3351 vult
1273 3287 1329 3352 illa
1352 3309 1508 3373 persona,
1533 3287 1619 3374 quod
1643 3309 1741 3374 super
1764 3288 1861 3352 aliam
1885 3296 2004 3354 terram
2029 3313 2088 3354 sue
2140 3318 2151 3355 r

437 3391 577 3455 vicinam
600 3391 764 3455 exereitus
788 3389 975 3470 inducatur,
1005 3399 1041 3454 ut
1072 3412 1132 3475 per
1158 3397 1281 3455 metum
1307 3413 1383 3456 suos
1407 3394 1516 3457 valeat
1538 3392 1580 3457 ad
1604 3393 1674 3456 eius
1698 3390 1854 3456 inducere
1877 3393 2090 3456 voluntatem.

437 3494 520 3558 Cum
551 3500 661 3559 autem
688 3493 792 3579 magis
823 3493 931 3557 timeri
963 3493 1067 3557 soleat
1095 3493 1263 3572 inimicus,
1297 3495 1325 3557 si
1355 3495 1459 3559 hostis
1493 3497 1536 3559 sit
1566 3518 1586 3560 a
1617 3495 1701 3559 facie
1731 3514 1825 3579 quam
1858 3515 1878 3558 a
1913 3503 2022 3579 tergo,
2057 3504 2092 3560 et

437 3598 606 3683 proximus
629 3617 727 3681 quam
750 3604 910 3676 remotus,
939 3601 1073 3680 propter
1103 3594 1189 3679 quod
1212 3616 1276 3659 non
1309 3597 1470 3662 immerito
1494 3597 1634 3682 amplius
1658 3597 1706 3661 illi
1728 3597 1845 3662 terreri
1867 3596 2030 3676 debeant,
2063 3598 2090 3662 si

436 3701 525 3764 acies
561 3699 719 3784 dirigatur
753 3721 852 3787 super
884 3699 1048 3785 propriam
1084 3707 1203 3763 terram
1239 3700 1346 3780 illius,
1386 3701 1522 3765 firmiter
1565 3701 1625 3765 tibi
1664 3722 1723 3787 per
1757 3702 1935 3787 apostolica
1969 3702 2092 3788 scripta

436 3802 644 3884 mandamus,
679 3803 831 3887 quatinus
868 3802 895 3865 si
931 3801 1079 3887 predicta
1113 3824 1255 3887 persona
1286 3805 1441 3884 voluerit,
1483 3810 1596 3868 eontra
1628 3804 1733 3889 ipsam
1766 3803 1888 3868 directe
1926 3804 2088 3890 procedas
2140 3831 2164 3869 rs

436 3906 575 3971 viriliter
602 3913 635 3972 et
665 3907 869 3986 constanter,'
898 3911 996 3990 prout
1026 3903 1205 3968 secundum
1233 3907 1357 3990 negotii
1388 3908 1580 3991 qualitatem
1607 3912 1663 3971 tue
1690 3899 1895 3994 providentie
1925 3907 2092 3972 videbitur

437 4009 605 4096 expedire.

544 4129 631 4194 Data
653 4115 814 4194 Perusia

1223 4497 1309 4570 380.

554 4603 823 4712 Trortsscriplum
843 4633 1044 4712 aliquorum*
1067 4634 1275 4712 capitulorum
1298 4639 1422 4717 treapoc
1444 4659 1465 4699 a
1488 4636 1651 4700 diederico
1669 4637 1883 4700 Ilommmrzou
1904 4639 2091 4718 ‘irrvpcratere

437 4756 506 4800 euru
536 4734 718 4798 El-Kemil
747 4734 877 4798 soldano
905 4735 1103 4816 Babyloniae
1130 4737 1245 4816 indae,
1277 4759 1356 4820 quac
1388 4740 1544 4805 Geroldus
1568 4740 1756 4820 patriarcba
1782 4739 2091 4825 Hierosolymileaus
2141 4771 2166 4810 so

440 4836 592 4920 Greporio
613 4836 668 4901 IX
686 4857 790 4917 papae
812 4857 881 4902 cant
902 4837 1229 4904 aalmadeersionibes
1250 4841 1437 4922 quibusdem
1458 4842 1583 4906 direxit.
1694 4845 1789 4921 1229,
1810 4843 1906 4908 Febr.
1930 4846 1972 4907 18
1981 4845 2003 4910 ⁵.

548 4997 725 5004 -u———-——
1770 5005 1772 5008 Ι

544 5098 566 5162 ·)
576 5067 711 5161 ¹lacerasque
728 5112 759 5146 ea
776 5095 871 5161 narn„
887 5113 952 5162 quae
969 5108 1108 5163 sequanae
1124 5117 1156 5151 ee
1179 5099 1248 5152 Vast.

542 5234 569 5301 1)
586 5233 624 5302 cf.
642 5230 841 5294 winkelmann,
860 5231 877 5285 l.
896 5247 918 5286 c.
935 5251 963 5301 p.
983 5237 1043 5288 316.
1096 5235 1123 5302 2)
1134 5235 1172 5302 ¹in
1184 5236 1340 5305 Hispanico
1358 5237 1395 5304 cf.
1409 5237 1633 5307 Rayn.c.1229‚
1651 5243 1729 5306 §573
1748 5238 1797 5293 sed
1815 5257 1871 5308 qua
1888 5239 1921 5293 <le
1937 5257 1968 5294 rc
1986 5246 2090 5310 apator

437 5319 538 5374 neseio.
625 5318 651 5376 at
670 5334 711 5386 ep.
730 5320 775 5381 82,
794 5320 841 5380 83,
862 5321 897 5371 &l
916 5319 1035 5374 eiusdem
1053 5321 1119 5374 libri
1136 5323 1174 5377 ad
1191 5322 1304 5376 cundem
1322 5324 1473 5377 Iohannem
1491 5323 1612 5378 attractae
1629 5331 1704 5388 sunt,
1723 5325 1949 5394 quarmnprinm
1966 5325 2035 5380 data
2052 5329 2091 5380 eat

442 5405 522 5458 VIII
538 5404 581 5457 Id.
601 5403 682 5458 Febr.
701 5403 791 5474 Ruyn.
810 5403 826 5456 l.
845 5422 865 5458 e.
953 5406 981 5474 4)
1002 5405 1134 5475 Capitale
1156 5410 1212 5462 iata
1235 5425 1291 5462 noa
1314 5410 1475 5464 casstatim
1494 5415 1607 5479 trasmae
1625 5414 1728 5464 textum
1746 5418 1832 5466 motat
1849 5414 1909 5481 ipsc
1922 5413 2090 5482 patriarcba
2142 5424 2166 5461 ³⁵

437 5493 481 5560 [a.
502 5493 586 5561 3atJ:
609 5490 737 5544 Vidimus
754 5491 784 5544 in
803 5507 835 5544 eo
853 5491 927 5545 inter
945 5496 1037 5547 cetera
1055 5495 1174 5562 quedam
1198 5495 1339 5549 mirabilia
1362 5495 1511 5563 contineri,
1536 5513 1591 5564 que
1612 5495 1758 5550 sanctitati
1776 5498 1867 5550 vestre
1890 5496 1925 5550 de
1948 5498 2032 5552 verbo
2053 5499 2089 5552 ad

436 5577 551 5632 verbum
569 5577 699 5632 duximus
717 5578 940 5632 transmittenda.
979 5578 1022 5648 Os.
1041 5581 1254 5646 &biremem
1272 5582 1377 5637 Kaisar
1395 5581 1490 5636 lv'ricd.
1509 5585 1550 5651 ΙΙ,
1569 5585 1587 5636 t.
1609 5585 1650 5648 ΙΙ,
1664 5600 1696 5652 p.
1715 5587 1775 5636 197.
1846 5585 1873 5650 5)
1892 5587 1958 5638 note
1975 5584 2090 5638 ebroac-

435 5664 524 5734 topiee
542 5681 576 5719 ea
592 5681 619 5721 a.
639 5668 702 5720 382.
1505 5705 1509 5710 -
