4576 6390
763 426 962 483 EPISTOLAE
980 427 1169 483 SELEOTAE.
1205 429 1281 484 1233.

696 714 705 729 .
734 713 742 730 .
771 658 1023 749 patriarche
1050 657 1351 750 Aquilegensi.

303 807 374 882 Qua
408 807 507 872 fuerit
537 805 666 870 insania
694 807 809 892 quisve
841 807 932 872 furor
961 808 1128 872 exstiterit
1157 807 1352 893 iniquissimi
1382 807 1520 873 Hauriei
1546 807 1586 874 de
1615 807 1850 876 Winkenstein

194 919 249 975 tue
280 911 438 990 dionesie,
472 910 527 995 qui
554 909 778 974 venerabilem
807 910 941 975 fratrem
972 917 1120 975 nostrum
1150 961 1158 976 .
1183 960 1190 974 .
1213 911 1525 996 Pabenbergensem
1555 911 1745 999 episcopum
1774 935 1850 1000 pro-

196 1015 313 1079 ditorie
338 1014 470 1100 capiens
495 1014 650 1078 carcerali
673 1012 815 1078 detinuit
837 1014 1007 1080 custodie*
1028 1016 1265 1101 mancipatum,
1298 1015 1402 1080 donec
1425 1021 1559 1079 coactus
1582 1015 1721 1080 divorsis
1745 1017 1848 1081 cauti-

128 1138 140 1174 τ»
194 1119 310 1183 onibus
348 1139 407 1205 pro
444 1117 601 1182 solvenda
633 1119 696 1183 sibi
732 1124 822 1182 certa
855 1118 993 1204 pecunie
1025 1119 1224 1204 quantitate,
1257 1118 1364 1183 diruto
1403 1118 1542 1204 quodam
1581 1125 1688 1183 castro
1717 1119 1848 1183 Paben-

192 1221 364 1308 bergensis
381 1221 532 1300 ecclesie,
557 1242 614 1284 sue
630 1220 776 1305 nequitie
794 1220 962 1300 satisfecit,
986 1241 1051 1284 non
1069 1229 1158 1285 esset
1181 1221 1277 1286 facile
1294 1242 1484 1295 recensere;
1509 1222 1601 1285 cuius
1618 1223 1847 1286 enormitatem

192 1327 327 1392 sceleris
350 1325 416 1389 iam
444 1325 541 1389 latius
566 1324 765 1409 divulgatam
789 1324 848 1388 tibi
871 1324 905 1388 in
932 1324 1039 1388 vicino
1063 1325 1171 1410 posito
1195 1323 1359 1388 credimus
1383 1345 1458 1388 csse
1481 1330 1603 1389 notam.
1647 1323 1717 1388 Nos
1739 1331 1849 1389 autem

191 1428 419 1514 indempnitati
441 1427 731 1512 Pabenbergensis
755 1427 907 1508 ecclesie,
932 1448 994 1512 que
1019 1426 1107 1492 sedis
1131 1434 1182 1492 est
1203 1427 1384 1513 apostolice
1409 1428 1572 1513 specialis,
1597 1433 1754 1512 quantum
1776 1449 1849 1493 cum

191 1532 264 1596 Deo
287 1552 474 1618 possumus,
498 1536 724 1617 precaventes,
748 1537 781 1594 te
804 1531 845 1594 ab
869 1531 957 1594 omni
972 1530 1100 1595 vinculo
1121 1529 1297 1594 iuramenti
1314 1530 1451 1615 aliisque
1475 1530 1680 1595 cautionibus
1702 1531 1849 1616 prestitis

116 1659 141 1694 m
193 1637 357 1720 flagitioso
380 1634 545 1721 predicto,
577 1633 728 1719 quatinus
759 1635 793 1698 in
821 1634 884 1698 hiis
909 1635 1050 1698 ecclesia
1073 1634 1145 1720 ipsa
1167 1633 1306 1713 leditur,
1341 1635 1528 1698 nuntiamus
1552 1634 1746 1699 auctoritate
1769 1655 1848 1719 apo·

193 1740 309 1804 stolica
331 1739 518 1803 absolutum
541 1745 575 1802 ot
598 1736 639 1800 ad
660 1759 771 1801 carum
795 1738 1039 1802 observantiam
1061 1758 1127 1801 non
1151 1739 1266 1804 tenori.
1341 1737 1350 1747 “

299 1857 376 1923 Dat.
398 1858 552 1924 Lateran.
575 1857 642 1921 VII
665 1857 739 1921 Kal.
763 1858 850 1935 Iulii,
873 1878 959 1922 anno
983 1857 1134 1942 septimo.

978 2427 1064 2501 544.

298 2538 488 2648 Greqortus
510 2567 566 2630 IX
581 2588 670 2648 papa
690 2567 894 2652 [Eberltardo
915 2567 975 2652 ΙΙ]
997 2567 1227 2648 archiepiscopo
1249 2569 1486 2652 salisburgensi
1506 2571 1646 2647 madet,
1669 2575 1706 2636 ut
1725 2571 1848 2657 [Rudi-

188 2670 314 2753 parunt]
335 2670 509 2749 emscopum
534 2669 740 2734 Obicmcnscm
762 2671 807 2734 ud
827 2670 1047 2735 Potacdcascm
1069 2671 1225 2735 coelestum
1248 2671 1433 2756 transferat.
1482 2673 1530 2753 Of.
1553 2692 1587 2736 a.
1610 2677 1683 2738 480.

114 2811 137 2846 a
1494 2778 1588 2854 1233,
1612 2777 1685 2842 Iun.
1707 2781 1760 2842 27.

293 2855 375 2928 (ἔτερ.
394 2858 444 2911 ΙΧ
461 2857 528 2925 ch.
549 2857 608 2912 Vol.
626 2857 679 2921 IV,
700 2861 749 2924 66‚·
768 2857 830 2911 Lib.
853 2857 921 2921 VII,
940 2861 1002 2912 226.
1377 2879 1379 2886 ’

637 3128 645 3144 .
676 3127 684 3143 .
713 3070 1047 3163 archiepiscopo
1075 3071 1399 3164 Salzburgensi.

295 3224 398 3287 Multa
423 3222 659 3308 compassionis
682 3222 834 3301 affectus,
866 3242 963 3307 quam
993 3221 1087 3286 iuxta
1116 3220 1262 3286 debitum
1293 3221 1393 3285 officii
1422 3226 1595 3310 pastoralis
1623 3227 1783 3293 habemus
1806 3227 1847 3293 ad

188 3327 420 3390 Pataviensem
453 3327 641 3406 ecclesiam,
675 3325 715 3390 de
745 3325 925 3390 innumeris
955 3323 1053 3389 tediis
1083 3332 1117 3389 et
1147 3325 1308 3410 angustiis
1339 3325 1380 3389 ad
1411 3348 1472 3392 nos
1501 3329 1572 3394 sine
1603 3331 1845 3396 intermissione

110 3451 137 3489 no
189 3431 400 3506 clamantem,
425 3450 487 3515 quo
511 3429 627 3492 maiori
649 3430 849 3493 necessitate
874 3428 1126 3513 constringitur,
1155 3450 1196 3493 eo
1220 3429 1335 3493 fortius
1358 3430 1502 3514 cogitare
1526 3453 1585 3496 nos
1608 3435 1781 3521 compulit,
1805 3433 1846 3500 de

187 3552 251 3616 quo
275 3531 339 3595 sibi
361 3553 532 3618 possemus
555 3532 589 3594 in
614 3537 782 3617 pastorem
803 3532 930 3596 utiliter
951 3530 1143 3617 providere,
1167 3532 1309 3597 maxime
1334 3553 1406 3596 cum
1430 3536 1579 3600 canonici
1603 3537 1768 3614 eiusdem,
1791 3537 1847 3622 qui

187 3655 247 3719 pro
271 3656 306 3699 se
330 3655 368 3699 ac
390 3635 465 3698 aliis
488 3633 529 3697 ad
553 3642 699 3698 nostram
714 3634 916 3719 presentiam
933 3634 1064 3698 fuerant
1088 3634 1255 3715 destinati,
1278 3635 1312 3698 in
1334 3657 1432 3700 unam
1448 3659 1623 3723 personam
1639 3640 1847 3724 nequiverint

187 3738 373 3803 convenire.
419 3736 567 3822 Cumque
583 3758 703 3802 nomen
719 3737 916 3801 venerabilis
939 3737 1048 3802 fratris
1067 3739 1170 3802 nostri
1188 3786 1195 3800 .
1211 3786 1218 3801 .
1236 3739 1383 3827 episcopi
1401 3737 1608 3806 Ohiemensis
1624 3742 1848 3808 favorabiliter

186 3840 335 3905 venisset
361 3840 394 3903 in
425 3839 587 3920 medium,
617 3861 742 3925 nosque
773 3839 900 3904 odorati
929 3840 1106 3906 fuissemus
1137 3862 1270 3906 suavem
1302 3864 1361 3907 sue
1386 3843 1548 3929 opinionis
1572 3844 1718 3926 odorem,
1749 3846 1784 3909 in
1807 3866 1846 3909 eo

187 3943 282 4007 nobis
317 3943 527 4029 complacuit,
562 3943 654 4027 quasi
689 3950 801 4029 presto
833 3943 931 4008 fuerit
966 3943 998 4007 in
1030 3964 1171 4030 persona
1207 3966 1266 4009 sua
1302 3946 1444 4011 ecclesie
1478 3946 1639 4033 indigenti
1673 3947 1845 4012 consilium

149 4121 151 4126 Ι
188 4046 340 4110 salutare.
385 4045 437 4111 De
467 4045 603 4109 fratrum
636 4066 714 4130 ergo
744 4053 930 4111 nostrorum
960 4047 1097 4111 consilio
1130 4067 1173 4111 ex
1204 4047 1311 4112 officio
1341 4056 1454 4113 nostro
1486 4049 1526 4114 de
1556 4049 1643 4115 dicto
1672 4049 1846 4117 Kiemensi

186 4148 397 4234 providentes
427 4149 460 4214 in
489 4149 681 4235 episcopum
709 4150 848 4214 ecclesie
877 4157 1073 4231 memorate,
1102 4171 1144 4215 ne
1175 4149 1300 4237 ipsiusb
1328 4150 1477 4218 desolate
1501 4153 1685 4219 videremur
1715 4155 1845 4220 miseri-

187 4252 330 4315 cordiam
353 4252 534 4338 denegare,
565 4252 776 4334 mandamus,
800 4255 953 4339 quatinus
977 4275 1051 4319 eum
1075 4275 1095 4318 a
1117 4275 1195 4318 cura
1218 4254 1405 4320 Chimensis
1429 4257 1571 4322 ecclesie
1594 4257 1780 4323 absolutum
1805 4257 1846 4322 ad

187 4356 363 4419 ecclesiam
386 4356 564 4422 transferas
589 4356 826 4444 supradictam,
857 4358 1040 4444 spiritualia
1070 4358 1134 4422 sibi
1158 4357 1305 4423 eiusdem
1328 4365 1362 4424 et
1383 4360 1578 4446 temporalia
1601 4361 1845 4430 committendo.

296 4475 373 4540 Dat.
396 4476 550 4543 Lateran.
573 4478 604 4542 V
626 4477 703 4543 Kal.
725 4477 812 4560 Iulii,
836 4499 921 4543 anno
945 4480 1097 4564 septimo.

815 4775 1224 4784 --.--—-—-·-—-—---.———-

976 5053 1063 5130 545.

294 5161 484 5276 &repostus
506 5192 563 5257 IX
579 5213 666 5274 papa
687 5191 884 5280 [Rudipcro]
912 5195 1051 5277 episcopo
1077 5195 1252 5262 Cbicmcnsi
1279 5195 1360 5261 idem
1386 5195 1494 5262 scribit
1518 5193 1620 5260 vebis
1646 5199 1847 5277 competenter

185 5295 323 5375 mutetis,
346 5296 505 5361 mandans
526 5301 563 5360 at
583 5318 691 5362 curam
714 5297 916 5363 Patacicasia
937 5299 1080 5364 ccclesiae
1101 5300 1262 5380 suscipiat.
1494 5301 1588 5378 1233,
1609 5297 1684 5363 lua.
1706 5301 1759 5363 27.

289 5414 372 5484 Grep.
391 5415 441 5469 IX
457 5415 526 5484 Rau.
547 5414 606 5470 Vol.
623 5416 644 5469 1
649 5416 678 5484 V,
697 5420 749 5484 66,·
767 5417 828 5472 Lib.
850 5416 920 5487 VII,
938 5423 1003 5474 227.

291 5575 591 5583 -η--ᾞ--ψ--ι-
607 5577 722 5583 -————
736 5579 811 5584 .-...-
826 5579 884 5584 -...--
898 5581 912 5584 -
946 5581 985 5585 ..-
1038 5581 1057 5584 -
1071 5581 1075 5584 .
1101 5578 1731 5586 .-—.-.-.....-...-—..———.--...—-.—-——

291 5693 314 5760 ¹)
332 5696 448 5748 custodia
465 5696 498 5748 B.
588 5696 610 5761 Ι’)
629 5698 675 5765 leq.
694 5698 750 5765 ipsi.

288 5791 350 5844 Bru.
368 5792 447 5844 Pom,
467 5793 486 5843 1.
1605 5789 1639 5843 56
