4604 6420
426 401 488 463 388
1009 397 1056 450 EX
1075 395 1248 451 GREGOllll
1267 397 1305 450 IX
1325 397 1503 450 ltEGlS'l'RO

427 570 569 637 ecclesie
594 577 627 636 et
649 570 728 650 tuis,
760 569 862 634 frater
884 569 1054 656 episcope,
1084 571 1251 635 humiliter
1280 569 1455 656 parituros.
1500 567 1592 633 Unus
1621 590 1750 654 quoque
1774 571 1854 636 civis
1878 570 2081 656 Tybnrtinus

425 675 460 739 in
483 674 654 739 animabus
677 673 816 760 predicti
839 674 954 759 populi
978 673 1138 738 mandatis
1162 673 1301 738 ecclesie
1325 680 1412 737 stare
1436 671 1566 737 iurabit.
1605 672 1656 737 Tu
1678 694 1767 754 vero,
1790 673 1891 739 lhater
1914 674 2080 761 episcope,

426 779 489 843 hiis
524 777 674 843 omnibus
716 777 777 841 rite
812 775 988 862 perfectis,
1025 785 1058 842 et
1092 777 1158 841 illis
1193 797 1255 861 qua
1289 775 1382 840 vobis
1419 782 1453 840 et
1486 775 1636 840 ccelesiis
1675 775 1787 840 ablata
1820 784 1898 842 sunt
1930 778 2079 864 plenarie

426 881 604 960 restitutis,
635 902 673 946 ac
695 879 835 966 prestita
856 879 950 944 vobis
980 900 1123 964 congrua
1155 878 1379 943 satisfactione
1410 878 1619 958 damnorum,
1648 878 1815 944 interdicti
1839 881 2079 945 sententiama

426 992 459 1050 te
482 985 515 1048 in
539 984 671 1050 civitate
694 982 842 1070 predicta
874 984 1113 1069 promulgatam
1144 982 1318 1047 occasione
1349 980 1536 1046 huiusmodi
1565 981 1748 1062 relaxabis,
1776 983 2077 1048 excommunicatas

425 1087 518 1152 iuxta
547 1086 687 1152 ecclesie
716 1086 854 1152 formam
885 1087 1054 1176 absolves,
1087 1093 1120 1150 et
1150 1084 1320 1149 revocabis
1349 1085 1487 1149 elericos
1516 1084 1570 1170 qui
1602 1083 1642 1149 de
1673 1084 1825 1151 mandato
1854 1093 1910 1151 tuo
1940 1086 2079 1152 eandem

425 1191 576 1255 exierant
601 1190 782 1255 civitatem.
834 1189 886 1254 De
915 1191 1021 1274 gratia
1050 1209 1177 1274 quoque
1208 1209 1246 1252 ac
1275 1187 1412 1273 speciali
1441 1187 1593 1251 mandato
1622 1194 1734 1253 nostro
1764 1210 1837 1269 vos,
1867 1189 1926 1254 filii
1956 1191 2078 1270 clerici,

426 1293 606 1358 exsolvetis
636 1299 764 1358 sextam
792 1300 920 1380 partem
949 1293 1079 1357 illorum
1106 1290 1331 1356 tautummodo
1362 1290 1562 1372 debitorum,
1590 1311 1654 1375 que
1678 1297 1844 1357 eontracta
1866 1293 1997 1359 luerunt
2019 1314 2079 1380 per

425 1395 551 1482 priores
575 1403 609 1462 et
631 1396 844 1477 vestararios,
873 1397 929 1482 qui
951 1417 971 1459 a
993 1396 1086 1460 vobis
1109 1395 1239 1460 fueraut
1262 1394 1441 1460 constituti.
1489 1393 1563 1468 Qua
1594 1399 1687 1480 parte
1719 1396 1841 1475 soluta,
1869 1397 2019 1461 volumus
2041 1405 2078 1462 ut

425 1521 484 1568 vos
508 1505 542 1565 et
564 1500 706 1566 ecclesie
730 1501 787 1565 illa
808 1500 961 1565 libertate
984 1500 1018 1563 in
1041 1506 1209 1585 posterum
1230 1498 1413 1583 gaudeatis,
1437 1519 1500 1582 que
1523 1499 1557 1560 iu
1580 1497 1712 1562 statutis
1736 1499 1928 1585 exprimitur
1947 1500 2077 1565 concilii

425 1604 600 1687 generalis.
656 1603 703 1668 Ut
733 1603 833 1688 igitur
860 1625 923 1689 que
953 1625 972 1667 a
1000 1603 1094 1667 nobis
1128 1603 1260 1688 provisa
1291 1608 1384 1682 sunt,
1417 1601 1563 1666 debitum
1595 1601 1772 1666 sortiantur
1802 1603 1972 1684 effectum,
2003 1605 2077 1670 uni·

426 1705 616 1771 versitatem
637 1713 779 1772 vestram
802 1728 970 1772 monemus
994 1713 1027 1772 ct
1050 1707 1217 1771 hortamur
1238 1711 1375 1786 attente,
1398 1727 1458 1792 per
1480 1704 1661 1791 apostolica
1683 1705 1776 1771 vobis
1799 1706 1920 1792 scripta
1941 1707 2079 1772 firmiter

426 1808 637 1894 precipiendo
661 1809 869 1888 mandantes,
894 1811 1045 1894 quatinus
1069 1810 1230 1895 premissa
1253 1810 1363 1873 omnia
1384 1809 1583 1873 unanimiter
1604 1815 1830 1895 acceptantes,
1854 1831 1917 1894 que
1940 1831 1959 1875 a
1984 1810 2078 1875 vobis

426 1910 604 1996 prestanda
625 1919 714 1994 sunt,
743 1912 902 1978 studeatis
934 1913 1005 1977 sine
1028 1911 1221 1976 difficultate
1246 1912 1392 1997 qualibet
1422 1911 1591 1976 exhibere.
1635 1909 1673 1975 In
1696 1912 1817 1977 virtute
1841 1933 1969 1999 quoque
1998 1911 2077 1978 obe-

426 2011 549 2080 dientie
572 2036 611 2080 ae
634 2015 694 2080 sub
726 2037 811 2102 pena
834 2016 1060 2102 suspensionis
1083 2015 1176 2079 vobis
1200 2012 1380 2079 districtius
1404 2014 1603 2096 inhibemus,
1634 2035 1675 2080 ne
1699 2014 1739 2081 de
1771 2023 1882 2082 cetero
1912 2018 1945 2080 in
1974 2017 2076 2081 talliis

426 2123 460 2180 et
482 2119 628 2184 collectis
651 2119 858 2185 contribuere
880 2118 1077 2204 presumatis
1100 2118 1225 2203 absque
1248 2116 1336 2183 sedis
1362 2119 1543 2204 apostolice
1567 2119 1699 2184 licentia
1722 2119 1869 2204 speciali.

532 2236 620 2302 Data
641 2238 803 2325 Anagnie,
826 2237 901 2304 Kal.
926 2239 1017 2326 Sept.
1041 2260 1126 2304 anno
1150 2245 1255 2303 sexto.

1206 2793 1295 2866 489.

530 2921 720 3030 (sinoponus
747 2947 803 3012 IX
825 2967 913 3029 rrapa
937 2948 1043 3028 priori
1071 2951 1100 3011 ct
1121 2947 1287 3032 fratribus
1315 2948 1572 3014 lbacdicatornnr
1600 2951 1752 3016 Arsaniae
1780 2953 1926 3032 mandat,
1955 2957 1992 3018 ιιι
2018 2975 2077 3032 aas,

426 3051 481 3130 qni
504 3050 687 3115 innaturali
706 3051 782 3114 vitio
800 3049 868 3115 Dec
889 3051 1015 3132 snisqnc
1035 3051 1181 3132 fidelitas
1203 3053 1330 3116 inimico
1350 3053 1501 3117 ιιιαιιιιιιιι
1522 3055 1596 3132 sint,
1618 3055 1908 3119 concremationibus
1930 3061 2077 3134 terreant,

425 3156 461 3214 ιιι
483 3153 678 3234 resipiscant.
1734 3161 1827 3236 1232,
1850 3159 1935 3240 Sept.
1958 3164 1988 3225 3.

531 3272 613 3342 Grec.
628 3273 678 3328 IX
696 3273 764 3342 Rea.
786 3272 844 3328 Vol.
862 3274 925 3345 III,
945 3277 996 3341 33,·
1015 3274 1077 3328 Lib.
1101 3275 1148 3344 VI,
1168 3280 1212 3329 78.

529 3360 666 3430 Ριιιιιαιι,
684 3359 754 3430 ch.
773 3364 856 3416 8995.

674 3630 683 3648 .
713 3574 887 3667 ‚priori
918 3579 959 3648 et
993 3574 1201 3648 fratribus
1230 3575 1399 3662 ‚ordinis
1425 3577 1751 3652 Prodicstorum
1781 3579 1823 3652 in

1015 3695 1193 3768 Austris
1223 3696 1482 3770 constitutis

531 3839 638 3926 Regio
661 3841 846 3909 Theutonie
876 3843 909 3907 in
933 3843 1088 3909 virtutum
1110 3845 1330 3931 preminentia
1351 3846 1430 3910 olim
1452 3847 1611 3912 extimata
1633 3848 1765 3933 regina,
1795 3850 1872 3935 quia
1893 3850 2073 3917 incedendo

423 3943 476 4008 via
499 3945 591 4031 regia
615 3951 648 4010 et
670 3948 838 4032 religionis
863 3969 944 4034 opus
967 3969 1005 4012 ac
1028 3949 1232 4016 rectitudinis
1256 3949 1474 4036 amplexando
1497 3972 1609 4036 regern
1632 3973 1757 4036 regum,
1781 3952 1947 4019 dominum
1963 3955 2075 4020 Iesum

423 4044 602 4128 Christum,
624 4051 766 4136 puritate
790 4052 866 4117 lidei
890 4058 923 4117 et
947 4059 1061 4118 sancte
1078 4053 1223 4118 caritatis
1245 4055 1399 4140 operibus
1415 4056 1641 4142 multipliciter
1654 4056 1846 4140 honorabat,
1869 4080 1966 4142 nunc,
1989 4061 2075 4125 sicut

422 4146 572 4216 dolentes
600 4152 783 4219 audivimus
807 4161 841 4220 et
863 4162 1035 4241 gementes
1062 4156 1253 4238 referimus,
1283 4158 1458 4223 innaturali
1480 4159 1560 4224 vitio
1584 4158 1657 4225 Deo
1687 4160 1818 4247 suisque
1846 4161 2000 4228 fidelibus
2022 4163 2074 4227 in-

422 4251 599 4320 effabiliter
620 4256 751 4323 inimico
774 4259 919 4344 peccatis
943 4259 1153 4345 exigentibus
1176 4261 1223 4325 ita
1244 4260 1279 4324 in
1303 4261 1496 4346 quibusdam
1519 4262 1678 4347 partibus,
1702 4269 1735 4328 et
1750 4263 1885 4329 Austris
1906 4266 2074 4352 precipue,

422 4357 584 4421 maculata
606 4357 733 4441 dicitur,
757 4359 843 4446 quod
867 4361 961 4446 quasi
982 4361 1075 4448 lepre
1098 4363 1233 4448 perfusa
1255 4363 1456 4450 turpitudine
1480 4371 1662 4450 reputatur.
1708 4366 1832 4432 Verum
1856 4368 1932 4454 quia
1954 4366 2072 4433 sorda³

422 4463 489 4521 tam
519 4459 667 4526 horribili
696 4465 798 4529 vestri
826 4465 947 4530 virtute
976 4467 1137 4532 sermonis
1169 4475 1301 4533 auctore
1331 4467 1404 4533 Deo
1437 4469 1599 4553 sagaciter
1631 4470 1795 4555 expianda
1825 4472 1919 4537 vobis
1950 4474 2074 4560 scripta

423 4568 535 4626 nostra
558 4562 739 4631 direximus
757 4567 968 4651 confidenter,
991 4571 1239 4635 universitatem
1254 4576 1396 4635 vestram
1418 4591 1570 4657 rogamus
1594 4579 1628 4638 et
1651 4574 1862 4641 obsecramus
1885 4576 1919 4640 in
1941 4575 2073 4642 domino

423 4663 500 4730 lesu
524 4665 674 4751 Christo,
704 4690 763 4755 per
785 4673 966 4756 apostolica
989 4673 1083 4738 vohis
1106 4675 1228 4759 scripta
1251 4673 1461 4755 mandantes,
1485 4676 1636 4760 quatinus
1660 4677 1751 4758 illos,
1780 4679 1835 4764 qui
1857 4677 1964 4744 noxab
1988 4679 2073 4745 labis

313 4774 491 4840 suentem
518 4770 674 4855 pestifere
705 4771 909 4855 laborantes,
940 4780 977 4841 ut
1006 4775 1149 4840 Sodoma
1177 4782 1314 4862 peccata
1342 4798 1401 4842 sua
1430 4777 1600 4864 predicent
1629 4801 1690 4845 nec
1718 4781 1949 4862 abscondant0,
1979 4784 2073 4868 quasi

420 4871 505 4936 viam
531 4873 598 4938 vite
620 4895 685 4940 non
708 4873 858 4960 videant,
882 4899 944 4944 nec
967 4877 1104 4942 verbum
1127 4878 1242 4942 salutis
1265 4877 1398 4943 audiant
1421 4880 1567 4946 obvoluti
1589 4883 1735 4949 tenebris
1757 4891 1984 4971 peccatomm,
2007 4887 2071 4951 uisi

420 4976 540 5040 vestris
563 4979 761 5045 salutaribus
791 4982 926 5048 monitis
950 4980 1069 5047 eruditi
1099 4981 1294 5068 resipiscere
1319 4985 1520 5065 curaverint,
1550 4985 1591 5049 ab
1619 4986 1805 5052 huiusmodi
1826 4990 2071 5076 perpetratione

420 5078 574 5146 facinoris
599 5085 729 5150 omniuo
757 5085 964 5152 detestabilis
996 5091 1030 5152 et
1060 5087 1162 5170 iniqui
1192 5087 1281 5172 ipsos
1310 5088 1615 5153 comminationibus
1646 5091 1771 5177 asperis
1801 5097 1912 5156 nostro
1939 5094 2070 5157 nomine

419 5184 582 5266 terreatis,
605 5188 679 5252 viva
696 5210 777 5254 voce
801 5189 950 5254 dicentes
972 5189 1061 5274 quod·
1081 5190 1176 5254 nobis
1199 5189 1240 5256 de
1263 5189 1416 5256 mandato
1440 5198 1550 5257 nostro
1574 5192 1607 5257 in
1632 5195 1762 5280 seriptis
1783 5215 1897 5259 eorum
1912 5217 2071 5283 expressa

418 5286 550 5351 uomina
578 5292 823 5368 transmittetis,
858 5298 895 5356 ut
921 5292 954 5355 in
982 5293 1070 5379 ipsos
1102 5295 1193 5358 velat
1220 5294 1254 5357 in
1284 5292 1440 5358 Crucifixi
1468 5294 1610 5381 perfidos
1639 5295 1788 5362 inimicos
1819 5303 1853 5362 et
1884 5297 2070 5363 Christiane

418 5389 494 5455 fidei
523 5398 765 5478 contemptores
798 5394 932 5459 ultionis
962 5396 1188 5462 ecclesiastice
1215 5394 1361 5482 gladium
1390 5419 1580 5478 exeramus,
1613 5405 1647 5463 et
1677 5400 1834 5465 iaciamus
1865 5402 1999 5468 eosdem
2028 5402 2069 5466 ab
2122 5425 2151 5464 ro

522 5689 544 5756 ⁸)
563 5707 599 5740 aa
616 5705 662 5757 pro
680 5689 770 5740 eorda?
852 5685 875 5754 b)
894 5689 1011 5742 noxali.
1094 5691 1345 5758 ⁰)absconduat1i.
