4538 6426
746 301 945 368 anatome
963 299 1152 368 SEDECTAE.
1189 303 1264 368 1218.
1792 309 1834 384 37

178 487 233 549 tue
262 477 405 550 diocesis
436 481 630 552 auctoritate
657 494 769 552 nostra
799 483 996 551 beneficium
1032 482 1231 572 prebendale
1266 483 1416 554 conferas
1446 494 1479 555 et
1508 485 1672 576 assignes,
1707 497 1835 557 contra·

180 587 331 670 dictores,
355 591 383 654 si
406 591 460 676 qui
483 590 614 671 fuerint,
637 591 690 654 vel
706 590 847 655 rebelles
863 611 923 675 per
939 611 1110 655 censuram
1127 591 1386 656 ecclesiasticam
1408 593 1629 679 appellatione
1647 595 1835 681 postposita

182 694 428 779 compescendo.
474 693 598 758 Taliter
620 695 720 778 igitur
743 694 775 757 id
799 694 883 779 quod
908 715 927 757 a
949 701 982 758 te
1004 696 1147 780 petimus
1172 694 1363 780 superdicti
1379 696 1566 782 provisione
1583 698 1732 782 magistri
1749 719 1835 762 com-

181 797 271 882 pleas
294 819 354 883 per
377 798 547 878 ellectum,
579 796 665 881 quod
694 818 769 876 uos,
799 798 916 882 quibus
944 806 1071 882 gratum
1101 805 1152 862 est
1174 799 1348 884 plurimum
1373 806 1406 864 et
1428 805 1610 884 acceptum,
1639 820 1712 863 curn
1734 800 1835 865 bene-

116 925 128 958 s
180 900 304 963 meritis
327 901 452 965 fructus
475 901 572 986 digne
595 900 820 964 retributionis
843 900 1050 986 impenditur,
1078 901 1285 966 devotionem
1304 909 1391 966 tuam
1414 925 1457 968 ex
1474 925 1513 968 ao
1530 903 1693 988 possimus
1718 906 1835 968 merito

180 1002 417 1068 commendare.

243 1129 246 1134 ·
286 1107 360 1170 Dat.
382 1107 536 1172 Lateran.
558 1106 591 1170 X
612 1105 686 1171 Kal.
709 1106 829 1187 Martii,
853 1127 937 1171 anno
962 1104 1116 1170 seeundo.

979 1591 1042 1664 49.

287 1705 476 1798 Honorius
515 1731 582 1797 111
615 1751 702 1812 papa
736 1729 901 1814 [Albcrto]
941 1730 1169 1810 archiepiscopo
1212 1730 1479 1816 Mogdclurgcasi
1521 1741 1549 1800 cl
1590 1738 1740 1819 episcopis
1783 1760 1840 1819 per

181 1837 480 1920 Maydcburqensem
511 1834 708 1915 provinciam
747 1833 922 1895 constitutis
953 1833 1099 1910 utamini,
1143 1838 1179 1896 al
1216 1836 1392 1899 vicesimam
1428 1837 1472 1900 ad
1510 1840 1683 1904 subsellium
1723 1840 1839 1907 Terrae

116 1977 129 2008 o
182 1941 319 2005 Savrelae
340 1938 557 2019 conferendum
578 1935 814 2017 diligentissime
835 1935 992 2016 colligant.
1469 1943 1562 2020 1218,
1584 1943 1678 2010 Febr.
1700 1945 1753 2006 23.

288 2058 362 2111 Hom.
381 2057 439 2110 ΙΙΙ
453 2056 520 2126 aeq.
545 2055 601 2108 Vol.
620 2055 645 2118 1,
663 2057 732 2118 227,·
751 2051 812 2106 Lib.
833 2054 876 2118 ΙΙ,
897 2056 958 2107 925,

184 2285 527 2377 archiepiscopo
564 2284 935 2376 Magdeburgensi
972 2289 1014 2357 et
1050 2285 1276 2374 episeopis
1310 2305 1387 2375 per
1416 2286 1840 2380 Magdeburgensem

723 2405 1003 2496 provinciam
1030 2404 1300 2477 constitutis

294 2553 508 2640 Approbante
542 2553 688 2638 generali
725 2554 863 2618 concilio
898 2553 1009 2617 extitit
1040 2553 1239 2631 ordinatum,
1273 2559 1310 2616 ut
1332 2573 1446 2617 omnes
1470 2554 1595 2636 elerici,
1623 2563 1689 2620 tam
1718 2558 1840 2622 subditi

119 2684 130 2718 a
182 2679 279 2742 quam
302 2657 431 2743 prelati,
453 2657 644 2722 vicesimam
665 2658 963 2721 ecclesiasticorum
984 2664 1200 2742 proventuum
1222 2678 1328 2742 usque
1352 2657 1393 2722 ad
1414 2659 1589 2722 triennium
1612 2660 1739 2745 integre
1764 2681 1841 2724 eon·
1870 2693 1875 2702 ·

183 2761 290 2824 serant
325 2761 358 2824 in
393 2759 574 2824 subsidium
602 2759 703 2823 Terre
729 2758 864 2836 Sancte,
899 2760 1094 2844 quibusdam
1128 2761 1298 2824 dumtaxat
1330 2761 1495 2845 religiosis
1530 2764 1679 2848 exeeptis
1709 2763 1750 2828 ab
1778 2764 1840 2828 hae

181 2863 384 2948 prestatione
401 2863 515 2927 merito
533 2860 726 2940 eximendis,
750 2868 783 2925 et
805 2862 868 2924 hiis
892 2863 1038 2946 quisunt
1060 2864 1137 2928 illuc
1154 2864 1371 2948 personaliter
1387 2863 1576 2949 profecturi.
1623 2865 1718 2930 Licet
1733 2872 1843 2929 autem

185 2988 283 3052 super
305 2965 401 3030 modo
424 2965 604 3030 ferendine
622 2964 837 3028 distribuendi
853 2965 1043 3030 vicesimam
1060 2967 1164 3052 ipsam
1182 2968 1273 3032 vobis
1290 2973 1322 3032 et
1336 2968 1409 3031 aliis
1427 2967 1682 3054 archiepiscopis
1699 2990 1736 3033 ac
1753 2970 1841 3054 epis-

185 3070 276 3155 copis
299 3069 419 3134 dudum
441 3069 657 3134 direxerimus
682 3069 803 3154 scripta
834 3075 957 3148 nostra,
991 3069 1209 3134 referentibus
1244 3077 1353 3134 tamen
1386 3070 1497 3134 multis
1526 3070 1719 3151 audivimus,
1755 3071 1841 3157 quod

109 3197 134 3232 ro
187 3173 303 3236 eadem
326 3193 485 3256 nusquam
508 3179 560 3236 est
583 3171 652 3235 fere
676 3172 824 3236 collecta.
881 3171 977 3237 Unde
1014 3195 1113 3259 super
1141 3173 1316 3260 prudentia
1343 3179 1453 3238 vestra
1479 3193 1545 3238 non
1572 3194 1745 3260 possumus
1778 3195 1843 3239 non

185 3277 305 3356 mirari,
328 3275 414 3360 quod
440 3296 506 3339 non
534 3273 693 3338 habuistis
722 3297 822 3360 super
853 3275 915 3340 hoe
946 3276 1043 3340 aliam
1073 3276 1326 3340 sollicitudinem
1355 3284 1421 3340 tam
1444 3297 1502 3362 pro
1525 3276 1618 3340 vobis
1641 3277 1721 3363 ipsis
1748 3297 1845 3362 quam

185 3401 244 3467 pro
267 3379 406 3443 subditis
430 3378 559 3458 vestris,
583 3400 656 3443 eum
680 3400 745 3443 non
767 3380 926 3464 ignoretis
948 3381 1215 3445 constitutionem
1239 3381 1273 3444 in
1295 3381 1365 3466 ipso
1386 3379 1533 3464 generali
1558 3380 1695 3444 coneilio
1723 3380 1843 3445 factam

188 3491 300 3547 contra
320 3483 395 3547 illos
418 3484 474 3567 qui
496 3481 643 3546 fraudem
665 3483 700 3545 in
721 3483 784 3546 hoc
808 3483 951 3547 scienter
972 3484 1227 3562 committerent,
1256 3489 1289 3548 el
1311 3482 1417 3546 fraudi
1440 3483 1507 3546 lata
1529 3483 1732 3567 negligentia
1756 3505 1844 3549 oom-

187 3595 330 3671 paretua
376 3585 457 3650 Cum
480 3586 581 3670 igitur
599 3591 727 3669 tempus
744 3586 912 3649 immineat
928 3587 1073 3671 passagii
1094 3587 1269 3670 generalis,
1293 3586 1489 3649 fraternitati
1504 3591 1613 3649 vestro
1636 3607 1696 3670 per
1711 3595 1844 3672 aposto-

111 3713 135 3749 εν,
188 3690 251 3752 lica
282 3689 403 3774 scripta
435 3687 648 3774 precipiendo
680 3685 881 3766 mandamus,
917 3689 1070 3772 quatinus
1102 3689 1221 3773 singuli
1244 3709 1303 3772 per
1326 3693 1453 3751 vestras
1476 3685 1627 3751 dioceses
1656 3689 1846 3753 vicesimam

186 3793 292 3876 ipsam
314 3790 565 3875 diligentissime
589 3791 767 3873 colligatis,
790 3792 876 3854 ultra
899 3812 998 3870 mare,
1024 3790 1201 3855 seeundum
1225 3789 1528 3877 quodflexpressum
1551 3789 1658 3852 estin
1680 3791 1844 3874 prioribus

189 3894 305 3958 litteris
329 3915 409 3978 quas
433 3915 531 3979 super
553 3893 615 3957 hoo
638 3894 731 3957 vobis
755 3893 951 3975 direximus,
975 3894 1197 3959 deferendam.
1245 3893 1346 3956 Porro
1378 3913 1451 3956 eum
1476 3891 1510 3954 in
1536 3892 1684 3977 generali
1706 3893 1845 3958 concilio

188 3995 287 4060 fuerit
309 3997 478 4081 signanter
501 4019 694 4083 expressum
716 3997 756 4062 de
781 3998 864 4062 votis
888 4019 1000 4062 eorum
1023 3998 1078 4083 qui
1102 3997 1143 4061 ad
1166 3997 1268 4083 ipsius
1288 3995 1388 4060 Terre
1413 3995 1533 4060 Sancte
1557 4016 1746 4060 succursum
1771 4003 1847 4060 sunt

190 4100 323 4164 inutiles
346 4099 555 4182 redimendis,
579 4102 727 4165 volumus
750 4109 786 4164 ut
809 4101 948 4186 quilibet
971 4108 1117 4166 vestrum
1139 4102 1173 4165 in
1196 4122 1255 4164 sua
1278 4099 1403 4164 diocesi
1425 4099 1497 4163 vice
1520 4105 1633 4162 nostra
1655 4098 1748 4172 tales,
1774 4118 1847 4162 eum

113 4225 139 4260 so
191 4203 232 4266 ab
256 4204 304 4268 eis
328 4204 426 4269 luerit
449 4205 625 4290 requisitus
657 4212 690 4270 et
713 4204 830 4270 viderit
854 4206 1029 4293 expedire,
1059 4227 1079 4268 a
1107 4214 1183 4269 voto
1207 4204 1312 4269 crucis
1335 4203 1496 4283 absolvat,
1520 4201 1662 4287 receptis
1687 4201 1846 4266 debonis

190 4328 302 4370 eorrrm
325 4306 367 4370 ad
396 4329 477 4394 opus
501 4316 534 4373 et
556 4307 739 4372 subsidium
762 4308 863 4372 Terre
889 4309 1026 4386 Sancte,
1061 4329 1124 4393 qno
1158 4308 1250 4370 iuxta
1285 4306 1457 4370 facultates
1495 4324 1571 4368 suas
1605 4325 1665 4388 pro
1698 4310 1847 4369 votorum

190 4409 415 4495 redemptione
448 4410 601 4475 duxerint
634 4411 848 4489 conferenda,
884 4419 917 4476 et
949 4419 1157 4497 receptorum
1191 4410 1285 4473 nobis
1326 4429 1385 4493 per
1418 4408 1545 4472 litteras
1576 4428 1652 4471 suas
1684 4408 1848 4492 signifieat

190 4515 414 4598 quantitatem,
438 4522 474 4578 ut
497 4514 641 4600 deipsis
665 4514 707 4578 ad
728 4515 831 4601 ipsius
848 4515 949 4579 Terre
975 4514 1093 4579 Sancto
1120 4512 1300 4578 subsidium
1322 4510 1522 4596 disponatur,
1546 4517 1644 4596 prout
1663 4509 1848 4574 videbimus

192 4617 360 4702 expedire.

300 4720 376 4784 Dat.
399 4720 552 4784 Lateran.
575 4719 643 4784 VII
665 4718 740 4784 Kal.
764 4718 884 4798 Martii,
910 4719 1119 4804 pontificatus
1142 4717 1245 4782 nostri
1273 4735 1358 4780 auno
1382 4714 1538 4781 seeundo.

993 5152 1052 5225 50.

303 5269 491 5362 Honor-as
523 5296 587 5360 111
620 5317 706 5376 popa
738 5293 909 5378 [lieberto]
941 5293 1079 5373 episcopo
1111 5257 1311 5355 olomucensi*
1337 5286 1479 5365 ηιαπάαέ,
1512 5290 1548 5350 al
1580 5283 1778 5349 interdiclum
1814 5284 1850 5346 in

193 5401 350 5484 Pruqcnsi
370 5400 483 5464 diocesi
502 5399 638 5480 pomum
658 5399 793 5478 firmiter
815 5396 972 5460 observari
992 5395 1101 5474 faciut.
1259 5395 1352 5469 1218,
1374 5390 1514 5454 Marti
1536 5393 1565 5452 ct
1587 5387 1679 5452 Febr.
1705 5386 1755 5449 15.

299 5519 371 5572 non.
389 5519 446 5572 ιιι
461 5519 530 5589 neq.
555 5518 611 5572 Vos.
630 5519 655 5581 ι,
674 5521 746 5578 aaa·
764 5517 828 5571 rac.
847 5517 891 5586 11,
912 5519 970 5570 ero.

299 5604 433 5670 Paulas,
452 5605 519 5675 nec.
540 5608 608 5659 5711
627 5607 652 5658 ec
672 5607 755 5658 sroo.
