4538 6426
745 307 944 364 Erls'rousu
962 309 1151 363 SELEO'I'AE.
1186 311 1257 362 1218.
1786 315 1826 376 35

246 489 286 562 F.
313 488 487 561 illustri
515 489 610 578 regi
643 489 798 561 Sicilie
825 487 869 558 in
897 486 1201 559 Romanorum
1231 489 1562 580 imperatorem
1591 490 1746 562 electo.

282 633 373 700 Sicut
397 638 429 700 in
453 636 572 700 littoris
601 643 655 700 tue
685 636 906 716 celsitudiniS,
940 643 1007 698 tarn
1038 657 1138 700 aurea
1169 636 1260 700 bulla
1293 638 1426 700 munitis
1458 659 1553 721 quam
1584 639 1657 702 aliis
1687 660 1767 723 quas
1794 639 1827 702 in

174 758 304 801 camera
326 747 437 804 nostra
459 741 654 818 invenimus
679 740 907 826 perspeximus
931 739 1099 816 contineri,
1123 746 1158 802 tu
1174 739 1347 803 attendens
1370 741 1490 804 invicte
1506 740 1584 804 fidei
1607 749 1640 805 et
1662 741 1827 807 indefesse

173 839 356 906 devotionis
384 843 553 918 affectum,
589 864 684 927 quam
717 842 856 906 dilectus
884 841 969 903 filius
992 841 1162 904 Aletriuus
1192 841 1409 905 subdiaconus
1440 849 1473 906 et
1501 844 1689 928 capellanus
1718 851 1829 909 noster

109 971 121 1006 c
176 965 253 1027 erga
276 952 308 1009 te
331 946 443 1022 habet,
467 948 644 1030 volensque
667 947 772 1030 ipsum
797 947 861 1008 tuis
890 945 1059 1008 boneficiis
1089 945 1259 1024 honorare,
1296 947 1535 1032 preposituram
1563 947 1753 1031 Aquensem
1786 947 1828 1011 ad

174 1054 262 1110 tuam
286 1048 495 1112 donationem
518 1057 721 1134 spectantem
745 1049 777 1110 in
801 1068 915 1110 manus
939 1047 1044 1111 felicis
1067 1049 1224 1114 mentoris
1248 1047 1459 1134 l[nnocentii]
1479 1071 1563 1135 pape
1582 1050 1827 1136 predecessoris

173 1150 276 1213 nostri
298 1151 401 1215 libere
425 1152 580 1237 posuisti,
610 1150 716 1214 eidem
742 1149 940 1212 subdiacono
970 1172 1028 1234 pro
1059 1151 1237 1235 apostolice
1262 1151 1349 1214 sedis
1373 1153 1558 1217 reverentia
1580 1175 1703 1238 sueque
1727 1152 1827 1217 devo-

174 1252 272 1314 tionis
295 1253 430 1328 intuitu,
465 1255 651 1338 quantotius
680 1255 784 1338 ipsam
819 1274 935 1316 vacare
970 1255 1189 1337 contingeret,
1223 1255 1463 1318 conferendam.
1508 1256 1604 1321 Unde
1631 1256 1718 1321 idem
1750 1257 1827 1320 sub-

174 1353 328 1420 diaconus
352 1357 447 1421 nobis
474 1357 643 1422 humiliter
665 1357 871 1442 supplicavit,
897 1363 933 1418 ut
956 1356 995 1420 de
1019 1357 1144 1420 iustitia
1162 1357 1226 1420 sibi
1241 1358 1381 1441 gratiam
1396 1358 1565 1436 faciontes,
1588 1360 1828 1445 preposituram

177 1458 324 1539 eandem,
354 1480 417 1544 que
441 1510 449 1525 .
475 1508 482 1523 .
506 1460 667 1545 quondam
691 1461 839 1544 Aquensi
861 1460 1026 1544 preposito
1051 1461 1084 1521 in
1110 1460 1249 1523 electum
1273 1461 1501 1525 Coloniensem
1524 1469 1691 1548 assumpto
1711 1483 1828 1525 vacare

174 1563 329 1642 noscitur,
354 1563 576 1628 conferremus
600 1564 716 1642 eidem,
740 1564 791 1626 vel
815 1585 855 1627 ne
880 1570 934 1626 tue
959 1563 1167 1626 liberalitatis
1191 1564 1329 1628 intentio
1352 1565 1472 1628 effectu
1488 1563 1598 1628 debito
1614 1564 1829 1644 fraudaretur,

174 1665 382 1729 collationem
416 1667 520 1750 ipsius
555 1668 759 1751 prepositure
793 1666 835 1729 ad
858 1674 890 1731 te
915 1667 1080 1730 remittere
1105 1665 1328 1750 dignaremur,
1358 1668 1421 1731 sibi
1455 1668 1494 1732 de
1518 1674 1574 1730 tuo
1596 1688 1731 1732 munere
1755 1688 1831 1730 con·

174 1767 324 1846 ferendo,
352 1790 425 1833 cum
449 1791 520 1833 eam
548 1791 613 1833 non
642 1771 748 1833 minus
784 1778 873 1850 ate,
909 1771 964 1855 qui
998 1769 1185 1833 huiusmodi
1217 1770 1435 1834 beneficentia
1463 1792 1595 1834 causam
1622 1770 1831 1834 laudabiliter

175 1872 346 1951 invenisti,
371 1894 467 1957 quam
490 1873 531 1936 ab
556 1874 619 1936 alio
643 1874 790 1958 recipere
816 1881 943 1958 gratum
968 1879 1071 1957 gerat.
1129 1871 1197 1935 Nos
1222 1873 1322 1956 igitur
1351 1874 1421 1936 eius
1445 1873 1612 1938 desiderio
1636 1879 1830 1952 aunuenteS,

175 1996 217 2039 ne
241 1975 391 2038 iniuriam
414 1975 477 2038 sibi
500 1976 609 2040 facere
632 1975 827 2048 videremur,
851 1976 1058 2039 donationem
1091 1976 1295 2060 prepositure
1325 1976 1429 2060 ipsius
1453 1969 1623 2040 serenitati
1651 1982 1705 2040 tue
1736 1974 1830 2038 duxi-

173 2099 246 2141 mus
269 2078 508 2158 remittendam,
531 2084 567 2142 ut
582 2099 654 2142 eam
671 2085 849 2142 memorato
874 2079 1072 2143 subdiacono
1088 2078 1259 2140 dumtaxat
1277 2076 1316 2141 de
1333 2085 1390 2141 tua
1405 2078 1552 2143 conferas
1568 2079 1674 2164 gratia
1690 2077 1830 2157 liberali,

171 2181 390 2244 decernentes
414 2181 539 2244 irritum
563 2191 597 2244 et
620 2180 733 2260 inane,
770 2182 797 2244 si
831 2181 909 2265 quid
933 2181 973 2245 de
997 2182 1084 2266 ipsa,
1113 2188 1285 2266 postquam
1308 2181 1341 2243 in
1364 2181 1514 2245 manibus
1541 2181 1680 2265 predicti
1709 2179 1827 2267 prede-

173 2284 314 2348 cessoris
338 2285 440 2347 uostri
463 2285 571 2369 posita
593 2284 718 2364 extitit,
750 2283 850 2348 fuerit
872 2291 1119 2369 attemptatum,
1155 2305 1228 2346 cum
1255 2283 1315 2347 tibi
1344 2284 1405 2348 hoc
1433 2283 1520 2349 idem
1543 2284 1717 2364 indixeris,
1748 2284 1832 2348 sicut

174 2395 231 2450 tue
255 2387 364 2450 littere
387 2393 620 2472 protestantur.

285 2488 361 2553 Dat.
384 2489 537 2554 Lateran.
560 2488 634 2554 Kal.
658 2489 840 2570 Februarii,
863 2510 948 2552 anno
972 2488 1126 2553 secundo.

974 3039 1036 3112 46.

285 3153 472 3246 Honorias
495 3178 561 3244 111
571 3199 661 3260 papa
689 3179 854 3263 [Conrado
875 3179 946 3264 11⁷]
976 3182 1113 3259 episcopo
1139 3179 1365 3258 Ratispouensi
1400 3184 1430 3242 ct
1466 3179 1577 3244 Sancti
1605 3179 1830 3244 Erantcrarnna‘

170 3289 200 3347 et
229 3284 266 3346 dc
299 3282 495 3348 Wallcrbacb
528 3282 692 3346 abbatibus
724 3283 865 3360 nacndat,
900 3287 935 3344 nt
966 3287 1053 3345 carctc
1083 3303 1120 3345 ac
1151 3283 1333 3364 elipantus
1365 3285 1541 3362 rrrprlorcnt,
1578 3285 1634 3364 qai
1661 3284 1703 3346 sa
1731 3287 1833 3346 statas

172 3389 370 3469 episcopatus
393 3385 573 3467 Prapcnsis.
1180 3475 1181 3478 Ἴ
1457 3389 1550 3464 1218,
1573 3387 1666 3452 Febr.
1691 3386 1741 3450 15.

280 3507 352 3559 Hon.
371 3505 429 3558 ΙΙΙ
444 3505 512 3575 Rea
531 3505 591 3558 Lib.
611 3506 654 3570 ΙΙ,
674 3509 751 3559 920².

281 3591 416 3656 Pottlsast
435 3592 504 3663 Ray.
525 3597 607 3647 5705.

256 3818 482 3910 Episcopo
503 3824 548 3892 et
579 3875 586 3892 .
616 3873 623 3887 .
651 3819 803 3892 Sancti
829 3819 1140 3892 Emmerammi
1167 3821 1525 3912 Ratispouensis
1552 3827 1594 3894 et
1622 3877 1630 3893 .
1659 3872 1667 3892 .
1696 3823 1750 3893 de

283 3940 565 4014 Wallerbach
593 3939 925 4013 Cisterciensis
952 3941 1131 4012 ordinis
1158 3940 1516 4031 Ratisponensis
1543 3941 1738 4013 diocesis

873 4060 1131 4133 abbatibus

285 4210 492 4274 Preseutium
514 4208 607 4272 vobis
630 4211 823 4273 auctoritate
839 4209 1049 4294 precipiendo
1066 4209 1268 4287 mandamus,
1294 4209 1445 4293 quatinus
1471 4215 1565 4272 caute
1582 4229 1620 4272 ac
1643 4208 1833 4293 diligentius

100 4335 124 4368 ,a
179 4315 371 4399 exploretis,
386 4313 441 4397 qui
453 4312 636 4398 percipiant
650 4312 774 4376 fructus
787 4313 838 4376 vel
851 4322 1080 4398 procuratores
1097 4313 1241 4376 existant
1252 4313 1460 4396 episcopatus
1476 4312 1634 4376 bonorum
1645 4312 1833 4397 Pragensis,

177 4425 212 4480 ot
235 4425 342 4480 utrum
365 4415 557 4479 karissimus
584 4416 616 4478 in
640 4414 770 4479 Christo
794 4416 880 4479 filius
904 4425 1017 4480 noster
1040 4465 1047 4480 .
1072 4467 1079 4480 .
1103 4416 1239 4480 lloemie
1263 4437 1322 4478 rex
1353 4416 1513 4479 illustris¹
1535 4418 1671 4481 absente
1697 4437 1833 4482 venera-

176 4521 236 4584 bili
266 4519 365 4583 fratro
395 4525 507 4582 nostro
532 4567 539 4580 .
563 4566 570 4580 .
594 4503 753 4604 Prageusi
777 4520 954 4606 episcopo²
985 4520 1184 4584 ordinaverit
1211 4520 1263 4583 vel
1287 4518 1429 4582 ordinari
1464 4520 1580 4583 fecerit
1606 4527 1834 4605 procuratores

178 4622 332 4700 eosdem,
361 4624 412 4686 vel
435 4623 463 4685 si
486 4623 574 4705 regis
597 4622 740 4686 habeant
762 4623 1015 4688 familiaritatem
1043 4625 1164 4710 ipsius,
1199 4630 1232 4688 et
1260 4629 1369 4686 utrum
1398 4623 1497 4685 etiarn
1528 4623 1700 4686 occasione
1734 4644 1834 4698 more,

178 4747 275 4811 quam
297 4725 376 4788 facit
404 4723 490 4809 apud
520 4723 632 4788 sedem
655 4727 884 4810 apostolicam,
917 4728 1065 4790 ecclesiis
1095 4748 1153 4790 sue
1182 4725 1322 4789 diocesis
1353 4725 1503 4789 ethonis
1532 4745 1645 4788 eorum
1667 4725 1836 4788 immineat

105 4853 128 4888 ,a
180 4827 387 4915 dispendium
404 4835 437 4890 et
459 4848 644 4910 gravamen,
668 4829 720 4892 vel
744 4830 771 4892 si
788 4830 1015 4895 exactionibus
1031 4838 1259 4914 aggraventur,
1284 4834 1317 4892 et
1340 4849 1380 4891 an
1397 4827 1500 4890 nuntii
1517 4827 1665 4891 eiusdem
1689 4827 1835 4912 episcopi

105 5367 129 5401 la

179 4931 414 5017 prohibeantur
442 4931 561 4994 intrare
594 4931 697 4995 libero
721 4953 758 4996 ac
783 4934 889 5006 exire;
924 4940 956 4996 et
990 4955 1051 5016 que
1083 4954 1182 5016 super
1215 4931 1278 4994 hiis
1313 4938 1346 4994 et
1381 4931 1454 4994 aliis
1482 4929 1690 5007 inveneritis,
1717 4929 1835 4992 vestris

180 5035 274 5097 nobis
299 5033 417 5097 littoris
446 5033 621 5114 intimetis,
656 5041 692 5096 ut
715 5035 892 5098 seeundum
916 5036 977 5100 hec
1002 5043 1035 5100 et
1057 5035 1122 5098 alia
1151 5055 1213 5118 quc
1244 5033 1443 5097 audierimus
1470 5033 1505 5095 iu
1530 5031 1663 5113 negotio
1688 5029 1835 5094 eiusdem

179 5138 336 5224 episcopi,
359 5144 456 5222 prout
477 5135 720 5221 procedendum
742 5137 851 5215 fuerit,
874 5137 1099 5221 procedamus.
1144 5135 1239 5208 Quod
1262 5137 1290 5199 si
1313 5157 1377 5200 uon
1400 5156 1514 5200 onmes
1530 5171 1582 5212 -,
1606 5141 1640 5196 tu
1665 5153 1713 5204 aa,
1736 5132 1838 5196 frater

180 5242 347 5326 episcope,
372 5260 444 5302 cum
468 5260 581 5303 eorum
604 5240 709 5303 altero
734 5289 740 5302 .
766 5291 773 5304 .
798 5289 804 5302 .
1149 5231 1154 5236 ’

290 5343 367 5405 Dat.
390 5342 543 5406 lateran.
566 5343 631 5406 XV
654 5341 729 5406 Kal.
753 5343 873 5421 Martii,
896 5345 1104 5428 pontificatus
1128 5344 1232 5407 nostri
1255 5363 1338 5406 anno
1363 5340 1515 5406 secundo.

290 5603 316 5671 1)
336 5599 486 5654 Olalarcm
556 5601 583 5669 2)
602 5600 726 5654 Andrea.
