4590 6366
768 388 969 445 EPISTOLAE
987 391 1176 447 SELEC'I'AE.
1215 395 1290 448 1235.
1792 401 1853 462 557

198 568 239 632 ad
261 565 419 631 honorem
443 587 536 630 suum
560 571 593 629 et
615 564 745 649 imperii
769 564 975 629 commodum
999 588 1100 652 usque
1124 565 1166 630 ad
1189 567 1337 632 eiusdem
1361 569 1540 634 nativitatis
1564 570 1738 634 terminum
1763 591 1855 635 com·

197 673 360 758 pleretur;
389 669 547 754 alioquin,
571 667 657 752 quod
680 689 723 732 ex
746 675 841 749 tuno,
865 690 907 733 nc
931 669 994 733 sibi
1018 677 1052 736 et
1074 671 1397 757 principibus'solita
1421 673 1529 736 illusio
1552 673 1647 738 fieret
1670 695 1730 760 per
1752 674 1852 739 Lom-

199 774 329 852 berdos,
354 774 455 838 vellet
478 794 551 836 cum
576 772 725 836 exercitu
746 779 858 857 partes
881 772 1008 857 ingredi
1032 773 1240 840 Lombardic.

307 878 432 941 Verum
455 896 529 939 curn
552 897 595 940 ex
618 873 804 939 huiusmodi
829 877 914 940 serie
938 877 1137 958 litterarum,
1160 900 1180 942 a
1203 879 1321 964 prefati
1344 879 1444 944 verbo
1468 879 1586 944 iudicis
1609 879 1792 962 differente,
1815 902 1854 945 ac

200 1003 244 1046 ex
267 1003 321 1061 eo,
352 979 439 1065 quod
462 979 641 1065 imperialis
665 977 827 1043 industria
850 980 950 1045 talem
974 980 1195 1046 conditionem
1218 981 1354 1063 adiecit,
1377 1004 1437 1068 per
1459 1003 1556 1068 quam
1580 985 1853 1069 compromissum

198 1086 325 1150 tollitur
354 1091 388 1148 et
421 1084 629 1167 aliquatenus
657 1088 782 1145 tantum
810 1103 909 1168 posse
938 1085 1106 1148 terminari
1135 1085 1304 1168 negotium
1332 1105 1398 1150 non
1424 1085 1571 1166 videtur,
1607 1086 1763 1152 videlicet
1792 1089 1854 1153 ‘ita

198 1197 307 1253 tamen
331 1175 418 1272 quod
441 1188 548 1273 ipsum
564 1187 733 1270 negotium
757 1184 798 1249 ad
820 1185 980 1250 honorem
995 1208 1090 1251 suum
1114 1194 1147 1252 et
1169 1188 1299 1274 imperii
1314 1188 1520 1253 commodum
1542 1210 1645 1275 usque
1669 1190 1710 1254 ad
1732 1191 1853 1256 festum

197 1292 377 1357 nativitatis
399 1290 574 1354 Dominice
603 1290 839 1375 compleatur’:
871 1288 1103 1355 discretionem
1133 1298 1222 1356 tuam
1253 1285 1405 1375 rogemus
1433 1299 1467 1357 et
1496 1293 1664 1358 hortamur
1695 1296 1853 1360 attentius

198 1419 258 1484 per
280 1396 462 1483 apostolica
491 1395 612 1480 scripta
643 1393 852 1474 mandantes,
887 1397 1039 1478 quatinus
1067 1395 1244 1481 prudenter
1272 1396 1446 1462 advertens
1478 1397 1563 1481 quod
1593 1396 1633 1461 ad
1664 1398 1854 1462 instantiam

198 1500 372 1565 memorati
394 1498 550 1584 principis
575 1504 608 1561 et
631 1504 720 1571 tuam
744 1495 784 1560 de
808 1498 944 1561 consilio
960 1498 1096 1562 fratrum
1120 1506 1304 1563 nostrorum
1321 1500 1579 1585 patriarcharum
1603 1502 1699 1565 trium
1723 1507 1756 1565 ct
1778 1522 1853 1587 pre-

198 1605 337 1668 latorum
361 1603 516 1682 omnium,
541 1601 596 1686 qui
620 1606 712 1663 erant
735 1598 822 1684 apud
846 1599 958 1664 sedem
981 1603 1195 1686 apostolicam
1220 1604 1398 1682 constituti,
1420 1605 1589 1688 negotium
1613 1603 1715 1668 'l'errc
1733 1603 1853 1669 Sancte

198 1707 350 1771 duximus
368 1704 601 1770 assumendum
611 1705 633 1782 ¹,
656 1703 868 1790 providentes
892 1712 929 1767 ut
952 1705 1040 1768 orbis
1056 1713 1143 1769 terre
1160 1704 1327 1770 discordes
1345 1705 1385 1770 ad
1402 1714 1557 1791 treuguas
1574 1709 1626 1771 vel
1646 1707 1853 1772 concordiam

198 1818 408 1896 cogerentur,
440 1815 473 1874 et
501 1808 587 1892 quod
614 1808 678 1871 iarn
711 1806 752 1870 ad
781 1807 842 1871 hoc
872 1809 973 1892 aliqui
1003 1831 1045 1872 ex
1074 1810 1201 1893 magnis
1232 1821 1319 1874 terre
1350 1810 1553 1896 principibus
1583 1818 1659 1874 sunt
1682 1812 1853 1897 compulsi,

198 1915 276 2000 quin
299 1914 397 1976 immo
420 1910 506 1997 quod
529 1931 626 1994 reges
650 1911 767 1994 aliqui,
791 1911 885 1974 multi
909 1910 1038 1976 nobiles
1062 1918 1095 1975 et
1117 1919 1270 1998 potentes
1294 1913 1400 1977 crucis
1423 1913 1626 1997 signaculum
1649 1935 1709 1999 per
1732 1913 1853 1978 Christi

134 2039 145 2074 s
199 2018 337 2104 gratiam
361 2021 566 2101 receperunt,
590 2015 820 2100 imperatorem
845 2015 995 2096 eundern,
1020 2015 1105 2100 quod
1129 2037 1229 2102 super
1252 2015 1369 2081 eodem
1393 2007 1527 2100 negotio
1552 2038 1587 2080 se
1612 2018 1705 2081 iuxta
1727 2039 1852 2082 memo-

197 2128 301 2186 ratam
324 2120 461 2184 lormam
485 2119 612 2203 precise
637 2139 674 2182 ac
698 2119 769 2182 sine
793 2118 981 2183 conditione
1009 2120 1119 2204 aliqua
1149 2121 1180 2182 in
1206 2119 1355 2183 manibus
1380 2127 1480 2205 ponat
1504 2121 1644 2185 ecclesie
1669 2127 1703 2184 et
1727 2142 1762 2185 se
1786 2120 1852 2184 illis

197 2225 364 2291 laboribus
388 2245 454 2287 non
479 2221 638 2302 involvat,
669 2243 688 2285 a
712 2221 830 2306 quibus
854 2223 894 2286 de
917 2222 1007 2286 facili
1031 2229 1172 2308 nequeat
1197 2222 1364 2309 expediri,
1389 2221 1566 2307 diligenter
1588 2245 1722 2288 moneas
1747 2231 1780 2287 et
1803 2224 1852 2286 in-

197 2329 316 2402 ducam
339 2328 546 2391 nuntiaturus
571 2325 694 2404 eidem,
720 2326 806 2410 quod
831 2327 858 2390 si
881 2326 1035 2391 iamdicto
1059 2327 1255 2412 provisionis
1281 2334 1428 2391 torrorem
1451 2326 1538 2411 quod
1562 2327 1648 2390 absit
1671 2327 1852 2412 infringens

198 2441 311 2498 contra
332 2429 547 2510 Lombordos,
571 2430 733 2494 manimeR
756 2431 783 2493 si
808 2453 843 2493 sc
866 2431 994 2515 precise
1019 2431 1052 2494 in
1077 2430 1226 2494 manibus
1251 2431 1391 2494 ecclesie
1414 2450 1537 2515 ponere
1562 2431 1627 2493 sint
1650 2431 1766 2516 parati,
1791 2430 1852 2494 hoc

119 2561 131 2599 s
197 2537 403 2623 potissimum
426 2541 574 2619 tempore
598 2534 691 2596 iuxta
713 2533 895 2619 predictum
920 2534 1093 2598 consilium
1121 2533 1301 2618 procedere
1334 2533 1522 2614 moliretur,
1555 2540 1678 2596 tautam
1708 2533 1852 2618 exempli

195 2641 375 2726 perniciem
399 2639 474 2702 aliis
498 2636 682 2712 tribuenda,
705 2637 790 2702 unde
813 2638 956 2723 presumi
973 2644 1087 2723 posset
1109 2657 1129 2699 a
1150 2636 1309 2722 pluribus,
1332 2635 1417 2720 quod
1441 2643 1568 2700 ceteros
1593 2636 1735 2700 ecclesia
1756 2636 1852 2700 fefel-

195 2746 298 2824 lisset,
322 2742 355 2806 id
378 2742 446 2829 pati
463 2741 678 2827 equanimiter
698 2740 835 2804 eandem
853 2735 1027 2805 ecclesiam
1043 2763 1108 2804 non
1124 2740 1267 2820 deceret,
1291 2741 1466 2826 presertim
1489 2761 1564 2804 oum
1588 2761 1686 2826 super
1708 2740 1852 2824 negotio,

196 2850 228 2912 in
252 2869 316 2933 quo
340 2847 380 2912 dc
403 2853 494 2910 tauta
517 2846 622 2930 gloria
644 2845 877 2930 Redemptoris
902 2846 1025 2930 agitur,
1057 2846 1205 2931 acceptio
1234 2867 1447 2930 personarum
1477 2842 1592 2908 haberi
1624 2839 1700 2908 non‘
1722 2843 1851 2922 debeat,

196 2973 257 3016 uec
281 2951 403 3037 aliquid
427 2972 487 3015 nos
510 2948 628 3014 deceat
650 2951 789 3035 perpeti,
813 2971 873 3034 per
897 2949 983 3034 quod
1007 2971 1180 3035 processus
1204 2949 1351 3014 eiusdem
1375 2949 1499 3034 negotii
1522 2948 1628 3034 possit
1644 2949 1851 3033 aliquatenus

118 3078 143 3114 c
196 3055 357 3140 impediri.

303 3173 516 3254 Darsasisii,
539 3173 572 3238 X
594 3172 669 3238 Kal.
694 3172 811 3236 Octob.
835 3194 920 3237 anno
944 3194 1041 3237 nono.

816 3443 873 3450 ----
881 3445 1125 3450 ——-.—-..—....—...—.
1129 3445 1228 3450 .-.-.-....

979 3695 1066 3768 658.

303 3810 494 3921 Gregorius
511 3835 565 3900 IX
580 3857 669 3916 papo
684 3835 849 3901 Frr'derioo
862 3833 1076 3898 Romanorum
1099 3833 1282 3912 irrmoratori
1303 3831 1432 3894 assotiat
1453 3850 1484 3893 sc
1506 3829 1676 3898 rectoribus
1697 3828 1853 3894 societatis

194 3941 403 4008 Lomborrliac
424 3941 605 4018 tardasse,
635 3944 671 4003 ut
687 3943 907 4020 procuratores
928 3938 1054 4002 idoncos
1076 3957 1173 4018 resque
1194 3936 1238 4000 od
1259 3936 1335 4000 Kal.
1358 3933 1432 4000 Dec.
1466 3934 1510 3998 od
1530 3933 1630 3997 sedem
1650 3933 1851 4013 apostolicam

196 4048 365 4124 destinent,
401 4046 489 4126 cique
520 4045 643 4120 suadet,
674 4048 710 4106 at
736 4042 995 4127 [Hermonassa]
1022 4043 1207 4124 magistram
1237 4040 1474 4104 Teutonicorom
1499 4040 1732 4118 procuratorem
1760 4055 1852 4100 suam

196 4153 308 4228 rrrittot,
331 4150 386 4231 pai
407 4147 503 4212 siural
525 4168 593 4212 curri
615 4147 764 4229 rrragistro
788 4145 880 4210 Petro
902 4145 940 4209 de
968 4146 1068 4210 Vinea
1090 4145 1245 4228 negotium
1268 4144 1380 4209 niellus
1396 4161 1578 4224 prostravere
1597 4140 1704 4222 possit.

1485 4246 1578 4323 1235,
1602 4245 1688 4324 Sept.
1711 4246 1764 4308 23.

301 4337 384 4408 Greg.
402 4338 452 4390 IX
469 4337 538 4408 Ray.
561 4335 618 4390 Vol.
646 4335 674 4402 V,
693 4339 745 4401 72;
764 4333 826 4388 Lib.
846 4335 901 4399 IX,
920 4339 984 4390 234.

300 4424 436 4490 Pottlmat,
452 4423 519 4493 Ray.
538 4421 609 4476 Ado.
628 4421 654 4484 I,
673 4425 921 4475 zonara-sosas.

234 4619 476 4707 Friderico,
504 4618 810 4700 Romanorum
838 4616 1096 4708 imperatori
1123 4636 1295 4706 semper
1323 4619 1533 4706 augusto,
1561 4613 1802 4688 Ierusalem

751 4743 791 4810 et
819 4738 967 4812 Sicilie
994 4739 1085 4830 regi
1112 4735 1294 4810 illustri.

306 4889 427 4954 Audita
450 4889 635 4954 litterarum
659 4889 745 4954 serie
771 4888 803 4951 in
828 4908 892 4973 quo
914 4889 1115 4952 voluntatem
1140 4893 1229 4950 tuam
1253 4885 1348 4950 nobis
1372 4906 1473 4971 super
1494 4885 1690 4950 Lombardie
1713 4885 1847 4970 negotio

194 4995 404 5080 expressisti,
434 4994 592 5079 quosdam
614 4992 836 5072 Lambardos,
859 4991 1003 5072 nobiles,
1028 4991 1068 5056 dc
1091 4990 1290 5056 Lombardic
1313 4989 1462 5076 partibus
1486 4987 1658 5068 oriundos,
1687 5008 1747 5074 per
1769 5006 1850 5071 quos

193 5097 235 5161 ad
257 5097 462 5162 Lombardos
485 5098 673 5185 perveniat,
703 5096 789 5182 quod
813 5097 862 5160 eis
897 5096 938 5160 ad
961 5104 1051 5160 tuam
1075 5097 1197 5161 resumi
1227 5096 1364 5181 gratiam
1389 5093 1432 5157 sit
1454 5092 1630 5179 plurimum
1654 5098 1850 5176 oportunum

195 5209 229 5266 et
251 5201 338 5286 quod
361 5203 523 5288 imputare
548 5201 612 5266 sibi
632 5209 799 5288 poterunt,
822 5201 850 5265 si
874 5202 1040 5280 contingat
1063 5200 1190 5266 eisdem
1213 5200 1337 5284 aliquid
1360 5195 1565 5262 discriminis
1583 5195 1765 5276 imminere,
1789 5216 1850 5260 nec

116 5326 142 5364 ro
194 5326 260 5369 non
284 5313 318 5370 et
340 5305 533 5391 magistrum
549 5303 705 5371 Petrum²
729 5305 924 5390 scriptorem
941 5313 1099 5386 nostrum,
1123 5305 1228 5369 uirum
1245 5302 1387 5382 fidelem,
1412 5299 1588 5364 discretum
1612 5304 1645 5362 et
1667 5298 1850 5383 providum,

301 5566 323 5631 ¹)
342 5564 471 5632 nraxi[rucl
490 5567 518 5617 in
535 5584 626 5632 apogr.
646 5565 747 5617 Parisii.

298 5686 323 5754 1)
345 5682 387 5752 Of.
405 5701 432 5738 rr.
453 5687 515 5738 594.
585 5685 612 5750 2)
631 5683 665 5737 dc
689 5683 835 5749 Wcrcr‘rro,·
853 5685 890 5754 cs.
908 5701 934 5739 n.
957 5687 1017 5740 661.
