4494 6426
429 426 468 494 'ld
995 419 1060 482 'Ex
1079 426 1234 484 HONORII
1254 425 1492 485 illaboratae

427 601 616 668 dilationem
632 601 692 665 tibi
708 601 916 666 concedimus
934 604 1143 688 postulatam,
1159 603 1279 668 festum
1292 605 1381 670 beati
1394 603 1566 669 Benedicti
1583 604 1732 690 proximo
1746 603 1892 669 futurum
1904 602 2078 668 terminum

427 704 636 789 prefigentes‚
660 726 724 790 quo
748 704 788 768 ad
810 705 912 770 Terre
929 705 1048 770 Sancte
1072 727 1262 770 succursum
1286 708 1349 772 iter
1367 708 1515 794 arripias,
1538 714 1782 793 prosecuturus,
1805 712 1962 793 quantum
1986 707 2077 772 suffi-

428 809 548 873 cientia
570 808 798 894 possibilitatis
822 809 964 886 affuerit,
993 817 1102 875 voturn
1126 817 1226 878 tuum.
1272 812 1408 877 Interim
1430 833 1508 876 vero
1531 832 1596 875 non
1618 811 1776 892 dormias,
1804 832 1845 875 ne
1875 811 1908 874 in
1936 812 2077 875 termino

428 912 492 975 iam
516 913 612 976 tertio
643 913 810 997 laqueum,
843 912 927 997 quod
959 914 1060 992 absit,
1096 915 1442 978 excommunicationis
1469 915 1625 979 incurras.
1670 915 1789 978 Excita
1811 915 2022 999 temetipsum
2045 920 2079 977 ct

427 1015 510 1078 alios
534 1015 669 1100 vigilare
693 1016 864 1102 compelle,
887 1023 924 1079 ut
946 1016 1052 1080 modio
1077 1023 1224 1103 temporo
1247 1018 1368 1103 paratis
1392 1019 1432 1081 iis
1456 1039 1519 1102 que
1543 1016 1772 1082 desiderantur
1794 1016 1835 1080 ad
1857 1017 1951 1095 talia,
1979 1023 2077 1095 terra,
2130 1037 2141 1073 o

273 1136 339 1178 nant.
353 1140 409 1187 aas.
429 1139 490 1203 que
514 1118 676 1183 funiculus
701 1125 752 1183 est
774 1119 966 1183 hereditatis
988 1119 1173 1199 Dominice,
1196 1120 1400 1184 fructuosum
1424 1121 1544 1184 sentiat
1569 1127 1624 1184 tue
1647 1118 1882 1204 magnitudinis
1906 1141 2001 1205 quern
2024 1119 2080 1182 diu

428 1220 626 1287 desideravit
648 1228 681 1287 et
705 1222 891 1307 expectavit
913 1220 1099 1286 adventurn.
1145 1221 1289 1299 Festina,
1312 1223 1444 1304 festina,
1468 1229 1643 1308 expectate
1666 1222 1798 1304 diutius,
1823 1224 1976 1307 quoniam
2002 1223 2079 1287 dum

429 1324 535 1388 estin
558 1325 761 1410 promotione
786 1326 970 1411 negocium,
995 1327 1110 1389 minori
1134 1335 1377 1391 consummatur
1405 1327 1527 1391 auxilio
1556 1333 1590 1391 et
1612 1326 1739 1391 facilius
1760 1327 1927 1412 perficitur
1948 1326 1983 1388 in
2005 1345 2081 1411 pro-

429 1427 526 1492 fectu.
571 1428 716 1508 Festina,
740 1450 799 1492 rex
823 1429 967 1513 egregie,
991 1428 1031 1492 ad
1055 1430 1172 1493 summi
1196 1431 1283 1515 regis
1307 1429 1516 1514 obsequium,
1540 1435 1662 1493 utnon
1685 1429 1828 1494 videaris
1852 1431 1982 1494 omnino
2005 1434 2081 1514 post

428 1539 521 1615 terga
544 1532 688 1612 relictus,
713 1530 770 1595 sed
794 1536 884 1596 tanto
908 1532 1098 1596 ferventiori
1121 1533 1295 1598 affectione
1319 1555 1357 1597 nc
1381 1533 1574 1597 evidentiori
1596 1533 1737 1597 utilitate
1760 1532 1929 1618 procedas,
1958 1536 2078 1615 quanto
2133 1551 2156 1587 ro

428 1635 471 1700 dc
494 1635 609 1699 maiori
631 1656 724 1699 mora
746 1641 779 1700 et
802 1635 918 1699 minori
942 1636 1160 1700 sollicitudine
1190 1637 1393 1722 quorundam
1423 1636 1543 1700 iudicio
1566 1635 1672 1699 notari
1694 1634 1825 1699 videris.
1869 1635 2021 1715 Festina,
2052 1633 2080 1696 si

428 1738 512 1802 forte
536 1737 696 1802 Dominus
720 1738 801 1802 tanti
827 1741 1141 1804 consummationem
1163 1741 1293 1825 negocii
1323 1747 1378 1805 tue
1408 1740 1511 1826 glorie
1535 1739 1729 1818 reservavit,
1752 1744 1789 1802 ιιι
1811 1739 1844 1802 ιιι
1866 1737 2004 1802 dextera
2026 1742 2083 1799 tua

428 1842 578 1928 perficiat
599 1844 774 1907 multorum
797 1844 948 1908 manibus
971 1844 1169 1909 inchoatum.
1215 1844 1313 1910 Certe
1331 1846 1417 1910 clare
1440 1844 1596 1909 memorie
1619 1864 1699 1907 avus
1723 1849 1797 1906 tuus
1820 1840 2016 1906 Fredericus
2040 1838 2081 1902 ad

428 1944 461 2008 id
494 1966 530 2008 se
558 1945 682 2010 viribus
717 1947 794 2010 totis
828 1948 986 2028 accinxit,
1022 1955 1055 2012 ot
1088 1949 1159 2033 quis
1190 1949 1266 2027 scit,
1301 1949 1329 2012 si
1357 1955 1390 2012 et
1413 1955 1448 2011 tu
1470 1947 1683 2019 Frederious,
1717 1965 1820 2030 nepos
1844 1945 1963 2030 ipsius,
1991 1943 2080 2007 illius

429 2049 618 2113 memoriam
633 2071 697 2113 non
715 2051 819 2115 solum
835 2051 1043 2136 presentibus
1068 2051 1241 2116 renovabis
1257 2051 1290 2114 in
1307 2051 1448 2130 nomine,
1473 2048 1531 2114 sed
1548 2048 1704 2114 etiamad
1723 2053 1872 2133 posteros
1888 2045 2080 2131 prorogabis
2134 2064 2156 2101 n

429 2153 601 2238 inopere,
629 2152 657 2216 si
684 2152 770 2237 quod
801 2153 857 2216 ille
880 2153 1047 2217 ferventer
1073 2155 1106 2217 in
1138 2153 1258 2218 affectu
1285 2160 1522 2238 assumpserat,
1553 2159 1588 2216 tu
1619 2152 1792 2216 salubriter
1820 2149 2017 2237 produxeris
2040 2148 2082 2214 ad

430 2255 593 2319 effectum.
637 2255 729 2319 Nihil
752 2277 829 2340 ergo
854 2256 887 2319 in
909 2262 1001 2320 tanto
1025 2258 1163 2340 negocio
1187 2257 1238 2321 vel
1262 2263 1298 2320 tu
1320 2257 1391 2342 ipse
1415 2257 1562 2336 omittas,
1586 2256 1638 2319 vcl
1661 2276 1680 2319 a
1703 2255 1783 2334 tuis,
1812 2260 1968 2339 quantum
1991 2253 2026 2316 in
2048 2259 2082 2316 te

429 2357 544 2436 fuerit,
574 2358 708 2444 patiaris
748 2359 872 2439 omitti,
907 2359 1060 2443 quoniam
1095 2381 1167 2424 curn
1207 2360 1268 2424 tibi
1300 2359 1400 2424 robur
1432 2359 1529 2424 etatis
1564 2358 1704 2423 sufficiat
1737 2365 1771 2422 et
1798 2357 1944 2442 potentie
1979 2356 2082 2419 virtus

429 2460 582 2542 abundet,
606 2462 635 2525 si
656 2462 755 2542 forte,
793 2462 878 2548 quod
902 2463 1004 2540 absit,
1037 2467 1103 2526 tam
1126 2463 1342 2527 favorabilem
1371 2483 1503 2527 oausam
1526 2461 1725 2546 neglexeris,
1748 2465 1869 2545 quanto
1893 2460 2019 2523 maiora
2042 2457 2082 2523 de

428 2585 525 2628 manu
547 2564 681 2628 Domini
707 2566 879 2651 recepisti,
913 2572 1004 2630 tanto
1033 2565 1065 2629 id
1094 2588 1113 2629 a
1146 2572 1178 2630 tc
1206 2566 1337 2630 maioris
1367 2565 1548 2630 exactionis
1578 2565 1722 2651 periculo
1751 2564 1946 2648 requiretur.
1992 2560 2079 2626 Illud
2132 2578 2155 2615 20

429 2673 538 2731 antem
561 2667 665 2732 latere
688 2675 721 2733 tc
744 2656 914 2740 nolumus,
946 2670 1031 2755 qnod
1062 2692 1134 2733 cum
1171 2669 1384 2734 redeuntibus
1417 2670 1527 2734 multis
1558 2668 1667 2733 brevis
1693 2668 1745 2746 sit,
1777 2666 1861 2730 sieut
1883 2667 2082 2752 accepimus,

429 2769 594 2834 exercitus
618 2769 840 2852 Christianus,
873 2773 937 2836 nisi
970 2795 1160 2837 succursum
1194 2772 1347 2837 habuerit
1369 2774 1401 2835 in
1433 2773 1582 2858 proximo
1605 2771 1758 2857 passagio
1783 2769 1911 2847 Martii,
1947 2769 2082 2854 grande,

430 2871 517 2957 quod
538 2871 631 2938 Deus
653 2881 789 2955 avertat,
812 2882 926 2960 posset
949 2877 997 2940 eis
1021 2873 1190 2941 imminere
1214 2877 1400 2941 discrimen.
1446 2875 1541 2940 Unde
1570 2897 1635 2939 non
1656 2874 1816 2960 impedias
1840 2880 1891 2938 set
1913 2895 2082 2958 procures,

428 2981 465 3039 ut
488 2976 535 3040 sic
557 2977 659 3061 aliqui
678 2977 786 3042 medio
809 2985 956 3065 tompore
980 2987 1205 3066 preparentur,
1228 2979 1314 3064 quod
1337 2980 1370 3043 in
1394 2979 1510 3044 codem
1532 2979 1684 3065 passagio
1714 2982 1900 3056 transcant,
1928 2977 2082 3061 quatinus

430 3085 463 3142 ot
485 3084 655 3164 reparetur
677 3081 776 3145 robur
797 3083 962 3147 exercitus
985 3089 1019 3146 et
1042 3090 1244 3148 restauretur
1265 3105 1421 3148 numerus
1444 3084 1656 3162 bellatorum,
1675 3088 1707 3146 ct
1731 3081 1777 3145 sio
1801 3079 1929 3144 facilius
1952 3087 1986 3144 et
2009 3080 2081 3144 effi-
2132 3101 2156 3138 aa

430 3180 540 3245 cacius
564 3180 625 3245 sub
650 3203 708 3268 spo
732 3183 841 3250 divine
859 3186 1032 3250 clementio
1049 3187 1256 3271 prosequaris
1279 3187 1420 3271 incepta,
1450 3207 1546 3270 qnam
1569 3186 1597 3249 si
1632 3184 1766 3270 quasia
1787 3184 1894 3269 capite
1918 3190 2087 3268 oporteret

430 3289 462 3349 te
486 3304 653 3349 resumere
684 3286 745 3350 sub
778 3287 877 3353 dubio
909 3290 1021 3354 forsan
1057 3297 1176 3354 eventu
1200 3297 1267 3353 tarn
1290 3288 1413 3374 grande
1437 3289 1620 3374 negotium,
1653 3285 1739 3372 quod
1767 3307 1871 3373 usque
1894 3308 1980 3352 nunc
2004 3287 2084 3352 satis

428 3407 622 3474 prospenrm
645 3387 759 3455 habuit
781 3389 923 3458 Domino
946 3391 1108 3478 dirigente
1132 3413 1333 3479 processum.

535 3488 611 3556 Dat.
634 3490 750 3575 Reate,
773 3493 848 3561 Kal.
872 3498 988 3563 Octob.
1012 3519 1096 3562 anno
1120 3502 1248 3582 quarto.

1057 3728 1249 3734 .--—-...-.--
1254 3727 1460 3734 ..-——-—-.-..—.

1215 3983 1299 4056 107.

520 4096 708 4189 Honorino
739 4123 805 4189 ΙΙΙ
834 4145 923 4206 popo
955 4124 1112 4188 universis
1145 4123 1397 4204 archepisccpis,
1434 4123 1584 4204 episcopis
1622 4127 1651 4187 ct
1688 4123 1807 4189 Christi
1840 4119 1986 4203 fidelibus
2015 4143 2078 4202 per
2129 4152 2153 4188 a

429 4225 612 4290 Teutonicm
641 4227 816 4292 constitutis
843 4226 990 4304 manat,
1018 4231 1055 4289 nt
1083 4226 1269 4290 denuntient
1289 4227 1566 4291 excommunicatos
1594 4244 1699 4290 ornnes
1726 4245 1790 4288 non
1812 4225 1962 4289 solerentne
1983 4245 2081 4307 neqnc

425 4329 469 4392 nd
488 4331 603 4411 festum
624 4331 727 4394 sancti
747 4330 912 4395 Benedicti
927 4330 1110 4412 pronimnrn
1131 4330 1252 4415 [Mart.
1273 4331 1335 4415 21]
1356 4333 1459 4395 votnm
1480 4330 1738 4394 ultramarinam.

1751 4433 1846 4512 1219,
1871 4429 1935 4498 Oct.
1962 4436 1992 4495 1.

530 4517 606 4571 Han.
624 4517 682 4571 ΙΙΙ
696 4517 763 4586 ch.
788 4517 844 4571 vn.
861 4511 907 4588 ΙΙ,
925 4521 994 4584 133;
1013 4517 1076 4572 In'b.
1095 4519 1115 4572 1
1120 4518 1148 4584 V,
1167 4522 1229 4574 577.

530 4604 755 4672 Paratouron.
776 4607 857 4660 6130.

486 4818 731 4894 Universis
758 4819 1139 4914 archiepiscopis
1168 4818 1400 4912 episcopis
1428 4825 1471 4893 et
1498 4817 1915 4894 christifidelibus
1941 4838 2021 4909 per

969 4940 1238 5015 Teutoniam
1265 4940 1536 5015 constitutis,

534 5088 586 5154 De
611 5096 738 5155 secreto
762 5091 865 5177 patris
888 5091 921 5154 in
943 5091 1111 5177 publicum
1134 5112 1287 5176 egressus
1310 5090 1352 5156 ad
1374 5112 1487 5156 servos
1512 5112 1571 5157 rex
1594 5089 1680 5154 filins
1696 5088 1737 5153 ad
1758 5089 1825 5152 ima
1839 5087 2020 5170 descendit,
2043 5095 2079 5153 nt

263 5216 418 5270 aserenan.
428 5191 567 5257 subditis
595 5193 636 5257 ad
666 5213 794 5258 summa
825 5201 956 5280 pararet
985 5215 1167 5271 ascensum,
1204 5194 1264 5258 sub
1292 5199 1384 5259 texta
1410 5200 1521 5258 nostre
1544 5193 1752 5258 mortalitatis
1784 5193 1903 5278 figulus
1926 5193 1959 5255 in
1982 5192 2079 5256 terris

428 5295 516 5360 visus
540 5302 574 5361 et
596 5317 671 5360 cum
693 5297 879 5362 hominibus
903 5303 1126 5362 conversatus.
1164 5296 1228 5372 Qui
1246 5297 1379 5362 tandem
1398 5305 1434 5362 ut
1459 5304 1569 5362 nostro
1587 5296 1755 5372 servitutis
1774 5295 2001 5382 cirographum
2021 5316 2080 5360 suo
2132 5323 2157 5360 o

428 5399 585 5484 sangnine
610 5401 808 5466 cancellaret
830 5407 864 5466 et
886 5403 1058 5488 temporali
1085 5409 1189 5467 morte
1217 5404 1325 5488 legem
1347 5403 1461 5467 mortis
1485 5402 1634 5467 aboleret
1655 5406 1784 5481 eterne,
1816 5421 1880 5464 non
1902 5399 2082 5464 declinavit

428 5502 613 5588 obprobria,
647 5524 713 5568 non
748 5526 783 5569 se
807 5504 970 5569 subtraxit
993 5506 1135 5587 iniuriis,
1172 5511 1223 5572 sct
1249 5506 1339 5571 cruci
1367 5527 1402 5572 se
1430 5506 1548 5572 obtulit
1580 5512 1614 5569 et
1643 5503 1841 5569 cruciatibus
1870 5504 1957 5568 ultro
1980 5501 2081 5568 dedit.

428 5603 513 5670 Sanc
533 5605 574 5670 ad
598 5604 721 5670 Christi
744 5629 890 5673 mensam
913 5608 1040 5672 invitati
1065 5607 1271 5692 Christicole,
1296 5611 1323 5676 si
1347 5611 1555 5676 considerare
1584 5609 1687 5672 velint
1710 5607 1876 5694 apposita,
1901 5613 1938 5670 ιιι
1962 5607 2079 5692 stipsi

427 5709 545 5774 similia
567 5717 756 5795 preparent,
791 5711 832 5776 ad
867 5713 972 5776 crucis
1006 5713 1199 5800 obsequium
1233 5737 1298 5780 non
1332 5721 1458 5780 tantum
1487 5714 1551 5777 iam
1583 5712 1801 5796 crucesignati
1831 5717 1882 5776 set
1910 5711 2022 5775 etalii
2046 5731 2082 5775 se
