4590 6366
745 381 945 436 EPISTOLAE
962 382 1151 437 subucula.
1188 383 1262 437 1236.
1767 387 1829 448 575

180 555 429 630 construuntur,
454 560 488 616 ct
511 552 655 632 edificia,
678 553 713 616 iu
736 554 854 639 quibus
878 555 1024 619 divinum
1046 576 1166 620 nomen
1188 557 1368 636 excolitur,
1392 557 1469 620 illuc
1493 558 1633 642 migrare
1658 561 1829 640 coguntur,

180 652 235 716 ubi
266 653 477 720 Machameth
509 657 657 742 perditus
687 657 874 722 adoratur².
920 657 1028 745 Super
1055 679 1119 743 quo
1149 681 1189 723 eo
1220 658 1412 724 crudelioris
1448 681 1507 724 nos
1542 659 1664 724 doloris
1699 658 1829 745 gladius

180 757 331 840 pereutit,
355 779 418 843 quo
442 758 559 824 lortius
583 761 813 842 incircumcisi,
837 762 930 846 quasi
954 762 986 824 in
1010 761 1103 846 regni
1126 761 1235 826 medio
1258 763 1369 847 positi,
1393 763 1498 826 levius
1513 761 1612 826 tidem
1635 762 1829 827 catholicam

181 880 240 924 suc
269 869 409 946 possunt
437 861 640 927 infidelitatis
664 884 792 928 veneno
823 885 1047 950 corrumpere,
1078 885 1141 948 quo
1166 866 1290 929 maiora
1313 862 1433 929 exinde
1457 865 1651 948 contingunt
1673 864 1829 950 pericula,

182 962 269 1047 quod
303 962 480 1029 Christiani
517 965 771 1031 commiscentur
805 966 945 1047 eisdem,
979 989 1181 1053 paganorum
1219 968 1432 1034 contubernia
1468 968 1508 1032 ab
1547 953 1625 1032 ovili
1655 967 1829 1032 Dominico

180 1087 298 1150 greges
330 1067 474 1133 fidelium
508 1070 660 1156 abigunt,
696 1077 730 1134 et
759 1069 860 1135 Ebrei
890 1071 930 1135 ab
958 1070 1112 1157 Egyptiis
1147 1073 1194 1136 sic
1230 1073 1379 1158 oppressi
1411 1093 1524 1137 eorum
1556 1072 1648 1157 quasi
1685 1071 1829 1135 dominio

180 1168 407 1255 subiugantur.
453 1173 541 1238 Ecce
566 1174 703 1240 indicto
726 1195 828 1258 regno
850 1180 963 1238 contra
986 1175 1076 1260 pacis
1100 1175 1186 1239 inter
1208 1181 1241 1240 te
1265 1183 1299 1240 ct
1322 1176 1497 1240 ecclesiam
1518 1175 1693 1240 reformate
1716 1174 1830 1239 federa

180 1271 312 1357 quidam
334 1274 477 1357 nobiles,
508 1278 627 1363 privati
651 1278 767 1341 castris
791 1283 824 1341 et
846 1277 919 1340 aliis
943 1277 1038 1340 bonis
1062 1278 1145 1356 anis,
1174 1278 1332 1343 uxoribus
1355 1286 1389 1343 et
1411 1279 1524 1343 liberis
1548 1279 1734 1365 captivatis,
1757 1279 1831 1342 loca

105 1433 107 1438 ,
181 1397 241 1440 sua
262 1380 439 1466 proscripti
467 1382 668 1465 relinquere,
701 1380 868 1445 domicilia
899 1381 932 1443 in
959 1381 1096 1444 aliorum
1128 1380 1307 1446 transferre
1338 1382 1499 1446 coloniam
1523 1389 1556 1446 et
1583 1380 1624 1444 ad
1648 1388 1830 1445 extremam

182 1491 343 1568 coguntur
366 1483 509 1570 inopiam
534 1483 707 1559 devenirc;
736 1492 769 1548 et
799 1482 876 1546 dum
900 1483 1017 1548 similis
1040 1485 1160 1570 premit
1183 1484 1316 1548 afflictio
1342 1506 1519 1570 pauperos,
1549 1485 1581 1548 id
1611 1491 1710 1549 tanto-
1725 1483 1829 1568 magis

180 1585 253 1652 Deo
277 1587 452 1673 displicere
475 1596 646 1675 putamusr,
674 1593 794 1672 quanto
818 1586 935 1652 fortius
959 1589 1049 1673 ipsos
1073 1587 1237 1651 credimus
1261 1589 1467 1652 innocentes.
1513 1586 1599 1661 Quid
1630 1586 1745 1673 plura?
1791 1586 1829 1649 In

181 1690 331 1756 omnibus
362 1691 424 1756 hiis
456 1691 597 1756 ecclesia
625 1697 716 1755 tanto
746 1691 861 1754 maiori
889 1690 1007 1755 rubore
1037 1689 1257 1778 pertunditur,
1290 1699 1411 1776 quanto
1434 1690 1638 1777 probabilius
1661 1690 1829 1776 premissis

179 1793 345 1859 discordia
368 1817 499 1860 causam
523 1795 601 1859 dare
624 1796 782 1881 preterita
802 1794 956 1874 ereditur,
980 1794 1058 1858 dum
1081 1794 1139 1874 illi,
1163 1795 1218 1879 qui
1235 1794 1413 1859 adeserunt
1431 1795 1583 1875 ecclesie,
1609 1794 1683 1879 plus
1710 1792 1829 1857 ceteris

181 1904 295 1962 eontra
328 1897 484 1962 iustitiam
530 1891 767 1984 opprimuntur.
827 1897 962 1961 Utinam
996 1897 1058 1962 hec
1093 1898 1242 1962 veritatis
1278 1905 1391 1962 essent
1425 1898 1582 1962 destituta
1614 1894 1760 1962 subsidio
1797 1901 1830 1958 ct

117 2016 129 2054 ⁵
182 2000 325 2065 mendax
348 2002 549 2066 inveniretur
573 2002 712 2087 quilibet
736 2001 797 2066 hec
821 2001 975 2081 dicendo,
1007 2008 1044 2065 ut
1073 2009 1106 2066 et
1130 2001 1242 2066 audita
1265 2023 1330 2066 non
1354 2002 1489 2067 credere
1512 2023 1550 2066 ae
1573 2000 1671 2065 fidem
1694 2020 1829 2084 cogere·

180 2125 253 2167 mur
284 2127 303 2168 a
331 2104 463 2169 creditis
492 2109 675 2168 removere!
722 2103 788 2168 Sed
819 2104 847 2168 si
876 2105 985 2168 verius
1016 2105 1192 2189 loquimur,
1223 2106 1287 2168 iarn
1319 2127 1377 2191 pro
1407 2107 1523 2170 maiori
1551 2112 1644 2192 parte
1673 2105 1737 2168 ista
1764 2123 1828 2166 non

182 2208 357 2289 credimus,
380 2208 421 2272 de
446 2207 563 2293 quibus
588 2208 741 2292 opinione
766 2214 916 2271 cessante
940 2214 1062 2272 certam
1086 2209 1257 2272 scientiam
1282 2210 1477 2274 obtinemus.

289 2327 444 2393 Ceterum
473 2350 516 2392 ex
548 2349 587 2391 eo
621 2327 686 2391 sibi
718 2335 774 2392 tua
805 2329 967 2392 serenitas
1000 2329 1129 2392 titulum
1160 2329 1268 2394 laudis
1294 2331 1446 2415 acquirit,
1480 2328 1566 2415 quod
1594 2330 1678 2394 sicut
1707 2328 1829 2392 asseris

179 2433 429 2511 mentientibus,
460 2439 497 2496 ut
520 2433 693 2518 quicquam
717 2438 828 2496 contra
856 2438 888 2496 te
911 2433 945 2496 in
969 2434 1181 2498 renovatione
1206 2435 1373 2498 societatis
1396 2431 1626 2511 hembardic²‚
1653 2432 1687 2495 in
1710 2430 1831 2495 Tuscia

103 2559 129 2596 oo
181 2511 234 2601 vbl
257 2536 391 2600 Verona
421 2535 520 2599 tuerit
549 2557 608 2622 per
631 2536 806 2600 ecclesiam
829 2542 1055 2622 procuratum,
1088 2536 1223 2601 credere
1251 2536 1451 2622 dedignaris.
1495 2536 1580 2601 Nam
1603 2536 1631 2600 si
1653 2533 1830 2599 Lombardi

181 2642 233 2705 vel
257 2640 314 2704 alii
337 2647 392 2703 tue
416 2646 506 2703 metu
522 2640 669 2724 potentie
694 2640 757 2703 sibi
780 2661 800 2703 a
822 2640 939 2705 luturis
964 2639 1097 2704 student
1113 2641 1244 2704 casibus
1263 2662 1438 2726 precavere
1463 2648 1497 2704 et
1518 2640 1612 2704 iuxta
1635 2638 1829 2722 sapientiam

180 2744 276 2808 huius
305 2741 417 2807 mundi
449 2743 573 2827 aliquid
601 2742 641 2806 de
671 2743 814 2807 ecclesia
843 2764 902 2828 pro
932 2764 992 2806 sua
1019 2752 1112 2828 parto
1136 2743 1365 2824 disseminant,
1395 2766 1455 2830 per
1482 2742 1569 2829 quod
1599 2743 1663 2807 sibi
1684 2742 1829 2806 favorem

180 2847 351 2932 acquirere
376 2846 566 2926 moliantur,
599 2847 626 2910 si
648 2846 897 2910 Veronensibus
921 2845 962 2910 ad
991 2845 1114 2909 bonum
1137 2848 1227 2932 pacis
1249 2869 1309 2933 per
1331 2848 1535 2912 venerabiles
1558 2846 1676 2911 fratres
1699 2852 1829 2910 nostros

180 2999 215 3016 ..
244 2949 433 3034 Reginum³
468 2956 501 3014 et
538 2998 570 3013 ..
599 2948 827 3014 Tervisinum⁴
860 2949 1034 3037 episcopos
1072 2950 1268 3014 auctoritate
1302 2957 1414 3016 nostra
1453 2950 1628 3031 reductisl,
1662 2955 1696 3012 ct
1728 2947 1830 3012 nobili

103 3081 128 3118 a
182 3055 251 3118 viro
281 3052 428 3118 Iohanne
459 3051 706 3117 Fortibrachioa
738 3052 823 3116 sicut
852 3049 1067 3116 mandaveras
1103 3053 1248 3139 ipsorum
1282 3055 1431 3139 regimen
1467 3053 1615 3137 recipere
1645 3058 1829 3131 recusante,

179 3157 323 3223 nobilem
345 3157 450 3221 virum
473 3155 627 3220 comitem
642 3153 842 3240 Rayuerium
857 3154 899 3219 de
915 3155 1095 3220 Marzanl’i
1117 3157 1248 3222 fidelem
1265 3164 1412 3222 nostrum
1435 3157 1477 3221 ad
1499 3157 1686 3222 nuntiorum
1708 3155 1829 3220 utrius-

180 3283 244 3348 que
267 3261 370 3349 partis
394 3260 599 3340 instantiam,
631 3259 779 3322 iniuncto
803 3259 835 3323 ei
865 3258 952 3343 quod
975 3259 1029 3323 via
1050 3260 1233 3347 procedens
1257 3262 1349 3346 regia
1370 3281 1575 3345 nequaquam
1599 3259 1640 3323 ad
1663 3259 1828 3324 sinistram
1841 3273 1906 3316 xum.
1916 3277 1983 3324 aaa.

179 3369 233 3432 vel
262 3366 432 3429 dexteram
463 3364 658 3443 declinaret,
688 3363 721 3427 in
749 3369 949 3449 potestatem
977 3363 1130 3428 duximus
1157 3364 1410 3451 providendum,
1439 3385 1504 3428 non
1533 3370 1601 3442 est,
1629 3361 1708 3447 quid
1734 3361 1830 3425 nobis

179 3471 289 3535 valeat
316 3468 479 3555 imputari.
532 3467 768 3532 Verumtamen
797 3467 960 3531 sustinere
994 3488 1060 3531 non
1090 3490 1281 3554 possumus,
1313 3469 1390 3553 quin
1418 3474 1530 3532 contra
1558 3488 1636 3548 eos,
1667 3465 1738 3551 qui,
1770 3485 1829 3528 ex·

103 3595 129 3634 so
182 3573 513 3637 communicationum
552 3570 740 3650 sententiis,
775 3572 968 3635 iuramentis
995 3579 1029 3636 et
1055 3573 1150 3658 penis
1180 3573 1383 3660 interpositis
1412 3571 1597 3658 vilipensis,
1621 3574 1830 3656 potestatem,

181 3677 236 3762 qui
264 3697 345 3762 pure
380 3697 416 3740 se
447 3674 561 3739 habuit
589 3680 623 3738 et
650 3673 692 3738 de
721 3674 912 3739 sinceritate
941 3674 1019 3739 fidei
1049 3675 1092 3739 ab
1124 3682 1260 3761 utraque
1290 3682 1383 3762 parte
1412 3674 1543 3759 publice
1574 3671 1830 3748 commendatur,

181 3802 299 3866 capere
324 3786 357 3844 et
379 3800 495 3865 pacem
519 3799 583 3842 non
607 3785 682 3842 sunt
705 3778 800 3842 veriti
824 3778 966 3857 violare,
999 3779 1083 3843 siout
1106 3779 1234 3842 iustitia
1255 3779 1370 3864 exigit,
1394 3777 1619 3864 procedamus.
1664 3775 1829 3853 Ceterum,

182 3884 210 3948 si
233 3883 408 3948 mentiatur
431 3883 602 3967 iniquitas,
626 3881 712 3965 quod
735 3882 768 3944 in
791 3881 1053 3946 Ultramontanis
1076 3889 1110 3946 et
1130 3881 1227 3946 Italic
1252 3883 1400 3968 partibus
1424 3881 1564 3946 ecclesie
1589 3880 1733 3944 studium
1756 3885 1830 3942 tuos

181 3992 336 4073 procuret
358 3985 518 4070 impedire
542 4006 727 4071 processus,
751 3985 931 4072 imperialis
947 3985 1098 4050 utilitatis
1122 4008 1175 4050 res
1199 3987 1337 4072 expetit,
1359 3991 1396 4049 ut
1419 4005 1493 4049 cum
1510 4005 1610 4070 opera
1633 3983 1830 4049 contrarium

104 4113 109 4125 ·
183 4096 423 4177 protestentur,
459 4111 516 4154 ora
549 4090 776 4154 mentientium
811 4089 963 4154 obstruas
987 4097 1020 4154 et
1053 4089 1201 4153 auditum
1236 4111 1363 4166 eorum,
1399 4090 1453 4174 qui
1490 4089 1678 4152 scismatum
1706 4086 1831 4150 zizania

181 4195 344 4259 seminant
366 4200 403 4257 ut
430 4192 550 4257 exinde
580 4193 761 4277 iniquitatis
791 4194 881 4257 lucra
905 4193 1111 4278 conquirant,
1142 4192 1406 4257 oblocutionibus
1428 4190 1606 4256 interdicas
1617 4191 1637 4254 ⁷.
1682 4189 1736 4254 Ad
1758 4189 1830 4268 hec,

180 4299 257 4383 quia
279 4297 515 4382 multiplicatus
538 4297 572 4360 in
600 4317 695 4361 aures
719 4297 900 4383 apostolice
930 4295 1018 4361 sedis
1043 4298 1166 4361 clamor
1188 4296 1229 4361 de
1262 4317 1364 4382 regno
1386 4295 1534 4382 predicto
1558 4295 1694 4360 veniens
1718 4302 1752 4360 et
1773 4315 1829 4357 us-

182 4422 244 4487 que
269 4401 302 4464 in
326 4400 433 4464 celum
457 4401 542 4464 sicut
570 4399 733 4464 credimus
761 4401 826 4464 iam
858 4399 1040 4465 ascendens
1067 4422 1128 4464 nos
1151 4399 1192 4465 de
1225 4401 1376 4486 preteriti
1399 4401 1523 4464 silentii
1546 4400 1643 4486 eulpa
1665 4399 1832 4485 redarguit

182 4503 279 4569 etad
302 4509 392 4568 tuam
415 4504 646 4569 excellentiam
669 4503 809 4568 clamare
833 4503 1011 4589 compellit,
1035 4503 1063 4567 si
1085 4509 1198 4567 nostro
1220 4503 1332 4567 forsan
1356 4503 1501 4568 excitata
1516 4503 1657 4568 clamore
1680 4504 1830 4568 lacrimas

54 4669 57 4674 .
103 4626 130 4665 ⁴⁰
181 4607 404 4672 misericordie
427 4628 526 4672 mauu
547 4629 567 4670 a
589 4607 792 4692 gementium
820 4607 963 4671 maxillis
992 4607 1200 4691 abstergere,
1227 4606 1397 4672 doloribus
1426 4606 1541 4694 populi
1567 4607 1662 4691 regni
1693 4607 1831 4693 predicti

180 4711 344 4776 medelam
367 4733 533 4798 apponere
555 4733 593 4776 ac
617 4712 731 4797 plagas
755 4711 859 4796 ipsius
883 4710 1013 4774 studeat
1035 4711 1120 4776 sicut
1142 4712 1296 4775 convenit
1318 4711 1465 4796 alligare,
1489 4709 1718 4775 celsitudinem
1741 4717 1830 4775 tuam

180 4815 359 4901 rogandam
390 4815 542 4880 duximus
573 4816 732 4881 attentius
762 4822 796 4880 et
827 4813 1042 4892 monendam,
1077 4816 1230 4899 quatinus
1262 4814 1440 4899 diligenter
1469 4813 1642 4879 attendens
1674 4821 1831 4898 quantum

180 4918 267 4983 lame
289 4918 452 5005 imperiali
481 4919 637 5006 expediat
668 4927 701 4984 et
730 4917 772 4982 ad
801 4918 849 4982 tui
876 4919 1016 4983 nominis
1040 4918 1197 4984 honorem
1227 4918 1375 4996 accedat,
1408 4919 1482 4998 sic⁰,
1513 4919 1604 4982 iuxta
1627 4918 1713 5002 quod
1737 4919 1831 4985 nobis

183 5043 242 5108 per
265 5029 338 5086 tuas
360 5022 489 5086 litteras
512 5023 636 5109 pluries
658 5023 855 5110 promisisti,
885 5022 1048 5108 premissa
1071 5024 1208 5108 corrigi,
1240 5029 1274 5088 et
1302 5043 1344 5090 ne
1367 5023 1591 5107 inposterum
1615 5020 1736 5086 similia
1757 5043 1832 5108 pre-

290 5314 315 5382 ¹)
335 5308 483 5369 Fortibraclr
502 5317 534 5369 B.
617 5318 639 5384 ³)
661 5323 767 5371 Moneri
786 5319 817 5372 R.
899 5319 920 5384 ⁰)
939 5321 960 5371 si
979 5319 1011 5370 R.

285 5451 310 5518 1)
332 5450 375 5517 Cf.
393 5467 420 5504 η.
439 5455 499 5505 494.
569 5453 748 5521 2)a.1235,
774 5455 845 5508 Noc.
866 5459 884 5508 5
901 5461 927 5508 et
948 5454 1079 5522 7sactc,·
1104 5453 1410 5520 Homero-Braneus,
1432 5451 1448 5506 l.
1472 5466 1495 5505 c.
1514 5457 1532 5507 t.
1552 5452 1605 5520 IV,
1624 5469 1655 5522 p.
1675 5451 1832 5504 796-79c.

180 5539 208 5606 3)
228 5537 383 5591 Nicolaum.
439 5539 467 5606 4)
490 5539 608 5594 liciam.
660 5541 688 5608 5)
704 5559 729 5594 o.
743 5545 825 5608 1235,
842 5541 933 5610 April.
947 5545 999 5607 183
1017 5541 1089 5594 Ana.
1108 5539 1205 5595 Veron.
1219 5559 1246 5594 a.
1259 5543 1341 5608 1235,
1358 5541 1405 5594 SS.
1418 5542 1437 5594 t.
1450 5539 1537 5604 XIX,
1549 5555 1581 5610 p.
1599 5540 1625 5592 9.
1675 5539 1703 5606 a)
1721 5536 1832 5608 Boane·

181 5624 243 5678 rs'aa
261 5623 429 5694 Borgarcllo
448 5624 482 5678 dc
500 5625 618 5680 Peracto
636 5627 794 5696 appellator
811 5626 918 5681 ibidem.
989 5626 1016 5692 7)
1037 5625 1079 5694 Cf.
1097 5641 1125 5682 a.
1145 5629 1209 5680 655.
