4596 6406
441 422 505 484 656
1014 415 1062 468 EX
1080 413 1256 470 GREGORH
1274 414 1313 467 IX
1331 413 1513 468 auors'rlto

448 593 536 656 tinus
560 593 786 656 Ariminenses
810 596 843 654 et
863 610 977 652 omnes
1000 589 1082 652 alios
1105 587 1146 652 de
1161 586 1366 661 Romaniola‚
1390 586 1445 671 qui
1461 593 1572 650 contra
1587 585 1790 649 Fridericum
1811 585 1934 649 dictum
1959 585 2108 670 impera-

442 702 547 760 torem
570 694 668 759 fidem
693 700 726 758 et
749 691 1008 756 eeclesiasticam
1031 691 1216 755 libertatem
1247 689 1425 755 defendere
1457 696 1491 754 ct
1520 689 1562 754 ad
1589 689 1797 754 devotionem
1821 688 1964 753 ecclesie
1988 689 2107 752 venire

442 799 641 878 curaverint,
673 796 733 861 sub
765 795 945 882 apostolica
972 795 1175 880 protectione
1208 794 1278 858 vice
1307 799 1421 858 nostra
1448 792 1588 877 recipias
1617 799 1651 856 et
1674 813 1731 856 eos
1755 793 1788 855 in
1811 791 1999 856 huiusmodi
2023 813 2105 877 pro-

441 901 548 987 posito
571 900 788 988 persistentes
812 919 911 983 super
932 897 1042 979 bonis,
1066 918 1129 982 que
1153 897 1439 982 impresentiarum
1461 894 1702 959 rationabiliter
1721 893 1907 980 possident,
1931 915 1999 958 uon
2024 917 2105 981 pcr-

442 1005 552 1070 mittas
576 1006 617 1069 ab
640 1005 803 1090 aliquibus
826 1000 971 1067 indebite
994 1001 1178 1076 molestari;
1201 1001 1431 1066 molestatores
1454 1007 1516 1064 etc.
2160 1017 2172 1054 s

553 1124 630 1189 Dat.
653 1133 690 1189 ut
714 1144 822 1210 supra.

1062 1228 1474 1237 ————-—-——

551 1550 742 1662 Gregorius
777 1578 833 1642 IX
858 1598 950 1657 papa
986 1577 1009 1660 [
1008 1575 1151 1642 Conrado
1183 1575 1242 1660 Il]
1279 1575 1530 1640 Hildcsbcurcust
1566 1581 1596 1640 ct
1632 1576 1810 1664 [Ecairdo]
1845 1574 2107 1656 Merscburaeusi

442 1685 593 1767 episcopis
624 1687 654 1748 ct
681 1681 787 1747 abbati
809 1679 956 1744 Portcusi
988 1679 1202 1745 Gisterctcnsis
1236 1679 1359 1742 ordinis
1390 1679 1536 1757 uurndzt,
1570 1701 1609 1744 uc
1644 1678 1854 1763 [Hearicum]
1885 1677 2107 1760 brutqravium

446 1788 641 1871 Thuriuqiac
663 1789 693 1849 ct
713 1783 863 1866 quosdam
886 1783 980 1861 alios,
1010 1783 1066 1863 qaut
1087 1781 1130 1846 ud
1155 1783 1260 1846 instar
1281 1781 1421 1862 fratrum
1442 1782 1479 1847 dc
1501 1782 1698 1848 Paenitentia
1728 1803 1853 1847 curruum
1882 1801 1974 1845 suum
2002 1779 2107 1844 cruci-

442 1894 539 1975 figere
563 1889 719 1972 clegerint,
741 1887 781 1952 ab
803 1886 963 1966 aliquibus
985 1885 1144 1950 molestari
1165 1886 1356 1966 permittant.
1753 1888 1847 1964 1239,
1869 1884 1934 1949 Iul.
1956 1888 2011 1948 27.
2158 1893 2183 1930 ¹⁰

551 2007 633 2078 (ἶνες.
653 2007 702 2060 IX
719 2006 788 2074 Κεφ.
812 2005 868 2059 Vol.
889 2004 941 2072 VI,
959 2009 1024 2070 118,·
1041 2004 1104 2058 Lib.
1124 2007 1216 2073 XIII,
1238 2009 1298 2060 101.
1346 2005 1463 2061 Ediiaus
1481 2008 1552 2061 tanc
1573 2004 1715 2075 epistolum
1734 2021 1768 2059 ee
1786 2005 1882 2074 Rayu.
1900 2004 1973 2057 Ana.
1992 2004 2056 2057 eccl.
2078 2019 2105 2056 a.

444 2099 523 2161 1239,
541 2099 558 2160 §
578 2099 612 2148 64
631 2097 657 2148 ct
675 2093 823 2157 Stercus,
842 2092 917 2146 Bau.
936 2091 1083 2146 Francius.
1102 2094 1121 2145 t.
1141 2092 1166 2157 1,
1182 2109 1211 2161 p.
1229 2096 1292 2160 271,
1308 2107 1336 2145 u.
1354 2095 1417 2146 299.

549 2180 687 2246 Pottbust,
704 2179 775 2250 Req.
793 2181 897 2233 10778.

525 2434 534 2452 .
563 2434 572 2452 .
600 2374 896 2452 Ildcsemensi
923 2379 965 2447 et
993 2429 1002 2448 .
1031 2430 1040 2447 .
1067 2374 1438 2466 Merseburgensi
1465 2375 1690 2468 episcopis
1717 2382 1761 2450 et
1788 2432 1797 2451 .
1827 2433 1836 2451 .
1864 2375 2012 2450 abbati

878 2497 928 2568 de
954 2494 1106 2567 Porta¹
1135 2495 1455 2571 cisterciensis
1482 2496 1665 2570 ordinis
2158 2526 2181 2563 a

552 2646 741 2711 (laudemus
757 2647 790 2710 in
805 2643 958 2723 Domino,
982 2644 1078 2728 qnod,
1102 2643 1185 2707 sicut
1208 2646 1405 2729 accepimus,
1430 2666 1468 2708 eo
1493 2646 1745 2710 misericorditer
1766 2647 1945 2732 inspiranto
1962 2647 2104 2712 dilectus

444 2752 530 2816 filius
554 2751 672 2815 nobilis
689 2751 738 2813 vir
760 2749 962 2832 lantgravius
978 2746 1135 2833 Turingie
1157 2756 1189 2812 et
1211 2748 1342 2833 quidam
1366 2749 1421 2812 alii
1444 2755 1529 2813 terre
1554 2771 1612 2813 sue
1636 2770 1655 2812 a
1677 2750 1785 2814 noxiis
1809 2750 1930 2814 retrahi
1954 2757 1987 2815 et
2004 2750 2105 2835 dirigi

446 2855 488 2919 ad
518 2854 673 2917 salutaria
703 2853 890 2938 cupientes,
925 2850 1070 2915 adinstar
1102 2851 1238 2914 fratrum
1270 2853 1324 2937 qui
1355 2852 1506 2917 dicuntur
1536 2853 1577 2917 de
1605 2852 1792 2917 Penitentia
1825 2853 1996 2938 clegerunt
2028 2875 2105 2917 curn

446 2958 532 3022 vitiis
548 2964 581 3020 et
598 2955 871 3042 concupiscentiis
889 2954 955 3017 suis
980 2954 1169 3038 crucifigere
1192 2975 1324 3019 carnem
1347 2977 1449 3037 suam,
1473 2963 1509 3019 ut
1532 2954 1591 3018 sub
1615 2956 1804 3042 temporalis
1820 2957 1885 3020 vite
1907 2957 2104 3042 compendio

447 3061 518 3146 regi
548 3060 725 3124 militantes
755 3065 883 3138 eterno,
915 3057 956 3120 ab
987 3078 1026 3121 eo
1056 3057 1189 3122 celestis
1221 3059 1432 3122 beatitudinis
1464 3060 1625 3146 stipendia
1653 3067 1902 3146 consequantur.
1955 3059 2105 3144 Dignum
2159 3067 2186 3105 ²⁰

446 3165 546 3249 igitur
567 3167 757 3248 reputantes
781 3167 816 3224 ut
838 3161 921 3224 tales
945 3161 1153 3247 prerogativa
1175 3161 1339 3247 gaudeant
1362 3163 1466 3245 gratie
1498 3163 1666 3248 specialis,
1698 3164 1906 3246 mandamus,
1939 3170 2105 3249 quatenus

448 3267 494 3330 eis
517 3264 740 3329 favorabiliter
762 3265 972 3344 assistentes,
1008 3286 1073 3328 non
1100 3266 1296 3350 permittatis
1326 3266 1414 3350 ipsos
1448 3272 1562 3329 contra
1584 3267 1674 3352 pium
1698 3288 1808 3331 eorum
1832 3269 2036 3353 propositum
2060 3269 2105 3333 ab
2157 3345 2158 3348 Ἴ

448 3367 610 3453 aliquibus
627 3374 751 3432 temere
768 3368 944 3447 molestari,
968 3390 1009 3431 ne
1024 3369 1057 3432 in
1073 3375 1139 3432 tam
1156 3368 1253 3453 digno
1270 3368 1403 3432 Domini
1426 3368 1585 3432 famulatu
1600 3370 1732 3434 valeant
1753 3371 1921 3455 impediri:
1945 3373 2106 3436 molesta-

447 3479 535 3536 tores
568 3470 753 3535 huiusmodi
785 3493 844 3557 per
877 3492 1049 3535 censuram
1082 3472 1340 3536 ecclesiasticam
1373 3471 1594 3558 appellatione
1630 3474 1812 3559 postposita
1842 3475 2105 3560 compescendo;

448 3575 679 3640 constitutione
702 3574 742 3638 dc
766 3574 893 3639 duabus
916 3574 1013 3639 dietis
1037 3575 1141 3638 editaa
1162 3577 1196 3639 in
1219 3575 1357 3640 concilio
1381 3574 1528 3660 generali
1556 3596 1621 3640 non
1649 3576 1810 3642 obstante.
1864 3575 1959 3650 Quod
1984 3579 2011 3642 si
2035 3601 2105 3643 non
2159 3591 2185 3629 2⁵

448 3699 560 3744 omnes
584 3678 646 3742 hiis
674 3679 874 3764 exequendis
903 3679 1065 3743 interesse
1095 3679 1286 3765 potueritis,
1315 3679 1379 3743 duo
1403 3687 1547 3744 vestrum
1571 3701 1610 3745 ea
1633 3678 1860 3746 nichilominus
1884 3691 2105 3768 exequantur.

554 3799 632 3867 Dat.
653 3799 816 3887 Anagnis,
839 3799 907 3866 vlt
930 3799 1005 3865 Kal.
1029 3801 1114 3885 Aug.
1139 3822 1223 3864 anno
1246 3799 1342 3865 XIII.

1232 4271 1319 4344 754.

556 4363 746 4474 Grcqorius
768 4391 825 4456 IX
839 4413 930 4473 papa
950 4392 1127 4477 [Iohanni]
1148 4394 1292 4457 riviuistro
1313 4392 1453 4472 fratrum
1475 4394 1642 4458 Minora-m
1668 4395 1704 4458 iu
1727 4395 1873 4460 sarona
1894 4395 2040 4475 uvaudat,
2070 4403 2107 4461 ut

448 4516 517 4560 cum
537 4493 733 4580 [Hauricus]
756 4495 956 4578 lantgravius
981 4493 1175 4578 Thuriuqiae
1196 4500 1225 4559 ct
1246 4496 1446 4582 [Gertruda]
1468 4519 1550 4562 uxor
1579 4498 1647 4562 cius
1674 4521 1695 4562 a
1723 4499 1936 4578 sepelierint,
1964 4502 2001 4561 ut
2022 4500 2106 4580 ipsis

447 4597 634 4662 sacerdotem
661 4597 848 4673 muccdcret,
878 4598 934 4678 qui
960 4597 1166 4678 consessiones
1187 4619 1292 4662 eorum
1313 4599 1441 4677 audiat,
1468 4601 1605 4682 aliquem
1633 4601 1670 4665 dc
1697 4601 1855 4682 tratribus
1882 4601 1949 4665 suis
1974 4601 2019 4664 ad
2048 4602 2106 4667 hoc
2161 4609 2189 4647 ³⁰

448 4699 579 4780 auaui.
1757 4707 1852 4784 1239,
1873 4703 1938 4770 ru.
1960 4707 2013 4768 aa.

554 4817 636 4887 Grcq.
655 4819 705 4872 IX
721 4819 792 4889 Κεφ.
817 4819 873 4874 Vol.
895 4819 946 4887 VI,
963 4824 1029 4880 11&
1047 4818 1109 4873 Lib.
1129 4818 1222 4886 XIII,
1241 4824 1302 4874 102.

552 4904 690 4970 Paulinae,
708 4904 777 4978 Req.
796 4909 897 4960 10779.

751 5125 760 5176 ι
789 5157 799 5176 .
827 5102 1031 5176 ministro
1059 5102 1245 5174 fratrum
1273 5102 1499 5176 Minorum
1526 5102 1570 5174 in
1597 5103 1799 5175 Saxouia.
1921 5099 1923 5106 '

556 5250 677 5315 Dilecti
708 5251 766 5314 filii
795 5250 914 5315 nobilis
942 5252 991 5315 vir
1019 5301 1026 5316 .
1052 5301 1060 5318 .
1087 5251 1288 5336 lantgravius
1320 5251 1477 5338 Turingie
1506 5259 1540 5317 et
1563 5302 1603 5319 ..
1634 5275 1719 5318 uxor
1749 5255 1835 5337 eius,
1864 5256 2035 5340 cupientes
2066 5279 2103 5322 se
2160 5271 2186 5311 ³⁵

449 5354 557 5420 divine
584 5354 691 5439 gratie
718 5375 779 5441 per
807 5375 909 5441 opera
936 5353 1034 5439 digne
1063 5355 1242 5440 penitentie
1272 5363 1443 5442 coaptare,
1473 5357 1567 5421 nobis
1596 5357 1762 5422 humiliter
1792 5358 2037 5445 supplicarunt,
2067 5366 2105 5426 ut

552 5579 576 5646 Ι)
594 5581 668 5632 aditis
687 5579 731 5631 ab.
836 5577 861 5645 b)
878 5581 916 5632 ita
934 5581 993 5642 Slus
1010 5591 1084 5644 recte,
1100 5592 1128 5634 at
1146 5581 1261 5635 Peraia
1279 5585 1424 5646 cumaea
1440 5586 1490 5636 VII
1507 5583 1593 5656 Rapa.

553 5701 580 5769 1)
598 5697 797 5768 Sabat-Psorta
811 5713 901 5770 propa
920 5699 1092 5769 Naumbura.
