4576 6390
752 373 954 430 EPIS'I'OLAE
971 371 1162 428 submersu.
1198 371 1274 426 1233.
1773 376 1836 441 433

183 551 331 618 exhibite
357 550 587 632 continebant,
617 550 703 615 iuter
732 548 879 613 diversas
907 546 1062 612 heresum
1090 537 1237 632 speeies,
1269 565 1332 631 que
1356 545 1501 632 peccatis
1523 545 1733 632 exigentibus
1756 549 1836 616 Ale-

182 655 346 721 manniam
375 653 574 734 infecerunt,
603 674 683 730 una,
712 652 798 716 sicut
820 649 1048 714 detestabilior
1077 649 1196 714 ceteris
1220 649 1267 712 sio
1295 655 1329 713 et
1357 650 1544 734 generalior
1564 651 1742 734 universis,
1773 675 1836 739 que

182 782 248 825 non
272 761 377 824 solum
399 756 619 823 referentibus
643 755 702 821 sed
724 754 823 820 etiam
839 752 1049 818 audientibus
1066 757 1117 817 est
1132 745 1270 832 horrori,
1292 752 1326 815 in
1341 751 1506 818 nobilibus
1526 755 1681 819 membris
1695 757 1835 824 ecclesie

182 885 221 928 ac
237 863 331 928 valde
355 861 546 948 potentibus
569 861 633 925 iam
657 860 773 946 erupit.
820 857 894 923 Hec
917 857 1005 922 enim
1028 855 1115 919 omni
1140 860 1191 920 est
1205 853 1338 919 dissona
1354 855 1483 932 rationi,
1508 857 1596 922 omni
1618 858 1734 944 pietati
1757 881 1835 924 cou-

183 967 293 1044 traria,
318 966 406 1031 omni
429 965 519 1030 cordi
543 963 684 1045 odibilis,
707 962 880 1028 celestium
905 959 1048 1024 omnium
1073 963 1106 1024 et
1128 958 1333 1023 terrestrium
1356 958 1498 1036 inimica,
1521 966 1748 1047 contraquam
1770 984 1836 1028 nou

182 1071 287 1136 solum
309 1070 459 1134 homines
482 1067 609 1133 ratione
631 1073 762 1132 utentes
786 1084 899 1130 verum
924 1063 1024 1128 etiam
1046 1062 1172 1126 ratione
1204 1063 1364 1143 carentia,
1395 1084 1469 1127 cum
1498 1063 1560 1128 hec
1587 1066 1690 1151 pestis
1722 1086 1835 1131 eorum

184 1172 323 1240 excedat
346 1173 519 1251 insaniam,
541 1172 640 1236 immo
663 1171 737 1257 ipsa
760 1169 860 1234 etiarn
883 1168 1048 1232 elementa
1070 1165 1193 1231 debent
1215 1166 1387 1251 insurgere
1411 1173 1445 1233 et
1467 1170 1595 1233 armari.

290 1276 399 1342 Huius
421 1276 525 1362 pestis
549 1275 643 1339 initia
665 1274 744 1338 talia
766 1271 988 1360 perferuntur:
1014 1292 1090 1334 nam
1113 1269 1190 1335 dum
1214 1271 1356 1336 novitius
1380 1271 1413 1335 iu
1436 1293 1476 1337 ea
1491 1272 1663 1358 quisquam
1679 1274 1835 1360 recipitur

182 1387 215 1446 et
237 1380 438 1468 perditorum
460 1379 611 1465 primitus
636 1377 765 1442 scholas
788 1376 898 1450 intrat,
922 1380 1058 1461 apparet
1080 1374 1111 1438 ei
1135 1374 1264 1459 species
1285 1373 1425 1460 quedam
1448 1396 1537 1456 rane,
1561 1387 1658 1462 quum
1678 1378 1835 1444 bufonem

183 1489 422 1550 consueverunt
445 1481 544 1567 aliqui
565 1480 743 1544 nominare.
788 1478 884 1543 Hauc
907 1476 1074 1563 quidama
1095 1477 1334 1564 posterioribus
1358 1484 1392 1542 et
1417 1477 1547 1562 quidam
1570 1480 1603 1543 in
1627 1501 1683 1546 ore
1700 1479 1833 1546 damna-

181 1588 292 1653 biliter
320 1588 523 1666 osculantes,
553 1585 701 1670 linguam
729 1582 836 1647 bestie
865 1581 950 1644 intra
978 1601 1035 1644 ora
1063 1601 1123 1645 sua
1149 1581 1312 1667 recipiunt
1339 1587 1372 1646 et
1400 1581 1547 1647 salivam.
1597 1583 1670 1649 Heo
1698 1593 1836 1672 apparet

181 1689 345 1756 interdum
366 1689 513 1754 indebita
536 1689 731 1773 quantitate,
763 1693 796 1751 et
819 1684 1013 1770 quandoque
1041 1685 1073 1748 iu
1105 1683 1237 1748 modum
1266 1685 1393 1750 anseris
1415 1686 1469 1750 vel
1496 1686 1614 1768 anatis,
1642 1688 1834 1774 plerumque

181 1795 268 1860 furni
301 1795 399 1860 etiam
430 1792 645 1876 quantitatem
674 1790 821 1855 assumit.
876 1788 1018 1854 Demum
1051 1789 1176 1853 novitio
1205 1788 1398 1875 procedenti
1428 1790 1568 1854 occurrit
1596 1791 1670 1855 miri
1699 1792 1834 1879 palloris

181 1902 289 1979 homo,
311 1896 507 1984 nigerrimos
530 1895 656 1960 habeus
680 1895 803 1974 oculos,
826 1892 908 1958 adeo
933 1899 1130 1957 extenuatus
1154 1898 1187 1958 et
1208 1913 1330 1974 macer,
1354 1891 1441 1978 quod
1460 1895 1662 1980 consumptis
1682 1896 1834 1962 carnibus

182 2005 253 2069 sola
276 2002 359 2066 cutis
382 2000 498 2065 relicta
521 1997 650 2064 videtur
673 1997 802 2062 ossibus
826 1995 1041 2082 superducta3
1063 1996 1150 2061 buno
1173 1995 1316 2061 novitius
1333 1996 1499 2060 osculatur
1515 2003 1549 2063 et
1564 1999 1664 2064 sentit
1679 1999 1833 2085 frigidum

181 2108 265 2172 sicut
287 2105 442 2190 glaciem,
475 2107 605 2188 etpost
628 2101 775 2165 osculum
805 2099 966 2164 catholice
995 2099 1153 2163 memoria
1176 2096 1253 2163 fidei
1276 2096 1316 2162 de
1339 2099 1442 2186 ipsius
1466 2099 1563 2165 corde
1586 2102 1733 2168 totaliter
1755 2125 1832 2168 eva-

145 2261 146 2264 .
179 2211 294 2277 nescit.
339 2207 392 2272 Ad
416 2205 600 2270 convivium
622 2203 830 2291 postmodum
853 2201 1151 2284 discumbentibus,
1181 2209 1215 2267 et
1238 2203 1448 2288 surgentibus
1471 2205 1635 2290 completo
1658 2206 1731 2292 ipsc
1754 2228 1833 2272 con-

179 2314 278 2394 vivio,
300 2334 361 2400 per
382 2308 544 2396 quandam
567 2314 719 2388 statuam,
743 2328 806 2393 que
829 2307 863 2371 in
887 2306 1009 2370 scholis
1032 2305 1221 2370 huiusmodi
1243 2326 1318 2370 esse
1342 2307 1438 2388 solet,
1461 2305 1634 2372 deseendit
1653 2315 1833 2376 retrorsum

180 2416 221 2483 ad
251 2415 384 2481 modum
413 2414 503 2480 canis
531 2411 705 2478 mediocris
733 2417 844 2496 gattus
872 2411 968 2495 niger
995 2414 1118 2474 retorta
1147 2407 1268 2488 cauda,
1297 2430 1395 2494 quem
1418 2430 1439 2473 a
1460 2410 1698 2496 posterioribus
1728 2413 1833 2500 primo

182 2520 336 2600 novitius,
359 2523 435 2606 post
456 2515 623 2601 magister,
647 2514 766 2580 deinde
790 2513 910 2600 singuli
932 2533 992 2600 per
1015 2511 1162 2577 ordinem
1179 2513 1379 2592 osculantur,
1403 2513 1459 2599 qui
1473 2519 1584 2578 tamen
1599 2513 1691 2601 digni
1707 2523 1784 2580 sunt
1800 2523 1834 2582 et

179 2621 336 2710 perfecti;
361 2621 545 2709 imperfecti
562 2640 650 2700 sero,
666 2619 722 2706 qui
738 2640 774 2684 se
790 2619 909 2704 dignos
923 2638 989 2682 non
1005 2621 1168 2704 reputant,
1180 2638 1297 2703 paoem
1313 2617 1507 2704 recipiunta
1522 2618 1690 2704 magistro,
1707 2626 1740 2684 et
1756 2625 1832 2685 tunc

180 2727 317 2811 singulis
333 2748 393 2814 per
409 2727 481 2790 loca
496 2745 557 2789 sua
571 2725 697 2811 positis,
721 2723 882 2809 dictisque
899 2721 1094 2808 quibusdam
1112 2722 1320 2800 carminibus,
1343 2743 1381 2788 ac
1397 2743 1512 2787 versus
1528 2728 1655 2806 guttum
1670 2723 1839 2809 capitibus·

179 2830 360 2894 inclinatis:
392 2830 506 2894 ‘Parce
529 2829 646 2909 nobis’,
675 2827 755 2892 dicit
777 2827 951 2912 magister,
975 2831 1009 2891 et
1030 2827 1180 2913 proximo
1205 2826 1321 2911 cuique
1344 2826 1407 2891 hoc
1429 2826 1585 2913 precipit,
1613 2826 1832 2913 respondente

179 2934 277 2999 tertio
299 2954 338 2997 ac
361 2931 507 2998 dicente:
539 2929 678 2995 ‘Scimus
709 2931 892 3016 magister’;
923 2935 1057 3015 quartus
1090 2929 1153 2993 ait:
1182 2927 1237 2993 ‘ut
1265 2950 1325 2993 uos
1350 2928 1485 2995 obedire
1508 2929 1695 3006 debemus’;
1725 2937 1759 2996 et
1780 2931 1832 2996 bis

182 3037 228 3102 ita
249 3037 392 3123 peractis
416 3035 653 3120 extinguuntur
675 3033 829 3114 candele,
860 3039 893 3098 et
915 3031 1103 3119 proceditur
1130 3031 1172 3096 ad
1201 3031 1433 3098 fetidissimum
1463 3053 1544 3119 opus
1567 3033 1714 3115 luxurie,
1743 3034 1833 3099 nulla

181 3139 380 3205 discretione
402 3138 516 3202 habita
538 3138 624 3202 inter
639 3143 814 3202 extraneas
830 3143 864 3203 et
877 3137 1089 3224 propinquas.
1135 3135 1230 3210 Quod
1254 3135 1281 3200 si
1304 3135 1388 3201 forte
1404 3137 1508 3200 uirilis
1532 3157 1632 3202 sexus
1656 3143 1834 3222 supersunt

180 3241 280 3328 aliqui
310 3242 396 3306 ultra
429 3261 599 3305 numerum
626 3241 814 3321 mulierum,
856 3239 967 3304 traditi
998 3239 1032 3302 in
1061 3241 1231 3325 passiones
1261 3239 1457 3325 ignominie,
1492 3240 1525 3304 iu
1557 3239 1735 3307 desideriis·
1764 3242 1832 3306 suis

178 3345 320 3409 invicem
343 3342 557 3425 exardentes,
588 3342 726 3407 masculi
752 3343 786 3407 in
814 3343 978 3407 masculos
1002 3341 1238 3428 turpitudinem
1261 3348 1453 3429 operantur,
1483 3343 1633 3409 similiter
1655 3350 1689 3409 et
1711 3344 1832 3409 femine

179 3448 353 3512 immutant
375 3447 558 3512 naturalem
580 3467 675 3510 usum
697 3447 732 3511 in
754 3467 845 3526 eum,
878 3446 933 3531 qui
956 3452 1008 3510 est
1029 3452 1142 3510 contra
1164 3452 1329 3526 naturam,
1358 3446 1421 3510 hoc
1443 3447 1551 3532 ipsum
1574 3447 1661 3512 inter
1682 3468 1717 3512 se
1740 3447 1832 3512 dam-

180 3551 357 3637 pnabiliter
389 3550 560 3616 facientes.
611 3549 806 3636 completo*
832 3569 911 3614 vero
944 3555 1011 3612 tam
1039 3547 1273 3614 nefandissimo
1307 3550 1433 3615 scelere
1468 3555 1502 3615 et
1534 3548 1680 3615 candelis
1713 3551 1832 3616 iterum

177 3653 366 3719 'reaccensis
393 3654 595 3740 singulisque
621 3654 656 3718 iu
686 3675 746 3718 suo
776 3653 890 3718 ordine
919 3653 1121 3732 constitutis,
1152 3652 1193 3719 de
1225 3653 1363 3719 obscuro
1393 3653 1578 3718 scholarum
1601 3654 1738 3739 angulo,
1768 3675 1831 3739 quo

179 3779 245 3822 nou
268 3763 381 3822 carent
403 3756 618 3844 perditissimi
639 3756 824 3836 bominum,
848 3755 978 3841 quidam
1002 3755 1099 3820 homo
1122 3756 1271 3842 procedit
1293 3778 1314 3820 a
1336 3757 1468 3822 renibus
1493 3777 1622 3822 sursum
1644 3757 1775 3842 fulgens
1798 3763 1833 3822 et

181 3861 250 3925 sole
274 3861 407 3941 clarior,
431 3862 516 3926 sicut
538 3859 667 3941 dicunt,
690 3859 843 3925 deorsum
866 3858 1014 3947 hispidus
1038 3860 1124 3924 sicut
1145 3866 1273 3946 gattus,
1296 3862 1389 3927 cuius
1412 3860 1521 3946 fulgor
1542 3861 1706 3926 illuminat
1727 3865 1831 3925 totum

178 3965 298 4030 locum.
342 3965 434 4030 Tunc
457 3965 613 4051 magister
635 3984 819 4051 excerpens
842 3962 966 4049 aliquid
988 3961 1029 4027 de
1052 3969 1145 4028 veste
1161 3964 1288 4045 novitii,
1311 3964 1436 4051 fulgido
1459 3964 1507 4028 illi
1530 3963 1624 4029 dicit:
1648 3963 1831 4050 ‘Megisten

180 4067 243 4133 hoo
272 4068 354 4133 mihi
384 4069 496 4133 datum
524 4069 585 4134 tibi
615 4067 678 4148 do’,
714 4067 771 4132 illo
805 4066 930 4152 fulgido
958 4065 1193 4153 respondente:
1230 4067 1338 4134 ‘Bene
1368 4069 1450 4134 mihi
1481 4069 1612 4135 servisti
1639 4069 1764 4156 pluries
1797 4075 1832 4134 et

179 4171 296 4236 melius
320 4172 460 4252 servies,
483 4178 539 4237 tue
564 4173 729 4236 committo
753 4170 919 4252 custodie,
950 4170 1037 4256 quod
1059 4169 1205 4252 dedisti',
1232 4173 1339 4237 ethis
1362 4172 1458 4238 dietis
1481 4172 1629 4262 protinus
1652 4173 1830 4238 evanescit.

180 4273 307 4360 Corpus
331 4275 430 4339 etiam
453 4274 585 4341 Domini
610 4276 748 4361 singulis
771 4275 865 4340 annis
888 4275 921 4339 in
943 4274 1067 4361 pascha
1089 4274 1130 4339 de
1154 4296 1252 4340 manu
1274 4277 1438 4363 recipiunt
1466 4276 1664 4359 sacerdotis,
1693 4284 1727 4342 et
1748 4276 1830 4342 illud

180 4376 222 4442 ad
244 4377 359 4443 domus
389 4400 465 4443 suas
493 4380 526 4444 in
554 4401 610 4445 ore
638 4386 806 4467 portantes
834 4380 867 4444 in
897 4379 1049 4444 latrinam
1079 4379 1243 4466 proiciunt
1271 4379 1306 4445 in
1334 4381 1567 4446 contumeliam
1588 4379 1830 4470 Redemptoris.

179 4481 234 4546 Ad
255 4481 317 4547 heo
340 4482 557 4547 infelicissimi
586 4483 729 4548 omnium
761 4483 954 4548 miserorum
976 4482 1214 4567 gubernantem
1238 4483 1376 4548 celestia
1397 4484 1532 4570 pollutis
1555 4485 1651 4551 labiis
1674 4485 1830 4573 blasphe-

180 4591 307 4650 mantes
339 4591 492 4650 asserunt
525 4585 710 4667 delirando,
742 4586 888 4652 celorum
919 4584 1086 4650 dominum
1115 4586 1279 4652 violenter
1313 4593 1427 4652 oontm
1458 4588 1616 4654 iustitiam
1647 4595 1681 4655 et
1715 4589 1830 4656 dolose

178 4688 366 4754 Luciferum
396 4688 431 4752 in
460 4688 582 4753 inferos
611 4687 801 4754 detrusisse.
845 4687 886 4752 In
908 4688 995 4752 bunc
1019 4689 1119 4753 etiam
1148 4687 1284 4754 credunt
1310 4690 1438 4771 miseri,
1471 4696 1506 4756 et
1527 4692 1635 4778 ipsum
1667 4691 1831 4758 affirmant

179 4792 349 4856 celestium
373 4789 592 4872 conditorem,
622 4797 656 4856 et
686 4790 791 4857 adhuc
820 4792 862 4856 ad
886 4813 979 4857 suam
1001 4792 1139 4878 gloriam
1162 4793 1358 4880 precipitato
1380 4792 1523 4860 Domino
1545 4794 1742 4877 rediturum,
1770 4818 1831 4883 per

178 4915 276 4980 quem
299 4915 372 4959 cum
396 4893 511 4960 eodem
529 4901 562 4961 et
577 4915 643 4958 non
664 4900 740 4960 ante
756 4895 863 4982 ipsum
880 4917 916 4960 se
932 4903 1066 4983 sperant
1081 4904 1228 4962 eternam
1243 4897 1481 4964 beatitudinem
1496 4897 1677 4965 habituros.
1712 4899 1831 4964 Omnia

178 4997 252 5062 Deo
275 4997 398 5083 placita
419 5019 484 5063 non
507 4997 635 5084 agenda
656 4997 811 5081 fatentur,
834 5005 867 5065 et
890 5001 998 5086 potius
1021 4999 1150 5086 agenda
1173 5022 1236 5086 que
1260 4999 1338 5067 odit.

287 5099 375 5165 Proh
392 5098 498 5165 dolor!
532 5099 613 5174 Quis
635 5123 778 5187 unquam
801 5102 925 5167 audivit
946 5102 1047 5168 talia?
1082 5103 1254 5176 Quietem
1276 5103 1402 5170 nesano
1422 5103 1530 5191 potuit
1545 5103 1712 5188 cogitaret
1748 5103 1829 5179 Quis

149 5266 150 5269 ,
179 5209 305 5268 tantam
326 5205 449 5290 poterit
469 5224 535 5269 non
558 5204 738 5270 abominari
761 5205 952 5292 perfidiam?
984 5204 1066 5280 Quis
1089 5213 1180 5272 tante
1203 5208 1352 5293 nequitie
1373 5207 1495 5295 poterit
1517 5227 1583 5271 nou
1604 5206 1723 5272 irasci?
1747 5206 1829 5282 Quis

178 5312 291 5372 contra
313 5306 500 5372 huiusmodi
523 5308 714 5395 perditionis
738 5315 773 5374 et
793 5308 987 5396 proditionis
1010 5309 1096 5374 filios
1123 5310 1247 5396 poterit
1272 5331 1338 5374 non
1368 5309 1527 5376 accendit
1559 5309 1626 5375 Ubi
1656 5316 1708 5375 est
1737 5311 1828 5377 aelus
1846 5336 1916 5382 mou
1932 5343 2001 5394 aas.

179 5410 316 5498 Moysis,
338 5411 395 5497 qui
416 5432 481 5476 uua
504 5410 556 5478 die
578 5411 826 5478 idololatrarum
847 5412 962 5498 viginti
984 5413 1047 5476 tria
1068 5412 1160 5477 milia
1182 5412 1366 5479 interfecit?
1396 5413 1463 5479 Ubi
1486 5419 1538 5480 est
1559 5414 1650 5480 zelus
1672 5412 1828 5500 Phineas,
1845 5443 1911 5488 um.
1924 5449 1979 5498 aa,

286 5670 309 5738 ¹)
327 5673 459 5741 completo
477 5701 509 5709 -
528 5675 583 5727 sive
601 5674 680 5742 digna
696 5691 727 5727 ea
744 5675 830 5745 Ruga.

280 5767 342 5824 uro.
359 5769 441 5824 Porr.
459 5769 479 5822 L
