4596 6406
774 390 973 447 EPISTOLAE
991 391 1180 449 SELEG'I'AE.
1217 393 1293 450 1238.

351 691 508 766 Ottoni
535 692 671 766 militi
698 693 749 765 de
777 690 1094 784 Lihctinhagin
1120 691 1479 786 Numburgensis
1507 693 1711 768 diocesis.

314 841 557 922 Laudabiliter,
582 841 667 904 sieut
689 842 891 928 accepimus,
927 849 963 905 ut
994 842 1142 907 invenias
1170 843 1278 908 anime
1311 850 1366 908 tue
1400 843 1562 929 requiem,
1597 845 1727 930 elegisti
1756 843 1859 908 seculi

208 947 452 1012 fluctuationem
475 945 620 1029 effugere
644 966 682 1008 ac
705 946 772 1010 vite
796 945 965 1010 residuum
990 945 1096 1009 studio
1121 946 1302 1031 penitentie
1326 945 1494 1032 deputare.
1545 947 1591 1011 Ut
1619 949 1718 1033 igitur
1745 947 1858 1012 huius-

209 1050 297 1115 modi
323 1051 413 1136 pium
436 1048 633 1113 desiderium
649 1047 744 1112 nobis
767 1048 954 1114 laventibus
978 1045 1094 1112 deduci
1109 1049 1216 1114 valcat
1239 1049 1279 1112 ad
1296 1049 1459 1130 effectum,
1475 1051 1649 1136 presertim
1666 1073 1749 1131 eum,
1773 1052 1858 1116 sicut

146 1171 158 1208 ι
211 1155 381 1234 asseritur,
403 1160 471 1217 tres
495 1161 606 1240 partes
629 1151 788 1217 bonorum
812 1159 952 1233 tuorum,
981 1152 1107 1236 reliqua
1129 1153 1225 1216 unico
1248 1159 1305 1216 tuo
1328 1151 1462 1218 dimissa
1489 1154 1555 1218 filio
1584 1155 1689 1220 adhuc
1712 1155 1746 1219 in
1769 1162 1857 1219 etate

207 1265 321 1322 tenera
344 1257 535 1334 constituto,
566 1257 638 1349 piis·
653 1256 733 1320 loeis
758 1257 929 1340 reliqueris
953 1254 994 1319 ad
1018 1255 1174 1320 honorem
1197 1256 1339 1320 omnium
1364 1255 1558 1338 conditoris,
1588 1279 1648 1324 nos
1670 1258 1855 1324 devotionis

206 1371 261 1426 tue
285 1360 439 1448 precibus
462 1359 804 1446 inclinatipersonam
827 1367 915 1423 tuam
939 1366 1001 1424 etc.
1024 1360 1057 1422 in
1080 1359 1211 1424 modurn
1228 1361 1440 1446 protectionis
1454 1382 1573 1446 usque:
1597 1363 1856 1437 commuuimus3

209 1472 392 1530 statuentes
414 1471 451 1528 ut
474 1462 562 1527 idem
584 1463 669 1526 filius
692 1469 784 1544 tuus,
814 1462 918 1527 donee
940 1462 983 1526 ad
1012 1464 1192 1549 legitimam
1223 1465 1341 1549 viginti
1371 1465 1514 1550 quinque
1544 1486 1701 1530 annorum
1734 1473 1855 1530 etatem

211 1569 414 1657 pervenerit,
447 1567 508 1632 sub
531 1567 714 1653 apostolico
740 1564 827 1630 sedis
851 1567 954 1631 tutela
977 1572 1010 1630 et
1030 1566 1221 1632 defensione
1245 1568 1430 1632 consistat&
1473 1568 1564 1633 Nulli
1587 1589 1665 1654 crgo
1685 1607 1725 1616 -
1745 1574 1856 1633 nostro

131 1693 155 1729 m
207 1672 418 1760 protectionis
442 1679 503 1736 etc.

314 1792 390 1858 Dat.
413 1800 450 1856 ut
473 1813 581 1878 supra.

313 1913 478 2000 Scriptum
502 1920 553 1977 est
576 1934 675 1998 super
691 1913 752 1977 hoc
769 1914 1064 1996 conservatoribus,
1089 1963 1121 1980 ..
1145 1916 1300 2002 episcopo
1324 1923 1357 1980 et
1381 1967 1388 1982 .
1408 1964 1416 1979 .
1439 1917 1607 2002 preposito
1624 1915 1854 2000 Mcsburgensi

206 2026 239 2084 ct
261 2070 270 2087 .
288 2067 296 2082 .
319 2018 432 2083 abbati
448 2017 489 2081 de
508 2016 637 2081 Siclrem
655 2016 885 2082 Cistereiensis
902 2018 1024 2082 ordinis
1040 2019 1299 2084 Alberstatensis
1316 2018 1469 2086 diocesis.
1504 2019 1621 2084 Viduis
1640 2027 1672 2084 et
1689 2018 1853 2106 orphanis,

207 2143 342 2208 quorum
366 2133 427 2189 etc.
474 2119 556 2185 Cum
579 2121 688 2206 igitur,
712 2122 798 2185 sicut
821 2122 1019 2208 accepimus,
1043 2123 1181 2188 dilectus
1204 2123 1290 2187 filius
1306 2123 1470 2188 Henricus
1488 2123 1648 2208 quondam
1672 2123 1849 2187 advocatus

131 2237 155 2274 ¹⁵
208 2226 248 2290 de
273 2226 361 2291 Gera
385 2234 418 2290 et
440 2222 554 2312 I[utta]
580 2225 695 2289 relicta
717 2226 821 2312 ipsius
846 2227 924 2290 etc.¹

308 2347 383 2412 Dat.
406 2347 558 2411 Lateran.
582 2345 680 2412 XVII
703 2345 778 2410 Kal.
802 2345 955 2428 Ianuarii,
976 2369 1061 2412 anno
1086 2347 1290 2412 duodecimo.

821 2575 1229 2582 ———————-—--—-—

981 2829 1066 2902 739.

311 2942 500 3053 (drepana
521 2968 578 3033 IX
596 2989 682 3048 popa
703 2967 869 3051 [Conrado
889 2967 948 3053 ΙΙ]
970 2970 1109 3050 φὶεεορο
1126 2968 1375 3034 Hildeabemenai
1397 2969 1535 3048 mandat,
1557 2972 1593 3032 al
1607 2970 1643 3044 „ai
1665 2969 1791 3034 ecclesio
1811 2969 1848 3034 cte

208 3074 395 3140 Wintltnsen
417 3071 695 3138 Hclbcrstadcnais
716 3071 844 3135 diocesis
867 3071 989 3136 ord-inis
1009 3073 1112 3136 sancti
1132 3073 1307 3154 Attpnstini
1330 3074 1365 3135 in
1388 3091 1444 3136 sno
1466 3072 1574 3136 ordine
1596 3073 1765 3153 rctbrrnari
1786 3095 1849 3137 non

198 3179 306 3258 possit,
330 3180 366 3242 in
388 3179 489 3258 ipsam
516 3177 745 3242 Oistercienscm
769 3176 909 3240 ordinem
932 3177 1071 3242 inducat.
1497 3180 1590 3255 1238,
1612 3176 1688 3246 Dee.
1712 3181 1763 3245 15.

124 3315 150 3354 to
310 3297 391 3368 Grep.
409 3299 458 3351 IX
476 3299 544 3368 Rep.
570 3298 625 3351 Vol.
651 3298 697 3365 VI,
716 3296 1012 3363 63—ottLit.X11,
1031 3303 1097 3352 337.

715 3546 754 3565 ..
784 3491 1005 3585 episcopo
1032 3490 1338 3565 lldesemensi.

308 3643 391 3706 Cum
414 3641 457 3704 sit
479 3641 512 3704 in
535 3640 707 3705 allectione
739 3647 851 3704 nostra
880 3640 1091 3726 precipuum,
1121 3646 1156 3703 ut
1184 3640 1396 3704 eeclesiarum
1420 3639 1506 3703 bona
1529 3640 1719 3704 continuum
1742 3641 1846 3705 susci-

199 3751 290 3836 piant
312 3749 563 3828 incrementum,
592 3746 741 3811 dolentes
765 3747 794 3810 si
816 3746 1013 3810 contrarium
1037 3744 1187 3810 videatur
1209 3744 1376 3826 accidere,
1400 3743 1567 3830 studemus
1592 3743 1706 3809 eadem
1728 3764 1749 3806 a
1771 3765 1846 3830 per·

199 3852 331 3916 ditionis
353 3851 540 3916 discrimine
570 3871 773 3936 preservare.
821 3847 906 3915 Sane
930 3849 1087 3913 mirantes
1110 3849 1314 3935 accepimus,
1349 3848 1435 3934 quod
1462 3849 1540 3913 licet
1568 3848 1602 3912 in
1631 3846 1773 3912 ecclesia
1803 3847 1843 3911 de

121 3980 146 4018 aa
200 3955 400 4022 Wintusen²
434 3955 695 4021 alberstatensis
736 3953 878 4018 diocesis
912 3952 1034 4017 ordinis
1068 3953 1172 4016 saneti
1207 3952 1384 4038 Augustini
1419 3952 1534 4036 religio
1574 3951 1757 4016 refloruerit
1799 3949 1841 4015 ab

196 4064 345 4147 antiquo,
376 4081 462 4125 nunc
488 4067 597 4124 tamen
621 4058 777 4122 canonice
801 4079 839 4122 ae
863 4057 973 4121 clerici
998 4058 1163 4121 seculares
1186 4063 1355 4120 manentes
1379 4055 1499 4120 ibidem
1524 4063 1600 4141 post
1623 4055 1729 4120 carnis
1752 4053 1839 4119 desi-

194 4166 320 4230 derium
343 4165 504 4230 abeuntes
527 4183 565 4227 ac
587 4162 720 4226 lascivis
743 4161 848 4225 modis
872 4171 905 4226 et
935 4160 1078 4224 motibus
1108 4160 1316 4244 frequentare
1344 4160 1416 4224 loca
1443 4159 1558 4224 illicita
1589 4179 1654 4224 non
1683 4165 1845 4238 verentes,

196 4271 296 4334 vitam
319 4269 441 4333 ducunt
464 4266 683 4332 detestatione
707 4271 798 4328 tanta
819 4263 998 4328 notabilem
1022 4270 1056 4328 et
1078 4261 1278 4349 turpitudine
1307 4263 1407 4327 nimia
1437 4263 1679 4350 displicentem,
1710 4271 1746 4327 ut
1778 4262 1842 4325 sint

197 4375 313 4438 vicinis
343 4373 554 4459 opprobrium
578 4378 612 4435 ot
634 4370 801 4434 extraneis
830 4370 863 4432 in
890 4368 1049 4449 derisum,
1078 4368 1228 4432 nolentes
1258 4367 1299 4432 ad
1325 4388 1471 4432 amorem
1494 4369 1648 4431 virtutum
1674 4387 1844 4449 exurgere,

120 4512 146 4550 ³0
197 4499 391 4564 quamquam
414 4477 503 4563 ipsos
526 4476 653 4541 adhoc
676 4476 787 4562 plures
810 4474 917 4539 Deum
942 4475 1095 4538 timentes
1120 4473 1260 4539 sollicite
1284 4473 1468 4539 studuerint
1490 4493 1688 4538 ammonere.
1734 4470 1840 4558 Super

195 4581 257 4647 hoc
281 4583 380 4667 igitur
408 4581 580 4668 providere
609 4580 783 4645 salubriter
808 4579 978 4665 cupientes
1008 4577 1213 4657 mandamus,
1245 4578 1396 4662 quatinus
1428 4577 1646 4664 personaliter
1674 4575 1836 4641 accedens

195 4687 237 4751 ad
259 4689 367 4751 locum
390 4693 423 4751 et
446 4685 571 4749 habens
601 4705 658 4770 pre
688 4684 792 4747 oculis
821 4683 1039 4747 reverentiam
1068 4681 1210 4745 omnium
1240 4680 1431 4762 conditoris,
1461 4682 1616 4768 inquisita
1646 4701 1744 4768 super
1773 4678 1837 4744 hiis

195 4792 385 4877 diligentius
408 4790 558 4870 veritate,
590 4789 618 4852 si
646 4787 809 4874 repereris
832 4785 919 4872 quod
949 4785 1036 4850 dicta
1058 4786 1201 4850 ecelesia
1223 4785 1255 4849 in
1279 4806 1339 4849 suo
1368 4806 1433 4850 non
1462 4787 1567 4874 possit
1598 4784 1711 4850 ordine
1735 4784 1838 4848 refor-

296 5053 320 5122 ·)
338 5055 479 5106 consistant
498 5053 530 5102 R.

118 5219 143 5258 ³5
299 5194 324 5259 1)
343 5190 425 5244 Hanc
444 5189 587 5258 epistolam
609 5185 646 5240 ad
664 5185 869 5256 praecedentem
891 5200 946 5238 non
969 5189 1095 5252 spectare
1115 5182 1289 5254 manifestum
1313 5185 1364 5248 eet,
1385 5181 1416 5235 in
1434 5181 1499 5248 Rep.
1519 5186 1609 5234 antem
1631 5178 1672 5232 ita
1689 5178 1754 5247 ispi,
1776 5183 1843 5234 nto

190 5280 271 5334 nobis
286 5276 464 5350 proponitur,
483 5275 515 5329 V.
527 5271 566 5328 et.
579 5275 614 5328 A.
629 5272 699 5325 Man
717 5271 909 5340 quaerentibus
925 5270 1005 5324 nobis
1023 5269 1192 5338 affirmavit.
1227 5269 1352 5337 Scriptor
1363 5267 1430 5336 Rep.
1442 5271 1575 5336 quattuor
1592 5265 1725 5336 epistolae
1736 5261 1842 5330 babuit,

191 5383 262 5435 qnae
277 5365 418 5434 confudit:
436 5369 461 5426 1)
482 5364 576 5417 Ottont'
593 5362 627 5415 de
643 5359 860 5429 Liclvtenlrapen,
882 5363 910 5424 2)
929 5375 980 5427 cp,
997 5375 1054 5426 qna
1070 5373 1123 5426 pro
1141 5357 1232 5410 eodem
1249 5362 1454 5412 commemores
1472 5353 1691 5416 constituuntur,
1717 5355 1745 5418 3)
1765 5351 1839 5404 Hen-

191 5452 249 5507 rico
267 5450 403 5520 petendam
421 5449 553 5504 advocato
571 5448 605 5502 de
623 5446 698 5502 Gara
716 5453 741 5500 et
758 5447 784 5500 Ι.
801 5445 911 5500 relictae
934 5446 1007 5508 eius,
1035 5449 1062 5504 l)
1081 5460 1135 5511 ep,
1160 5459 1243 5511 quom
1265 5459 1354 5511 snpra
1376 5441 1413 5495 od
1435 5445 1496 5496 n.1
1520 5455 1657 5494 annexam
1679 5438 1835 5491 invenimus.

193 5539 383 5592 Antbenticum
400 5537 534 5608 epistolae
552 5539 568 5588 t
587 5541 671 5602 eetct,
690 5532 825 5596 Pottlvust,
843 5533 911 5603 Rep.
925 5536 1030 5590 1068&
1050 5547 1113 5582 nam
1130 5530 1190 5582 licet
1208 5529 1237 5581 in
1255 5529 1315 5582 eina
1334 5526 1512 5596 inscriptione
1525 5541 1581 5595 pro
1599 5525 1727 5595 episcopo
1738 5524 1840 5578 Merse-

115 5649 142 5688 ω
193 5623 323 5695 serpena*
344 5622 564 5692 allumbarpenaia
584 5623 705 5690 lepatnr,
731 5621 790 5674 aine
815 5619 1014 5674 dubitandem
1036 5615 1152 5685 epistola
1174 5617 1221 5668 eat.
1266 5615 1322 5684 Ep.
1347 5617 1365 5666 3
1391 5614 1462 5669 Man
1487 5614 1516 5666 in
1541 5612 1611 5682 Rea.
1638 5609 1759 5681 reperire
1787 5625 1842 5664 non

189 5711 291 5782 potnit.
378 5713 406 5778 ⁶2)
425 5712 475 5766 Ea
492 5711 626 5767 cenante
642 5710 692 5762 cit.
713 5708 910 5778 Qnedlinlntrp.

1585 5795 1637 5846 w.
