4590 6366
780 377 980 436 anlavonnu
998 377 1187 438 SELECTAE.
1224 382 1299 437 1235.
1802 392 1865 456 539

209 549 311 646 'rebus
334 552 487 638 pessimis
504 553 693 640 gloriantur,
717 556 878 639 patientia
903 555 992 620 sedis
1010 557 1190 643 apostolice
1215 578 1275 642 per
1289 557 1499 623 insolentiam
1521 558 1707 642 abutentes,
1730 563 1863 629 turbare

213 678 344 742 pacem,
375 677 584 741 corrumpere
609 659 766 722 iustitiam
791 667 825 723 et
848 661 1007 724 suscitare
1031 662 1117 724 inter
1140 683 1197 730 vos
1221 661 1411 726 scandalum
1434 664 1625 742 molientes,
1656 687 1810 752 magnum
1833 668 1867 730 in

215 760 346 824 civitate
378 761 451 844 ipsa
487 760 606 823 scisma
638 763 788 846 nequiter
818 766 1022 854 suscitarint,
1059 765 1151 828 cuius
1187 766 1358 830 occasione
1393 787 1458 831 non
1488 769 1594 831 solum
1626 767 1668 832 ad
1699 768 1801 834 verba
1833 774 1867 833 et

214 863 352 928 verbera
374 869 425 927 est
447 862 633 944 deventum,
657 872 708 927 set
730 867 828 929 etiam
852 867 983 951 quidam
1006 867 1097 932 fuere
1122 867 1273 932 trucidati
1296 868 1472 934 crudeliter
1496 876 1529 934 et
1551 871 1699 935 nonnulli
1721 872 1867 936 letaliter

149 1017 154 1030 .
214 966 391 1030 vulnerati:
415 987 475 1030 nos
499 965 540 1028 ad
563 967 802 1032 reformandam
826 971 992 1035 intervos
1016 991 1130 1056 pacem
1155 977 1187 1034 et
1210 991 1383 1055 pravorum
1407 973 1617 1036 insolentiam
1640 974 1673 1036 in
1696 981 1865 1060 posterum
1951 959 1962 966 “

213 1069 452 1154 reprimendam
476 1068 616 1153 quedam
637 1070 732 1134 vobis
761 1071 915 1137 duximus
944 1073 1160 1158 iniungendo,
1194 1094 1256 1158 que
1280 1075 1404 1139 inserta
1426 1077 1635 1161 presentibus
1658 1078 1808 1141 volumus
1833 1083 1867 1142 et

212 1174 411 1258 precipimus
435 1168 667 1238 inviolabiliter
690 1173 868 1242 observari.

320 1276 360 1340 In
382 1277 496 1362 primis
520 1277 694 1361 siquidem,
726 1286 763 1342 ut
790 1279 883 1344 firma
906 1257 972 1365 pbx
1001 1280 1044 1344 sit
1067 1281 1107 1344 de
1137 1287 1246 1346 cetero
1276 1282 1362 1345 inter
1383 1289 1495 1368 partes
1519 1289 1552 1348 et
1582 1291 1731 1348 servetur
1753 1284 1794 1347 ab
1818 1283 1865 1348 eis

214 1381 302 1444 omni
325 1388 472 1466 tempore
495 1379 640 1460 illibata,
673 1389 706 1445 et
728 1389 876 1467 potestas
901 1405 960 1447 seu
983 1390 1130 1448 rectores
1154 1385 1206 1456 vel
1230 1386 1398 1464 consules,
1429 1386 1485 1469 qui
1508 1392 1603 1450 erunt
1625 1409 1683 1473 pro
1707 1393 1865 1472 tempore,

213 1486 321 1550 iurent
344 1491 378 1548 et
401 1485 547 1567 singulos
571 1485 677 1576 iurare
702 1487 901 1571 compellant
923 1473 1037 1572 pacem
1061 1488 1164 1572 ipsam
1188 1495 1222 1551 et
1244 1488 1399 1551 universa
1421 1506 1483 1573 que
1500 1489 1635 1554 inferius
1659 1491 1867 1554 continentur

212 1589 348 1652 firmiter
371 1588 563 1662 observare;
586 1609 647 1652 nec
671 1610 754 1652 unus
777 1590 872 1654 alteri
894 1589 933 1654 de
951 1590 1115 1654 discordia
1139 1612 1198 1654 seu
1221 1591 1348 1654 iniuriis
1373 1591 1532 1655 hactenus
1554 1593 1640 1657 inter
1662 1614 1720 1657 vos
1743 1592 1865 1656 habitis

213 1692 434 1778 improperare
453 1700 631 1776 presumat,
654 1715 749 1757 secus
772 1715 885 1778 agens,
910 1695 937 1758 si
953 1696 1051 1760 fuerit
1067 1696 1173 1773 miles,
1197 1702 1339 1776 centum,
1363 1697 1389 1760 si
1406 1694 1446 1760 de
1464 1698 1595 1782 populo,
1619 1697 1864 1784 quinquaginta,

214 1797 242 1860 si
265 1795 396 1874 mulier,
420 1794 535 1860 decem
558 1795 711 1859 librarum
739 1819 856 1883 penam
882 1800 1057 1864 incurrant.
1103 1798 1197 1871 Quod
1221 1799 1247 1862 si
1276 1800 1433 1864 solvendo
1457 1821 1523 1864 non
1545 1800 1661 1882 fuerit,
1691 1800 1866 1864 banniatur

213 1899 253 1963 de
284 1906 385 1977 terra,
416 1920 477 1963 nee
505 1899 647 1963 bannum
671 1901 838 1965 relaxetur
868 1902 1052 1967 huiusmodi
1083 1902 1206 1986 absque
1237 1903 1373 1987 speciali
1406 1903 1559 1967 mandato
1589 1904 1769 1990 apostolico
1805 1923 1865 1967 seu

150 2036 161 2072 r.
214 2003 361 2083 rectoris,
384 2004 440 2087 qui
462 2002 561 2066 luerit
583 2024 640 2088 pro
658 2009 805 2089 tempore
830 2005 863 2068 in
880 2005 1028 2080 Ducatu3
1051 2012 1085 2070 et
1107 2004 1168 2068 hoc
1190 2012 1330 2090 ponatur
1352 2006 1385 2069 in
1406 2006 1546 2070 civitatis
1569 2006 1717 2070 eiusdem
1733 2005 1865 2070 statutis

213 2114 246 2171 et
269 2108 394 2171 iuretur
416 2127 436 2169 a
458 2106 596 2189 singulis
620 2106 872 2173 observandum.

321 2208 528 2274 Heredibus¹¹
542 2215 652 2274 autem
675 2209 836 2294 quondam
859 2211 1008 2294 magistri
1024 2209 1145 2295 Angeli
1161 2211 1279 2275 notarii
1300 2210 1418 2274 dentur
1441 2209 1481 2276 de
1505 2211 1600 2276 bonis
1624 2211 1865 2276 communitatis

213 2319 320 2378 vestre
345 2313 580 2397 quinquaginta
602 2313 686 2376 libre
709 2313 909 2378 Lucensium
934 2320 966 2377 et
989 2313 1123 2379 totidem
1148 2314 1324 2378 heredibus
1349 2314 1511 2399 quondam
1527 2315 1705 2394 Laurentii,
1729 2313 1784 2400 qui
1806 2334 1864 2400 pro

212 2419 285 2503 ipsa
307 2414 470 2479 discordia
493 2415 625 2478 fuerunt
647 2416 882 2480 miserabiliter
904 2417 1080 2482 interlecti.
1118 2417 1277 2481 Preterea
1292 2417 1435 2481 Thomas
1452 2413 1609 2495 Rainerii,
1634 2417 1865 2495 Oarsedonius,

134 2555 146 2594 ρ
212 2521 331 2584 Petrus
356 2517 521 2596 Cusanus,
551 2516 670 2581 Petrus
699 2517 896 2604 Capitanee,
930 2519 1071 2583 Maiolus
1101 2519 1277 2600 Barerani,
1308 2519 1505 2604 Agrestolus
1534 2519 1685 2605 Georgii,
1714 2519 1864 2584 Andreas

211 2621 390 2707 Agrestoli,
414 2621 578 2684 Iohannes
605 2620 778 2698 Simeonis,
800 2621 968 2706 Huguioio
993 2621 1033 2685 de
1059 2621 1188 2700 Sancto,
1211 2622 1353 2686 Mathias
1377 2621 1485 2685 dictus
1503 2621 1694 2698 Sfasciatus,
1718 2620 1864 2698 Celatus,

211 2727 334 2790 Paulus
358 2732 391 2788 et
413 2723 602 2788 Bernardus
625 2725 755 2801 notarii,
778 2725 928 2809 Angelus
952 2725 1061 2804 iudex,
1084 2724 1406 2789 Deutacommandus
1422 2725 1524 2804 Petri,
1548 2725 1699 2790 Andreas
1718 2723 1864 2810 Philippi
1932 2795 1936 2802 ⁴

212 2831 251 2894 de
275 2830 451 2908 Induratis,
473 2829 592 2893 Petrus
610 2829 770 2894 [luidonis
792 2829 970 2914 Reguelza,
995 2829 1147 2894 Bettolus
1163 2830 1258 2894 Pauli
1279 2829 1386 2894 dictus
1404 2829 1685 2921 Suceannaoapra,
1708 2826 1864 2891 Albrious

211 2934 357 2997 notarius
389 2933 475 2996 tilius
506 2931 741 3015 Huguieionis,
775 2933 917 2996 Soafilon
950 2933 1119 3013 Golantie,
1151 2933 1315 3017 Huguicio
1345 2932 1511 2997 Leonardi
1539 2931 1626 2995 filius
1653 2929 1865 2994 Berarduccii

134 3079 159 3116 «Γ,
212 3036 345 3115 Blanoe,
369 3035 443 3098 Tito
461 3035 582 3118 Angeli
606 3033 715 3114 Guidi,
738 3036 943 3100 Bonainncta
959 3035 1156 3120 Angagnoli,
1180 3034 1378 3100 Guallredus
1401 3035 1561 3099 Mularius
1585 3039 1619 3097 et
1641 3031 1758 3096 Petrus
1784 3031 1865 3096 Cor-

210 3141 391 3226 vaglentis,
422 3137 569 3224 precipui
600 3137 698 3201 huius
723 3137 886 3204 discordie
916 3141 1120 3218 incentores,
1153 3139 1194 3202 ad
1222 3139 1346 3203 nullum
1371 3139 1535 3223 eligantur
1557 3136 1699 3200 officium
1723 3134 1866 3198 civitatis

210 3244 333 3328 absque
356 3243 490 3306 licentia
514 3241 601 3305 sedis
625 3243 806 3327 apostolice
831 3245 980 3328 speciali,
1006 3250 1038 3306 et
1063 3243 1090 3306 si
1114 3264 1210 3307 secus
1234 3249 1343 3306 actum
1366 3241 1480 3322 fuerit,
1505 3247 1698 3328 presumpta
1720 3238 1761 3302 de
1784 3238 1865 3325 ipsis

210 3347 329 3411 electio
360 3347 483 3409 nullam
517 3344 639 3408 habeat
669 3345 866 3410 firmitatem.
912 3346 956 3410 Et
985 3346 1069 3431 quod
1100 3368 1175 3426 eos,
1208 3347 1263 3431 qui
1292 3346 1450 3409 honorem
1482 3344 1624 3408 ecclesie
1656 3341 1866 3406 attendentes

210 3450 376 3513 civitatem
399 3447 514 3533 egredi
537 3455 613 3511 sunt
641 3449 817 3534 compulsi,
852 3470 925 3513 cum
953 3448 1103 3512 omnibns
1133 3449 1229 3512 bonis
1261 3449 1328 3512 suis
1363 3447 1424 3511 sub
1453 3446 1660 3532 protectione
1684 3445 1867 3530 apostolica

212 3553 397 3638 recepimus
421 3551 574 3637 speciali,
609 3556 645 3614 ut
667 3551 931 3638 ipsidampnum
955 3551 1074 3615 exinde
1099 3572 1164 3614 non
1188 3552 1354 3615 incurrant
1389 3571 1408 3613 a
1431 3549 1663 3613 communitate
1686 3547 1866 3628 Asisinate,

201 3657 419 3742 “septingenta
449 3654 530 3718 libre
560 3654 758 3718 Lucensium
790 3676 849 3741 pro
881 3655 981 3718 illatis
1009 3653 1159 3741 dampnis
1190 3662 1223 3718 et
1249 3653 1343 3717 factis
1374 3653 1529 3739 expensis
1559 3659 1626 3714 tam
1654 3650 1687 3713 in
1715 3649 1866 3714 Romana

211 3761 301 3826 curia
324 3779 420 3845 quam
443 3761 477 3822 iu
501 3758 607 3823 eundo
631 3766 665 3822 et
687 3757 854 3823 redeundo
877 3759 918 3823 ab
942 3759 1022 3845 ipsis
1046 3761 1215 3822 solvantur
1239 3757 1374 3822 eisdem.

320 3863 523 3940 Sententiae,
556 3861 885 3947 condempnationes‚
917 3862 1129 3926 bannimenta
1152 3863 1260 3926 omnia
1284 3861 1371 3924 faeta
1399 3880 1460 3946 per
1482 3856 1695 3922 Thomasium
1717 3853 1866 3928 Rainerii

211 3966 374 4053 quondam
389 3971 588 4052 potestatem
603 3966 706 4029 Asisii
730 3972 763 4030 et
786 3966 926 4031 iudicem
944 3968 1047 4052 ipsius
1072 3973 1186 4030 contra
1202 3966 1324 4029 milites
1349 3971 1443 4029 extra
1458 3969 1624 4027 morantes
1649 3966 1682 4024 et
1706 3979 1865 4045 sequaces

213 4092 325 4136 eorum
349 4091 368 4134 a
391 4078 537 4155 tempore
561 4070 733 4134 electionis
756 4070 841 4135 facte
866 4069 906 4134 de
929 4070 1086 4135 Rainerio
1110 4069 1242 4154 Cinguli
1270 4069 1341 4156 cive
1365 4066 1556 4132 Florentino
1584 4063 1678 4127 irrita
1700 4068 1734 4126 et
1755 4061 1866 4125 inania

211 4195 285 4239 esse
302 4173 518 4253 decernimus,
541 4179 574 4236 et
592 4173 666 4237 illos
688 4171 729 4236 ad
746 4193 858 4237 eorum
876 4172 1116 4237 observantiam
1132 4173 1340 4256 aliquatenus
1357 4193 1421 4236 non
1438 4168 1554 4247 teneri,
1578 4166 1696 4232 ablatis
1713 4163 1864 4229 omnibus

212 4279 384 4342 occasione
409 4277 594 4342 huiusmodi
624 4278 753 4360 integre
776 4277 989 4342 restituendis
1014 4276 1149 4341 eisdem.
1194 4275 1313 4339 Nullus
1335 4281 1490 4360 preterea
1512 4267 1692 4336 eorundem
1715 4271 1866 4332 teneatur

211 4380 253 4444 ad
276 4380 467 4445 solvendum
496 4379 628 4464 aliquod
656 4379 818 4460 debitum,
852 4381 920 4444 sive
952 4380 1094 4445 solutum
1122 4378 1222 4444 fuerit
1253 4379 1286 4442 in
1315 4378 1447 4441 civitate
1476 4373 1623 4462 predicta
1653 4372 1722 4436 sive
1744 4368 1867 4434 debeat

211 4484 317 4549 adhuc
341 4484 437 4560 solvi,
462 4504 523 4547 seu
546 4483 748 4546 contractum
772 4481 968 4546 servandum
991 4483 1164 4547 occasione
1187 4482 1291 4567 ipsius
1315 4478 1493 4556 discordie,
1517 4476 1569 4540 vel
1593 4497 1636 4540 ex
1659 4493 1863 4559 quocumque

213 4595 380 4653 contractu
403 4586 467 4650 alio
497 4607 558 4650 seu
580 4606 623 4649 ex
646 4606 848 4670 quacumque
880 4607 993 4664 causa,
1022 4607 1122 4671 pena,
1152 4586 1247 4670 culpa
1268 4585 1322 4649 vel
1352 4582 1449 4646 modo
1475 4603 1495 4645 a
1522 4587 1670 4665 tempore
1702 4576 1863 4663 premisse

199 4683 382 4774 electionis
405 4710 509 4774 usque
532 4688 573 4752 ad
596 4687 765 4752 Kalendas
788 4689 935 4753 Ianuarii
956 4691 1106 4776 proximo
1131 4709 1218 4752 nuno
1241 4693 1439 4765 transactas,
1472 4704 1532 4748 nee
1556 4682 1726 4769 quisquam
1751 4699 1864 4744 eorum

211 4796 354 4880 aliquem
376 4793 416 4858 ad
441 4791 636 4856 solutionem
653 4791 839 4876 compellat,
863 4799 897 4856 et
913 4791 1067 4879 quicquid
1091 4792 1131 4857 ab
1155 4793 1263 4877 aliquo
1280 4791 1426 4876 ipsorum
1442 4787 1562 4852 exinde
1586 4786 1730 4850 solutum
1753 4782 1862 4862 fuerit,

212 4900 282 4965 sine
305 4898 520 4962 diminutione
544 4896 692 4982 qualibet
713 4896 907 4960 restituatur
929 4896 1047 4962 eidem.

317 5001 480 5066 Redditus
496 5019 664 5084 equorum,
688 5019 771 5083 qnos
786 4999 880 5062 iuxta
896 4999 1165 5064 consuetudinem
1183 4996 1324 5062 civitatis
1341 4993 1463 5059 debent
1478 4993 1625 5078 recipere
1649 5010 1669 5053 a
1689 4987 1862 5066 communi,

148 5171 152 5180 ,
212 5130 277 5172 non
306 5103 511 5170 obstantibus
540 5102 713 5167 sententiis
746 5101 829 5166 aG.
854 5102 982 5167 Fatucii
1009 5110 1042 5168 et
1064 5102 1102 5166 P.
1127 5100 1258 5165 Cusano
1289 5106 1438 5184 tempore
1468 5093 1649 5182 potestarie
1684 5089 1804 5177 prefati
1825 5088 1863 5152 T.

212 5217 326 5277 contra
348 5208 437 5294 ipsos
453 5212 565 5291 utpote
589 5205 630 5269 ab
648 5205 941 5269 excommunicatis
959 5211 992 5268 et
1008 5205 1150 5268 inimicis
1168 5203 1364 5288 capitalibus
1380 5196 1607 5286 promulgatis,
1630 5192 1715 5258 infra
1738 5199 1865 5257 certum

211 5324 341 5401 tempus
364 5310 631 5398 prefigenduma
662 5310 757 5374 nobis
781 5309 851 5373 sine
875 5308 1068 5373 difficultate
1092 5307 1239 5393 qualibet
1268 5306 1324 5369 fiat
1347 5304 1411 5379 eis,
1443 5307 1476 5366 et
1503 5321 1522 5362 a
1549 5295 1765 5364 oreditoribus
1795 5296 1863 5359 suis

212 5419 336 5501 absque
360 5415 448 5479 omni
470 5434 642 5479 usurarum
666 5412 840 5477 exactione
862 5413 916 5476 vel
939 5433 1024 5497 pena
1046 5432 1067 5475 a
1088 5408 1246 5498 predictis
1268 5406 1429 5471 Kalendis
1444 5401 1587 5468 Ianuarii
1611 5420 1716 5483 usque
1739 5397 1782 5463 ad
1804 5419 1862 5462 an-

316 5676 337 5742 ¹)
355 5675 501 5726 Ilercdibus
519 5699 551 5710 -
570 5673 628 5740 cogi
646 5673 743 5740 possint
761 5690 791 5723 ea
814 5671 841 5723 T.
