4538 6426
753 330 952 391 EPIS'POLAE
970 335 1159 397 SELECTAE.
1196 339 1270 398 1217.
1798 347 1835 413 21

186 510 329 576 nobilem
352 509 457 574 virum
483 507 538 572 W.
562 508 602 575 de
629 509 809 574 Hollsudia
842 517 875 576 et
898 511 1042 579 fautores
1077 516 1179 601 ipsius
1195 516 1430 582 *Traieetensis
1465 523 1499 583 et
1528 519 1723 586 Leodiensis
1767 520 1838 586 dio·

187 635 297 680 cesum
320 612 667 678 excommunicationis
689 619 722 677 et
750 613 783 676 in
805 620 910 678 terras
935 635 1048 680 eorum
1068 617 1231 683 interdicti
1251 621 1433 686 sententias
1450 624 1642 690 auctoritate
1659 625 1840 710 apostolica

188 719 341 802 exigente
363 716 487 780 iustitia
500 715 732 802 promulgarit,
757 716 868 780 clerici
886 717 1063 783 earundem
1078 727 1238 785 terrarum
1255 721 1359 787 dictas
1377 725 1557 790 sententies
1580 747 1645 791 non
1661 733 1839 808 servantes,

187 821 296 886 divina
326 819 494 884 celebrare
524 826 718 906 presumunt
745 820 778 882 in
809 840 867 884 sue
897 822 1011 885 salutis
1046 821 1253 909 dispendium
1282 833 1315 890 ot
1351 827 1499 892 eiusdem
1528 829 1745 914 crucesignati
1775 851 1839 894 non

119 927 131 964 ⁵
185 922 350 988 modicum
379 923 621 988 detrimentum.
666 922 811 1006 Ideoque
840 923 1030 989 discretioni
1058 934 1167 992 vestre
1200 951 1260 1014 per
1288 931 1469 1016 apostolica
1492 933 1615 1018 scripta
1637 933 1839 1014 mandamus,

184 1028 338 1114 quatinus
368 1026 396 1090 si
424 1033 475 1091 ost
502 1027 562 1107 ita,
601 1026 737 1090 clericos
772 1027 875 1112 ipsos,
910 1049 991 1113 quos
1021 1029 1113 1094 vobis
1152 1033 1337 1097 constiterit
1371 1035 1480 1100 taliter
1517 1036 1720 1116 celebrasse,
1754 1058 1840 1124 pona

185 1131 343 1195 canonica
366 1129 495 1194 sublato
517 1130 748 1216 appellationis
771 1131 941 1195 obstaculo
965 1133 1143 1217 castigetis.
1189 1134 1285 1208 Quod
1308 1135 1422 1201 sinon
1446 1159 1559 1203 omnes
1584 1145 1645 1203 etc.

292 1250 369 1315 Dat.
392 1249 545 1316 Lateran.
568 1250 618 1315 XI
639 1249 714 1315 Kal.
738 1250 862 1338 Aprilis
886 1259 948 1318 etc.

806 1481 1215 1490 m*

978 1757 1039 1831 td

296 1874 485 1972 Honorias
506 1906 574 1972 ΙΙΙ
589 1927 676 1988 papa
697 1905 810 1970 eisdem
833 1906 978 1984 mandat,
1001 1910 1036 1970 at
1056 1908 1382 1972 excommunicationis
1402 1913 1431 1973 et
1452 1906 1611 1973 interdicti
1631 1910 1801 1973 contentatis
1820 1931 1842 1974 a

105 2034 129 2070 ιο
184 2011 407 2099 [Theoderico]
438 2011 667 2092 archieposcopo
703 2009 886 2076 Trcocrcnst
920 2012 954 2074 irs
991 2009 1232 2097 W[ttttctmcm]
1264 2012 1301 2076 dc
1334 2012 1511 2077 Hottaodta
1544 2015 1573 2075 ct
1602 2011 1744 2092 fautores
1774 2012 1842 2076 etas

176 2115 398 2198 prescrutantes
420 2114 590 2182 observent.
1461 2118 1561 2194 1217,
1577 2113 1679 2182 Mart.
1702 2117 1754 2181 22.

288 2233 728 2304 mmmmmm

921 2394 1107 2469 Emdenn

293 2543 444 2611 Dilectus
470 2544 556 2609 filius
579 2542 699 2608 nobilis
723 2542 771 2606 vir
785 2539 1006 2631 L[odewiaus]
1025 2565 1135 2609 eomes
1158 2543 1199 2608 de
1212 2542 1279 2607 Los
1295 2545 1540 2629 crucesignatus
1563 2544 1658 2609 nobis
1673 2543 1841 2608 humiliter

104 2671 129 2706 rs
186 2649 394 2736 supplicavit,
416 2654 453 2713 ut
468 2647 814 2714 excommunicationis
832 2654 866 2711 et
881 2647 1045 2712 interdicti
1061 2648 1252 2726 sententias,
1275 2669 1357 2732 quas
1380 2669 1438 2734 pro
1464 2669 1502 2712 eo
1526 2649 1560 2712 in
1575 2647 1719 2713 nobilem
1736 2647 1841 2711 virum

183 2752 239 2816 W.
268 2752 309 2817 de
331 2750 511 2817 Hollandia
540 2756 573 2816 et
600 2750 746 2814 fautores
774 2751 878 2835 ipsius
912 2750 1136 2816 Traiectensis
1171 2758 1204 2815 et
1236 2749 1430 2815 Leodiensis
1469 2751 1636 2816 diocesum
1672 2757 1706 2815 et
1739 2755 1842 2814 terras

183 2878 298 2922 eorum
334 2854 533 2920 venerabilis
555 2853 656 2918 trater
678 2859 791 2918 noster
806 2853 1020 2919 Treverensis
1045 2855 1310 2941 archiepiscopus
1333 2855 1528 2919 auctoritate
1558 2854 1738 2939 apostoliea
1771 2853 1841 2918 exi-

183 2967 283 3045 gente
326 2959 452 3024 iustitia
485 2957 721 3045 promulgavit,
764 2958 944 3042 apostolico
986 2957 1198 3042 dignaremur
1240 2957 1419 3022 munimine
1461 2958 1625 3022 roborare.
1695 2956 1841 3040 Ideoque

183 3062 374 3127 discretioni
397 3069 506 3127 vestre
529 3083 590 3148 per
611 3059 792 3147 apostolica
816 3060 938 3146 scripta
961 3061 1174 3142 mandamus,
1198 3061 1351 3145 quatinus
1374 3060 1507 3126 easdem
1531 3061 1729 3140 sententias,
1759 3061 1843 3124 sicut

102 3184 128 3220 a
184 3168 313 3232 ratione
337 3173 412 3232 sunt
435 3166 561 3252 prolate
586 3171 647 3229 eto.

990 3635 1050 3710 dd

297 3752 485 3854 Hamae
511 3785 576 3851 III
589 3807 677 3867 papa
698 3783 846 3870 [Ulrr'co]
867 3784 974 3849 abbati
996 3785 1107 3850 Sancti
1132 3784 1224 3850 Galli
1244 3803 1336 3847 arsam
1357 3784 1469 3847 mitrae
1497 3788 1526 3846 et
1554 3783 1671 3847 annali
1698 3780 1843 3848 concedit.

1480 3888 1573 3964 1217,
1595 3887 1702 3966 April.
1725 3890 1755 3949 7.

290 3978 364 4032 Han.
382 3975 441 4030 ΙΙΙ
456 3975 525 4046 Bag.
550 3974 648 4028 Votl.
670 3977 724 4040 93,·
742 3973 805 4027 Lib.
823 3973 849 4038 1,
869 3976 931 4027 361.

293 4064 431 4127 Petebant,
446 4062 513 4130 Rea.
533 4065 611 4116 5512.

771 4255 1108 4330 AbbatiSancn
1136 4253 1261 4328 Gaul

296 4408 350 4472 Ad
387 4407 606 4473 ecclesiastici
646 4405 774 4472 decoris
815 4413 1026 4492 augmentum
1057 4413 1189 4492 reporta
1230 4412 1305 4470 sunt
1343 4405 1485 4490 insignia
1527 4400 1738 4486 dignitatum,
1777 4420 1841 4485 que

188 4520 397 4578 sacrosancta
412 4511 561 4578 Romana
583 4511 725 4576 ecclesia
748 4531 892 4595 congrua
914 4511 948 4576 in
971 4510 1117 4595 singulos
1137 4509 1335 4574 liberalitate
1362 4507 1528 4572 distribuit
1551 4512 1584 4570 et
1607 4505 1734 4570 devotis
1757 4503 1842 4583 filiis,

190 4622 290 4703 prout
303 4615 438 4701 dignum
453 4614 586 4696 iudicat,
601 4613 779 4680 obtinenda
795 4612 953 4678 coneedit.
991 4611 1059 4676 Nos
1074 4613 1174 4697 igitur
1185 4619 1240 4676 tue
1257 4612 1374 4676 merita
1388 4611 1562 4697 probitatis
1579 4617 1613 4674 et
1635 4607 1843 4673 devotionern

188 4741 287 4807 quam
310 4719 352 4783 ad
375 4719 587 4805 apostolicam
617 4718 730 4784 sedem
759 4717 881 4782 habere
911 4716 1091 4781 dinosceris
1122 4715 1296 4800 benignius
1321 4713 1544 4794 attendentes,
1574 4733 1669 4777 usum
1692 4711 1788 4775 mitre
1810 4716 1844 4774 et

105 4847 132 4884 se
187 4824 278 4890 anuli
304 4823 366 4887 tibi
395 4822 613 4910 personaliter
636 4821 676 4886 de
701 4822 882 4908 apostoliea
904 4820 1107 4904 benignitate
1132 4817 1355 4900 concedimus,
1387 4823 1567 4882 statuentes
1590 4823 1626 4881 ut
1654 4815 1687 4878 in
1709 4833 1842 4900 proces-

188 4927 355 5006 sionibus,
390 4925 513 4990 sinodis
544 4931 578 4990 et
600 4925 765 5011 precipuis
788 4923 1021 4989 festivitatibus
1055 4923 1140 4986 liber
1167 4921 1270 4986 utaris
1303 4920 1438 4986 eisdem.
1482 4919 1573 4983 Nulli
1604 4937 1683 5002 ergo
1713 4916 1843 4980 omnino

186 5031 357 5097 hominum
382 5035 443 5095 ete.
467 5035 579 5093 nostre
603 5028 824 5092 concessionis
848 5033 909 5093 etc.
955 5025 1087 5111 Siquis
1111 5031 1221 5090 autem
1244 5031 1306 5089 eto.
1409 5103 1423 5124 ρ

295 5134 372 5198 Dat.
397 5133 549 5198 Lateran.
574 5131 640 5196 VII
663 5131 742 5196 Idus
765 5131 900 5218 Aprilis,
923 5128 1131 5216 pontificatus
1156 5129 1259 5192 nostri
1283 5148 1367 5192 anno
1391 5125 1419 5190 Ι.

808 5423 1219 5436 ,...--...-.-----
