4538 6426
448 389 486 450 16
584 414 590 426 ·
1040 383 1088 436 EX
1105 382 1261 438 HONORH
1280 381 1320 436 [ll
1338 379 1517 436 REGISTRO

444 565 556 624 noster
579 558 620 625 ad
642 559 835 646 petitionem
857 558 960 646 ipsius
984 556 1114 623 dilectis
1136 555 1212 620 filiis
1240 555 1352 620 abbati
1375 553 1488 619 Sancti
1511 553 1598 619 Galli
1614 556 1634 634 ¹,
1669 553 1837 640 preposito
1860 551 1900 617 de
1925 548 2047 634 Gutgal
2071 553 2105 613 et

447 663 559 729 Ottoni
587 664 744 728 canonico
769 662 919 728 Ouriensi
943 660 1118 740 mandavit,
1145 666 1181 724 ut
1205 659 1232 724 si
1255 680 1308 723 rcs
1331 658 1440 722 taliter
1463 679 1499 722 so
1522 658 1661 742 haberet
1683 655 1914 721 denuntiarent
1944 655 2104 740 prefatam

446 767 793 832 excommunicationis
811 767 1007 832 sententiam
1025 786 1099 830 csse
1115 761 1248 839 nullam,
1271 768 1305 827 et
1319 763 1466 827 facerent
1482 764 1636 828 clericum
1652 768 1865 826 memoratum
1881 758 2103 844 appellatione

447 877 573 936 remota
610 870 746 958 pacifica
773 871 876 957 ipsius
911 868 1051 934 ecclesie
1093 866 1302 952 possessione
1334 865 1516 950 gauderet,
1545 865 1801 930 contradictores
1838 884 1898 950 per
1933 883 2104 928 censuram

448 975 707 1040 ecclesiasticam
727 971 976 1060 compescendo.
1020 969 1288 1054 Partibusigitur
1309 970 1343 1033 in
1365 969 1543 1035 eorundem
1560 970 1702 1034 iudicum
1721 967 1889 1054 presentia
1905 967 2101 1046 constitutis,

447 1077 618 1163 predictus
642 1077 798 1143 diaconus
822 1099 895 1142 cum
918 1075 1075 1140 instantia
1097 1073 1275 1160 postulavit
1298 1073 1487 1137 mandatum
1509 1073 1729 1160 apostolicum
1760 1071 1891 1138 effectui
1915 1070 2103 1156 mancipari.

450 1180 508 1247 Set
531 1203 607 1268 pars
630 1181 770 1247 adversa
792 1180 973 1268 proposuit,
997 1177 1083 1266 quod
1099 1197 1273 1263 numquam
1298 1175 1384 1242 idem
1407 1175 1566 1242 diaconus
1582 1179 1794 1263 appellasset,
1818 1175 1915 1240 immo
1939 1181 2105 1258 tamqnam

448 1291 627 1349 contumax
661 1285 767 1350 fuerat
801 1304 821 1348 a
854 1283 1010 1370 predictis
1043 1280 1205 1345 iudicibus
1240 1281 1587 1344 excommunicationis
1623 1280 1752 1344 vinculo
1791 1277 1984 1357 innodatus,
2019 1275 2105 1362 quod

448 1387 662 1453 incontinenti
696 1409 732 1454 se
765 1388 974 1474 probaturam
1009 1384 1127 1450 obtulit
1159 1405 1220 1470 per
1251 1385 1472 1448 testimonium
1507 1383 1649 1448 iudicum
1680 1382 1911 1470 predictorum.
1976 1381 2103 1446 Verum

450 1491 635 1557 nominatus
652 1490 809 1558 diaconus
832 1485 1017 1577 proponens
1033 1487 1199 1574 predictos
1223 1485 1348 1551 iudices
1365 1495 1477 1552 contra
1500 1509 1536 1552 sc
1559 1495 1634 1574 post
1651 1487 1908 1574 appellationem
1923 1484 2104 1570 legitimam

450 1594 652 1680 processisse
680 1615 718 1658 ac
741 1615 854 1659 eorum
882 1593 1104 1658 testimonium
1128 1598 1240 1656 contra
1265 1590 1370 1668 cum,b
1406 1591 1517 1658 sedem
1549 1592 1763 1678 apostolicam
1791 1589 1982 1677 appellavit,
2011 1586 2104 1651 cuius

450 1697 666 1783 appellationi
688 1697 790 1763 abbas
815 1704 848 1763 ct
870 1696 1056 1762 coniudices
1080 1696 1130 1760 sui
1153 1696 1319 1760 humiliter
1341 1694 1538 1761 detulerunt.
1584 1694 1689 1768 Quam
1711 1693 1965 1780 appellationem
1988 1688 2105 1755 codem

450 1799 588 1865 diacono
605 1808 836 1886 prosequente,
859 1800 1066 1866 adversarius
1090 1802 1160 1864 eius
1183 1821 1248 1864 non
1272 1800 1362 1864 venit
1384 1822 1443 1886 per
1465 1821 1525 1865 sex
1540 1820 1671 1864 menses
1696 1797 1884 1884 etamplius
1901 1799 2103 1881 expectatus,

450 1923 512 1967 nec
534 1925 593 1990 pro
617 1925 653 1968 se
677 1904 801 1969 curavit
824 1904 1039 1968 sufficientem
1062 1904 1192 1968 mittere
1215 1904 1457 1988 responsalem,
1487 1901 1544 1968 sed
1574 1902 1736 1989 quendam
1765 1899 1914 1965 nuntium
1936 1897 1978 1962 ad
2000 1897 2104 1982 impe-

453 2004 603 2069 trandum
627 2012 661 2070 ct
683 2005 969 2071 contradicendum
1001 2005 1202 2070 transmisit·
1244 2005 1316 2079 Quo
1348 2005 1390 2070 ad
1417 2005 1680 2092 prosequendum
1713 2003 1969 2091 appellationem
1996 1999 2104 2063 minus

452 2106 571 2173 idoneo
593 2114 755 2194 reputato,
778 2107 865 2174 idem
882 2108 1097 2195 predecessor
1112 2115 1233 2188 noster,
1257 2108 1371 2174 videns
1388 2109 1475 2195 quod
1491 2109 1578 2174 idem
1594 2107 1751 2174 diaconus
1769 2106 1916 2191 legitime
1932 2103 2106 2190 appellarit

452 2217 486 2276 et
508 2209 594 2298 quod
615 2233 691 2298 pars
715 2211 854 2276 adversa
875 2212 1062 2297 negativam
1095 2233 1130 2276 se
1159 2212 1368 2297 probaturam
1392 2213 1538 2292 offerret,
1561 2211 1716 2276 videlicet
1737 2208 1823 2296 quod
1845 2229 1911 2273 non
1933 2207 2105 2294 appellans

453 2320 505 2379 set
527 2320 702 2378 contumax
718 2323 908 2400 procurator
924 2314 1052 2380 diaconi
1069 2336 1088 2379 a
1104 2315 1171 2379 suis
1195 2315 1357 2380 iudicibus
1374 2315 1579 2395 recessisset,
1604 2363 1611 2378 .
1636 2364 1643 2378 .
1666 2314 1833 2400 preposito
1851 2311 1963 2377 Sancti
1984 2307 2106 2386 Lucii,²

452 2415 485 2482 S.
517 2423 549 2482 et
579 2417 622 2483 H.
650 2419 815 2483 canonicis
839 2419 1068 2498 Ouriensibus,
1103 2419 1292 2504 apostolicis
1326 2417 1417 2483 dedit
1443 2418 1562 2482 litteris
1592 2419 1625 2481 in
1656 2417 1834 2496 mandatis,
1863 2421 1900 2480 ut
1928 2415 1956 2480 si
1987 2412 2035 2478 eis
2064 2412 2105 2476 de

451 2519 621 2606 premissis
646 2527 826 2600 constaret,
855 2524 979 2586 nullam
1007 2543 1081 2588 ease
1109 2523 1270 2608 prefatam
1300 2521 1648 2586 excommunicationis
1680 2519 1876 2584 sententiam
1903 2516 2101 2594 nuntiantes,
2156 2534 2182 2571 2⁰

451 2622 639 2709 sepefatum
678 2623 853 2689 diaconum
900 2625 1028 2690 sublato
1074 2625 1251 2690 cuiuslibet
1285 2624 1551 2690 contradictionis
1595 2630 1628 2689 et
1666 2623 1897 2710 appellationis
1937 2619 2106 2685 obstaculo

453 2726 600 2791 lacerent
639 2727 742 2812 ipsius
783 2728 924 2794 ecclesie
969 2728 1105 2814 pacifica
1141 2729 1352 2815 possessione
1396 2726 1552 2813 gaudere.
1641 2727 1756 2792 Coram
1799 2727 1917 2812 quibus
1960 2723 2107 2811 partibus

453 2828 638 2894 constitutis
672 2830 769 2914 petiit
807 2830 894 2896 idem
934 2830 1091 2897 diaconus
1133 2831 1321 2897 mandatum
1361 2832 1578 2918 apostolicum
1613 2830 1801 2918 adimpleri;
1835 2830 1898 2895 fuit
1933 2836 2041 2896 autem
2064 2850 2107 2893 cx

452 2932 590 2997 adverso
626 2951 837 3019 responsum,
873 2934 959 3019 quod
987 2956 1046 3021 per
1069 2937 1263 3022 rescriptum
1286 2936 1367 3000 illud
1391 2935 1514 3000 iudices
1538 2933 1716 3021 procedere
1740 2954 1805 2998 non
1828 2932 2013 3014 debebant,
2047 2953 2107 3019 pro

452 3055 492 3099 ec
526 3033 612 3118 quod
645 3036 825 3122 apparebat
853 3037 981 3124 inipso
1016 3039 1154 3124 suspitio
1182 3039 1371 3120 manifesta,
1407 3046 1440 3103 ct
1471 3039 1548 3125 quia
1578 3061 1638 3124 par
1659 3039 1776 3102 falsam
1799 3037 2045 3123 suggestionem
2068 3045 2102 3102 et
2154 3062 2179 3098 aa

453 3137 717 3223 suppressionem
745 3141 893 3205 veritatis
926 3141 1098 3207 videbatur
1137 3143 1326 3208 obtentum:
1372 3142 1560 3228 suspitionis
1595 3141 1727 3226 quidem
1755 3140 1953 3225 arguebatur
1982 3161 2026 3205 ex
2056 3163 2106 3221 eo,

452 3238 540 3324 quod
566 3239 599 3303 in
631 3240 770 3326 quadam
799 3244 850 3308 sui
877 3251 969 3330 parte
998 3241 1193 3331 rescriptum
1223 3253 1293 3311 erat
1321 3245 1471 3310 abrasum
1502 3252 1535 3311 ct
1568 3246 1601 3309 in
1631 3245 1697 3309 alia
1730 3242 1877 3308 dissueta
1906 3245 2108 3308 constructio

453 3344 642 3426 videbatur,
665 3345 842 3412 falsitatem
866 3369 943 3414 vero
967 3348 1151 3414 dicebatis
1183 3371 1238 3429 ec,
1272 3349 1454 3436 predictum
1475 3347 1645 3413 diaconem
1673 3347 1890 3432 suggessisse,
1914 3345 2001 3432 quod
2024 3346 2107 3411 dixit

453 3448 561 3534 ipsum
584 3449 788 3535 prepositum
811 3450 852 3515 ab
876 3451 1012 3533 Octone,
1044 3474 1118 3516 cum
1142 3459 1212 3518 erat
1235 3453 1571 3518 excommunicatione
1593 3452 1730 3536 ligatus,
1758 3450 1860 3515 fuisse
1883 3457 2107 3536 presentatum

455 3551 610 3637 episcopo
633 3553 807 3635 antedicto,
831 3576 905 3619 cum
924 3556 957 3618 in
974 3556 1110 3620 veritate
1127 3555 1226 3620 fuerit
1246 3554 1423 3640 aprcdicto
1445 3576 1523 3639 rege
1541 3554 1653 3619 Sicilie
1671 3558 1889 3639 presentatus.
1917 3554 1993 3618 Hiis
2008 3554 2108 3638 igitur
2158 3583 2184 3621 ao

455 3661 489 3718 et
511 3654 584 3719 aliis
615 3657 792 3741 propositis
821 3678 930 3722 coram
959 3659 1105 3724 auditore
1137 3657 1301 3746 predicta,
1329 3657 1417 3722 idem
1446 3658 1559 3722 habito
1583 3657 1623 3722 dc
1647 3657 1798 3721 mandato
1829 3664 1940 3722 nostro
1969 3658 2106 3722 consilio

454 3757 651 3823 venerabilis
685 3758 794 3824 fratris
838 3763 941 3826 nostri
975 3763 1174 3828 Albanensis
1216 3762 1383 3849 episcopi³
1420 3769 1453 3827 et
1485 3762 1623 3826 aliorum
1656 3759 1863 3846 prudentum,
1897 3759 2108 3826 denunciavit

454 3861 806 3927 excommunicationis
830 3864 977 3951 predicte
1001 3867 1165 3931 sententia
1187 3865 1369 3951 sepefatum
1386 3865 1559 3930 diaconum
1574 3885 1639 3928 non
1654 3864 1771 3945 teneri,
1794 3870 1828 3929 et
1842 3864 1919 3948 quia
1937 3863 1978 3928 de
1994 3864 2107 3928 multis

455 3964 601 4030 articulis
626 3987 735 4030 coram
757 3967 829 4054 ipso
854 3970 1023 4055 capellano
1047 3970 1239 4055 propositis,
1268 3969 1323 4055 qui
1352 3970 1527 4055 plurimum
1550 3969 1657 4033 facero
1680 3967 1876 4033 videbantur
1898 3967 1939 4032 ad
1963 3990 2106 4049 causam,

455 4069 550 4133 nobis
573 4068 645 4133 fieri
666 4088 732 4132 non
765 4069 872 4154 potuit
904 4071 1002 4155 plena
1037 4071 1135 4152 fides,
1168 4071 1209 4137 de
1238 4073 1340 4158 ipsius
1368 4071 1495 4136 diaconi
1523 4078 1556 4136 et
1586 4071 1721 4136 alterius
1749 4071 1851 4157 partis
1883 4073 2105 4158 procuratoris
2157 4097 2183 4134 aa

454 4192 593 4236 assensu
616 4192 747 4235 causam
769 4171 873 4257 ipsam
897 4173 989 4237 vobis
1011 4172 1162 4239 duximus
1179 4175 1453 4256 committendam,
1476 4197 1534 4261 per
1556 4174 1737 4261 apostolica
1759 4175 1881 4262 scripta
1902 4174 2107 4254 mandantes,

455 4275 607 4360 quatinus
638 4275 730 4338 iuxta
763 4274 900 4340 formam
930 4276 1074 4342 mandati
1107 4277 1246 4363 predicti
1272 4279 1516 4365 predecessoris
1544 4279 1646 4343 nostri
1677 4278 1897 4364 appellatione
1923 4285 2051 4343 remota
2072 4279 2107 4343 in

456 4377 527 4463 ipsc
550 4377 683 4461 negotio
707 4378 832 4444 ratione
854 4380 967 4466 previa
988 4378 1184 4466 procedatis,
1208 4381 1465 4447 contradictores
1487 4404 1546 4467 per
1563 4404 1735 4447 censuram
1753 4385 2009 4451 ecclesiasticam
2026 4387 2106 4452 sub-

457 4482 522 4545 lato
539 4480 766 4565 appellationis
785 4482 954 4548 obstaculo
978 4491 1236 4570 compescentes,
1259 4486 1421 4571 provisuri
1444 4491 1580 4566 attente,
1603 4493 1639 4551 ut
1656 4479 1687 4550 si
1700 4495 1744 4568 tu,
1762 4488 1808 4551 fili
1824 4487 1925 4554 abbas
1940 4489 1980 4554 de
1992 4489 2105 4555 Monte

458 4589 569 4648 sancte
592 4582 708 4664 Marie,
731 4584 831 4650 iudex
853 4585 948 4651 datus
971 4608 991 4650 a
1013 4588 1107 4652 nobis
1132 4597 1304 4674 suspectus
1332 4597 1466 4676 aparte
1489 4590 1648 4675 prepositi
1672 4592 1842 4656 memorati
1864 4593 1980 4658 merito
2003 4593 2105 4658 fueris
2158 4613 2182 4651 ιο

457 4691 636 4771 reputatus,
658 4707 727 4768 vos,
750 4688 797 4753 lili
812 4689 915 4754 abbas
931 4685 972 4755 de
988 4688 1170 4755 Heremitis
1187 4697 1220 4756 et
1234 4692 1400 4778 preposite
1423 4690 1464 4756 de
1488 4691 1641 4776 Oningin,
1664 4693 1698 4757 in
1720 4695 1792 4782 ipso
1814 4695 1947 4781 negotio
1967 4696 2105 4762 nichilo·

456 4789 562 4853 minus
586 4788 714 4854 sublato
738 4793 968 4878 appellationis
991 4792 1160 4859 obstaculo
1184 4795 1379 4882 procedatis.

565 4890 641 4958 Dat.
663 4892 817 4960 Lateran.
840 4895 909 4960 XII
931 4894 1005 4962 Kal.
1027 4895 1162 4983 Aprilis,
1185 4899 1394 4983 pontificatus
1418 4901 1520 4965 nostri
1542 4920 1627 4966 anno
1649 4900 1764 4986 primo.

1075 5037 1231 5047 -ῌ,

1251 5162 1312 5236 ul.

566 5258 753 5353 Honorius
774 5287 841 5354 ΙΙΙ
853 5310 943 5371 papa
965 5295 1210 5374 compositionem
1231 5296 1314 5360 inter
1335 5293 1530 5360 Lodcwicum
1561 5295 1699 5360 emnitcm
1719 5295 1756 5360 dc
1778 5295 1841 5360 Los
1862 5297 2110 5380 crucesignatum

456 5395 485 5454 ct
513 5389 645 5454 nobilem
673 5392 776 5454 ciram
810 5391 1016 5458 Williclmum
1050 5396 1087 5459 de
1112 5397 1291 5462 Hellondio
1321 5397 1527 5464 Traiectcnsc's
1555 5399 1683 5463 diocesis
1718 5419 1812 5479 capior
1840 5403 1936 5479 raptu
1964 5401 2106 5466 mulieris
2159 5423 2184 5459 a

562 5515 2001 5550 mm*—

569 5580 592 5647 ·)
611 5590 637 5635 et
654 5585 767 5636 facerent
784 5610 817 5620 -
828 5585 940 5650 gaudere
958 5585 995 5636 bia
1012 5585 1040 5636 im
1057 5585 1089 5638 It.
1172 5585 1194 5654 b)
1213 5589 1297 5642 decora
1316 5590 1416 5656 aliaeu
1432 5591 1538 5643 cidcmr.

562 5685 588 5754 l)
611 5682 712 5740 Utricc.
763 5684 792 5754 2)
813 5684 959 5741 Ocorodua
974 5687 1154 5757 praepositas
1173 5691 1272 5748 Sancti
1289 5691 1373 5746 Lucii
1390 5695 1613 5747 commmoratur
1630 5694 1707 5756 1215,
1725 5691 1795 5747 ἄκη.
1813 5695 1855 5745 15.
1891 5691 1919 5763 3)
1939 5692 2055 5762 Pclaqii.
