4590 6366
755 395 956 459 EPISTOLAE
974 397 1163 458 SELEC'IAE.
1200 401 1275 460 1235.

972 671 1059 742 638.

298 782 488 894 (drogon-ins
516 806 572 872 IX
597 829 684 888 trapa
715 808 860 888 fidelibus
894 809 1088 874 Christianis
1119 814 1224 872 notrnn
1252 807 1352 892 facit,
1387 827 1418 871 se
1452 807 1495 871 nd
1523 808 1684 888 exemplar·
1715 807 1843 884 Collati,

189 916 341 998 diapente,
372 911 567 988 Alexandri,
593 911 772 989 Clementis,
799 911 980 989 Caelestini,
1009 913 1191 976 Innocentis
1210 917 1238 975 et
1260 913 1398 975 Honorii
1423 911 1693 992 praedecessorem
1716 931 1844 975 snorum

189 1019 320 1085 Indaeis
339 1016 543 1097 protectionis
572 1035 647 1079 sanc
668 1017 800 1095 clipea-nr
828 1015 1004 1097 indulgere,
1034 1021 1063 1080 et
1085 1016 1238 1096 quaedam
1264 1021 1381 1079 statnta
1409 1015 1445 1076 in
1469 1013 1611 1098 fonnem
1643 1035 1749 1078 eornm
1764 1034 1842 1094 pro-

190 1123 317 1204 ncnlpat.
1504 1119 1598 1196 1235,
1621 1118 1703 1181 Mai.
1726 1122 1756 1181 3.

294 1240 374 1306 Gneo.
392 1238 442 1290 IX
459 1237 525 1305 Itep.
545 1237 608 1290 Ino.
627 1237 683 1302 IX,
701 1241 744 1291 42.
781 1237 899 1291 Edimna
917 1255 951 1290 ea
969 1237 1064 1306 Royn.
1083 1238 1154 1291 Arene.
1175 1239 1235 1291 eccl.
1254 1256 1279 1292 a.
1299 1241 1380 1303 1235,
1397 1240 1413 1302 §
1430 1241 1476 1290 20.

295 1325 430 1392 Parnase,
450 1325 519 1392 Rep.
538 1325 621 1375 9893.
1147 1339 1148 1342 “

208 1520 451 1611 Gregorius
479 1518 731 1614 epi-scopuS,
759 1541 914 1591 servus
941 1541 1168 1592 servorum
1199 1520 1291 1608 Dei,
1318 1519 1532 1591 fidelibus
1560 1517 1827 1592 Christianis

520 1639 708 1712 salutem
736 1646 778 1712 et
804 1641 1104 1730 apostolicam
1134 1639 1510 1713 benedictionem.

302 1791 393 1855 Sicut
416 1788 527 1852 Iudeis
555 1810 621 1851 non
644 1787 743 1852 debet
774 1811 848 1854 esse
879 1789 1013 1853 licentia
1042 1792 1074 1854 in
1105 1791 1283 1875 synagogis
1317 1791 1383 1853 suis
1412 1791 1616 1875 ultraquam
1646 1789 1843 1875 permissum

192 1902 243 1959 est
270 1895 345 1978 lege
375 1913 579 1979 presumere,
612 1894 658 1955 ita
689 1893 722 1955 in
753 1894 809 1972 iis,
841 1914 903 1978 que
935 1915 1093 1957 concessa
1126 1901 1201 1957 sunt
1230 1894 1298 1972 eis,
1330 1894 1453 1956 nullum
1476 1892 1599 1957 debent
1627 1892 1843 1979 preiudicium

192 1998 365 2061 sustinere.
410 1995 479 2058 Nos
504 2017 599 2079 ergo,
630 1996 709 2060 licet
732 1997 765 2059 in
790 2019 849 2060 sua
871 1998 976 2081 magis
999 1999 1102 2061 velint
1126 1998 1245 2061 duritia
1268 1996 1466 2082 perdurare,
1490 2018 1587 2081 quam
1609 1998 1841 2083 prophetarum

191 2100 290 2164 verba
313 2107 345 2164 et
368 2120 531 2163 sacrarum
556 2102 787 2184 scripturarum
811 2121 930 2164 aroana
953 2122 1152 2184 cognoscere
1176 2108 1275 2185 atque
1300 2099 1340 2163 ad
1360 2098 1545 2164 Christiane
1569 2099 1645 2164 fidei
1669 2107 1702 2163 et
1728 2100 1844 2163 salutis

191 2204 340 2267 notitiam
364 2203 546 2288 pervenire,
571 2204 647 2286 quia
670 2209 780 2267 tamen
804 2203 1029 2268 defensionem
1052 2211 1198 2269 nostram
1223 2211 1256 2268 et
1280 2204 1439 2268 auxilium
1461 2205 1629 2290 postulant
1652 2210 1685 2267 et
1708 2203 1843 2288 pietatis

192 2306 378 2370 Christiane
403 2305 696 2384 mansuetudinem,
720 2307 992 2391 predecessorum
1016 2315 1201 2371 nostrorum
1226 2309 1332 2371 felicis
1357 2308 1514 2370 memorie
1534 2306 1666 2387 Calixti,
1689 2305 1844 2390 Eugenii,

127 2439 139 2475 r.
192 2409 384 2488 Alexandri,
408 2407 598 2480 Clementis,
623 2407 792 2486 Celestini,
815 2409 999 2474 Innocentii
1023 2419 1056 2475 et
1080 2411 1219 2474 Honorii
1234 2410 1458 2474 Romanorum
1481 2410 1671 2495 pontificum
1694 2409 1844 2493 vestigiis

191 2514 396 2592 inherentes,
429 2512 575 2597 ipsorum
598 2512 790 2595 petitionem
814 2513 1015 2578 admittimus
1041 2515 1153 2599 eisque
1185 2513 1401 2598 protectionis
1425 2520 1537 2576 nostre
1562 2513 1713 2598 clypeum
1736 2511 1844 2574 indul-

191 2638 317 2701 gemus.
365 2615 546 2678 Statuimus
564 2615 677 2688 etiam,
701 2621 737 2678 ut
759 2617 867 2680 nullus
885 2616 1091 2680 Christianus
1108 2617 1227 2680 invitos
1243 2617 1297 2680 vel
1321 2617 1474 2679 nolentes
1499 2636 1556 2678 eoa
1580 2612 1622 2676 ad
1643 2614 1844 2699 baptismum

190 2741 249 2805 per
271 2718 460 2782 violentiam
483 2717 594 2782 venire
626 2719 819 2804 compellat,
855 2719 913 2782 sed
948 2721 975 2783 si
1008 2742 1121 2784 corum
1151 2720 1288 2805 quilibet
1320 2727 1435 2806 sponte
1467 2719 1508 2782 ad
1532 2717 1736 2782 Christianos
1767 2716 1844 2780 fidei

190 2845 290 2886 causa
313 2821 510 2904 confugerit,
539 2829 713 2907 postquam
736 2823 887 2886 voluntas
911 2824 983 2888 eius
1005 2824 1105 2887 fuerit
1132 2823 1312 2908 patefacta,
1345 2822 1549 2886 Christianus
1578 2821 1702 2904 absque
1734 2819 1844 2904 aliqua

114 2959 126 2994 ρ
194 2925 354 2989 efficiatur
383 2925 565 2998 calurnnia;
598 2946 708 2988 veram
739 2926 859 3011 quippe
885 2926 1141 2990 Christianitatis
1170 2927 1267 2990 fidem
1296 2926 1418 2990 habere
1442 2947 1506 2990 non
1532 2924 1691 3004 creditur,
1724 2923 1779 3008 qui
1803 2921 1843 2985 ad

192 3027 449 3091 Christianorum
478 3027 641 3112 baptisma
672 3048 737 3090 non
768 3037 968 3115 spontaneus
1003 3029 1059 3093 sed
1091 3031 1212 3094 invitus
1243 3031 1452 3114 cognoscitur
1485 3027 1669 3114 pervenire.
1728 3025 1844 3089 Nullus

192 3133 290 3196 ctiam
315 3130 520 3194 Christianus
545 3152 658 3194 eorum
683 3153 841 3216 personas
866 3135 936 3198 sine
961 3134 1081 3198 iudicio
1106 3135 1279 3220 potestatis
1304 3141 1391 3198 terre
1416 3133 1588 3196 vulnerare
1613 3137 1668 3194 aut
1692 3129 1843 3194 occidere

192 3237 245 3299 vel
275 3255 350 3298 suas
380 3235 428 3296 illi
467 3235 624 3319 pecunias
659 3234 788 3299 auferre
826 3244 1008 3322 presumat,
1045 3245 1101 3301 aut
1130 3238 1250 3316 bonas,
1285 3258 1365 3321 quas
1402 3236 1561 3299 hactenus
1591 3234 1624 3296 in
1652 3254 1691 3296 ea
1721 3233 1754 3294 in
1782 3252 1846 3315 qua

193 3339 341 3402 habitant
363 3339 497 3422 regione
515 3336 709 3414 habuerunt,
734 3341 988 3404 consuetudines
1012 3341 1195 3404 immutare.
1240 3340 1398 3404 Preterea
1421 3341 1454 3401 in
1472 3338 1686 3402 festivitatum
1711 3356 1843 3398 suarum

194 3441 415 3506 celebratione
433 3442 622 3525 quisquam⁸
638 3442 779 3505 fustibus
796 3444 848 3506 vel
870 3443 1033 3530 lapidibus
1053 3465 1110 3506 eos
1127 3445 1293 3508 ullatenus
1309 3465 1373 3507 non
1390 3442 1570 3528 perturbet,
1597 3461 1702 3525 neque
1726 3438 1845 3522 aliquis

193 3545 234 3608 ab
259 3546 306 3609 eis
330 3553 443 3608 coacta
467 3545 601 3607 servitia
624 3545 752 3629 exigat,
784 3547 849 3609 nisi
874 3569 998 3632 eaque
1022 3549 1085 3634 ipsi
1109 3548 1276 3633 preteritis
1300 3548 1408 3610 facere
1433 3544 1636 3630 temporibus
1661 3562 1841 3606 consueve-

194 3655 277 3712 runt.
323 3648 374 3712 Ad
397 3649 457 3711 hec
481 3648 641 3710 malorum
665 3647 831 3712 hominum
855 3651 1008 3734 pravitati
1032 3658 1065 3714 et
1089 3651 1224 3713 avaritie
1249 3649 1420 3713 obviantes
1443 3647 1661 3721 decernimus,
1685 3652 1721 3708 ut
1745 3663 1842 3706 nemo

194 3753 405 3816 cemeterIum
431 3750 606 3814 Iudeorum
636 3753 787 3817 mutilare
821 3755 875 3816 vel
910 3755 1056 3818 minuere
1088 3753 1221 3832 audeat,
1265 3754 1334 3816 sive
1366 3753 1502 3816 obtentu
1533 3750 1672 3836 pecunie
1707 3768 1845 3834 corpora

193 3855 326 3918 humata
356 3854 511 3918 effodere.
562 3851 598 3915 Si
627 3854 700 3937 quis
730 3861 841 3918 autem
871 3856 966 3919 huius
997 3855 1122 3920 decreti
1151 3863 1264 3919 tenore
1301 3856 1431 3939 cognito
1462 3861 1603 3935 temere,
1637 3851 1723 3937 quod
1750 3850 1846 3929 absit,

196 3961 356 4023 contraire
381 3957 603 4042 temptaverit,
634 3957 767 4020 honoris
792 3965 825 4022 et
848 3959 947 4022 officii
972 3960 1021 4022 sui
1047 3960 1228 4045 periculum
1252 3959 1397 4043 patietur
1419 3965 1474 4020 aut
1497 3953 1846 4020 excommunicationis

194 4065 317 4127 ultione
342 4062 513 4146 plectatur,
538 4061 600 4123 nisi
623 4064 903 4146 presumptionem
928 4085 1020 4126 suam
1044 4063 1142 4148 digna
1166 4062 1391 4125 satisfactione
1416 4061 1607 4124 correxerit.
1645 4058 1712 4122 an
1737 4063 1846 4120 autem

195 4167 365 4230 dumtaxat
392 4165 488 4228 huius
511 4165 725 4249 protectionis
748 4167 893 4251 presidio
918 4169 1066 4231 volumus
1091 4167 1299 4248 communiri,
1332 4167 1386 4251 qui
1409 4165 1510 4229 nichil
1532 4161 1791 4250 presumpserint
1814 4160 1845 4222 in

196 4271 443 4334 subversionem
467 4268 543 4332 fidei
567 4266 764 4333 Christiane.

303 4389 379 4455 Dat.
396 4389 525 4452 Perusii
547 4410 606 4474 por
622 4410 751 4452 uranum
773 4390 883 4454 fratris
899 4391 1020 4477 Ioseph
1040 4392 1163 4456 ordinis
1179 4393 1357 4468 Florensis,
1381 4391 1504 4454 domini
1521 4387 1673 4473 Gregorii
1696 4406 1780 4472 pape
1797 4383 1848 4447 IX

132 4523 143 4560 c
196 4495 329 4568 notarii,
361 4494 390 4556 V
419 4493 504 4558 Non.
537 4493 629 4570 Maii,
662 4493 839 4558 indictione
867 4495 968 4574 VIII,
1004 4495 1237 4560 incarnationis
1269 4494 1443 4558 Dominice
1472 4496 1580 4557 annot>
1613 4487 1847 4568 MCOXXXV,

119 5509 145 5546 40

197 4599 405 4684 pontificatus
429 4597 578 4662 eiusdem
601 4597 725 4661 domini
749 4597 903 4682 Gregorii
926 4621 1011 4685 pape
1036 4622 1120 4664 anno
1144 4598 1204 4664 IX.

817 4829 1228 4836 maana-ffl-

977 5036 1065 5108 639.

306 5145 496 5255 (drogonus
515 5173 570 5236 IX
585 5197 674 5255 papa
696 5195 794 5256 repom
822 5173 934 5236 Tanici
955 5178 1058 5255 repat,
1080 5179 1115 5237 nt
1137 5172 1312 5238 Iohannem
1333 5170 1512 5234 rnfnn'strnm
1534 5166 1656 5231 ardiae's
1678 5165 1845 5228 Minorem

197 5275 234 5338 de
255 5277 422 5340 Barbaria
444 5278 571 5358 cinesqne
593 5280 706 5341 sociam
731 5277 860 5359 benigne
881 5278 1021 5356 rccipriat.
1486 5273 1580 5347 1235,
1603 5269 1687 5334 Mai.
1712 5269 1762 5331 15.

301 5395 383 5466 Grep.
402 5397 451 5450 IX
470 5397 537 5466 ch.
559 5397 618 5451 Vol.
643 5398 671 5466 V,
690 5403 740 5464 21,-
758 5397 819 5451 Lib.
838 5397 894 5465 IX,
917 5401 962 5450 53.

300 5481 436 5546 Pottlraat,
457 5483 527 5554 neq.
547 5487 628 5538 9901.

302 5697 323 5762 ¹)
341 5697 450 5762 quisque
468 5696 552 5764 Ifoyrr.
635 5693 659 5760 b)
677 5714 745 5747 aurio
764 5696 831 5746 deest
849 5713 891 5761 op.
911 5693 995 5760 Ifayn.
