4576 6390
781 398 982 454 EPISTOLAE
999 398 1189 454 subucula.
1226 401 1301 454 1234.
1802 407 1864 468 465

208 575 392 656 consilium,
418 576 578 639 auxilium
602 581 635 639 et
657 574 813 653 favorem,
837 578 949 636 contra
973 578 1129 635 statutum
1151 572 1257 637 felicis
1281 573 1517 640 recordationis
1542 572 1755 664 Ilnnooentii]
1780 598 1864 664 papo

207 679 451 767 predecessoris
483 679 585 743 nostri
618 699 717 763 super
745 678 807 741 hoc
836 682 948 740 contra
978 697 1035 739 eos
1066 674 1213 739 editum²
1248 682 1372 740 temere
1400 679 1591 758 venientes,
1625 680 1658 742 in
1688 680 1866 744 eorundem

209 781 355 868 episcopi
380 789 413 846 et
436 782 575 846 ecclesie
605 780 821 867 preiudicium
844 785 877 843 et
900 800 1086 864 gravamen.
1131 777 1292 851 Quocirca
1321 780 1524 860 mandamus,
1561 782 1728 866 quatinus,
1757 783 1785 846 si
1814 790 1866 847 est

207 887 268 966 ita,
298 885 472 949 canonicos
501 891 535 949 et
563 886 665 948 laicos
690 883 911 970 supradictos,
943 889 982 946 ut
1003 882 1044 945 ab
1075 882 1261 947 huiusmodi
1292 885 1540 970 presumptione
1564 884 1740 964 desistant,
1769 885 1865 951 modo

145 1009 157 1047 a
209 989 358 1076 predicto
382 1010 441 1074 per
465 1009 637 1052 censuram
654 988 912 1053 ecclesiasticam
927 982 1157 1072 'appellatione
1180 989 1365 1073 postposita
1387 989 1501 1074 previa
1526 989 1652 1052 ratione
1677 991 1864 1075 compellas.

209 1091 304 1166 Quod
329 1093 357 1155 si
379 1112 441 1155 nec
471 1093 517 1155 sic
540 1090 727 1156 destiterint
750 1113 769 1154 a
790 1090 1037 1176 presumptione
1060 1089 1203 1174 prefata,
1237 1091 1411 1154 canonicos
1445 1091 1633 1169 beneficiis,
1663 1092 1764 1156 laicos
1787 1113 1865 1157 vero

208 1193 334 1276 feudis,
370 1195 634 1279 possessionibus
663 1201 697 1258 et
730 1194 828 1258 rebus
860 1193 948 1273 aliis,
983 1214 1046 1277 que
1080 1191 1120 1255 ab
1153 1192 1268 1256 cadem
1300 1194 1442 1258 ecclesia
1474 1194 1636 1280 optinent,
1670 1195 1865 1259 auctoritate

208 1303 320 1361 nostra
342 1297 471 1382 privare
493 1319 664 1383 procures;
689 1295 943 1360 contradictores
967 1302 1030 1360 etc.

316 1414 392 1480 Dat.
416 1416 569 1480 Lateran.
593 1415 657 1480 XV
678 1416 753 1482 Kal.
776 1415 908 1479 Ianuar.
932 1437 1017 1479 anno
1041 1415 1192 1501 septimo.

992 1815 1077 1889 569.

133 1972 158 2012 ιο
317 1913 508 2024 (simportus
531 1939 587 2005 IX
613 1961 700 2020 popo
730 1941 868 2019 episcopo
900 1939 1112 2004 Forolioieasi
1144 1939 1280 2019 aliisque
1315 1939 1452 2003 ciccsdcm
1484 1942 1621 2023 repiom's
1646 1943 1805 2022 praelatis
1836 1945 1865 2004 ct

209 2045 330 2109 clericis
355 2044 501 2122 umectat,
527 2049 564 2107 at
585 2043 770 2128 [lapsine]
792 2044 967 2123 capacitate-0,
998 2043 1111 2108 rectori
1133 2042 1264 2107 Massoc
1289 2042 1478 2121 Traborioc,
1512 2046 1548 2106 ν’νο
1574 2047 1694 2108 annuis
1710 2065 1865 2126 procuro-

210 2149 347 2213 tioailncs
369 2147 553 2228 respondere
575 2152 692 2212 carcat.
1380 2219 1386 2230 ·
1534 2149 1628 2224 1234,
1651 2147 1726 2213 Iao.
1749 2151 1778 2210 3.

314 2266 398 2338 (ἶνες.
417 2267 466 2320 IX
483 2268 551 2337 1209.
575 2267 630 2320 Vol.
650 2265 703 2333 IV,
723 2269 787 2332 124;
805 2264 869 2317 Lib.
893 2263 960 2328 VII,
978 2267 1044 2316 438.

275 2445 589 2533 Foroliviensi,
615 2443 940 2535 Foropuliensi,
965 2442 1261 2532 Ariminensi,
1289 2443 1513 2530 Cesenati,
1540 2442 1796 2530 Faventin0,
1901 2503 1903 2508 ,

135 2589 158 2626 1⁵
212 2565 459 2652 cerviensi,
493 2564 732 2638 Xarsenati
760 2570 805 2637 et
830 2563 1048 2637 Feltrensi
1076 2564 1317 2655 episcopis,
1349 2564 1609 2652 abbatibus,
1642 2563 1866 2656 prioribus

321 2690 363 2758 et
389 2685 490 2759 aliis
518 2685 809 2760 ecclesiarum
836 2685 1025 2776 prelatis
1052 2706 1102 2757 ac
1128 2685 1338 2756 universo
1367 2685 1490 2757 clero
1518 2684 1751 2758 civitatum

653 2810 696 2878 et
721 2805 950 2878 diocesum
977 2805 1179 2877 locorum
1206 2805 1418 2897 ipsorum.

318 2945 400 3010 Oum
427 2945 581 3010 dilectum
610 2945 713 3008 filium
735 2944 762 3008 Ι.
786 2945 992 3030 capellanum
1022 2950 1185 3024 nostrum,
1218 2943 1313 3009 nobis
1344 2950 1379 3008 et
1410 2943 1567 3007 fratribus
1596 2943 1716 3008 nostris
1745 2942 1862 3006 merito

209 3071 267 3114 sue
290 3050 463 3136 probitatis
486 3055 668 3136 acceptum,
692 3049 866 3114 commisso
889 3047 952 3112 sibi
978 3049 1153 3134 legationis
1177 3047 1294 3128 officio,
1318 3047 1429 3112 Massa
1445 3046 1604 3111 Trabarie
1620 3045 1861 3132 providerimus

132 3179 158 3218 οο
209 3153 243 3215 in
265 3158 442 3231 rectorem,
473 3154 565 3216 cuius
596 3152 804 3217 discretionis
835 3151 995 3215 industria
1023 3151 1195 3237 probabile
1228 3151 1323 3215 nobis
1356 3150 1469 3215 tribuit
1497 3156 1741 3234 argumentum,
1776 3146 1864 3232 quod

208 3256 351 3340 negotiis
381 3256 460 3320 licet
488 3255 707 3342 arduis,que
739 3255 801 3318 sibi
824 3275 844 3318 a
867 3254 945 3319 sede
974 3255 1156 3340 apostolica
1187 3255 1449 3333 committuntur,
1480 3252 1660 3339 prudenter
1682 3257 1716 3316 et
1737 3251 1863 3315 utiliter

210 3357 330 3422 debeat
352 3359 539 3422 imminere:
572 3358 775 3444 presentium
799 3358 892 3421 vobis
915 3359 1112 3422 auctoritate
1135 3358 1348 3445 precipiendo
1371 3355 1578 3432 mandamus,
1613 3355 1765 3439 quatinus
1789 3374 1862 3416 cum

209 3461 359 3546 requisiti
382 3461 424 3525 ab
448 3463 519 3547 ipso
543 3462 683 3542 fueritis,
714 3463 747 3525 in
778 3461 894 3525 annuis
925 3463 1209 3546 procurationibus
1234 3462 1355 3526 curetis
1379 3458 1485 3524 eidem
1515 3457 1696 3522 liberaliter
1724 3475 1861 3540 respon-

210 3563 300 3644 dere,
324 3565 369 3628 ita
393 3564 478 3649 quod
503 3586 545 3629 cx
569 3566 766 3630 liberalitate
783 3571 893 3629 vestra
910 3564 1005 3628 nobis
1028 3563 1061 3628 id
1085 3564 1240 3630 reddatur
1261 3565 1429 3650 acceptius
1453 3569 1486 3626 et
1501 3561 1594 3626 vobis
1612 3559 1732 3626 exinde
1756 3559 1861 3622 maius

131 3693 157 3732 νο
210 3668 362 3731 meritum
386 3667 555 3732 debeatur.
600 3667 757 3753 Alioquin
780 3669 993 3746 sententiam,
1019 3689 1116 3752 quam
1141 3670 1202 3733 rite
1227 3669 1341 3732 tulerit
1363 3668 1396 3730 in
1418 3665 1576 3744 rebelles,
1590 3669 1704 3727 ratam
1726 3659 1862 3724 habebi-

209 3793 281 3836 mus
305 3778 338 3837 ct
361 3773 519 3837 faciemus
543 3780 675 3837 auctore
698 3772 840 3837 Domino
865 3771 1100 3836 inviolabiliter
1122 3772 1301 3836 observari.

197 3919 199 3922 ·
317 3891 392 3956 Dat.
416 3892 569 3958 Lateran.
592 3893 644 3957 III
666 3892 751 3958 Non.
774 3893 904 3959 Ianuar.
929 3913 1013 3957 anno
1038 3894 1188 3979 septimo.

993 4295 1080 4366 570.

319 4389 510 4498 &reportas
537 4415 594 4479 IX
615 4435 705 4495 popo
734 4415 956 4500 [Ἠιοοᾱονὲοο]
988 4417 1216 4496 archiepiscopo
1245 4415 1427 4480 Ravennati
1455 4417 1484 4478 ct
1510 4410 1693 4497 [Martiae]
1725 4411 1864 4492 episcopo

210 4520 345 4585 Arctino
365 4521 500 4600 aliisque
521 4519 602 4581 idom
624 4518 765 4586 mandat.
1531 4519 1625 4594 1234,
1648 4515 1722 4579 Ian.
1746 4519 1776 4579 3.

133 4657 160 4696 ao
312 4637 392 4708 (ἔτος.
412 4638 461 4691 IX
478 4637 548 4708 Ray.
571 4637 629 4691 Vol.
648 4637 701 4702 IV,
720 4643 788 4704 125;
806 4637 868 4690 Lib.
889 4637 959 4702 VII,
977 4642 1037 4691 442.

212 4874 221 4892 .
251 4874 260 4892 .
293 4817 621 4909 archiepiscopo
654 4815 904 4890 Ravennati
942 4821 983 4889 et
1020 4873 1028 4891 .
1058 4872 1067 4888 .
1100 4816 1310 4907 episcopo
1342 4813 1529 4886 Aretino
1562 4819 1605 4887 et
1640 4811 1864 4886 universis

211 4939 466 5026 abbatibuS,
500 4937 727 5028 prioribus
759 4943 801 5010 et
834 4937 936 5010 aliis
970 4935 1265 5010 ecclesiarum
1299 4933 1488 5025 prelatis
1516 4939 1558 5007 et
1590 4932 1763 5006 clericis
1790 4951 1864 5020 per

308 5059 609 5132 Ravennatem
637 5063 679 5129 et
705 5057 935 5130 Arctinam
961 5056 1171 5131 civitates
1199 5061 1242 5128 et
1268 5054 1476 5127 dioceses
1502 5052 1767 5126 constitutis

276 5199 358 5263 Cum
371 5199 527 5263 dilectum
543 5197 646 5260 filium
659 5195 846 5281 Iaquinturn
863 5197 1070 5282 capellanum
1088 5201 1234 5260 nostrum
1253 5201 1364 5260 etant
1379 5214 1477 5280 supra
1490 5193 1524 5255 in
1534 5188 1866 5256 ccccxxxwln·

134 5323 160 5364 οι
212 5303 323 5370 littera
344 5323 448 5386 usque
470 5302 504 5365 in
525 5301 635 5364 finem.

317 5561 339 5628 ·)
358 5563 403 5628 109.
422 5563 653 5614 ccccxxxvm.

315 5680 342 5750 1)
361 5697 387 5734 a.
405 5683 487 5747 1203,
504 5679 568 5734 loa.
585 5681 633 5748 23,
649 5679 788 5747 Postea,
806 5679 873 5750 Ray.
892 5679 971 5733 1813.

314 5779 377 5838 ltro.
393 5779 474 5832 Pom.
491 5778 512 5836 Ι,
