4596 6406
1023 391 1071 453 EX
1089 391 1264 454 ennoean
1283 391 1321 452 lx
1340 386 1520 452 REGISTRO

556 573 595 638 In
619 573 760 640 eundem
783 571 915 638 modum
938 571 1187 659 archiepiscopo
1210 569 1431 637 Bituriceusi¹
1455 577 1488 636 et
1511 568 1729 656 suffraganeis
1753 565 1831 635 suis.

557 677 596 742 In
620 676 760 742 eundem
783 675 915 741 modum
938 675 1185 763 archiepiscopo
1209 675 1390 740 lauuensi²
1412 681 1446 740 et
1469 675 1685 759 suffraganeis
1709 674 1789 740 suis.

556 780 595 844 In
619 781 760 846 eundem
783 779 915 844 modum
938 779 1185 866 archiepiscopo
1208 779 1407 844 Bisuntino³
1430 784 1464 843 et
1486 776 1702 862 suffraganeis
1726 778 1805 844 suis.

555 883 595 948 In
618 884 759 949 eundern
782 883 914 946 modum
937 884 1101 948 universis
1125 882 1301 948 abbatibus
1325 889 1358 948 et
1380 883 1535 948 fratribus
1560 881 1790 946 Cisterciensis
1814 881 1948 946 ordinis.

556 987 594 1051 In
618 988 758 1052 eundem
782 985 913 1050 modum
936 987 1098 1050 universis
1121 985 1296 1051 abbatibus
1321 993 1354 1051 et
1377 985 1532 1050 fratribus
1557 985 1784 1050 Oluniacensis
1808 985 1941 1049 ordinis.
2176 996 2187 1034 ⁵

555 1090 595 1154 In
619 1091 758 1155 eundern
781 1090 913 1154 modum
936 1090 1098 1153 universis
1121 1089 1298 1155 abbatibus
1321 1096 1355 1154 et
1377 1088 1532 1152 fratribus
1555 1087 1872 1152 Premonstrateusis
1896 1088 2032 1153 ordinis.

555 1194 595 1258 In
619 1194 758 1258 eundem
781 1191 914 1256 modum
937 1194 1100 1257 universis
1123 1194 1287 1280 prioribus
1311 1199 1345 1258 et
1367 1192 1522 1257 fratribus
1546 1190 1668 1255 ordinis
1691 1191 1949 1257 Predicatorum.

556 1298 594 1361 In
619 1297 759 1362 eundem
784 1295 916 1362 modurn
940 1297 1103 1361 universis
1127 1298 1284 1363 ministris
1309 1303 1343 1362 et
1365 1294 1521 1361 fratribus
1545 1295 1666 1361 ordinis
1689 1295 1824 1360 fratrum
1847 1296 2050 1361 Minorum‘.

1232 1855 1318 1928 748.

556 1965 747 2078 Grcqerias
762 1993 818 2059 IX
825 2015 915 2076 papa
926 1994 1114 2079 [Goswino]
1126 1995 1243 2059 decano
1253 1995 1383 2060 maioris
1396 1996 1547 2074 ccclesiae,
1562 1995 1759 2061 thesaurario
1770 1995 1957 2062 Sanctorum
1970 1996 2108 2076 aposta

446 2098 547 2163 loram
562 2103 591 2163 ct
611 2099 792 2164 scholastico
807 2098 918 2164 Sancti
933 2098 1062 2179 Georqa'i
1076 2098 1216 2176 mandat,
1238 2102 1274 2162 at
1295 2099 1332 2162 dc
1348 2099 1553 2180 provectibus
1573 2100 1770 2176 ecclessiarum
1793 2104 1823 2164 ct
1843 2101 2108 2164 monasteriorum
2166 2117 2190 2155 1⁰

445 2201 582 2266 medatis
603 2205 632 2264 ct
654 2201 783 2264 dmccsis
808 2200 1003 2265 Coloniensis
1025 2203 1088 2264 octo
1110 2201 1202 2264 cailla
1223 2221 1403 2264 marcarum
1422 2222 1481 2282 per
1502 2204 1640 2284 spatium
1667 2222 1723 2266 sca
1749 2223 1906 2266 canaam
1925 2203 2111 2284 percipiant

446 2307 475 2366 et
495 2303 577 2367 boae
593 2306 762 2385 peccaram
783 2305 820 2367 ia
842 2303 946 2367 mllio
969 2303 1112 2368 ccclesiae
1137 2303 1332 2370 Colontcnsts
1355 2305 1503 2370 solvenda
1524 2309 1712 2372 convaleat.

549 2493 633 2563 Gra·
651 2493 701 2546 IX
718 2492 788 2562 Res·
808 2492 868 2549 Vol·
889 2492 940 2558 VJ.
958 2496 1028 2559 zoa·
1045 2492 1108 2548 aa
1128 2493 1221 2562 xrrr,
1241 2497 1285 2548 ee.
1738 2412 1832 2488 ²232
1854 2409 1938 2474 Mat.
1960 2412 2014 2474 2⁸·

434 2779 455 2812 ⁵.
473 2779 481 2796 .
497 2725 668 2796 decano
687 2725 874 2801 maioris
893 2727 1107 2815 ecclesie,
1128 2727 1466 2801 ..thesaurario
1486 2727 1754 2801 Sanctorum
1772 2726 2105 2819 Apostolorum
2165 2757 2190 2794 ιε

760 2855 805 2923 et
831 2849 1078 2923 scolastico
1106 2849 1258 2922 Sancti
1286 2849 1471 2942 Georgii
1497 2847 1790 2923 Coloniensia

555 2995 697 3062 Sortitur
727 2998 871 3083 genitrix
902 2990 1091 3063 discrimina
1113 2999 1237 3063 sobolis
1262 3005 1295 3064 et
1318 2999 1458 3064 materni
1488 2998 1652 3086 dispendii
1680 2999 1765 3062 lilius
1795 3020 1860 3065 non
1889 3007 1940 3065 est
1969 3022 2106 3088 expers.

445 3097 556 3163 Nativi
587 3101 719 3186 quidem
744 3104 881 3168 affectus
905 3102 1026 3168 federis
1049 3103 1277 3190 prosperitatis
1307 3103 1368 3168 sibi
1398 3104 1638 3167 communicant
1665 3110 1698 3167 et
1720 3102 1927 3168 adversitatis
1951 3113 2105 3173 eventus.

446 3201 481 3264 Si
506 3223 584 3288 ergo
609 3207 730 3270 amoris
752 3206 856 3270 innati
881 3207 998 3292 copula
1019 3207 1182 3292 reliquum
1198 3207 1360 3292 passionis
1377 3207 1512 3271 alterius
1528 3205 1637 3270 reddit
1654 3208 1878 3292 compassione
1894 3209 2104 3296 participem,

446 3305 544 3369 solvit
565 3314 681 3373 nature
704 3309 886 3388 vinculum,
918 3310 945 3372 si
974 3331 1061 3374 unus
1084 3310 1221 3374 alterius
1245 3309 1435 3394 gravamina
1457 3330 1522 3373 non
1544 3309 1693 3395 partitur.
1745 3308 1784 3372 In
1807 3312 1965 3376 auxilium
1989 3313 2102 3398 itaque
2162 3334 2190 3372 aa

445 3407 621 3494 indigentis
645 3411 704 3476 filii
727 3411 849 3478 debent
872 3414 986 3478 matris
1011 3413 1194 3479 exuberare
1219 3415 1373 3499 suffragia
1397 3414 1486 3478 etin
1509 3413 1622 3477 matris
1645 3414 1774 3498 egentis
1798 3414 1979 3480 subsidium
2003 3416 2107 3483 debet

445 3535 503 3577 sue
527 3515 758 3600 possibilitatis
783 3523 932 3582 extrema
955 3517 1040 3581 lilius
1065 3519 1219 3604 experiri.
1273 3516 1359 3582 Sane
1383 3516 1521 3580 dilectus
1545 3515 1631 3580 filius
1656 3566 1663 3581 .
1688 3567 1696 3583 .
1720 3515 1928 3582 Coloniensis
1953 3521 2105 3584 electus⁵

443 3616 475 3680 iu
504 3624 617 3682 nostra
646 3621 818 3706 proposuit
848 3621 1017 3708 presentia
1046 3620 1260 3701 constitutus,
1294 3620 1380 3705 quod
1414 3620 1556 3684 ecclesia
1584 3618 1790 3684 Coloniensis
1818 3628 1909 3686 tanto
1943 3624 2105 3708 premitur

436 3743 543 3792 ,onere
567 3722 766 3802 debitorum,
791 3725 885 3810 ‘quod
908 3726 971 3789 nisi
999 3725 1030 3790 ei
1053 3745 1112 3811 per
1135 3724 1315 3810 apostolice
1339 3723 1427 3788 sedis
1449 3722 1684 3810 providentiam
1710 3724 1861 3788 celeriter
1884 3734 2104 3809 succurratur,

443 3825 622 3891 verendum
645 3835 705 3906 est,
732 3850 773 3892 nc
798 3827 1014 3893 absorbeatur
1036 3829 1166 3914 penitus
1183 3829 1337 3913 voragine
1359 3848 1543 3904 usurarum,
1567 3826 1607 3890 ad
1623 3847 1760 3911 quarum
1776 3828 1972 3892 solutionem
1995 3830 2101 3917 ipsius
2160 3861 2187 3899 ss

442 3928 588 3993 redditus
621 3931 677 3993 vix
706 3930 856 3996 sufficere
887 3930 1109 3997 dinoscuntur.
1163 3930 1271 4004 Quare
1301 3931 1396 3995 nobis
1424 3930 1591 3995 humiliter
1619 3931 1828 4015 supplicavit,
1869 3939 1905 3994 ut
1938 3933 1970 3995 in
2001 3933 2101 3999 huius

442 4033 651 4097 necessitatis
674 4035 811 4099 articulo
835 4036 897 4120 ipsi
920 4036 1072 4115 ecclesie,
1097 4036 1148 4099 cui
1171 4041 1262 4099 tanto
1285 4036 1389 4119 magis
1414 4035 1677 4121 compatiendum
1701 4036 1822 4116 existit,
1846 4038 2100 4122 quantominus

442 4137 532 4200 novit
565 4138 766 4224 paupertatis
804 4137 1012 4204 incommoda
1045 4139 1223 4218 sustinere,
1257 4159 1319 4225 que
1354 4138 1524 4202 nobilitata
1555 4139 1658 4224 pollet
1690 4144 1723 4202 et
1752 4136 1896 4223 gaudere
1927 4143 2100 4207 consuevit

444 4239 603 4304 bonorum
629 4242 857 4327 temporalium
879 4242 1047 4323 ubertate,
1080 4242 1209 4328 paterni
1232 4263 1361 4306 manum
1385 4242 1498 4306 auxilii
1522 4242 1688 4327 porrigere
1711 4262 1906 4308 curaremus.
1951 4242 2098 4329 Dignum

441 4345 539 4429 igitur
570 4341 777 4430 reputantes,
805 4353 841 4408 ut
867 4347 1015 4410 membra
1045 4347 1143 4433 capiti
1172 4347 1315 4412 debeant
1343 4346 1518 4410 subvenire
1548 4366 1586 4411 ac
1617 4345 1756 4410 ecclesie
1787 4345 1934 4410 subiecta
1963 4347 2096 4412 maioris

444 4448 587 4511 ecclesie
612 4454 778 4533 tamquam
809 4451 921 4514 matris
953 4471 1053 4514 onera
1084 4457 1304 4537 comportare,
1335 4471 1394 4513 nos
1421 4451 1523 4536 ipsius
1553 4448 1846 4536 supplicationibus
1875 4449 2022 4514 inclinati
2054 4451 2097 4516 de

441 4551 594 4615 omnibus
617 4553 831 4638 proventibus
861 4553 1091 4636 ecclesiarum,
1114 4555 1385 4619 monasteriorum
1410 4561 1443 4618 et
1466 4554 1763 4618 ecclesiasticarum
1786 4551 1995 4638 dignitatum,
2019 4576 2096 4639 pre-

441 4652 623 4718 bendarum
653 4677 781 4742 quoquo
809 4654 853 4721 'ac
881 4658 1018 4721 aliorum
1053 4658 1349 4723 ecclesiasticorum
1384 4657 1619 4723 beneficiorum
1650 4655 1856 4721 Coloniensis
1888 4657 2028 4721 civitatis
2061 4667 2097 4724 et

442 4758 604 4841 diocesis,
636 4761 783 4824 ecclesiis
814 4762 977 4848 exemptis
1009 4763 1171 4847 exceptis,
1205 4783 1363 4825 summam
1394 4767 1468 4825 octo
1496 4761 1619 4825 milium
1648 4779 1830 4824 marcarum
1851 4759 2095 4846 percipiendam

440 4883 499 4948 per
522 4883 582 4925 sex
605 4884 763 4928 annorum
787 4865 928 4951 spatium
953 4866 1014 4930 sibi
1037 4886 1094 4951 pro
1111 4862 1295 4929 debitorum
1312 4865 1474 4929 solutione
1491 4862 1650 4928 dictorum
1666 4862 1819 4926 duximus
1836 4861 2092 4930 concedendam.

438 4965 583 5052 Ideoque
607 4968 639 5030 in
663 4968 783 5033 virtuto
816 4968 1001 5034 obedientie
1029 4968 1174 5034 districte
1203 4967 1414 5055 precipiendo
1442 4966 1649 5047 mandamus,
1681 4967 1833 5050 quatinus
1863 4987 1935 5030 eam
1965 4968 2094 5052 integre

439 5071 648 5156 colligentes,
679 5071 876 5157 imponendo
909 5073 1046 5158 singulis
1077 5093 1159 5137 onus
1188 5074 1281 5137 iuxta
1309 5072 1458 5159 proprias
1481 5071 1677 5151 facultates,
1707 5076 1741 5133 et
1763 5069 1848 5156 apud
1872 5091 1930 5133 vos
1952 5069 2094 5136 fideliter

439 5183 683 5253 conservantes,
705 5183 742 5239 ut
765 5176 865 5241 nichil
889 5175 930 5241 de
954 5177 1027 5262 ipsa
1050 5171 1179 5262 penitus
1202 5176 1308 5262 possit
1331 5173 1371 5238 ad
1395 5175 1536 5260 aliquem
1557 5175 1657 5238 aliurn
1674 5173 1840 5255 devenire,
1862 5172 1896 5236 in
1914 5173 2092 5239 eorundem

541 5435 567 5502 1)
587 5432 727 5503 Philippo.
798 5436 825 5501 2)
843 5434 938 5488 orlani
955 5434 1018 5491 ΙΙΙ.
1092 5436 1119 5503 3)
1140 5433 1298 5504 Gadesredo
1315 5434 1359 5488 11.
1434 5434 1461 5502 4)
1481 5430 1917 5500 searaea,13an.svaaaee.r.
1937 5434 2092 5500 apros,

433 5536 462 5573 a.
481 5522 544 5582 291,
568 5519 639 5574 lranc
664 5519 805 5589 epistolam
833 5520 871 5574 ad
896 5522 982 5575 cerba
1002 5538 1030 5578 a.
1053 5527 1103 5577 741
1125 5524 1156 5576 r’a
1179 5525 1288 5576 eatersse
1309 5535 1481 5590 properans,
1506 5521 1586 5574 etiam
1607 5521 1700 5573 aotam
1721 5518 1938 5586 chrmroleya'cam
1955 5517 2008 5571 Vll
2024 5517 2091 5572 Idus
2145 5541 2176 5582 40

434 5607 540 5676 Aprilis
558 5605 720 5676 adscripsitf
736 5623 823 5675 acque
839 5623 911 5673 aero,
929 5610 1001 5662 sicat
1018 5626 1052 5662 erc
1066 5609 1212 5679 pressissr's
1226 5611 1311 5678 potet,
1327 5623 1381 5676 pro
1399 5610 1472 5660 certo
1489 5606 1545 5659 dici
1560 5607 1653 5675 potcsl
1671 5621 1730 5656 cem
1741 5620 1848 5673 qaoque
1859 5605 1978 5674 April?
1995 5604 2093 5660 dolosa

434 5710 501 5748 esse.
589 5695 619 5763 5)
640 5693 784 5747 Corradus
802 5693 836 5746 de
855 5694 1043 5748 Hoelrslaclcn.
