4494 6426
997 388 1044 442 EX
1063 387 1219 443 Honouss
1238 391 1277 443 ΙΙΙ
1295 388 1477 444 REGISTRO

1212 688 1274 761 97.

523 800 711 892 Honorias
723 827 790 892 ΙΙΙ
797 850 885 910 papa
898 827 1098 912 F[ridcrico]
1111 827 1326 892 Romanorum
1346 829 1412 910 rapi
1432 831 1462 892 el
1482 827 1638 891 universis
1659 826 1880 906 crucesipnalis
1904 825 2070 888 terminant

413 931 474 994 ilar
494 928 673 1012 arripiendi
694 949 791 1011 asana
811 932 855 996 ad
874 933 989 1013 festam
1009 931 1112 1006 sancti
1133 931 1307 995 Michaelis
1326 932 1506 1010 qnoaimnnr
1527 930 1631 1013 [Sept.
1653 929 1714 1012 29]
1729 931 1890 1022 proropal.

1706 1034 1799 1110 1219,
1823 1031 1906 1097 Mai.
1930 1033 1982 1094 18.

518 1116 593 1170 Han.
611 1117 669 1170 111
684 1117 753 1189 Ray.
778 1117 833 1172 Vol.
852 1118 894 1172 11.
916 1122 960 1183 9⁶,
980 1121 1017 1172 97
1023 1137 1034 1186 ‚·
1051 1117 1114 1172 Ia‘lr.
1135 1118 1193 1182 ΙΙΙ,
1212 1121 1276 1172 458.

416 1345 457 1420 F.
484 1346 651 1420 illustri
684 1347 775 1440 regi
803 1347 969 1440 Sycilie
1005 1353 1048 1421 et
1078 1348 1303 1421 universis
1335 1347 1668 1441 crucesignatis
1700 1365 1775 1435 per
1803 1344 2070 1420 Teutoniam
2124 1375 2137 1410 a

1105 1467 1384 1541 constitutis

524 1615 744 1682 Attendentes
761 1618 840 1681 olim
854 1618 1087 1682 necessitatem
1104 1619 1283 1684 instantem
1302 1617 1489 1682 Christiano
1507 1617 1668 1682 exercitui
1684 1616 1860 1682 constituto
1876 1613 2073 1701 inpartibus

417 1719 659 1799 transmarinis,
692 1725 725 1784 et
754 1718 795 1782 ad
823 1720 894 1784 eius
918 1720 1168 1786 subventionem
1198 1719 1529 1786 ferventi'desiderio
1559 1720 1759 1806 aspirantes,
1787 1718 1880 1782 vobis
1905 1716 2074 1803 subpone

419 1821 763 1886 excommunicationis
792 1821 938 1887 districts
966 1821 1114 1886 dedimus
1143 1824 1175 1887 in
1205 1824 1388 1910 preceptis,
1418 1831 1454 1887 ut
1477 1823 1634 1887 curaretis
1664 1843 1723 1886 vos
1747 1821 1857 1885 taliter
1886 1841 2073 1905 preparare,

419 1923 505 2007 quod
527 1945 630 2008 usque
654 1925 695 1988 ad
718 1926 837 1989 festum
861 1927 965 1990 sancti
988 1925 1143 1990 iohannis
1173 1926 1316 2012 baptiste
1345 1927 1529 2012 proximum
1561 1925 1748 2010 arriperetis
1777 1925 1840 1988 iter
1862 1921 2073 1988 succurrendi

420 2027 581 2091 exercitui
610 2034 805 2108 memorato,
842 2028 1085 2093 venerabilibus
1116 2029 1270 2093 fratribus
1301 2029 1421 2093 nostris
1454 2078 1461 2092 .
1491 2077 1498 2092 .
1532 2028 1779 2113 archiepiscopo
1810 2025 2074 2112 Salaeburgensi,

419 2177 459 2193 ..
490 2129 725 2216 Herbipolcnsi
754 2136 787 2195 ot
819 2183 825 2196 .
856 2179 863 2194 .
894 2131 1098 2196 Traiectensi
1127 2133 1289 2220 episcopis
1319 2155 1377 2220 per
1409 2134 1531 2219 scripta
1563 2139 1675 2196 nostra
1708 2129 1918 2208 mandantes,
1950 2135 1987 2192 ut
2017 2148 2074 2191 eos

421 2232 477 2316 qui
498 2233 644 2318 arripere
667 2234 731 2298 iter
752 2235 839 2296 ultra
861 2234 1034 2296 terminum
1059 2236 1313 2321 suprascriptum
1337 2237 1407 2300 sine
1430 2236 1603 2300 manifesto
1633 2233 1865 2320 impedimento
1895 2231 2075 2310 differrent,

422 2355 465 2398 ex
488 2341 565 2399 tunc
589 2335 819 2400 denuntiarent
835 2337 1173 2401 excommunicatione
1189 2338 1318 2422 ligatos.
1363 2339 1488 2403 Verum
1515 2346 1559 2418 tu,
1589 2339 1636 2402 fili
1659 2361 1728 2418 rex,
1761 2358 1866 2423 nuper
1898 2336 1963 2399 tuis
1980 2333 2076 2398 nobis

419 2438 538 2502 litteris
562 2439 763 2524 supplicasti,
786 2446 822 2502 ut
845 2461 918 2503 cum
940 2439 1105 2524 principes
1129 2448 1235 2504 tecum
1252 2440 1328 2504 ituri
1343 2449 1508 2526 nequeant
1524 2441 1608 2505 inira
1623 2448 1689 2505 tam
1705 2441 1768 2504 arti
1782 2440 1940 2525 temporis
1962 2437 2072 2502 brevi·
2144 2454 2155 2488 ⁶

421 2546 523 2604 tatem
546 2543 767 2606 necessarium
789 2541 830 2606 ad
852 2542 915 2606 hoc
936 2542 1045 2607 iacere
1071 2551 1273 2628 apparatum,
1310 2544 1474 2630 prefatum
1507 2545 1681 2609 terminum
1715 2563 1890 2630 prorogare
1914 2538 2075 2625 usquead

420 2644 541 2709 festum
565 2646 668 2709 sancti
690 2645 861 2710 Michaelis
892 2645 1075 2730 proximum
1107 2646 1324 2731 dignaremur.
1374 2648 1443 2712 Nos
1473 2648 1572 2732 igitur
1598 2648 1685 2732 regis
1713 2645 1865 2732 precibus
1888 2645 2076 2709 benivolum

421 2747 646 2833 impertientes
680 2770 873 2826 assensum,
901 2770 1004 2834 usque
1040 2750 1081 2812 ed
1113 2750 1232 2815 dictum
1261 2752 1379 2816 festum
1409 2772 1622 2838 prorogamus
1650 2751 1825 2815 terminum
1851 2753 2077 2826 memoratum,

421 2850 670 2915 universitatem
693 2857 834 2916 vestram
861 2851 1074 2916 exhortantes
1103 2855 1290 2934 attentius,¹
1314 2861 1347 2919 et
1380 2876 1439 2940 per
1466 2853 1647 2938 apostolica
1673 2852 1766 2917 vobis
1795 2852 1915 2938 scripta
1941 2850 2079 2914 firmiter

422 2953 633 3038 precipiendo
657 2953 859 3034 mandantes,
883 2953 1035 3038 quatinus
1058 2955 1190 3020 interim
1212 2978 1270 3021 vos
1294 2959 1403 3023 taliter
1431 2957 1630 3043 preparetis,
1660 2955 1746 3041 quod
1774 2954 1933 3020 exercitui
1961 2974 2076 3039 supra·
2129 2975 2140 3011 r

423 3055 509 3121 dicto
532 3057 716 3141 magnifice,
741 3058 827 3122 sicut
849 3078 906 3120 vos
930 3055 1034 3136 decet,
1054 3079 1244 3124 succurrere
1268 3060 1415 3124 valeatis.

532 3158 609 3225 Dat.
631 3159 736 3227 Rome
759 3160 845 3247 apud
869 3159 1026 3224 Sanctum
1047 3160 1193 3242 Petrum,
1216 3162 1281 3227 XV
1303 3161 1377 3227 Kal.
1401 3161 1497 3244 Iunii,
1521 3182 1605 3227 anno
1629 3163 1755 3227 tertio.¹

1132 3641 1133 3644 ’
1225 3632 1286 3704 98.

536 3742 725 3836 Honorias
743 3770 807 3834 ΙΙΙ
820 3791 908 3851 papa
923 3769 1143 3855 [Christiano]
1157 3770 1295 3852 macone
1310 3771 1461 3836 Prassrae
1483 3772 1627 3849 cenadil,
1650 3775 1693 3849 al,
1716 3770 1759 3835 ad
1772 3770 1928 3834 sedandas
1947 3789 2081 3851 quernas

424 3875 508 3939 inlcr
529 3873 804 3958 [Waldcmarnrn]
826 3871 995 3940 Danornnr
1026 3895 1127 3955 repam
1155 3878 1185 3937 et
1208 3872 1383 3958 O[llonern]
1404 3875 1441 3939 dc
1467 3874 1652 3939 lnenebarclc
1674 3879 1813 3955 rrcpolern
1838 3874 1905 3937 cias
1932 3893 1971 3936 ea
1989 3877 2083 3952 parta

424 3997 505 4054 ana,
535 3980 565 4040 ci
585 3975 785 4059 [Alberlnnr]
810 3976 1018 4040 marchionem
1045 3976 1382 4059 Brandenbnrpensenr
1404 3999 1443 4041 ea
1467 3979 1568 4042 altera
1590 3983 1689 4056 ortas,
1716 3978 1753 4042 dc
1775 3976 1974 4040 matrimonio
1995 3976 2079 4038 inter
2131 4005 2142 4042 a

428 4079 602 4163 O[llancm]
625 4082 654 4142 ei
672 4079 776 4160 filiani
791 4079 989 4157 marchionis,
1011 4080 1047 4142 in
1063 4084 1174 4160 qaarlo
1186 4079 1289 4162 prada
1303 4084 1455 4162 coqnaios,
1477 4080 1683 4144 contrahendo
1705 4081 1888 4144 auctoritatis
1910 4078 2080 4158 apostol-ica

425 4182 608 4264 dispensare
626 4181 734 4261 possa.
1717 4184 1810 4260 1219,
1832 4181 1915 4245 Mai.
1938 4183 1992 4245 20.

530 4299 604 4354 non.
624 4299 765 4371 1111309.
790 4298 1058 4366 ror.11‚cc‚1oo;
1078 4302 1140 4355 mc.
1160 4304 1219 4370 nr,
1238 4305 1300 4356 cea.

530 4385 666 4450 Potina,
687 4386 756 4454 nea.
776 4389 857 4440 sorr.

1000 4620 1009 4638 .
1037 4622 1045 4638 .
1075 4565 1290 4657 episcopo
1318 4564 1510 4639 Pruseie.

535 4710 658 4775 Ascitis
681 4711 755 4774 aliis
779 4711 813 4774 in
835 4719 961 4797 partem
988 4713 1235 4794 sollicitudinis,
1270 4735 1414 4778 summus
1441 4715 1591 4801 pontifex
1618 4720 1805 4800 assumptus
1835 4721 1886 4779 est
1916 4713 1949 4776 in
1972 4714 2079 4800 pleni·
2145 4789 2146 4792 Ἴ

428 4812 574 4878 tudinem
589 4815 773 4900 potestatis,
796 4815 941 4899 quicum
956 4815 1141 4880 moderator
1157 4817 1200 4880 sit
1217 4838 1387 4898 canonum,
1410 4818 1472 4881 iuri
1492 4837 1558 4881 non
1573 4817 1652 4881 lacit
1667 4817 1828 4899 iniuriam,
1852 4818 1879 4880 si
1898 4815 2079 4902 dispensat,

531 5072 557 5138 1)
575 5069 722 5141 Recepiaee
739 5071 916 5125 Ir'ridericnrn
933 5074 1005 5126 tanc
1023 5073 1163 5141 epistolam
1182 5073 1244 5126 Ian.
1259 5077 1291 5126 11
1309 5075 1488 5141 caniperirnne
1506 5090 1540 5126 ea·
1558 5075 1617 5127 eins
1636 5073 1816 5140 respersione
1833 5072 1897 5125 Ian.
1915 5075 1950 5124 10
1967 5071 2081 5141 scripta.

429 5155 722 5222 Haillachriliollea,
741 5157 815 5211 Hist.
829 5156 896 5225 dipl.
911 5157 990 5211 Frid.
1003 5158 1046 5220 ΙΙ,
1064 5158 1135 5211 Tora.
1149 5161 1174 5226 l,
1188 5175 1218 5227 p.
1237 5161 1300 5211 030.
1319 5187 1351 5197 -
1368 5158 1435 5211 Alia
1454 5157 1578 5226 epistola,
1597 5175 1654 5227 qna
1668 5158 1812 5212 Honorius
1827 5157 1970 5210 Μενίου
1990 5159 2081 5212 trans·

427 5241 553 5308 frolandi
570 5244 712 5296 terminans
729 5243 766 5296 ad
780 5243 881 5310 sectura
898 5260 919 5298 e.
932 5245 1079 5299 Michaelis
1087 5251 1229 5314 prorepat,
1249 5246 1362 5314 calcata
1379 5248 1419 5300 est
1435 5262 1454 5298 a
1471 5244 1500 5298 V.
1515 5245 1554 5300 cl.
1573 5244 1770 5309 Winlrelmann,
1784 5245 1899 5300 Farsali.
1918 5261 1940 5298 c.
1959 5244 2080 5298 denteri.
2131 5259 2137 5293 ι

431 5327 528 5382 Geren.
548 5328 612 5394 XV,
629 5345 657 5399 p.
677 5333 741 5394 377,
760 5347 794 5384 ea
811 5330 922 5385 Surmna
939 5331 1096 5386 dictaminis
1116 5333 1175 5400 ΙΙΙ,
1195 5335 1219 5399 0,
1241 5331 1304 5385 Cod.
1324 5333 1407 5384 Bern.
1427 5347 1452 5384 n.
1473 5333 1516 5399 69,
1534 5331 1583 5398 fol.
1602 5335 1663 5384 118.
1698 5332 1753 5385 Est
1772 5335 1861 5385 antem
1878 5333 1945 5384 lraec
1964 5332 2082 5400 epistola

429 5413 467 5467 ad
484 5415 595 5467 vatam
612 5431 638 5469 n.
658 5421 708 5469 112
725 5418 836 5470 nostrae
853 5418 1028 5483 collectionis,
1054 5435 1108 5486 qna
1123 5434 1202 5486 papa
1219 5418 1279 5486 repi
1297 5423 1425 5486 quartam
1436 5417 1659 5486 prorepatianenr
1677 5433 1763 5486 nsque
1782 5417 1818 5470 ad
1835 5417 1900 5470 Kal.
1921 5417 1991 5469 Mai.
2010 5422 2083 5470 1220

429 5499 558 5568 concedit,
576 5503 602 5554 el
619 5501 690 5556 nitll
707 5503 737 5555 in
755 5519 788 5556 ea
804 5508 938 5556 matulam
955 5509 1001 5566 eal,
1019 5503 1076 5556 nisi
1094 5503 1168 5571 qnod
1182 5518 1237 5572 pro
1254 5503 1319 5557 Kal.
1338 5502 1408 5556 Mai.
1427 5503 1560 5571 scriptam
1578 5503 1672 5556 estad
1689 5503 1789 5570 fratum
1806 5519 1827 5556 s.
1847 5501 1998 5556 Michaelis.
2037 5505 2082 5556 Ita

429 5585 538 5650 accidit,
556 5592 587 5642 nl
604 5589 634 5640 in
652 5605 685 5642 ea
702 5593 831 5656 quanam
848 5588 1008 5643 dilationem
1027 5589 1064 5642 ad
1081 5589 1181 5656 sesiam
1199 5604 1221 5642 r.
1241 5587 1388 5643 Michaelis
1402 5604 1484 5657 papa
1500 5588 1560 5656 reci
1576 5587 1718 5652 concedat,
1742 5588 1816 5658 qnod
1833 5589 1938 5656 salsam
1955 5591 2003 5656 esi,
2021 5604 2082 5642 carn

428 5671 518 5742 saeril
536 5673 668 5736 serratim
687 5690 751 5728 nam
766 5691 792 5726 n.
812 5677 866 5728 100
883 5675 993 5727 tertium
1009 5673 1119 5727 itineris
1138 5674 1279 5728 terminum
1296 5675 1397 5743 sestam
1414 5690 1436 5728 a.
1455 5673 1599 5728 Benedicti
1616 5677 1688 5727 1220
1706 5673 1806 5740 [Mart.
1825 5676 1873 5742 21]
1888 5674 2029 5745 proripit.
2134 5686 2159 5722 ⁴0
