4524 6412
362 400 424 464 254
822 389 829 396 ’
952 391 998 448 EX
1018 391 1174 448 Houoau
1195 389 1234 445 ΙΙΙ
1252 389 1432 446 austerae

362 573 550 638 versitatcm
572 578 717 636 vestram
738 588 909 656 rogamus,
937 589 1107 634 monemus
1131 573 1165 632 et
1188 566 1399 631 obsecramus
1421 567 1454 630 in
1477 565 1608 630 domino
1631 565 1709 630 Iesu
1732 566 1874 648 Christo,
1897 591 1935 634 ac
1957 592 2018 657 per

359 677 539 763 apostolica
562 676 656 741 vobis
680 675 801 760 scripta
823 673 1024 754 mandamus,
1049 678 1082 737 ct
1105 673 1137 734 in
1161 670 1389 736 remissionem
1405 670 1605 755 iniungimus
1621 677 1841 755 peccatorum,
1864 675 2016 758 quatinus

360 780 432 845 zelo
456 780 533 845 fidei
556 800 594 844 ac
618 778 801 845 devotionis
826 777 976 857 accensi,
1005 797 1063 862 pro
1086 774 1165 840 Iesu
1189 773 1310 838 Christi
1333 773 1549 860 redemptoris
1578 776 1681 838 nostri
1704 795 1814 840 amore
1838 776 1961 862 pariter
1983 783 2017 841 et

360 884 476 948 timore
502 905 562 948 nco
586 905 651 948 uon
674 904 732 969 pro
756 883 879 948 honore
911 879 1092 965 imperialis
1121 876 1326 942 celsitudinis
1355 884 1389 940 et
1411 877 1541 962 imperii
1568 876 1615 941 ita
1637 897 1696 941 vos
1723 877 1765 942 ad
1787 879 1891 964 ipsius
1913 880 2016 946 Terre

361 986 481 1052 Sancte
505 986 686 1052 subsidium
707 985 902 1072 preparetis,
925 981 1012 1068 quod
1034 982 1093 1062 illi,
1116 981 1171 1065 qui
1194 979 1257 1044 iam
1285 979 1392 1044 crucis
1416 986 1632 1065 suscepemnt
1655 981 1869 1064 signaculum,
1893 990 1926 1048 et
1949 985 2015 1066 alii,

360 1091 478 1176 quibus
501 1090 534 1154 id
558 1091 667 1155 divina
689 1090 795 1174 gratia
826 1087 1018 1173 inspirabit,
1049 1086 1082 1149 in
1114 1084 1249 1148 instanti
1271 1083 1438 1168 Augusto,
1470 1104 1534 1168 quo
1564 1084 1718 1168 generale
1748 1088 1937 1171 passagium
1967 1095 2018 1154 est

360 1192 529 1274 indictum,
551 1215 618 1258 una
641 1215 715 1258 cum
738 1193 810 1279 ipso
833 1191 1031 1276 imperatore
1048 1188 1122 1253 Deo
1146 1187 1228 1253 duee
1245 1187 1377 1252 valeant
1399 1187 1610 1252 transfretare
1633 1186 1674 1251 ad
1697 1187 1837 1270 laudem,
1859 1190 2016 1259 honorem

360 1303 394 1361 ct
433 1298 570 1382 gloriam
611 1295 753 1361 nominis
791 1293 968 1359 Christiani
1011 1297 1045 1356 et
1086 1311 1217 1355 suarum
1259 1287 1439 1354 remedium
1477 1290 1669 1356 animarum.
1734 1290 1867 1357 Dictum
1906 1302 2016 1360 autem

360 1401 567 1486 magistrum,
600 1401 656 1485 qui
684 1399 760 1464 huic
791 1397 923 1482 negotio
959 1397 1105 1460 totaliter
1137 1415 1173 1459 se
1209 1392 1370 1479 impendit
1401 1400 1434 1458 et
1465 1393 1597 1457 tandem
1629 1393 1671 1459 ad
1703 1416 1761 1459 vos
1792 1403 1927 1482 proptor
1954 1399 2017 1464 hoe

361 1505 490 1569 omissis
519 1504 593 1569 aliis
622 1504 764 1588 negotiis
794 1507 828 1567 at
855 1499 1097 1586 impedimentis
1131 1499 1320 1584 exuperatis
1350 1496 1494 1577 accedit,
1525 1498 1729 1563 universitati
1751 1505 1861 1566 vestre
1889 1501 2012 1568 studio·
2071 1519 2096 1556 ¹⁰

362 1607 491 1672 sissima
516 1605 801 1686 commendamus,
825 1605 916 1670 ouius
939 1603 1147 1689 prudentiam
1171 1608 1204 1666 et
1228 1602 1316 1666 circa
1336 1602 1444 1687 ipsum
1466 1602 1634 1687 negotium
1658 1602 1758 1667 Terre
1783 1602 1902 1670 Sancte
1926 1606 2016 1670 solli-

362 1709 539 1775 citudinem
569 1710 663 1774 vobis
695 1730 862 1796 exponere
893 1729 953 1772 seu
977 1705 1206 1772 commendare
1240 1705 1440 1791 superfluum
1469 1707 1706 1792 reputavimus,
1737 1728 1810 1772 cum
1840 1708 2018 1774 laudabilia

360 1813 448 1878 facta
470 1813 542 1878 eius
566 1813 673 1900 ipsum
696 1811 850 1878 habunde
874 1811 1045 1876 notificent
1068 1817 1101 1875 et
1123 1806 1363 1874 commendent.

469 1932 546 2000 Dat.
570 1933 724 1999 Lateran.
746 1933 800 1997 III
821 1931 901 1997 Idus
924 1932 1053 1997 Ianuar.
1077 1951 1162 1996 anuo
1184 1929 1244 1993 XI.
1326 1937 1328 1943 ‘

468 2053 508 2118 In
539 2054 680 2121 eundem
707 2053 838 2118 modum
868 2053 1125 2139 archiepiscopis
1156 2059 1190 2116 et
1218 2051 1383 2137 episcopis
1409 2072 1447 2116 ac
1477 2052 1642 2118 nobilibus
1671 2053 1750 2118 viris
1781 2054 1953 2120 comitibus
1982 2062 2016 2122 et
2070 2077 2095 2116 rs

359 2156 539 2222 baronibus
562 2179 622 2244 per
644 2157 824 2243 Ungariam
848 2158 1045 2223 constitutis.

468 2277 508 2342 In
532 2277 673 2344 eundem
696 2277 830 2343 modum
851 2275 1012 2364 A[ndrce]
1038 2276 1158 2341 illustri
1180 2275 1252 2360 regi
1275 2273 1423 2360 Ungarie
1446 2297 1567 2361 usque:
1592 2278 1790 2359 instaurare,
1820 2285 1869 2361 te,
1893 2280 1948 2365 qui
1977 2279 2018 2345 ab

362 2382 439 2447 olim
470 2390 624 2469 suscepto
661 2383 767 2448 erucis
797 2382 967 2467 signaculo
998 2381 1047 2444 illi
1079 2381 1219 2444 militare
1246 2379 1381 2460 vovisti,
1415 2380 1470 2464 qui
1505 2402 1563 2466 pro
1598 2387 1630 2446 te
1665 2381 1699 2445 in
1733 2383 1838 2448 crucis
1871 2381 2017 2469 patibulo

361 2485 531 2566 militavit,
557 2508 725 2572 rogamus,
748 2507 920 2550 monemus
944 2493 977 2551 et
1000 2485 1168 2549 hortamur
1190 2489 1331 2564 attente,
1355 2504 1392 2548 ac
1415 2506 1475 2570 per
1499 2486 1723 2570 aspersionem
1748 2487 1916 2573 sanguinis
1939 2486 2018 2552 Iesu

362 2588 486 2654 Christi
518 2589 749 2655 nichilominus
784 2588 1028 2668 exhortantest,
1063 2588 1216 2673 quatinus
1256 2588 1366 2652 taliter
1399 2609 1576 2674 preparare
1609 2595 1642 2655 te
1677 2587 1827 2671 studeas,
1860 2588 1947 2675 quod
1982 2590 2016 2653 in
2070 2607 2096 2645 so

362 2692 497 2757 instanti
526 2693 693 2778 Augusto,
724 2713 787 2778 quo
817 2693 972 2776 generale
1007 2692 1196 2778 passagium
1227 2697 1278 2755 est
1311 2689 1485 2772 indictum,
1518 2692 1629 2755 valeas
1657 2690 1730 2755 Deo
1763 2691 1846 2756 duce
1875 2691 2018 2756 feliciter

362 2795 591 2876 transfretare,
625 2801 816 2883 recepturus
850 2816 890 2859 cx
923 2795 985 2860 hoc
1015 2795 1152 2879 gratiam
1181 2794 1214 2858 in
1241 2794 1387 2880 presenti
1419 2799 1452 2857 et
1482 2794 1620 2878 gloriam
1650 2794 1683 2858 in
1715 2795 1833 2860 futuro.
1883 2793 2016 2859 Dictum

362 2905 472 2962 autem
493 2899 685 2983 magistmm
710 2904 771 2964 etc.
794 2919 897 2983 usque
921 2899 954 2962 in
977 2899 1076 2963 finem
1100 2896 1211 2961 verbis
1236 2903 1462 2982 competenter
1484 2899 1627 2962 mutatis.

469 3018 509 3082 In
532 3017 673 3082 eundem
696 3017 827 3085 modum
850 3017 952 3082 nobili
975 3019 1045 3082 viro
1068 3017 1237 3103 langravio
1261 3015 1448 3101 Turingie¹.

990 3261 1400 3269 -ψ

1152 3489 1238 3561 336.

474 3597 662 3691 Honorias
690 3622 758 3688 111
783 3643 873 3705 papa
897 3626 1076 3708 praeposito
1108 3627 1239 3692 maioris
1270 3627 1413 3692 catastas
1445 3632 1475 3692 ct
1503 3627 1639 3694 amdam
1670 3628 1813 3694 caelatae
1844 3633 1874 3694 ct
1907 3627 2019 3696 Sonat
2071 3670 2097 3707 a

362 3729 517 3812 saproc
538 3729 664 3797 &cuais
686 3729 882 3812 Mogontiais
903 3731 1048 3811 nuntiat,
1076 3731 1225 3814 quomodo
1246 3731 1467 3818 [Ettpelbcrto]
1489 3733 1646 3816 qrsoadam
1671 3733 1906 3817 Osacburpcosi
1928 3735 2019 3798 clccto

360 3833 548 3915 prostiterit,
578 3833 678 3914 iisque
698 3831 841 3910 modat,
872 3836 908 3896 ct
934 3854 1028 3914 snper
1051 3835 1198 3916 beneficia
1223 3834 1321 3899 erden
1347 3836 1391 3898 ad
1411 3837 1666 3902 srstcntatioocm
1687 3855 1827 3902 concessa
1857 3837 2021 3918 atomos,

362 3937 488 4003 abbates
509 3941 539 4001 ct
560 3935 709 4018 capitulo,
731 3937 787 4017 qai
808 3935 838 4000 ci
859 3935 989 4000 debeant
1007 3937 1178 4018 providere,
1200 3939 1392 4019 conpellant.
1666 3943 1761 4020 1227,
1784 3941 1858 4005 Ian.
1881 3946 1933 4008 11.

466 4055 542 4111 Hoc.
561 4058 617 4109 ΙΙΙ
631 4056 699 4126 Rep.
721 4053 780 4109 Vol.
803 4055 833 4120 V,
852 4056 999 4123 161311tt.
1018 4058 1073 4122 XI,
1092 4061 1158 4112 480.

469 4141 605 4211 Potttost
623 4141 690 4212 Ray.
711 4144 790 4195 7644.

374 4339 376 4344 ’
443 4395 452 4414 .
481 4395 491 4413 .
526 4336 759 4432 preposito
786 4336 968 4411 maioris
997 4338 1184 4412 ecclesie
1212 4344 1253 4411 et
1280 4337 1474 4412 eiusdem
1502 4341 1689 4415 ecclesie
1718 4347 1760 4414 et
1786 4341 1938 4415 Sancti

600 4441 601 4446 Ν
818 4458 1037 4550 Stephani
1065 4459 1247 4532 decanis
1273 4458 1556 4550 maguntinis.

374 4652 378 4658 -
473 4605 559 4680 Quia
594 4606 763 4691 indignum
795 4613 881 4688 erat,
920 4614 957 4672 ut
989 4607 1127 4673 dilectus
1162 4609 1250 4673 filius
1286 4606 1344 4673 G?
1382 4609 1544 4694 quondam
1580 4607 1855 4696 Osemburgensis
1893 4612 2017 4677 electus
2057 4681 2058 4686 ,

365 4710 591 4776 ecclesiastica
612 4709 799 4796 provisione
823 4718 964 4791 careret,
988 4711 1044 4796 qui
1067 4712 1108 4776 ab
1131 4712 1425 4778 amministratione
1447 4713 1555 4777 fuerat
1578 4714 1717 4778 ecclesie
1741 4713 2017 4800 Osemburgensis

364 4819 493 4878 amotus
517 4819 551 4877 et
580 4813 691 4898 aliqua
713 4812 754 4877 ad
778 4815 1050 4879 sustentationem
1081 4836 1172 4880 suam
1199 4815 1361 4881 beneficia
1391 4837 1457 4880 non
1479 4815 1636 4894 habehat,
1666 4839 1738 4881 cum
1767 4818 1823 4882 diu
1851 4819 1884 4882 in
1914 4820 2017 4884 multa
2069 4848 2095 4886 ss

364 4916 548 4980 humilitate
577 4915 664 5002 apud
692 4914 805 4982 sedem
833 4919 1048 5003 apostolicam
1078 4925 1225 4984 nostram
1254 4920 1457 5005 implorando
1487 4921 1626 5005 gratiam
1655 4921 1854 5006 expectarit,
1888 4943 1948 4987 nos
1977 4921 2030 4987 de

364 5020 502 5083 fratrum
525 5026 711 5084 nostrorum
731 5022 869 5085 consilio
886 5020 1038 5086 duximus
1060 5023 1307 5108 providendum,
1329 5031 1366 5088 ut
1388 5046 1448 5109 per
1467 5024 1623 5110 quosdam
1640 5024 1852 5088 ecclesiarum
1873 5027 2017 5112 prelatos

471 5279 598 5347 praa.

467 5416 494 5482 1)
512 5413 671 5468 Ladosotco.
750 5415 777 5480 2)
799 5415 842 5469 ita
864 5415 899 5470 R.
922 5419 1006 5485 mola·
1030 5420 1089 5472 crat
1110 5417 1310 5488 Enpeltertus,
1333 5418 1382 5488 qai
1405 5435 1465 5473 cum
1486 5417 1520 5471 de
1545 5432 1609 5473 accc
1632 5419 1795 5491 Enpelberti
1816 5421 2019 5492 archiepiscopi

367 5503 537 5558 Ooloaiensr's
562 5503 721 5572 infamatus
747 5503 778 5557 ia
798 5503 914 5558 sonatio
934 5505 1081 5560 Leodiensi
1103 5507 1202 5574 [1226,
1228 5507 1309 5561 Febr.
1336 5508 1367 5575 3]
1391 5506 1563 5574 sufficienter
1587 5522 1616 5560 se
1636 5522 1758 5576 purgare
1778 5509 1957 5576 acquisisset,
1981 5507 2018 5562 ad
2069 5521 2095 5560 ro

360 5605 468 5658 popam
486 5589 667 5644 trasumenus
688 5589 798 5657 sacrm
826 5591 862 5658 es.
884 5589 961 5646 Caes.
979 5593 1013 5646 de
1031 5593 1170 5648 Hasta-c.
1189 5611 1233 5662 op.
1253 5592 1392 5658 Bceluner,
1411 5593 1523 5647 Fcates.
1543 5598 1560 5645 t.
1580 5593 1626 5656 11,
1641 5611 1672 5662 p.
1693 5594 2018 5651 327rt1ta'aerleod.

362 5676 430 5730 ibid.
446 5694 476 5747 p.
497 5680 555 5730 387
571 5679 596 5728 el
613 5677 690 5731 Mon.
710 5677 799 5730 cern.
818 5679 865 5734 SS.
885 5680 967 5748 XVI,
988 5682 1050 5733 679.
