4494 6426
729 357 929 416 EPIS'I'OLAE
946 358 1136 419 SELEOTAE.
1175 359 1250 419 1220.

476 639 678 714 Aletrino
706 640 982 715 subdiacono
1011 647 1051 717 et
1078 645 1310 736 capellano
1337 654 1506 723 nostro.

272 787 337 852 Per
357 793 431 851 tuas
447 786 541 851 nobis
556 787 683 851 litteras
698 787 868 869 intimasti,
891 788 1101 854 karissimum
1124 793 1157 874 in
1174 791 1305 859 Christo
1323 795 1425 860 filium
1440 803 1585 862 nostrum
1600 799 1637 864 F.
1653 800 1815 865 illustrem

162 911 273 976 regern
297 889 407 955 Sicilie
431 890 464 954 in
486 889 708 954 Romanorum
729 891 960 977 imperatorem
990 894 1130 958 electum
1154 899 1335 963 venerabili
1363 900 1456 964 fratri
1477 906 1589 966 nostro
1613 950 1645 967 ..
1669 904 1813 968 Metensi

162 995 329 1079 episcopo,
352 994 532 1079 imperialis
549 995 623 1058 aulo
639 995 847 1076 cancellario,
870 998 1083 1080 iniunoxisse,
1106 1006 1142 1063 ut
1158 1002 1217 1066 tibi
1234 1008 1355 1066 terram
1371 1004 1457 1069 clare
1474 1007 1630 1070 memorie
1647 1008 1813 1072 comitisse

162 1096 307 1160 Metildis
331 1095 429 1160 faciat
451 1097 623 1182 resignari.
669 1097 750 1162 Cum
775 1100 874 1183 igitur
897 1121 970 1164 oum
993 1103 1065 1188 ipso
1090 1105 1286 1169 cancellario
1309 1107 1440 1187 venias,
1464 1108 1548 1172 sicut
1571 1108 1696 1174 eisdem
1718 1111 1813 1190 nobis

160 1201 281 1264 litteris
296 1200 465 1278 intimasti,
486 1201 689 1287 presentium
706 1202 766 1266 tibi
782 1204 978 1269 auctoritate
995 1205 1196 1286 mandamus,
1220 1209 1373 1293 quatinus
1397 1209 1527 1274 nomine
1544 1217 1656 1276 nostro
1673 1213 1812 1299 recipias

160 1311 281 1368 terram
304 1303 410 1389 ipsam
441 1324 578 1388 eamque
607 1305 757 1390 personis
787 1307 1022 1372 ecclesiasticis
1052 1311 1235 1374 committas
1264 1312 1404 1376 ecclesie
1434 1312 1582 1378 Romane
1604 1312 1756 1379 fidelibus
1780 1323 1814 1380 et

160 1406 304 1488 devotis,
342 1405 489 1470 Romane
528 1407 669 1472 eeclesia
701 1409 833 1475 nomine
873 1411 1146 1492 conservandam,
1188 1413 1292 1478 donec
1329 1436 1428 1501 super
1461 1414 1675 1502 dispositione
1710 1418 1812 1504 ipsius

159 1510 350 1575 mandatum
376 1515 524 1574 nostrum
551 1512 736 1597 receperint
769 1513 929 1598 speciale,
963 1535 1000 1578 ao
1037 1514 1155 1580 deinde
1190 1516 1231 1580 ad
1254 1518 1452 1602 presentiam
1480 1524 1624 1583 nostram
1656 1520 1812 1585 dilatione

161 1615 347 1701 postposita
380 1614 565 1678 revertaris.
633 1612 728 1688 Quod
764 1617 791 1679 si
826 1615 909 1682 forte
945 1618 1149 1704 contingeret
1186 1625 1218 1684 te
1255 1620 1440 1685 huiusmodi
1481 1623 1655 1688 occasione
1688 1644 1812 1688 moram

159 1719 290 1784 trahere
312 1717 504 1802 longiorem,
528 1739 568 1782 ea
590 1739 653 1802 que
676 1725 752 1784 aute
774 1721 863 1805 regis
880 1721 1057 1786 adventum
1080 1721 1121 1787 ad
1142 1723 1292 1788 notitiam
1311 1730 1455 1789 nostram
1478 1726 1613 1813 expedit
1628 1727 1812 1814 pervenire,

159 1822 255 1887 nobis
279 1827 407 1888 secreto
431 1821 596 1907 significes
619 1843 678 1908 per
700 1825 903 1909 presentium
927 1825 1128 1911 portitorem.

268 1943 345 2012 Dat.
368 1943 456 2031 apud
478 1942 761 2024 Urbemveterem,
784 1944 819 2008 II
842 1944 921 2010 Idus
943 1945 1039 2027 Iunii,
1063 1967 1147 2011 anno
1172 1951 1297 2030 quarto.

944 2613 1028 2686 120.

268 2746 456 2839 Honorias
470 2772 537 2837 III
551 2792 641 2853 papo
662 2771 808 2858 [Sifrido
822 2772 882 2857 II]
903 2773 1130 2853 archiepiscopo
1147 2771 1341 2854 Magaratirro
1358 2771 1498 2850 mandat,
1520 2775 1557 2835 ut
1576 2771 1811 2856 Flridericum]

158 2880 373 2944 Rornanorum
402 2895 501 2957 rogem
529 2880 652 2940 nroncat
680 2875 724 2939 acl
751 2875 947 2956 linguarium
977 2876 1113 2938 cornitom
1141 2875 1234 2937 irrata
1257 2875 1494 2956 promissionem
1525 2874 1642 2956 factum
1673 2875 1811 2939 libertati

158 2982 392 3049 restituendam.
1457 2981 1550 3056 1220,
1572 2978 1647 3043 Ian.
1670 2981 1723 3043 20.

260 3104 333 3158 Hos.
352 3103 407 3154 ΙΙΙ
420 3101 489 3170 Ray.
514 3099 570 3153 Vol.
589 3101 630 3162 ΙῙ,
649 3103 713 3164 192;
732 3100 794 3154 Lib.
814 3103 834 3153 Ι
838 3100 865 3164 V,
886 3103 947 3153 781.

261 3188 398 3250 Poltlost,
416 3187 482 3255 Ray.
502 3189 584 3240 6275.

630 3459 639 3476 .
669 3459 678 3476 .
705 3402 1044 3496 archiepiscopo
1071 3404 1336 3496 maguntino.

266 3553 528 3641 Obloquentibus
542 3551 619 3616 olim
634 3552 746 3615 multis
758 3551 799 3615 de
816 3572 866 3633 eo,
883 3552 969 3637 quod
985 3553 1178 3617 karissimus
1199 3555 1230 3618 in
1245 3553 1377 3618 Christo
1395 3553 1480 3618 filins
1498 3560 1610 3619 noster
1622 3555 1659 3620 F.
1672 3555 1809 3619 illustris

156 3683 218 3727 rex
241 3661 353 3725 Sicilie
384 3660 417 3722 in
440 3657 661 3721 Romanorum
685 3656 915 3742 imperatorem
939 3656 1064 3720 electus
1094 3664 1226 3743 ceperat
1248 3657 1392 3722 nobilem
1415 3659 1519 3721 virum
1543 3658 1695 3722 comitem
1718 3658 1808 3742 Ray-

156 3765 285 3829 nerium
308 3763 349 3828 ad
372 3761 577 3849 presentiam
601 3760 672 3823 eius
696 3760 890 3824 fiducialiter
913 3760 1142 3840 accedentem,
1167 3762 1230 3848 ipsi
1254 3762 1325 3845 regi
1349 3781 1448 3846 super
1470 3761 1532 3825 hoo
1556 3761 1677 3847 scripta
1698 3767 1810 3824 nostra

157 3867 348 3944 direximus,
376 3866 486 3951 qualia
510 3863 627 3928 honori
651 3864 721 3928 eius
746 3871 780 3928 et
803 3864 889 3928 fame
912 3863 1053 3928 vidimus
1078 3863 1245 3950 expedire.
1291 3863 1369 3950 Ipse
1393 3884 1471 3927 roro
1494 3863 1589 3927 nobis
1612 3863 1728 3928 humili
1750 3861 1807 3926 de-

156 3972 291 4036 votione
314 3991 351 4034 ac
376 3969 496 4034 devota
518 3967 703 4030 humilitate
726 3967 906 4052 rescripsit,
930 3965 1016 4051 quod
1039 3967 1191 4031 restituta
1214 3967 1278 4030 sibi
1301 3974 1389 4031 terra
1412 3987 1481 4047 sua,
1506 3987 1568 4052 qus
1586 3965 1664 4031 dicti
1680 3965 1808 4032 comitis

77 4101 97 4137 s.
157 4073 289 4138 nomine
313 4072 498 4152 tenebatur,
523 4071 630 4155 ipsum
654 4070 686 4133 in
708 4069 859 4134 manibus
877 4072 996 4134 nostris
1012 4070 1116 4134 libere
1138 4071 1330 4154 resignaret.
1377 4067 1458 4134 Cum
1474 4070 1576 4156 igitur
1590 4077 1679 4135 terra
1694 4068 1808 4133 eadem

77 5149 101 5186 33

156 4176 279 4240 nuntiis
302 4175 382 4239 dicti
405 4173 493 4258 regis
518 4174 561 4236 sit
582 4174 746 4259 plenarie,
778 4174 862 4237 sicut
885 4174 1083 4260 accepimus,
1106 4173 1273 4255 restituta,
1296 4172 1493 4238 fraternitati
1515 4180 1570 4239 tue
1593 4195 1654 4261 per
1676 4178 1807 4259 aposto-

156 4279 222 4342 lica
245 4279 367 4365 scripta
389 4276 591 4356 mandamus,
620 4276 773 4361 quatinus
802 4274 941 4340 eundem
965 4297 1078 4360 regem
1101 4297 1144 4341 ex
1167 4281 1260 4361 parte
1285 4281 1398 4340 nostra
1419 4296 1553 4340 moneas
1577 4275 1753 4360 diligenter
1775 4280 1808 4338 et

157 4381 336 4466 prudenter
358 4379 504 4460 inducas,
528 4386 564 4444 ut
587 4379 680 4444 iuxta
702 4380 953 4466 promissionem
978 4401 1069 4444 suam
1086 4379 1230 4444 libertati
1243 4379 1395 4443 restituat
1408 4379 1561 4443 comitem
1583 4384 1808 4456 memoratum,

156 4492 194 4548 nt
210 4484 328 4570 quibus
345 4484 453 4570 captio
469 4484 540 4549 eius
557 4483 764 4548 occasionem
780 4483 895 4546 tribuit
911 4483 1119 4568 obloquendi,
1143 4483 1248 4547 libera
1265 4487 1299 4546 et
1320 4481 1466 4546 liberalis
1490 4481 1638 4548 eiusdem
1661 4481 1807 4546 dimissio

157 4587 328 4652 materiam
360 4587 482 4651 tribuat
507 4586 772 4666 commendandi,
804 4607 929 4671 nosque
959 4593 1196 4670 cognoscentes
1224 4584 1432 4650 devotionem
1461 4586 1586 4671 regiam
1614 4585 1647 4649 in
1678 4585 1808 4662 ellectu,

157 4689 273 4775 dignas
290 4692 321 4755 ei
337 4697 447 4777 grates
470 4689 608 4756 reddere
633 4697 814 4772 teneamur,
839 4697 872 4754 et
896 4689 1002 4754 dictus
1025 4710 1134 4754 comes
1158 4709 1196 4752 ac
1220 4689 1281 4766 sni,
1305 4689 1359 4773 qui
1374 4689 1485 4773 magni
1502 4695 1535 4754 et
1557 4695 1710 4776 potentes
1734 4708 1808 4752 esse

156 4801 354 4876 noscuntur,
385 4799 476 4858 tanto
499 4793 615 4858 lortius
638 4793 680 4858 ad
707 4794 800 4879 regia
825 4800 1044 4879 provocentur
1073 4792 1245 4877 obsequia,
1275 4797 1395 4877 quanto
1426 4794 1571 4878 regalem
1600 4793 1808 4858 clementiam

156 4919 238 4984 erga
269 4919 304 4964 se
335 4898 498 4963 senserint
520 4898 716 4984 proniorem.
761 4897 835 4961 Hoc
858 4903 967 4962 autem
991 4896 1179 4961 mandatum
1204 4903 1352 4962 nostrum
1374 4895 1552 4982 diligenter
1575 4903 1609 4962 et
1631 4897 1702 4961 sine
1725 4895 1807 4960 dila-

155 5000 246 5064 tione
271 4999 403 5066 studeas
426 5000 613 5086 adimplere.

264 5119 340 5186 Dat.
363 5119 450 5207 apud
471 5119 752 5200 Urbemveterem,
775 5119 844 5183 XII
866 5117 941 5183 Kal.
965 5118 1051 5199 Iulii,
1074 5118 1284 5205 pontificatus
1307 5118 1411 5183 nostri
1434 5139 1518 5184 anno
1542 5123 1669 5203 quarto.

263 5242 303 5306 In
327 5239 468 5307 eundem
489 5241 621 5306 modum
645 5241 802 5327 scriptum
825 5246 877 5305 est
900 5239 1003 5306 nobili
1025 5240 1096 5306 viro
1120 5289 1151 5306 ..
1175 5241 1251 5305 duci
1272 5239 1435 5306 Austrie¹.

264 5361 304 5426 In
326 5359 468 5427 eundem
490 5360 623 5426 modum
647 5361 879 5446 scriptumest
903 5407 935 5426 ..
960 5361 1115 5447 episcopo
1139 5360 1406 5447 Argentinansi2.

266 5541 554 5548 -—---—-.---.---.—-.
564 5541 714 5547 ,.—...-..„..-
729 5541 742 5546 ..
758 5541 854 5546 ,--,.-,--..
864 5542 907 5546 ......
915 5542 1047 5548 .------.
1058 5542 1104 5546 ..-.
1114 5541 1142 5547 -..,
1157 5541 1180 5546 .—
1193 5540 1292 5546 ..-.-.--
1421 5539 1434 5542 --
1473 5538 1506 5543 --
1521 5536 1703 5544 -—--.-—-—-

259 5657 285 5724 l)
304 5653 442 5726 Diapoldo
466 5655 514 5710 VI.
601 5657 629 5723 2)
649 5653 774 5710 Hearico
792 5654 835 5707 11.
