4590 6366
442 375 505 440 536
1024 369 1072 424 EX
1091 369 1265 425 GREGORII
1284 368 1322 422 IX
1340 367 1520 423 REGIS'I’RO

439 555 472 612 et
504 549 632 612 sincere
660 547 897 633 compassionis
931 546 1068 608 allectus
1101 545 1135 606 in
1166 543 1227 606 hoc
1258 565 1277 606 s
1307 544 1401 606 vobis
1432 543 1615 621 exhibitus,
1650 565 1692 606 ex
1726 564 1789 627 quo
1821 541 1912 627 apud
1935 540 2051 604 Deum
2076 543 2108 605 ct

442 649 556 715 sedern
579 652 792 736 apostolicam
817 672 881 714 non
909 649 1072 713 modicum
1101 648 1281 726 meruistis,
1309 648 1433 712 firmam
1464 649 1557 712 nobis
1582 647 1698 734 prebet
1725 646 1878 709 fiduciam
1904 645 1948 709 dc
1973 645 2108 724 futuris,

439 755 687 818 universitatem
719 761 862 818 vestram
898 774 1069 816 monemus
1103 759 1136 815 ct
1170 751 1380 815 obsecramus
1417 753 1450 814 in
1483 751 1624 815 Domino
1662 771 1721 834 per
1756 750 1943 836 apostolica
1978 749 2106 833 scripta

439 857 648 934 mandantes,
678 858 830 942 quatinus
853 856 998 941 prefatos
1022 855 1226 934 Advocatos,
1256 856 1339 918 tanti
1362 863 1471 919 reatus
1496 863 1640 930 actores,
1671 864 1704 917 et
1727 875 1783 918 eos
1807 855 1862 938 qui
1886 853 1929 916 ad
1955 853 2022 916 hoc
2046 852 2105 916 de-

439 961 558 1025 derunt
581 963 764 1041 consilium,
786 960 946 1024 auxilium
961 961 1013 1023 vel
1029 951 1184 1039 favorem',
1208 981 1246 1022 ac
1269 959 1310 1022 ab
1334 961 1414 1044 ipsis
1438 967 1529 1023 recta
1551 961 1640 1022 linea
1663 956 1905 1021 descendentes
1932 957 2104 1020 banniatis

441 1065 481 1129 de
506 1071 616 1129 vestra
638 1065 787 1144 civitate,
821 1065 945 1128 diocesi
973 1085 1011 1128 ac
1041 1063 1210 1142 districtu,
1242 1065 1288 1127 ita
1310 1063 1396 1148 quod
1420 1065 1529 1148 aliquo
1552 1064 1685 1148 ingenio
1709 1084 1766 1148 per
1790 1084 1825 1126 se
1849 1069 1907 1125 aut
1932 1083 1995 1147 per
2020 1063 2105 1124 alios

424 1169 482 1232 ad
506 1168 621 1232 eadem
646 1169 719 1231 loca
742 1167 849 1232 redire
872 1189 938 1231 non
962 1167 1099 1252 possint.
1146 1165 1239 1230 Bona
1262 1188 1391 1251 quoque
1416 1167 1591 1258 publicetis
1615 1168 1849 1231 sceleratorum
1874 1167 2039 1251 ipsorum,
2064 1165 2105 1228 de

441 1272 506 1335 illis
530 1272 640 1335 taliter
656 1271 868 1357 disponentes
893 1271 978 1355 quod
1002 1271 1043 1334 ad
1067 1271 1200 1334 eosvel
1225 1291 1336 1334 eorum
1352 1271 1492 1334 heredes
1517 1273 1605 1335 nulla
1622 1272 1752 1336 valeant
1768 1272 1942 1335 occasione
1969 1271 2105 1348 reverti,

441 1395 502 1439 nec
526 1374 673 1439 adhiberi
697 1375 867 1461 patiamini
897 1375 982 1437 circa
1009 1374 1072 1437 ista
1101 1373 1249 1437 fraudem
1272 1373 1414 1456 aliquam
1448 1375 1516 1438 sive
1546 1374 1665 1440 dolum.
1712 1375 1816 1439 Iurari
1839 1375 1941 1438 etiam
1967 1395 2106 1458 semper

442 1479 475 1541 in
499 1478 678 1542 mutatione
702 1479 839 1543 rectoris
863 1479 896 1541 in
919 1478 1091 1542 animabus
1115 1479 1233 1541 vestris
1258 1479 1291 1541 in
1315 1480 1471 1543 concione
1496 1480 1628 1564 publice
1652 1480 1794 1558 facietis,
1822 1479 1908 1562 quod
1935 1479 2105 1563 premissa

443 1582 553 1645 omnia
583 1581 800 1646 observabitis
834 1590 868 1646 et
901 1582 1030 1645 facietis
1066 1583 1202 1646 firmiter
1234 1582 1418 1660 observari,
1451 1604 1512 1646 nec
1546 1584 1742 1668 permittetis
1773 1583 1948 1667 quiequam
1988 1589 2107 1645 contra

443 1686 604 1770 premissa
627 1686 772 1770 presumi
796 1687 849 1749 vel
873 1685 997 1769 aliquid
1021 1686 1217 1764 eorundem,
1241 1708 1347 1771 neque
1371 1687 1537 1750 habebitis
1561 1689 1702 1771 aliquem
1726 1710 1784 1773 pro
1807 1693 1997 1773 potestate,
2025 1708 2106 1750 con-

445 1788 516 1852 sule
540 1789 592 1851 vel
616 1796 753 1869 rectore,
777 1790 832 1872 qui
855 1789 1041 1852 huiusmodi
1065 1811 1129 1852 non
1146 1790 1326 1875 praetiterit
1342 1791 1571 1853 iuramentum.
1617 1790 1669 1853 Ad
1693 1811 1755 1874 que
1780 1791 1888 1852 omnia
1911 1797 1947 1853 et
1971 1792 2107 1874 singula

445 1889 657 1970 observanda,
681 1892 714 1954 in
737 1893 907 1977 capitulari
932 1915 990 1956 seu
1014 1893 1097 1956 libro
1123 1899 1315 1957 statutorum
1339 1895 1481 1958 civitatis
1506 1897 1690 1980 conscripta
1717 1894 1838 1958 ibidem
1862 1903 2027 1982 perpetuo
2053 1917 2106 1959 re-

444 2015 607 2075 mansura,
631 1996 767 2079 quilibet
790 2004 898 2060 rector
914 1997 1055 2059 civitatis
1072 2003 1180 2059 vestre
1204 1997 1376 2060 iuramenti
1391 1998 1520 2062 vinculo
1545 2020 1579 2062 se
1603 1999 1762 2082 astringet
1785 2008 1817 2061 et
1841 2019 1937 2061 suum
1962 1999 2105 2082 astringi
2172 2021 2178 2030 ·

444 2097 545 2161 faciet
560 2118 794 2163 successorem.
840 2099 966 2162 Taliter
989 2105 1098 2162 autem
1117 2099 1362 2164 exhortationes
1387 2108 1421 2164 et
1443 2100 1631 2164 mandatum
1648 2109 1793 2164 nostrum
1809 2101 1948 2185 implere
1967 2102 2105 2178 curetis,

446 2200 531 2283 quod
557 2191 849 2266 famam'vestram
883 2203 966 2266 siout
995 2201 1206 2265 laudabiliter
1235 2203 1403 2286 incepistis
1432 2204 1465 2265 in
1489 2204 1576 2266 omni
1598 2206 1740 2289 puritate
1765 2209 1956 2283 servanteS,
1990 2215 2107 2290 preter

446 2305 584 2387 gratiam
614 2306 793 2390 apostolice
825 2305 914 2370 sedis
946 2312 979 2369 et
1013 2310 1158 2368 nostram
1193 2306 1385 2369 mereamini
1416 2309 1577 2392 premium
1606 2307 1691 2392 apud
1721 2307 1827 2371 Deum
1857 2313 1891 2370 et
1920 2309 2107 2392 acquiratis

445 2406 540 2470 vobis
570 2407 657 2493 apud
684 2410 833 2474 homines
864 2431 983 2474 nomen
1011 2410 1142 2473 bonum.
1196 2408 1279 2470 Nam
1311 2409 1352 2489 si,
1382 2409 1467 2493 quod
1497 2411 1598 2490 absit,
1626 2410 1779 2475 mandata
1810 2419 1922 2475 nostra
1953 2432 2043 2475 nunc
2074 2417 2109 2474 et

446 2511 660 2596 imposterum
690 2513 800 2596 aliqua
827 2512 941 2577 fraude
966 2513 1019 2576 vel
1051 2511 1125 2574 dolo
1150 2510 1191 2574 ad
1220 2513 1352 2597 plenum
1383 2534 1447 2576 non
1479 2513 1601 2576 luerint
1629 2515 1818 2592 observata,
1850 2515 1967 2578 civitas
1991 2521 2108 2578 vestra
2161 2541 2172 2574 ·.

447 2615 564 2678 merito
589 2616 710 2708 poterit
726 2616 911 2697 formidare,
935 2639 976 2681 ne
996 2615 1149 2701 adempto
1174 2616 1235 2679 sibi
1259 2623 1418 2701 perpetuo
1436 2617 1632 2702 episcopalis
1649 2617 1818 2701 dignitatis
1842 2618 1967 2682 honore
1991 2625 2109 2681 vestra

366 2777 371 2788 ,
447 2717 589 2782 diocesis
624 2719 658 2781 in
691 2725 801 2804 partes
836 2719 937 2782 divisa
970 2719 1086 2783 vicinis
1118 2719 1282 2803 episcopis
1318 2721 1514 2803 assignetur.
1570 2720 1638 2784 Nos
1671 2723 1757 2784 enim
1790 2721 1830 2784 ad
1862 2721 2108 2807 explorandum

448 2827 559 2884 vestra
582 2822 721 2905 vestigia
743 2843 809 2885 nou
833 2823 938 2885 solum
962 2822 1104 2885 futurum
1129 2822 1315 2907 pontificem
1339 2844 1376 2886 ac
1400 2823 1536 2886 clericos
1558 2830 1683 2887 vestros
1700 2845 1813 2888 verum
1837 2824 1936 2888 ctiam
1962 2825 2107 2888 circum-

448 2924 574 3009 positos
605 2925 777 3010 episcopos
808 2931 841 2989 ct
870 2925 1015 3010 prelatos
1046 2925 1204 3010 deputare
1240 2925 1445 3004 curabimus,
1482 2932 1518 2989 ut
1549 2947 1608 3010 per
1639 2934 1787 3012 tempora
1820 2925 1890 2990 sedi
1919 2928 2108 3012 apostolice

449 3027 599 3090 nuntient
628 3048 690 3111 que
719 3035 874 3111 aguntur,
906 3029 934 3092 si
963 3029 1095 3093 honoris
1125 3029 1176 3091 sui
1203 3028 1385 3112 periculum
1413 3028 1575 3091 voluerint
1603 3031 1735 3094 evitare.
1780 3029 1953 3094 Indesessa
1982 3052 2108 3117 nempe
2163 3050 2184 3088 .·

450 3129 669 3194 sollicitudine
698 3130 739 3194 ad
766 3132 924 3196 ultionem
953 3133 1035 3196 tanti
1065 3132 1219 3195 facinoris
1249 3131 1397 3194 Romana
1426 3132 1567 3194 ecclesia
1591 3133 1755 3215 vigilabit,
1783 3155 1823 3198 nc
1851 3134 1883 3196 in
1913 3136 2111 3218 exemplum

450 3232 563 3313 abeat,
594 3234 622 3296 si
645 3233 722 3318 quid
745 3234 785 3299 de
808 3235 951 3299 vindicta
974 3236 1072 3299 luerit
1095 3236 1302 3318 negligenter
1326 3235 1497 3310 omissum,
1528 3241 1560 3298 et
1583 3243 1619 3298 ut
1642 3257 1726 3321 pene
1756 3237 1960 3300 immensitas
1985 3237 2111 3302 diffusa

450 3358 510 3422 per
542 3338 654 3401 orbem
684 3345 806 3402 terreat
837 3341 1046 3424 pestilentes,
1081 3360 1147 3402 non
1183 3341 1288 3403 solum
1323 3360 1437 3403 manus
1472 3361 1491 3402 a
1527 3340 1690 3404 similibus
1728 3339 1884 3404 cohibens
1915 3339 1975 3404 sed
2005 3342 2110 3405 ctiam

452 3441 669 3524 cogitationes
693 3449 854 3508 avertens.

557 3560 633 3625 Dat.
656 3561 797 3643 Perusii,
820 3563 924 3627 Nonis
948 3563 1045 3644 lunii,
1068 3585 1153 3628 anno
1176 3585 1275 3628 nono.

558 3679 599 3744 In
630 3681 770 3746 eundem
801 3682 932 3746 modum
964 3734 1003 3749 ..
1035 3684 1190 3769 episcopo
1223 3684 1423 3748 Mutinensil
1454 3705 1574 3769 usque:
1610 3686 1643 3748 iu
1675 3684 1844 3771 pristinam
1876 3685 2107 3748 excommuni-

451 3785 588 3848 cationis
618 3786 815 3849 sententiam
845 3786 917 3870 ipso
948 3787 1030 3850 iure.
1085 3786 1243 3850 Prctcrca
1273 3795 1339 3850 tam
1369 3787 1431 3872 ipsi
1460 3808 1556 3871 quam
1587 3788 1828 3852 descendentes
1858 3785 1898 3850 ab
1934 3787 1983 3850 eis
2014 3795 2110 3851 recta

449 3889 538 3952 linea
561 3888 601 3951 ad
624 3889 730 3952 nullos
755 3889 901 3969 ordines,
926 3889 1118 3972 dignitates,
1143 3890 1302 3970 bonores,
1332 3891 1492 3955 beneficia
1515 3893 1740 3956 ecclesiastica
1762 3892 1814 3955 vel
1837 3891 1969 3976 publica
1993 3891 2108 3956 officia

452 3990 613 4055 secularia
635 3991 675 4054 de
700 3999 809 4056 cetero
834 3993 1072 4070 ammittantur,
1105 3993 1284 4056 adicientes
1314 4000 1349 4057 ut
1376 4015 1490 4058 omncs
1520 3996 1654 4058 sceleris
1684 4002 1865 4080 patratores
1894 3994 1963 4057 iure
1989 4002 2106 4079 patro-

450 4101 546 4157 natus
570 4095 621 4157 vel
645 4094 833 4173 advocatie,
864 4095 954 4159 feudi
979 4117 1038 4159 seu
1061 4097 1232 4160 locationis
1257 4099 1326 4162 sive
1349 4099 1412 4161 alio
1437 4099 1524 4177 iure,
1548 4098 1634 4183 quod
1658 4101 1691 4161 in
1714 4098 1916 4183 quibuslibet
1939 4098 2106 4180 ecclesiis,
2179 4118 2186 4134 '

451 4197 636 4262 Advocati⁸
657 4220 735 4262 vero
759 4207 793 4263 et
815 4221 927 4263 omnes
952 4199 992 4263 de
1016 4221 1128 4263 eorum
1151 4202 1309 4286 progenie
1333 4203 1420 4265 omni
1444 4203 1532 4280 iure,
1563 4201 1648 4285 quod
1675 4203 1709 4265 in
1733 4201 1819 4264 dicto
1842 4202 2041 4264 monasterio
2069 4225 2107 4266 se

451 4301 573 4366 habere
597 4301 766 4382 dicebant,
794 4311 955 4389 perpetuo
981 4305 1046 4366 sint
1068 4305 1197 4389 privati.
1245 4304 1279 4368 Si
1303 4305 1356 4389 qui
1381 4313 1490 4367 autern
1513 4304 1553 4368 ad
1580 4304 1712 4388 publica
1736 4305 1842 4367 officia
1865 4305 2027 4387 elegerint
2051 4308 2108 4369 vel

451 4406 638 4491 receperint
661 4406 787 4490 aliquos
811 4427 1042 4491 perversorum
1066 4409 1117 4470 vel
1135 4407 1404 4471 descendentium
1428 4408 1469 4471 ab
1494 4407 1618 4470 eisdem
1643 4429 1702 4471 scu
1719 4409 1862 4471 scienter
1884 4409 1965 4471 alias
1990 4415 2109 4471 contra

452 4508 613 4592 premissa
636 4509 747 4573 venire
771 4511 1047 4596 presumpserint,
1081 4512 1152 4596 ipso
1182 4512 1268 4574 facto
1301 4511 1412 4574 clerici
1436 4518 1628 4596 perpetuam
1660 4512 1909 4594 suspensionem
1939 4511 2038 4574 officii
2072 4521 2108 4576 et

451 4608 616 4689 beneficii,
653 4611 727 4674 laici
756 4633 832 4675 vero
867 4615 1065 4678 sententiam
1096 4615 1442 4678 excommunicationis
1477 4615 1650 4677 incurrant.
1707 4615 1868 4687 Quocirca
1900 4614 2106 4697 mandamus,

348 4779 357 4790 ,
453 4713 606 4794 quatinus
628 4715 789 4799 premissa
812 4717 919 4780 omnia
941 4718 1122 4802 publicans,
1148 4739 1188 4780 ca
1210 4717 1310 4780 facias
1336 4717 1466 4780 sublato
1489 4718 1718 4802 appellationis
1736 4716 1924 4781 obstaculob
1943 4740 2003 4803 per
2026 4739 2108 4782 con-

454 4835 563 4878 suram
591 4817 849 4882 ecclesiasticam
877 4820 1111 4885 inviolabiliter
1142 4820 1322 4900 observari,
1354 4821 1399 4883 ita
1423 4819 1508 4905 quod
1531 4819 1733 4904 diligentiam
1763 4827 1851 4884 tuam
1875 4821 2108 4888 commendare

453 4918 570 4983 merito
593 4919 782 4987 debeamus.

559 5020 598 5086 In
621 5025 761 5090 eundem
783 5028 914 5092 modum
939 5077 971 5092 ..
996 5028 1151 5114 episcopo
1174 5027 1341 5092 Brixiensi
1351 5027 1375 5094 ².

560 5127 598 5190 In
623 5130 762 5195 eundem
785 5131 916 5195 modum
932 5131 1110 5210 Friderico,
1134 5130 1355 5195 Romanorum
1377 5132 1568 5216 imperatori
1592 5154 1720 5218 semper
1745 5140 1894 5216 augusto,
1918 5133 2105 5198 Ierusalem

453 5237 487 5293 et
519 5229 631 5295 Sicilie
659 5234 731 5317 regi
758 5234 893 5316 illustri,
921 5255 1039 5320 usque:
1070 5235 1110 5299 de
1139 5235 1370 5299 advocatorum
1400 5236 1547 5320 proienie
1579 5237 1803 5321 promulgatis.
1852 5235 1998 5321 Ideoque
2031 5260 2108 5303 oum

559 5488 581 5556 ¹)
599 5493 736 5544 advocatos
754 5493 786 5544 R.
868 5494 890 5560 b)
910 5497 959 5547 snb
977 5498 1115 5564 apostolica
1133 5498 1277 5550 obedientia
1294 5497 1322 5546 ia
1340 5495 1491 5566 apographo
1509 5505 1611 5558 nostro,·
1628 5498 1661 5562 cf.
1679 5515 1704 5567 p.
1723 5502 1784 5564 475,
1801 5505 1853 5548 aot.
1873 5515 1898 5550 a.
1990 5523 1991 5526 ¹

555 5627 582 5694 1)
600 5627 720 5686 Albcrto.
791 5630 818 5695 2)
843 5628 958 5688 Gnatae.
