4524 6412
743 405 943 461 EPISTOLAE
960 406 1150 463 SELECTAE.
1187 411 1262 464 1227.
1772 417 1835 480 279

178 576 315 640 cationis
338 579 501 642 exclusus.
548 575 604 664 [Et
626 579 701 645 ideo
727 588 779 646 est
808 601 1015 667 summopere
1038 584 1293 668 precavendum,
1325 607 1366 650 ne
1390 583 1589 672 vexillumll,
1621 586 1708 672 qnod
1731 587 1835 653 habcs

179 702 349 745 commune
374 703 448 746 cnm
471 683 615 768 angelis,
645 685 832 750 intellectus
854 684 1010 750 videlicet
1041 693 1076 751 et
1106 687 1260 769 affectus,
1294 689 1432 754 inclines
1463 689 1504 754 ad
1536 689 1585 771 id,
1617 690 1703 775 quod
1734 691 1835 756 habet

181 784 277 849 homo
302 807 472 851 commune
496 809 568 852 oum
593 788 697 853 brutis
721 790 849 854 scilicet
872 797 906 854 et
928 789 1082 870 arbustis,
1107 813 1240 856 sensum
1263 800 1297 857 et
1319 793 1564 874 nutrimentum,
1588 794 1665 880 quia
1688 800 1722 859 et
1744 817 1835 860 arnor

181 889 385 955 sensibilium
420 891 537 956 minuit
566 891 770 956 intellectum
802 900 835 957 et
867 893 1021 956 affectum
1055 891 1217 958 deformat
1247 895 1380 960 delicati
1413 897 1558 982 corporis
1589 897 1834 963 nutrimentum.

115 1035 119 1043 ·
179 993 229 1058 Ae
252 1015 312 1080 per
333 994 395 1058 hoc
419 995 652 1070 luminaribus,
685 996 771 1081 quod
798 997 900 1076 absit,
932 997 1127 1081 cognitionis
1156 1006 1190 1063 et
1213 998 1398 1065 dilectionis
1423 1001 1577 1065 extinctis
1601 1008 1634 1066 et
1657 1003 1690 1066 in
1714 1010 1833 1068 terram

178 1097 368 1162 victricibus
391 1099 509 1184 aquilis
534 1100 580 1164 sic
603 1101 774 1187 prostratis
798 1107 831 1165 et
854 1100 1077 1185 voluptatibus
1100 1103 1240 1166 terrenis
1265 1103 1443 1189 implicitis,
1467 1104 1630 1189 quomodo
1653 1107 1776 1191 poteris
1800 1113 1833 1172 te

180 1200 391 1286 sequentibus
414 1203 499 1266 viam
522 1203 747 1269 demonstrare
772 1204 906 1268 salutis?
951 1203 1049 1268 Absit
1071 1226 1091 1268 a
1113 1211 1146 1268 te
1169 1205 1247 1286 hoc,
1279 1207 1325 1270 fili
1359 1209 1545 1289 carissime,
1578 1229 1683 1294 aquo
1708 1209 1834 1274 videtur

179 1304 274 1369 modo
298 1305 366 1370 vita
387 1305 499 1370 mundi
521 1307 618 1371 huius
650 1307 815 1372 sensibilis
840 1305 1038 1392 dependere.
1084 1307 1178 1373 Illius
1208 1309 1318 1396 itaque
1348 1310 1530 1376 recorderis
1561 1311 1716 1393 historie,
1748 1313 1834 1398 qnod

181 1409 214 1472 in
238 1409 389 1474 columna
411 1410 496 1495 ignis
526 1417 559 1475 et
586 1410 702 1475 nubisb
725 1410 765 1476 de
789 1411 865 1495 iugo
889 1410 1069 1474 Pharaonis
1098 1414 1239 1498 populus
1263 1413 1471 1479 Hebreornm
1496 1414 1633 1480 eductus
1656 1415 1690 1480 in
1712 1422 1833 1480 terram
1853 1435 1922 1479 axos.
1940 1442 2006 1488 aar.

181 1514 407 1600 promissionis
431 1513 609 1594 inducitur,
640 1536 735 1600 quam
759 1516 792 1579 in
816 1514 887 1578 zelo
911 1515 1035 1579 iustitie
1060 1522 1093 1579 et
1116 1516 1148 1579 in
1171 1517 1275 1598 nube,
1305 1538 1367 1602 qne
1391 1517 1579 1602 refrigerat,
1608 1519 1833 1585 misericordie

180 1618 307 1682 coneris
330 1618 450 1682 virtute
474 1617 584 1682 divina
607 1618 769 1703 superatis
793 1617 1004 1682 interioribus
1027 1618 1175 1684 hostibus
1200 1619 1360 1686 obtinere.

287 1720 333 1784 Ut
359 1720 421 1785 hec
452 1721 485 1785 in
514 1720 659 1784 archivio
690 1721 847 1784 memorie
878 1721 988 1784 valeas
1011 1721 1132 1806 iugiter
1153 1722 1288 1802 intueri,
1320 1725 1462 1809 quinque
1490 1725 1633 1809 insignia
1655 1725 1834 1811 imperialis

183 1823 387 1889 celsitudinis
410 1822 543 1888 culmini
566 1823 723 1910 deputata
746 1845 819 1889 oum
849 1825 994 1910 ipsorum
1018 1826 1173 1890 misteriis
1197 1829 1345 1913 cupimus
1370 1830 1445 1893 stilo
1469 1829 1577 1894 ferreo
1600 1830 1634 1893 in
1657 1828 1764 1894 cordis
1788 1830 1834 1893 tui

181 1949 290 2013 ungue
308 1927 535 1992 adamantino⁰
551 1927 741 2014 depingere,
765 1928 851 2013 quod
867 1929 957 1992 nulla
972 1929 1078 2014 possit
1094 1929 1257 1996 oblivione
1281 1931 1394 1996 deleri.
1441 1931 1540 2013 Crux,
1564 1933 1621 1998 ubi
1644 1939 1695 1997 est
1711 1933 1834 2017 lignum

117 2075 120 2086 ·
181 2031 329 2114 Domini,
360 2039 393 2096 et
422 2033 552 2112 lancea,
583 2032 641 2097 ubi
670 2033 782 2097 clavus
810 2033 880 2097 eius
912 2032 1077 2111 consistit,
1106 2041 1181 2098 ante
1211 2041 1243 2099 te
1274 2035 1307 2098 in
1339 2036 1605 2122 processionibus
1633 2036 1834 2101 solemnibus

180 2137 408 2222 deportantur;
437 2157 591 2201 coronam
620 2157 752 2201 auream
783 2157 857 2200 curn
884 2135 1049 2222 lapidibus
1072 2138 1228 2222 pretiosis
1252 2146 1364 2224 gestas
1394 2141 1427 2204 in
1455 2139 1581 2225 capite,
1612 2144 1777 2226 sceptrum
1801 2140 1834 2204 in

180 2242 335 2320 dextera,
364 2262 496 2326 pomum
525 2247 620 2305 tenos
642 2262 777 2305 aureum
807 2240 840 2304 in
872 2240 1018 2316 sinistra,
1051 2246 1087 2303 ut
1118 2261 1197 2304 crux
1220 2241 1394 2308 Dominice
1425 2243 1587 2330 passionis
1617 2248 1650 2306 et
1678 2243 1836 2306 memoria

180 2345 383 2411 acerbissimi
408 2345 572 2409 cruciatus
597 2344 662 2408 sint
685 2363 815 2429 semper
837 2349 913 2406 ante
936 2343 1048 2406 oculos
1072 2344 1191 2407 mentis
1215 2351 1269 2409 tue
1294 2346 1326 2410 in
1350 2346 1555 2411 contumeliis
1578 2347 1760 2427 verborum,
1784 2346 1834 2409 in-

180 2451 335 2515 iuriarum
365 2447 567 2534 opprobriis,
597 2445 737 2531 flagellis
761 2453 795 2510 et
818 2446 941 2531 plagis,
972 2446 1171 2512 laceratione
1200 2449 1382 2534 spinarum,
1414 2450 1625 2514 transfixione
1654 2450 1834 2524 clavorum;

103 2601 114 2612 .
181 2552 359 2641 prudenter
386 2549 559 2615 attendens
587 2550 620 2612 in
649 2549 778 2633 quantis
809 2555 841 2612 te
872 2555 1023 2634 oporteat
1046 2548 1187 2614 Domino
1210 2551 1421 2637 respondere.
1465 2552 1631 2617 Lanceam
1661 2552 1835 2617 considera

179 2659 370 2743 diligenter,
401 2657 494 2721 cuius
517 2674 654 2718 aounren
679 2653 764 2717 latus
789 2653 858 2717 eius
881 2653 1027 2738 aperuit,
1060 2652 1100 2717 de
1124 2674 1188 2738 quo
1212 2653 1363 2719 Christus
1393 2656 1528 2741 largiter
1551 2662 1755 2721 sacramenta
1778 2662 1833 2720 tue

181 2761 295 2828 salutis
318 2758 441 2825 effudit.
488 2757 557 2822 Ista
580 2763 632 2821 est
654 2763 748 2842 porta
771 2762 926 2840 angusta,
950 2776 1014 2840 qne
1037 2762 1070 2821 te
1094 2755 1184 2821 ducit
1205 2757 1248 2821 ad
1271 2759 1388 2838 vitam,
1412 2758 1452 2823 de
1476 2781 1540 2844 qua
1562 2780 1627 2823 non
1651 2759 1834 2824 substantia
1851 2778 1928 2820 untia.
1943 2783 1996 2826 aa.

181 2865 286 2934 solida
310 2864 367 2930 sed
391 2865 498 2949 liquor
519 2867 646 2926 tantum
670 2861 783 2936 exivit,
805 2867 842 2924 ut
864 2859 957 2924 dolor
978 2868 1094 2926 acutus
1119 2863 1161 2926 sit
1186 2863 1219 2926 in
1245 2870 1277 2927 te
1303 2871 1337 2927 et
1359 2883 1436 2928 vere
1456 2863 1660 2928 contritionis
1684 2884 1833 2942 acumen,

180 2970 266 3056 quod
289 2976 340 3035 est
363 2970 474 3050 clavis,
498 2988 560 3052 qne
583 2973 710 3052 portam
733 2964 793 3029 tihi
815 2964 922 3050 aperit
944 2964 1098 3050 paradisi,
1122 2987 1219 3050 quam
1242 2988 1308 3030 non
1330 2974 1441 3052 potest
1464 2968 1584 3031 intrare
1609 2965 1749 3031 solidum
1772 2967 1833 3030 ali-

104 3089 115 3126 2
182 3073 261 3160 quid
281 3094 343 3138 nec
366 3071 475 3136 anima
497 3069 657 3150 indurata,
688 3069 747 3135 sed
770 3069 947 3153 liquefacta
969 3069 1002 3132 in
1026 3069 1159 3134 fornace
1182 3071 1301 3134 amoris
1325 3077 1359 3136 et
1381 3071 1507 3136 camino
1530 3071 1655 3136 fervide
1678 3071 1834 3135 caritatis.

181 3177 310 3242 Oorona
332 3183 442 3240 autem
465 3175 585 3262 triplici
609 3174 790 3252 coronaris,
818 3173 903 3236 siout
926 3178 959 3236 et
983 3171 1133 3237 Christus
1156 3174 1268 3238 extitit
1291 3175 1411 3260 triplici
1435 3173 1620 3240 diademate
1648 3180 1833 3255 coronatus,

181 3287 342 3360 amatre,
371 3301 512 3344 noverca
535 3285 568 3343 et
598 3284 749 3364 epatre:
780 3298 800 3340 a
829 3282 932 3340 matre
961 3297 1082 3341 corona
1111 3277 1232 3362 gratie,
1261 3297 1322 3362 per
1349 3299 1446 3363 quam
1475 3279 1696 3344 infirmitatem
1723 3285 1833 3344 nostre

181 3383 389 3448 mortalitatis
413 3381 607 3468 assumpsit;
630 3402 650 3444 a
671 3401 812 3444 noverca
835 3400 955 3443 corona
977 3379 1111 3458 iustitie,
1135 3401 1313 3466 perquam
1337 3401 1441 3465 genus
1465 3381 1641 3446 humanum
1665 3382 1833 3466 sanguinis

181 3489 287 3574 pretio
318 3487 368 3550 ani
398 3484 550 3558 redomit;
579 3505 599 3547 a
626 3489 718 3569 patre
747 3503 867 3546 corona
896 3483 1018 3567 glorie,
1050 3481 1092 3546 ad
1120 3481 1290 3548 dexteram
1314 3484 1402 3548 enim
1431 3504 1521 3548 suam
1545 3485 1652 3570 ipsum
1676 3485 1709 3547 in
1731 3505 1833 3569 regno

105 3615 109 3626 ·
183 3591 286 3677 glorie
315 3588 497 3654 collocavit.
553 3587 603 3651 Tu
633 3594 742 3652 autem
771 3586 922 3651 similiter
951 3587 984 3650 in
1016 3586 1193 3651 Germania
1227 3586 1393 3651 coronaris
1423 3610 1443 3650 a
1473 3593 1592 3666 matre,
1626 3588 1717 3652 cuius
1748 3588 1833 3652 lacte

180 3695 322 3760 nutritus
344 3713 381 3757 es
404 3699 438 3756 et
465 3690 608 3756 feliciter
634 3690 810 3768 educatus,
838 3710 960 3754 corona
982 3689 1102 3775 gratia,
1134 3710 1231 3775 quam
1262 3711 1326 3754 non
1350 3711 1392 3754 ex
1415 3688 1527 3754 debito
1554 3691 1679 3755 iustitie
1710 3689 1769 3754 sed
1791 3711 1834 3755 ex

180 3798 286 3864 libera
311 3796 472 3862 electione
501 3794 682 3881 principum
712 3792 858 3856 nosceris
889 3799 1072 3858 assecutus.
1125 3794 1155 3857 A
1183 3815 1327 3859 noverca
1358 3799 1531 3858 coronatus
1562 3815 1597 3857 es
1627 3793 1660 3856 in
1687 3793 1833 3878 Liguria,

181 3923 245 3988 quc
269 3901 354 3966 solet
376 3896 550 3985 aliquando
574 3897 608 3960 in
630 3897 767 3981 imperio
783 3896 964 3976 novercari,
989 3916 1109 3960 corona
1124 3897 1261 3976 iustitie,
1284 3917 1347 3982 qne
1364 3895 1502 3960 debetur
1524 3895 1603 3960 iuris
1624 3897 1833 3962 necessitate.

181 4005 295 4070 Tertia
317 4001 483 4069 coronaris
513 4022 534 4064 a
562 4007 672 4087 patre,
704 3998 831 4064 scilicet
861 4020 986 4063 summo
1015 4000 1184 4085 pontifice,
1216 4021 1279 4085 que
1310 4006 1361 4064 est
1390 4000 1510 4085 glorie,
1540 4019 1603 4084 que
1626 4005 1659 4064 tc
1683 3999 1833 4066 omnibus

117 4153 123 4166 .
182 4107 294 4173 mnndi
316 4105 533 4195 potestatibus
556 4102 737 4189 anteponit,
760 4109 797 4166 ut
818 4102 923 4187 gloria
945 4109 979 4168 et
1000 4103 1124 4167 honore
1149 4123 1248 4189 super
1270 4125 1383 4168 omnes
1407 4101 1519 4166 mundi
1541 4101 1706 4188 principes
1730 4102 1832 4167 subli-

180 4212 289 4277 meris.
335 4210 497 4275 Coronam
520 4207 621 4291 igitur
644 4205 749 4290 gratie
772 4211 886 4291 portes
909 4205 943 4269 in
965 4205 1027 4269 hoe
1051 4206 1169 4286 exilio,
1200 4212 1237 4269 ut
1265 4226 1386 4270 corona
1411 4205 1536 4270 iustitie
1565 4205 1625 4269 tibi
1654 4205 1687 4269 in
1711 4204 1832 4271 iudicio

181 4321 372 4402 reponatur,
404 4320 437 4378 et
468 4307 704 4377 examinandus
734 4329 754 4372 a
781 4306 888 4372 iudice
918 4329 1087 4374 sermones
1110 4315 1184 4373 tuos
1213 4309 1246 4372 in
1276 4309 1424 4395 presenti
1447 4307 1618 4394 disponas,
1650 4309 1769 4394 quibus
1791 4308 1834 4374 ad

181 4425 373 4505 arguentem
396 4424 429 4480 te
451 4415 563 4478 valeas
587 4410 802 4498 respondere;
826 4419 860 4476 et
882 4412 1016 4476 tandem
1039 4434 1159 4478 corona
1181 4413 1461 4478 immarcessibilis
1484 4413 1588 4498 glorie
1611 4414 1777 4479 coroneris
1799 4415 1833 4478 in

181 4543 294 4609 regno,
316 4519 403 4607 quod
425 4537 590 4603 nunquam
612 4516 681 4580 ullo
704 4521 852 4601 tempore
877 4524 1112 4602 corrumpetur.
1153 4516 1324 4603 Sceptrum
1347 4517 1472 4582 iustitie
1495 4525 1606 4602 portas
1629 4517 1663 4580 in
1685 4515 1832 4600 dextera,

183 4648 246 4714 que
269 4625 378 4711 gravis
402 4629 453 4688 est
475 4621 516 4686 ad
538 4618 738 4706 puniendum
754 4619 902 4704 iniquos,
927 4619 960 4683 in
984 4619 1116 4684 sinistra
1138 4641 1271 4706 pomum
1288 4640 1424 4684 aureum
1447 4621 1539 4685 initio
1562 4641 1677 4686 carens
1701 4627 1736 4685 et
1757 4621 1831 4702 fine,

182 4731 270 4820 quod
292 4737 343 4796 est
365 4725 604 4804 misericordie,
634 4723 686 4787 cui
709 4745 846 4809 regnum
868 4724 1070 4811 promittitur
1093 4725 1346 4810 sempiternum
1377 4745 1440 4808 que
1469 4730 1604 4789 extenta
1632 4723 1732 4789 debet
1758 4747 1832 4791 esse

182 4836 223 4901 ad
253 4832 458 4900 liberandum
491 4849 667 4917 oppressos
699 4835 732 4893 et
764 4829 903 4892 miseros
937 4827 1170 4908 consolandos,
1207 4829 1283 4912 quia
1317 4825 1473 4891 iudicium
1508 4828 1578 4892 sine
1608 4827 1835 4893 misericordia

183 4943 319 5008 multum
348 4935 552 5014 destituitur,
587 4934 614 4998 si
644 4953 745 4997 unum
777 4933 847 4998 sine
881 4933 984 4997 altero
1014 4939 1175 4997 teneatur.
1231 4930 1286 4995 Ad
1319 4931 1381 4996 heo
1415 4930 1455 4995 de
1489 4931 1596 4994 anime
1629 4937 1701 5010 tue,
1736 4952 1833 5016 quam

183 5046 313 5111 sincera
335 5049 369 5108 et
391 5039 520 5106 ardenti
542 5037 707 5122 diligimus
731 5036 883 5116 caritate,
914 5036 1019 5100 salute
1042 5035 1175 5100 solliciti
1197 5035 1361 5099 universis
1385 5033 1496 5098 mundi
1517 5033 1615 5098 huius
1636 5033 1833 5098 transitoriis

120 5197 124 5208 .
184 5145 396 5237 preferenda,
426 5164 469 5208 ex
492 5141 701 5229 prerogativa
722 5138 924 5217 dilectionis,
955 5159 1019 5223 qua
1040 5138 1073 5202 in
1102 5137 1220 5202 minori
1242 5137 1350 5202 officio
1375 5158 1486 5202 snmus
1510 5135 1713 5221 imperialem
1736 5136 1834 5200 celsi-

184 5250 330 5316 tudinem
366 5246 560 5334 amplexati,
598 5251 634 5309 ut
669 5242 750 5307 nihil
786 5241 826 5306 de
861 5241 1128 5327 contingentibus
1164 5242 1366 5321 omittamus,
1402 5263 1465 5327 que
1501 5240 1543 5305 ad
1574 5242 1686 5306 mortis
1720 5247 1833 5306 eterne

184 5354 366 5445 periculum
395 5350 584 5418 evitandum
614 5354 648 5414 et
675 5345 933 5432 recuperandam
966 5347 1104 5432 gratiam
1136 5345 1285 5410 crucifixi
1315 5345 1436 5410 fuerint
1465 5351 1662 5432 opportuna,
1696 5345 1834 5410 latorem

289 5684 311 5750 ⁵)
330 5683 479 5735 addictam
496 5699 527 5733 aa
545 5681 604 5748 Rip.
690 5677 714 5746 δ)
733 5678 846 5730 nubibus
864 5676 949 5746 Rapa.
1030 5674 1052 5740 ⁰)
1070 5677 1107 5726 ito
1123 5683 1234 5744 usupra
