4590 6366
750 384 950 439 nplsronnn
967 383 1156 440 abnueras.
1193 385 1267 439 1235.

291 557 376 622 Item
400 557 516 620 Petrus
539 556 695 620 Iohannis
719 557 893 622 Sambonis
919 558 1107 621 scriniarius
1129 559 1311 644 palatinus;
1335 559 1440 646 Capit.
1465 560 1494 626 d.
1518 562 1663 628 XVIIII.

291 660 376 725 Item
400 660 536 744 Ilgidius
559 659 687 724 Nicolai
710 661 884 725 Archionis
908 662 1123 736 instillarius3
1146 661 1224 726 ibid.
1248 662 1279 729 d.
1303 663 1378 728 XX.

293 764 377 827 Item
402 763 551 828 Uinthius
576 764 711 828 Henrici
734 764 775 828 de
798 765 904 850 Papa,
936 764 1102 827 Romanus
1127 763 1281 829 Iohannis
1306 766 1445 830 Romani
1478 767 1659 844 institiarii;
1689 768 1717 833 d.
1742 769 1837 832 XXI.

292 865 374 929 Item
398 866 547 930 Andreas
570 867 729 951 Roggerii
751 867 953 931 Beccacanis
977 868 1182 931 institiarius.

292 969 377 1032 Item
399 970 517 1034 Petrus
541 969 581 1033 de
607 969 705 1034 Curia
728 971 934 1034 iustitiarius.

291 1070 376 1135 Item
400 1072 540 1136 Iacobus
564 1073 700 1137 Heurici
724 1072 900 1137 Lombardi
924 1074 1130 1136 iustitiarins.

292 1175 377 1240 Item
400 1176 565 1240 Iohannes
589 1176 629 1240 de
655 1176 848 1262 Campanili,
872 1175 1083 1240 Theobaldus
1107 1177 1147 1241 de
1172 1177 1310 1240 Miliaria
1334 1179 1511 1242 iustitiarii.

290 1278 374 1342 Item
398 1279 539 1343 Thomas
563 1278 716 1354 Aldonis,
740 1279 859 1343 Petrus
884 1279 1122 1361 Carbonarins,
1145 1279 1311 1343 Iohannes
1334 1280 1547 1363 Romanucii,
1571 1282 1723 1347 Matheus
1747 1281 1836 1347 Deo-

184 1384 309 1447 vosalvi
332 1384 512 1457 iustitiarii;
536 1383 566 1447 d.
590 1383 702 1447 XXII.
749 1389 751 1392 ’

109 1510 133 1546 ro
291 1488 376 1552 Item
399 1487 593 1564 Bonifatius,
616 1488 735 1552 Petrus
758 1487 877 1550 Anfusi
902 1488 1066 1550 institiarii
1089 1487 1130 1551 de
1154 1487 1297 1551 Portica.

292 1591 375 1655 Item
392 1592 556 1656 Iohannes
572 1593 747 1656 Benedicti
764 1591 804 1656 de
821 1591 1070 1672 Transtiberim,
1093 1591 1259 1655 Iohannes
1278 1591 1468 1656 Cavellntus
1491 1599 1524 1656 ot
1539 1593 1660 1657 Paulus
1680 1594 1836 1658 Iohannis

184 1694 369 1758 Nasicrassi
392 1695 574 1766 iustitiarii;
598 1695 628 1757 d.
652 1694 780 1758 XXIII.

292 1798 376 1862 Item
406 1798 565 1863 Iordanus
594 1799 634 1862 dc
664 1799 786 1878 Ponte,
819 1799 1072 1864 Bartholomeus
1103 1801 1262 1886 Stephani
1293 1799 1498 1886 Capharelli,
1525 1801 1689 1866 Iohannes
1714 1801 1836 1865 Ointhii

183 1899 358 1978 Bovaaani,
382 1901 633 1966 Bartholomcus
656 1903 711 1986 qui
734 1911 867 1966 vocatur
890 1902 1026 1966 Bibolus
1052 1910 1085 1966 ct
1108 1903 1226 1966 Petrus
1250 1902 1402 1967 Riecardi
1425 1904 1608 1978 iustitiarii;
1633 1904 1664 1968 d.
1688 1903 1835 1967 XXIIII.

108 2025 131 2062 rs
293 2004 377 2068 Item
401 2004 534 2082 Carleo,
559 2006 744 2091 Stephanus
769 2005 808 2070 de
832 2006 934 2070 Pecta
957 2007 1138 2087 iustitiarii,
1162 2013 1195 2070 et
1219 2005 1369 2070 Ointhius
1392 2006 1522 2088 Mactii,
1545 2008 1663 2072 Petrus
1687 2007 1835 2071 Oddonis

184 2107 332 2172 Rizuruli
355 2109 522 2172 iustitiarii
545 2110 585 2173 de
610 2109 801 2174 Lateranor.

292 2211 377 2276 Item
399 2211 518 2275 Petrus
542 2211 688 2276 Oddonis
711 2214 803 2278 Petri
828 2213 980 2297 Gregorii
1004 2215 1207 2280 iustitiarius.

291 2314 377 2379 Item
400 2315 521 2380 Tostus
546 2314 775 2380 Curtabraeh.b
800 2317 1011 2392 iustitiarius;
1034 2316 1065 2382 d.
1088 2316 1248 2381 XXVIII.

980 2610 1040 2674 XI.

299 2710 502 2802 Gordinales
524 2739 559 2801 tn
588 2739 668 2804 Urbe
690 2741 857 2803 existentes
881 2741 1032 2822 Gregorio
1055 2739 1112 2803 IX
1131 2760 1234 2821 papae
1255 2741 1422 2817 nuntiant,
1445 2740 1496 2804 die
1517 2739 1674 2804 Mercurii
1693 2739 1836 2820 proximo

107 2861 132 2900 ec
178 2841 352 2920 praetcrr'to
378 2841 480 2926 [Mat.
504 2847 560 2920 16,
592 2842 689 2927 afa.
712 2843 763 2927 Χ]
793 2844 1003 2908 Laurentium
1030 2844 1187 2908 Iohannr's
1215 2844 1303 2908 Belli
1330 2843 1536 2908 senescalcum
1564 2844 1670 2908 cariae
1699 2846 1836 2920 senatus,

181 2949 353 3008 senatorem
375 2949 404 3008 et
424 2946 573 3026 praesciam
595 2944 749 3031 officiatos
770 2949 950 3012 iuramenta
972 2948 1009 3012 ae
1032 2969 1109 3028 pace
1135 2948 1290 3012 servande
1308 2949 1516 3028 praestr‘tr‘sse,
1536 2947 1740 3028 percitae-inm
1762 2965 1835 3026 qno

182 3069 240 3128 que
269 3047 306 3110 rte
338 3049 486 3127 capitatis
516 3049 607 3128 pects
636 3049 698 3113 sibi
730 3071 751 3112 a
782 3055 924 3113 senatore
957 3050 1152 3132 castanetum
1179 3069 1259 3128 essa·
1287 3054 1416 3133 repant,
1447 3054 1483 3113 at
1509 3051 1649 3129 captivos
1676 3047 1836 3111 Itouranos

182 3171 277 3231 qaam
298 3151 390 3214 citius
411 3151 454 3214 art
468 3153 605 3232 propria
627 3153 773 3216 remittat.
1385 3154 1479 3231 1235,
1501 3152 1585 3217 Mat.
1609 3156 1652 3216 17
1654 3155 1748 3216 —22.
1813 3211 1819 3222 .

286 3286 313 3323 n.
333 3275 357 3323 7.

106 3496 132 3534 a
246 3463 412 3538 Littera
439 3464 738 3538 cardinalium
767 3465 1053 3538 existentium
1079 3465 1120 3536 in
1149 3464 1266 3537 Urbe
1295 3485 1432 3555 super
1459 3464 1778 3538 reformatione

520 3587 640 3676 pacis
668 3590 712 3658 et
737 3584 1005 3659 liberatione
1034 3584 1267 3677 prisonem
1295 3586 1347 3658 de
1373 3583 1499 3657 Urbe.

294 3734 508 3798 Sanctissimo
530 3735 563 3797 in
580 3733 710 3797 Christo
734 3735 818 3820 patri
842 3741 874 3798 et
891 3733 1022 3798 domino
1039 3733 1090 3812 G,
1112 3733 1176 3798 Dei
1193 3734 1300 3817 gratia
1316 3755 1442 3797 summo
1462 3734 1619 3819 pontifici,
1643 3733 1836 3814 cardinales,

185 3838 240 3921 qui
264 3844 339 3901 sunt
361 3839 393 3902 in
409 3837 511 3917 Urbe,
536 3836 853 3901 commendationem
876 3844 910 3902 et
932 3839 1151 3901 reverentiam
1170 3845 1236 3900 tarn
1253 3837 1397 3901 debitam
1422 3857 1518 3920 quarn
1534 3835 1696 3900 devotam.
1740 3837 1837 3901 Licet

187 3940 227 4004 ad
256 3942 432 4005 scissuram
463 3942 553 4027 pacis
582 3948 680 4024 atque
714 3940 889 4004 concordie
918 3940 1013 4004 hoste
1049 3940 1182 4004 humani
1214 3942 1345 4025 generis
1377 3947 1575 4024 suggerente
1603 3940 1703 4025 aliqui
1732 3940 1836 4005 unde-

109 4064 134 4102 re
188 4065 327 4128 cumque
350 4045 466 4109 fueritc
489 4053 697 4129 procuratum
722 4045 846 4107 zizania
870 4045 1079 4124 seminarint,
1103 4051 1214 4108 tamen
1238 4043 1291 4108 die
1315 4044 1430 4108 Martis
1455 4044 1560 4130 primo
1583 4044 1739 4129 preterito
1763 4065 1836 4108 cum

185 4147 313 4210 bucinis
338 4148 507 4210 sollicitari
536 4147 674 4210 fecimus
705 4147 860 4232 populum
884 4147 1093 4221 universum;
1126 4167 1188 4231 quo
1212 4145 1254 4209 ad
1283 4169 1397 4211 sonum
1426 4168 1583 4232 campane
1608 4145 1660 4210 die
1683 4146 1837 4211 Mercurii

186 4251 334 4336 proximo
358 4250 515 4335 preterito
539 4270 665 4312 summo
690 4270 784 4313 mane
808 4249 841 4312 in
865 4247 1029 4336 Capitolio
1052 4249 1184 4335 publice
1209 4255 1426 4333 congregato,
1450 4249 1572 4314 ibidem
1597 4271 1636 4313 ea
1658 4271 1721 4334 que
1744 4270 1836 4312 man-

187 4354 289 4418 dastis
312 4375 370 4439 pro
394 4375 475 4440 pace
500 4351 693 4438 complenda
716 4354 947 4438 proposuimus
970 4353 1156 4437 diligenter,
1179 4361 1275 4438 prout
1299 4352 1393 4417 nobis
1417 4353 1608 4417 Altissimus
1631 4353 1836 4430 ministravit,

187 4459 290 4522 sicin
314 4459 537 4543 propositione
568 4478 753 4521 sermonum
785 4455 907 4520 dietum
937 4458 1092 4543 populum
1121 4455 1332 4536 inducentes,
1364 4455 1451 4540 quod
1478 4457 1694 4521 communiter
1716 4457 1836 4521 clama-

188 4569 321 4639 verunt,
355 4569 391 4625 ut
421 4560 598 4625 secundum
631 4560 818 4624 mandatum
846 4568 994 4625 vestrum
1027 4568 1159 4625 senator
1188 4581 1261 4623 cum
1290 4581 1348 4623 sua
1378 4561 1468 4625 curia
1495 4569 1529 4623 et
1555 4581 1639 4624 unus
1667 4561 1700 4624 in
1729 4561 1838 4624 anima

187 4667 287 4729 totius
314 4665 427 4750 populi
459 4686 517 4749 pro
545 4685 625 4750 pace
656 4663 817 4727 servanda
846 4664 986 4748 petitum
1017 4662 1166 4727 facerent
1192 4663 1420 4727 iuramentum.
1474 4662 1570 4727 Unde
1602 4671 1748 4744 senator,
1782 4664 1838 4748 qui

188 4769 371 4855 superbiis
395 4769 525 4854 plenam
550 4767 647 4831 fidem
677 4767 834 4832 adhibere
867 4769 1007 4842 curavit,
1040 4766 1079 4830 de
1112 4766 1264 4832 mandato
1290 4774 1323 4831 et
1354 4767 1589 4832 acclamatione
1621 4767 1748 4854 populi,
1780 4779 1863 4831 sna¹

187 4875 286 4938 etiarn
307 4872 476 4936 voluntate
501 4871 692 4956 plenissima
715 4872 952 4953 intercedente,
977 4871 1192 4936 Laurentium
1210 4872 1366 4936 Iohannis
1389 4873 1477 4937 Belli
1500 4872 1724 4936 senescalcum
1748 4873 1837 4937 curie

188 4983 320 5040 senatus
350 4995 449 5060 snper
478 4973 661 5037 iuramento
688 4974 722 5038 in
749 4975 858 5038 anima
888 4975 1032 5038 omnium
1060 4974 1210 5039 faciendo
1238 4976 1348 5059 elegit.
1405 4974 1468 5047 Qui
1497 4975 1614 5038 iuravit
1642 4973 1772 5058 publice
1805 4975 1838 5038 iu

188 5079 297 5142 anima
321 5099 434 5141 eornm
457 5078 672 5162 compositam
695 5099 810 5163 pacem
837 5078 979 5141 fideliter
1003 5077 1179 5142 observare
1203 5085 1236 5142 et
1260 5087 1374 5142 contra
1396 5077 1603 5160 aliquatenus
1626 5097 1691 5140 non
1715 5078 1838 5142 venire.

188 5181 315 5246 Eodem
346 5182 444 5244 etiam
474 5180 527 5244 die
564 5190 697 5245 senator
731 5203 803 5246 cum
838 5180 1034 5266 quibusdam
1067 5181 1261 5244 officialibus
1298 5179 1477 5244 secundnm
1510 5178 1646 5242 sormam
1681 5199 1701 5243 a
1730 5186 1839 5243 restra

189 5287 363 5350 sanctitate
388 5285 612 5348 transmissam
637 5286 754 5349 iuravit
782 5307 817 5350 se
841 5284 962 5349 dictam
993 5305 1109 5370 pacem
1132 5282 1275 5348 fideliter
1309 5290 1524 5348 servaturum.
1569 5280 1613 5345 Et
1636 5280 1676 5344 ad
1700 5282 1838 5347 aliorum

189 5388 377 5453 officialium
401 5387 584 5450 iuramenta
607 5387 794 5472 recipienda
825 5388 1047 5474 procedimus,
1077 5387 1125 5450 ita
1147 5386 1232 5471 quod
1263 5393 1381 5451 cuncta
1410 5385 1504 5450 noble
1533 5404 1690 5471 prospere
1721 5383 1839 5450 cedent

295 5650 318 5717 ¹)
337 5653 447 5702 Laterani
466 5649 497 5700 n.
580 5645 602 5714 ⁶)
620 5641 776 5702 Curubrul
793 5647 825 5702 lt.
907 5647 928 5716 e)
947 5649 984 5704 ita
1002 5648 1164 5712 H.;sueri1n
1182 5647 1360 5716 apographum
1378 5647 1479 5700 Perua.

290 5765 351 5818 Rae.
369 5765 448 5816 Ponr.
466 5765 486 5818 I.
1600 5756 1633 5811 67
