4304 6420
647 108 847 163 EPISTOLAE
865 108 1054 163 SELECTAE.
1086 111 1161 164 1226.
1669 115 1730 176 2l7

51 277 234 358 intentio,
266 280 429 344 modicum
452 280 637 346 devotionis
661 283 817 363 sufficiet,
846 289 882 347 ut
905 304 962 347 eos
986 283 1228 369 comparatione
1252 283 1428 369 precedas;
1458 285 1486 348 si
1509 291 1619 349 tamen
1643 307 1730 350 com·

47 383 202 468 paratio
227 383 364 467 gradum
394 385 554 462 inveniat,
583 385 640 449 ubi
662 387 718 450 vix
744 387 894 471 pervenit
916 386 1088 472 positivus.
1134 386 1229 460 Quod
1260 387 1287 451 si
1315 386 1356 451 sd
1378 388 1453 452 illos
1476 387 1729 473 predecessores

49 486 282 550 intellectum
305 489 439 573 patiaris
462 489 606 566 extendi,
630 491 684 575 qui
707 490 770 555 fide
793 491 943 577 preclari,
967 491 1101 556 caritate
1117 491 1292 572 ferventes,
1316 490 1490 558 devotione
1514 493 1641 572 sinceri,
1666 493 1729 558 sibi

48 595 106 653 et
131 588 275 654 subditis
304 594 527 678 proficientes,
558 593 658 658 verbo
685 595 809 680 pariter
837 600 870 659 et
897 595 1049 680 exemplo
1079 594 1253 660 ecclesiam
1276 597 1386 660 multis
1417 595 1605 660 libertatum
1628 596 1728 682 privi-

47 692 172 776 legiis
198 697 387 761 munierunt
409 699 647 783 multarumque
671 699 880 783 largitionum
902 699 1098 763 liberalitate
1114 697 1269 778 ditarunt,
1292 699 1357 763 illis
1381 699 1409 762 si
1432 700 1540 785 placet
1560 699 1593 763 in
1618 699 1668 763 his
1693 720 1728 764 se

46 797 321 881 magnificentia
344 807 400 865 tua
422 822 488 865 non
503 802 657 888 preferat,
682 803 740 868 sed
761 801 948 868 consideret
964 803 1084 889 potius,
1109 803 1136 866 si
1159 802 1327 867 affluentia
1343 803 1456 866 talium
1471 802 1601 886 illorum
1625 809 1729 866 metas

48 901 230 986 attingas.
276 903 455 984 Discutiat,
488 927 684 990 quesumus,
708 907 770 970 viri
792 906 961 992 prudentis
984 907 1170 992 ingenium,
1201 906 1229 969 si
1251 907 1367 971 merito
1391 906 1520 970 titulum
1543 905 1604 970 tibi
1626 906 1727 971 multe

50 1003 262 1071 devotionis
286 1007 436 1084 assumis,
460 1008 535 1073 dum
557 1008 718 1073 beneficia
734 1010 847 1074 matris
864 1010 1005 1074 ecclesie
1028 1030 1182 1074 revocare
1199 1010 1326 1074 conaris
1348 1009 1383 1073 in
1406 1009 1551 1087 dubium,
1574 1015 1728 1093 tanquam

52 1108 100 1172 si
123 1109 224 1174 unius
248 1111 377 1197 possint
399 1112 596 1178 inficiatione
620 1114 719 1179 celari
743 1135 806 1198 que
831 1115 1006 1178 multorum
1035 1114 1125 1177 notio
1149 1113 1312 1199 publicat,
1335 1119 1369 1177 et
1392 1113 1565 1196 singularis
1588 1112 1726 1176 assertio

59 1211 196 1277 reddat
223 1214 463 1301 ambiguaque
496 1217 691 1282 universalis
719 1218 835 1281 notitia
862 1217 1059 1282 manifestat.
1104 1216 1206 1280 Porro
1234 1216 1291 1279 illa
1317 1215 1560 1299 ingratitudinis
1589 1216 1727 1301 species,

56 1336 140 1399 qua
163 1316 326 1381 beneficia
348 1327 504 1405 percepta
526 1327 697 1405 negantur,
720 1319 844 1405 aliquid
867 1318 1061 1382 turbationis
1085 1319 1254 1382 consuevit
1277 1317 1411 1392 afferre;
1435 1317 1493 1383 sed
1515 1318 1574 1383 illa
1594 1319 1727 1383 maioris

58 1418 200 1483 doloris
223 1420 325 1485 babet
347 1422 495 1498 aculeos,
523 1424 643 1508 quain
665 1423 751 1487 bono
774 1423 896 1486 malum
918 1422 1117 1507 presumitur
1140 1429 1174 1487 et
1197 1421 1307 1486 odium
1329 1423 1363 1486 in
1386 1421 1563 1488 dilectione
1586 1428 1727 1487 notatur.

62 1521 173 1586 Circa
207 1525 344 1588 tutelam
380 1545 509 1610 qnoque
545 1527 607 1604 tui,
641 1548 661 1590 a
695 1528 781 1591 clare
814 1525 970 1590 memorie
1004 1525 1211 1610 imperatrice
1247 1525 1438 1590 Constantia
1470 1527 1584 1611 regina
1615 1525 1727 1590 Sicilia

60 1627 258 1712 apostolice
282 1628 351 1692 sedi
374 1629 532 1708 relictam,
555 1651 575 1692 a
597 1630 830 1696 beneficiorum
853 1629 958 1714 gratia
973 1629 1110 1714 excipis,
1135 1629 1162 1692 si
1186 1630 1288 1694 tutele
1312 1629 1354 1692 sit
1377 1628 1488 1694 debito
1512 1630 1726 1708 satisfactum,

67 1751 114 1794 eo
146 1729 236 1815 quod
263 1731 313 1794 fas
335 1730 511 1796 inducebat
537 1740 574 1796 ut
601 1734 709 1812 fieret,
741 1741 774 1797 et
804 1732 897 1796 nefas
922 1732 949 1795 si
972 1731 1129 1795 deficeret
1151 1737 1330 1796 notaretur.
1375 1733 1499 1798 Verum
1523 1754 1595 1797 cum
1619 1733 1726 1796 nullus

64 1833 284 1898 necessitatis
307 1835 462 1899 articulus
485 1843 562 1900 tunc
585 1843 718 1921 urgeret
741 1837 930 1915 ecclesiam,
960 1843 996 1899 ut
1023 1836 1130 1916 inte,
1159 1835 1214 1921 qui
1239 1856 1312 1899 eras
1335 1836 1423 1900 omni
1446 1836 1601 1921 suffragio
1625 1835 1725 1900 desti-

68 1941 181 2014 tutus,
217 1958 299 2002 onus
333 1958 398 2001 non
421 1939 494 2003 leve
525 1940 707 2025 susciperet
729 1940 849 2016 tutele,
886 1940 1068 2026 susceptis,
1104 1960 1167 2023 que
1196 1960 1216 2002 a
1244 1939 1349 2024 gratia
1377 1939 1517 2025 sumpsit
1544 1937 1726 2018 exordium,

67 2038 198 2104 babere
229 2047 261 2105 te
289 2039 404 2106 debuit
430 2040 471 2106 de
494 2042 733 2128 prosecutionis
763 2041 873 2106 debito
901 2063 966 2106 11111
990 2043 1169 2126 ingratum,
1197 2043 1314 2106 saltem
1337 2049 1373 2107 ut
1396 2043 1505 2108 tutrici
1528 2048 1638 2107 notam
1661 2061 1727 2106 non

72 2144 183 2207 solum
207 2151 362 2229 suspecte
386 2145 444 2209 sed
468 2146 565 2209 etiam
588 2145 794 2210 fraudulente
818 2144 1108 2210 administrationis
1132 2166 1196 2210 uon
1220 2145 1372 2210 nitereris
1395 2145 1588 2232 impingere,
1611 2144 1725 2209 dicens

74 2245 162 2331 quod
186 2247 330 2312 ecclesia
354 2249 484 2313 nomine
508 2247 718 2313 defensorum
741 2249 853 2314 hostes
877 2249 1077 2314 immiserata
1100 2248 1232 2336 Apulis.
1277 2247 1434 2313 Habebat
1456 2255 1608 2335 preterea
1629 2247 1724 2312 diffa-

71 2352 228 2415 mationis
261 2351 416 2434 adiectio,
447 2352 533 2439 quod
556 2374 651 2437 quem
674 2353 777 2417 tutrix
806 2353 949 2418 ccclesia
978 2352 1092 2417 debuit
1121 2374 1333 2439 promovere,
1361 2352 1501 2431 deiecit,
1531 2352 1661 2436 erigens
1692 2351 1724 2414 in

71 2461 211 2539 patema
235 2455 313 2520 sede
336 2456 500 2520 hominem
535 2457 694 2536 alienum,
728 2457 782 2541 qui
819 2478 884 2521 11111
913 2462 1085 2520 contentus
1112 2457 1250 2542 imperio
1279 2455 1320 2519 ad
1349 2475 1487 2540 regnum
1514 2453 1724 2518 nihilominus

73 2559 241 2644 aspiravit.
286 2559 331 2624 111
353 2559 484 2645 quidem
506 2581 572 2624 non
595 2559 627 2623 id
649 2560 807 2624 hactenus
829 2560 945 2625 habuit
968 2568 1024 2624 tua
1047 2560 1228 2640 confessio,
1259 2581 1324 2623 non
1356 2558 1389 2622 id
1411 2579 1514 2642 usqne
1537 2578 1623 2621 nuuc
1646 2577 1724 2620 eou-

76 2661 200 2726 tiuebat
222 2669 351 2728 tuarum
375 2663 477 2728 series
500 2664 700 2742 litterarum,
732 2662 849 2746 quibus
877 2671 953 2750 post
974 2663 1082 2728 Deum
1105 2669 1209 2727 totum
1232 2662 1421 2727 ascribebas
1445 2660 1557 2725 matris
1581 2659 1723 2725 ecclesie

79 2765 200 2846 studio,
235 2771 340 2831 totum
363 2767 565 2831 attribuebas
594 2765 741 2830 eiusdem
770 2766 904 2830 nutricis
934 2765 1101 2831 laboribus
1130 2765 1284 2852 quiequid
1316 2786 1409 2844 eras,
1446 2772 1480 2829 et
1509 2764 1608 2828 etiam
1635 2761 1723 2848 quod

77 2869 218 2935 vivebas.
264 2869 359 2934 Unde
390 2871 489 2954 igitur
517 2870 589 2933 istis
618 2877 683 2933 tarn
708 2871 885 2950 contraria,
916 2877 982 2933 tam
1010 2871 1140 2934 novella
1166 2871 1329 2957 processit
1351 2868 1483 2955 opinio?
1528 2864 1623 2931 Unde
1647 2886 1721 2952 pre·

78 2973 216 3058 sumptio
245 2979 313 3036 tam
344 2971 498 3050 adversa,
530 2980 595 3037 tam
626 2974 797 3058 repentina
825 2973 995 3058 prorupit?
1042 2973 1077 3037 Si
1101 2975 1188 3037 enim
1215 2974 1370 3060 frequens
1399 2972 1511 3037 missio
1540 2971 1722 3034 litterarum

77 3076 226 3140 comitem
249 3075 482 3140 conscientiam
506 3076 663 3140 mittentis
686 3076 847 3157 habebat,
871 3097 944 3140 cum
967 3077 1056 3140 nulla
1079 3077 1256 3141 subsecuta
1278 3078 1321 3141 sit
1344 3097 1443 3142 causa
1465 3095 1549 3140 nove
1573 3071 1721 3149 scientie,

77 3198 179 3262 neque
203 3178 342 3242 seientia
363 3199 447 3243 nove
470 3199 583 3256 cause,
614 3199 672 3243 cur
694 3180 892 3244 calumniose
917 3179 1125 3264 impingitur,
1154 3180 1240 3265 qnod
1263 3180 1428 3245 evidentia
1449 3178 1529 3243 facti
1550 3175 1721 3263 repudiat?

79 3280 142 3345 Cur
163 3281 224 3347 sub
248 3280 388 3368 quodam
404 3282 570 3346 involucro
587 3282 787 3367 duplicitatis
804 3283 950 3360 infertur,
974 3283 1060 3366 qnod
1084 3283 1232 3347 veritatis
1256 3283 1448 3370 simplicitas
1470 3302 1536 3345 non
1558 3278 1721 3344 admittit?

77 3383 168 3457 Quod
196 3385 225 3448 si
261 3385 383 3470 scripta
418 3386 577 3471 premissa
612 3386 768 3449 destituta
799 3387 892 3450 erant
930 3385 1123 3452 credulitate
1158 3388 1350 3466 scribentis,
1385 3392 1440 3450 tua
1472 3381 1720 3468 circumspectio

76 3487 225 3572 colligat,
262 3509 326 3574 qne
356 3487 397 3553 de
425 3489 497 3553 istis
529 3489 632 3553 illatio
672 3489 897 3572 subsequatur.
957 3489 1081 3554 Suntne
1116 3491 1180 3554 ista
1215 3490 1374 3567 subsidia,
1410 3510 1472 3573 que
1506 3483 1721 3574 promittebas

76 3589 227 3670 ecclesie,
257 3591 285 3654 si
312 3592 492 3656 necessitas
520 3592 725 3656 immineret?
770 3591 831 3655 Est
859 3593 911 3656 hie
935 3592 1158 3658 retributionis
1181 3593 1335 3674 affectus,
1366 3612 1462 3679 quem
1486 3589 1668 3667 offerebas,
1692 3588 1720 3652 si

76 3713 249 3776 gravamen
272 3701 479 3760 occurreret?
523 3694 597 3759 Non
621 3695 652 3759 id
677 3702 780 3759 mater
803 3696 990 3781 expectavit
1012 3718 1032 3760 a
1054 3697 1132 3776 filio,
1159 3718 1225 3761 non
1247 3697 1281 3760 id
1304 3695 1425 3761 tutrixb
1450 3713 1583 3781 sperare
1607 3690 1721 3756 debuit

77 3798 251 3885 apupillo.
304 3798 359 3862 Ha
379 3799 489 3878 Deus,
513 3820 575 3884 que
598 3799 631 3863 in
654 3799 711 3863 tali
740 3799 807 3863 filio
836 3800 908 3864 aliis
938 3800 1010 3886 spei
1036 3801 1173 3886 reliquie
1197 3802 1438 3886 relinquuntur,
1467 3798 1495 3862 si
1522 3801 1627 3860 mater
1654 3798 1721 3858 tam

77 3899 213 3985 diligens
244 3902 418 3989 desperare
448 3910 602 3988 cogatur?
647 3902 702 3966 Ha
723 3902 830 3980 Deus,
860 3925 922 3989 que
952 3903 993 3968 de
1024 3906 1082 3968 tali
1110 3905 1234 3992 pupillo
1263 3904 1447 3988 fragmenta
1474 3899 1596 3964 favoris
1618 3897 1720 3962 ceteri

76 4005 238 4090 colligent,
262 4007 291 4070 si
309 4007 428 4071 tutriuc
449 4013 516 4071 tam
530 4007 620 4070 utilis
636 4007 750 4070 iaculis
766 4005 977 4072 detractionis
994 4009 1184 4094 impetitur?
1228 4007 1283 4072 Ha
1300 4006 1403 4083 Deus,
1426 4009 1505 4091 quot
1526 4009 1559 4068 et
1581 4007 1720 4087 quantos

76 4105 202 4172 labores
225 4109 335 4172 amisit
358 4110 514 4190 ecclesia,
539 4109 566 4173 si
588 4111 724 4196 palmes,
747 4130 844 4195 quem
867 4111 968 4175 multo
992 4111 1110 4176 sudore
1133 4113 1294 4198 plautavit
1317 4116 1351 4176 et
1374 4109 1485 4190 coluit,
1507 4108 1542 4172 in
1564 4106 1719 4171 amaritu-

76 4209 181 4276 dinem
208 4213 285 4278 vitis
317 4215 518 4279 convertitur
552 4215 672 4292 aliene,
705 4234 779 4277 cum
812 4214 855 4276 sit
889 4213 1023 4278 minoris
1054 4213 1218 4300 dispendii
1245 4215 1354 4279 nullos
1381 4213 1505 4278 fructus
1537 4209 1719 4297 producere

77 4336 169 4399 quam
185 4317 330 4383 nocivos.
368 4317 430 4397 Oh,
453 4339 548 4404 quam
564 4318 683 4383 uberes
699 4317 859 4390 lacrimas,
876 4338 973 4402 quam
988 4339 1115 4383 amaras
1131 4318 1237 4384 felicis
1254 4315 1489 4382 recordatiouis
1505 4313 1721 4400 predecessor

76 4425 184 4484 noster
198 4419 409 4485 Innocentius
433 4443 490 4507 pro
514 4427 546 4486 11
571 4421 665 4485 fudit!
713 4419 775 4499 Oh,
798 4427 920 4506 quanta
943 4420 1163 4486 sollieitudine
1180 4420 1352 4502 laboravit,
1374 4425 1411 4484 ut
1434 4425 1467 4484 te
1490 4439 1510 4483 a
1531 4417 1719 4482 nocentium

76 4522 216 4608 eriperet
238 4523 402 4606 manibus,
429 4525 654 4589 insidiantium
683 4525 809 4610 laqueis
841 4525 1015 4605 liberaret,
1047 4533 1081 4590 et
1112 4526 1206 4610 quasi
1236 4525 1276 4590 de
1300 4525 1414 4589 mortis
1439 4521 1587 4588 faucibus
1612 4527 1720 4586 extor-

76 4631 200 4709 queret!
245 4625 352 4708 Ecce,
385 4628 462 4713 quid
494 4628 718 4693 retributionis
753 4629 861 4694 eidem
898 4629 1075 4716 imperialis
1111 4628 1290 4693 liberalitas
1324 4628 1455 4694 afferat!
1500 4626 1607 4706 Ecce,
1642 4623 1719 4710 quid

76 4731 190 4815 regalis
206 4732 448 4815 magnificentia
464 4739 702 4818 recompenset,
725 4732 801 4796 dum
817 4732 933 4818 pupilli
948 4731 1015 4795 vite
1031 4730 1201 4796 insidiator
1216 4732 1362 4796 occultus
1378 4731 1497 4796 dicitur
1511 4742 1544 4798 et
1560 4734 1719 4801 bonorum

76 4834 189 4898 tacitus
206 4833 380 4920 spoliator!
426 4835 598 4920 Recogita,
620 4837 776 4922 recogita,
800 4836 846 4900 fili
861 4835 1045 4913 karissime,
1069 4857 1107 4900 ac
1129 4834 1215 4900 iufra
1231 4837 1374 4900 claustra
1395 4836 1537 4921 pectoris
1554 4835 1718 4924 frequenti

75 4935 283 5000 meditatione
306 4938 454 5016 revolve,
484 4960 581 5024 quam
603 4960 738 5024 parvum
761 4959 920 5024 quamque
944 4937 1137 5025 depressum
1160 4945 1193 5003 te
1217 4939 1273 5004 ille
1297 4959 1443 5004 summus
1473 4939 1622 5026 pontifex
1644 4949 1719 5027 post

76 5039 194 5104 obitum
219 5039 331 5104 matris
354 5041 495 5126 accepit,
528 5048 561 5105 et
590 5063 686 5126 quam
715 5040 888 5126 grandem,
919 5062 1082 5127 quamque
1105 5047 1289 5127 promotum
1311 5042 1344 5105 in
1367 5063 1427 5107 sua
1448 5049 1553 5108 morta
1576 5044 1717 5130 reliquit.

171 5299 195 5366 ⁸)
214 5302 353 5354 immiserat
369 5302 500 5369 palliatos,
524 5305 569 5370 qui
592 5305 624 5354 ad
648 5304 800 5370 perdendam
821 5305 931 5354 animam
956 5306 1028 5372 pueri
1052 5306 1201 5356 festinarent
1222 5313 1248 5357 11
1271 5305 1370 5372 pupillo
1395 5323 1442 5358 suo
1464 5307 1593 5374 eriperent
1609 5321 1718 5373 regnum

74 5388 160 5450 puriter
177 5397 203 5440 et
220 5405 347 5440 eoronam.
384 5388 452 5440 RB.
534 5389 557 5454 ¹’)
575 5391 662 5442 nutrix
680 5409 703 5442 r.
784 5391 804 5456 ε)
823 5392 911 5442 nutrix
928 5409 950 5442 r.

170 5502 232 5552 ch.
249 5501 331 5550 Pour.
349 5501 369 5551 l.
1458 5503 1494 5557 28
