4494 6426
709 331 908 388 EPIS'I'OLAE
927 335 1116 391 SELECTAE.
1153 336 1229 389 1221.

333 595 373 668 F.
401 595 573 668 illustri
600 596 904 672 Romanorum
930 599 1192 691 imperatori
1218 622 1395 693 semper
1421 611 1618 697 augusto

799 723 840 792 et
870 720 964 811 regi
991 720 1153 794 Sicilie.

256 865 387 939 Quanto
424 865 541 928 mentis
565 865 703 946 affectu,
736 873 897 951 quantave
928 867 1035 932 cordis
1064 869 1170 933 letitia
1199 871 1445 957 expectavimus
1478 873 1717 938 sublimationis
1746 878 1802 937 tue

147 971 249 1050 diem,
277 969 441 1034 desiderio
464 967 690 1032 desiderantes
720 976 757 1032 ut
785 969 826 1033 ad
849 970 978 1034 culmen
1001 972 1130 1057 imperii
1152 973 1359 1057 pervenires,
1389 977 1481 1040 novit
1507 977 1578 1056 ille,
1608 976 1660 1041 cui
1683 976 1729 1039 nil
1751 981 1803 1040 est

91 1099 100 1134 a
149 1077 351 1161 incognitum
381 1080 414 1138 et
443 1074 497 1158 qui
525 1077 575 1136 est
603 1073 755 1136 conscius
785 1079 995 1138 secretorum.
1041 1074 1298 1140 Delectabamur
1326 1079 1412 1142 enim
1440 1079 1473 1143 in
1503 1079 1705 1144 exaltatione
1735 1085 1802 1159 tua,

148 1182 232 1244 sicut
255 1185 351 1265 pater
373 1178 407 1240 in
423 1178 624 1241 incremento
648 1176 708 1239 filii
725 1176 928 1257 iocundatur,
953 1179 1127 1245 credentes
1150 1187 1186 1244 ut
1210 1181 1256 1246 sie
1280 1181 1320 1246 de
1336 1182 1442 1262 nobis,
1466 1184 1587 1246 nostris
1611 1188 1645 1248 et
1660 1183 1801 1248 ecclesie

147 1283 294 1347 Romane
318 1280 471 1365 negotiis,
495 1280 580 1342 sicut
603 1277 643 1343 de
667 1280 869 1364 patrofilius
893 1303 966 1344 oum
990 1281 1097 1345 studio
1122 1305 1180 1347 suo
1204 1283 1244 1347 ad
1260 1284 1443 1369 perfeetum
1465 1284 1581 1349 ductus
1605 1291 1666 1366 est,
1691 1306 1801 1349 curam

146 1407 281 1471 gereres
304 1384 518 1462 indefessam,
547 1383 699 1468 quatinus
730 1391 829 1468 caput
856 1384 890 1446 in
919 1391 951 1447 te
981 1405 1019 1447 ac
1047 1406 1106 1470 per
1136 1393 1168 1449 te
1192 1387 1225 1450 in
1249 1387 1323 1451 sinu
1346 1393 1402 1451 tuo
1425 1387 1579 1474 intrepidi
1602 1388 1801 1452 reclinantes

147 1491 353 1574 requiescere
381 1487 576 1551 valeremus.
622 1485 695 1549 Hoc
730 1493 840 1550 autem
874 1486 915 1551 de
952 1494 1007 1551 tua
1039 1489 1214 1573 specialius
1249 1511 1345 1574 quam
1379 1490 1420 1555 de
1452 1491 1629 1556 cuiuslibet
1664 1491 1801 1555 aliorum

148 1593 330 1680 principum
367 1589 597 1654 sublimatione
629 1589 736 1654 fuerat
769 1590 1009 1671 extimendum,
1044 1594 1195 1676 quoniam
1230 1614 1249 1656 a
1285 1614 1386 1678 puero
1415 1593 1563 1658 Romana
1598 1601 1630 1659 te
1667 1593 1802 1658 nutrivit

146 1698 303 1776 ecclesia,
338 1701 437 1779 tuque
471 1694 565 1756 lactis
601 1695 671 1757 eius
707 1692 879 1758 dulcedine
918 1694 1076 1758 educatus
1117 1696 1177 1759 sub
1213 1696 1274 1759 alis
1301 1697 1405 1782 ipsius
1434 1697 1597 1762 continuis
1626 1697 1801 1785 proficiens

144 1799 371 1878 incrementis,
406 1797 581 1881 suscepisti
612 1796 742 1860 tandem
772 1795 813 1860 de
843 1797 992 1861 manibus
1020 1798 1139 1862 nostris
1170 1799 1300 1884 imperii
1330 1798 1489 1864 diadema.
1543 1799 1596 1864 Ad
1626 1809 1659 1865 te
1689 1801 1800 1884 itaque

145 1913 298 1988 tanquam
322 1907 416 1988 pater
438 1899 479 1963 ad
495 1899 597 1962 filium
619 1899 743 1984 absque
760 1900 935 1964 verborum
952 1902 1135 1965 velamento
1160 1903 1340 1985 loquemur,
1364 1902 1449 1986 quod
1472 1904 1603 1968 omnino
1620 1900 1801 1968 carendum

144 2008 205 2072 tibi
229 2012 291 2086 est,
314 2027 355 2068 ne
379 2003 498 2067 nostris
513 2003 689 2088 presertim
706 2003 909 2088 temporibus
926 2011 1039 2068 contra
1063 2003 1175 2067 sedem
1193 2006 1407 2091 apostolicam
1424 2007 1597 2091 quicquam
1612 2011 1798 2091 attemptes,

144 2110 230 2175 unde
254 2106 495 2194 ingratitudinis
519 2106 690 2190 illaqueari
720 2108 799 2170 vitio
830 2113 862 2170 te
892 2109 1068 2191 contingat.
1113 2107 1168 2171 An
1196 2108 1281 2192 quod
1311 2110 1506 2194 illaqueatus
1537 2110 1597 2190 sis,
1632 2129 1697 2174 non
1721 2128 1798 2173 con·

144 2215 284 2292 sideros,
316 2232 389 2275 curn
419 2209 558 2273 diversis
587 2215 621 2272 et
650 2209 749 2273 variis
781 2217 813 2273 te
843 2211 1074 2295 sponsionibus
1106 2210 1262 2295 obligaris
1291 2210 1332 2304 ad
1360 2211 1635 2276 transfretandum
1664 2213 1697 2274 in
1721 2211 1799 2275 sub·

143 2318 260 2383 sidium
288 2315 389 2380 Terre
420 2313 558 2391 Sancte,
595 2313 744 2377 faciendo
778 2320 810 2378 te
841 2313 882 2376 ad
912 2314 974 2378 hoe
1004 2313 1142 2378 diversis
1171 2315 1314 2400 acceptis
1343 2315 1482 2380 induciis
1514 2337 1573 2402 per
1602 2315 1798 2379 sententiam

143 2417 488 2488 excommunicationis
512 2417 624 2497 artari,
648 2439 667 2480 a
689 2439 753 2501 qua
775 2418 809 2480 in
832 2426 888 2482 tuo
911 2417 954 2480 ad
977 2419 1219 2483 coronationem
1243 2440 1389 2498 accessu,
1413 2441 1488 2483 curn
1510 2419 1630 2484 nostris
1653 2419 1797 2481 iurasses

143 2535 228 2590 stare
253 2522 429 2600 insudatis,
460 2520 597 2583 fecimus
621 2527 652 2584 te
677 2516 822 2585 absolvi?
871 2519 968 2586 Certe
992 2522 1149 2607 pollicitis
1179 2523 1242 2586 tuis
1266 2524 1410 2607 graviter
1433 2521 1551 2586 diceris
1576 2520 1797 2585 Christianum

80 2655 92 2686 ει
143 2629 325 2693 exereitum
359 2623 536 2699 fefellisse,
574 2623 620 2685 ita
654 2622 739 2708 quod
774 2623 835 2687 sub
870 2624 918 2687 tui
956 2626 1185 2709 expectatione
1222 2646 1356 2689 securus
1390 2626 1423 2689 in
1459 2646 1576 2710 magno
1615 2631 1665 2689 est
1698 2622 1797 2688 hodie

142 2731 330 2796 discrimine
366 2727 571 2792 constitutus.
640 2725 683 2788 Et
715 2725 792 2809 quid
828 2732 895 2807 est,
930 2727 1015 2811 quod
1051 2726 1240 2792 iamdudum
1279 2727 1461 2792 audivimus
1497 2735 1530 2792 et
1563 2750 1667 2814 nuper
1698 2727 1797 2792 etiam

141 2836 281 2922 perculit
314 2855 410 2898 aures
443 2838 588 2906 nostras,
625 2830 713 2915 quod
746 2831 785 2894 ad
817 2833 994 2896 electiones
1030 2833 1257 2918 episcoporum
1289 2832 1444 2896 videlicet
1480 2853 1596 2896 manus
1626 2830 1797 2911 extendas,

141 2939 296 3004 electioni
334 2937 503 3002 Aversaue
541 2935 715 3020 presertim
761 2936 901 3000 ecclesie
948 2943 981 3000 et
1019 2937 1267 3022 episcopatuum
1312 2938 1346 3000 in
1384 2937 1553 3023 provincia
1592 2935 1798 3001 Salernitana

140 3042 326 3107 vacantium
353 3048 385 3104 te
413 3039 624 3103 immiscens?
670 3037 723 3100 An
746 3038 831 3102 forte
856 3039 1001 3124 suspiras
1026 3038 1067 3103 ad
1090 3041 1336 3126 progenitorum
1359 3046 1486 3105 tuorum
1516 3040 1669 3120 abusum,
1700 3060 1797 3125 quem

74 3167 94 3202 r.
140 3146 302 3210 Dominus
334 3142 456 3207 zelotes
485 3141 676 3205 abominans
705 3141 751 3203 ita
788 3141 853 3205 illis
885 3164 944 3206 sua
973 3142 1179 3228 previdentia
1207 3144 1366 3224 obviavit,
1402 3149 1439 3206 ut
1466 3151 1578 3230 preter
1608 3149 1641 3207 te
1671 3144 1727 3207 vix
1755 3143 1796 3208 de

141 3251 287 3335 ipserum
317 3247 475 3334 progenie
507 3245 578 3330 quis
613 3245 775 3330 supersit?
836 3244 902 3309 Sed
931 3252 965 3309 et
994 3247 1111 3310 recolis
1140 3247 1310 3311 abiurasse
1345 3254 1378 3311 te
1408 3247 1546 3312 abusum
1574 3245 1729 3327 eundem,
1764 3253 1798 3311 et

138 3353 225 3417 bone
251 3351 408 3415 memorie
425 3349 619 3412 Innocentio
642 3369 727 3433 pape
741 3347 970 3434 predecessori
993 3355 1105 3413 nostro
1130 3357 1163 3414 et
1178 3350 1386 3436 postmodum
1410 3349 1505 3414 nobis
1521 3349 1797 3414 renuntiationem

138 3454 328 3520 huiusmodi
355 3452 528 3538 privilegio
557 3451 784 3528 confirmasse,
814 3451 960 3537 nunquid
991 3473 1070 3536 ergo
1100 3454 1219 3538 spretis
1249 3453 1431 3538 privilegiis
1463 3459 1496 3517 et
1524 3451 1796 3539 promissionibus

139 3560 204 3624 tuis
229 3565 264 3623 et
293 3556 468 3621 iuramenti
496 3555 655 3639 religione
686 3561 875 3640 contempta
897 3554 1042 3639 gladium
1074 3556 1108 3618 in
1139 3577 1198 3618 nos
1228 3577 1344 3635 acuas,
1376 3555 1572 3619 extimantes
1601 3554 1687 3640 quod
1716 3576 1796 3640 que·

65 3691 80 3727 :-
140 3684 279 3747 eumque
304 3661 364 3725 tibi
387 3666 499 3724 contra
522 3659 714 3737 eeclesiam,
738 3657 824 3742 quod
848 3659 949 3738 absit,
980 3658 1153 3744 obreperet
1182 3659 1352 3742 cogitatio,
1383 3659 1557 3743 tranquilla
1581 3659 1612 3721 ei
1634 3659 1796 3723 tribueres

139 3777 289 3853 tempora
313 3763 466 3849 quamdiu
490 3762 628 3826 vivimus
651 3769 684 3826 ot
707 3763 841 3847 quieta?
885 3762 955 3826 Neo
979 3763 1041 3827 hoc
1065 3762 1196 3848 quidem
1220 3761 1378 3842 diximus,
1409 3769 1446 3825 ut
1469 3763 1502 3825 in
1524 3783 1626 3847 regno
1650 3769 1705 3826 tuo
1728 3763 1797 3848 pati

139 3871 279 3934 velimus
304 3873 473 3952 suspectas
498 3865 559 3929 tibi
581 3866 765 3951 episcopari
788 3887 963 3952 personas;
992 3867 1113 3930 nemini
1145 3866 1267 3930 etenim
1296 3865 1425 3929 deferre
1448 3866 1676 3951 proponimus,
1707 3864 1795 3950 quin,

139 3974 168 4036 si
190 3971 231 4036 da
256 3972 330 4056 ipso
355 3968 530 4034 reddamur
558 3970 692 4048 attenti,
722 3970 827 4054 parati
852 3969 971 4048 simus,
1003 3977 1099 4054 prout
1130 3991 1270 4055 persone
1302 3976 1357 4034 tue
1384 3990 1422 4032 ao
1451 3970 1546 4054 regni
1568 3969 1796 4054 tranquillitati

138 4075 286 4162 expedit,
311 4073 496 4160 providere.
542 4071 644 4152 Sane,
677 4073 760 4136 sicut
784 4073 960 4152 credimus,
990 4095 1054 4137 non
1078 4073 1139 4136 hee
1164 4095 1183 4137 a
1206 4079 1238 4137 te
1262 4073 1333 4159 ipso
1365 4072 1423 4136 sed
1446 4072 1486 4136 de
1509 4072 1647 4136 aliorum
1670 4072 1796 4138 malitia

141 4179 330 4263 excogitata
353 4176 543 4264 procedunt,
568 4177 632 4261 qui,
655 4182 691 4239 ut
714 4177 806 4239 iuxta
828 4178 962 4261 vulgare
979 4176 1188 4262 proverbium
1211 4177 1329 4240 melius
1354 4176 1481 4261 possint
1504 4175 1537 4239 in
1561 4175 1690 4241 turbida
1712 4196 1796 4260 aqua

136 4283 278 4368 piscari,
316 4281 402 4345 inter
436 4286 469 4344 te
504 4300 541 4343 ac
577 4279 751 4342 ecclesiam
785 4281 887 4343 malas
922 4281 1143 4343 immissiones
1174 4280 1389 4364 ,excogitant,
1427 4278 1647 4344 turbationem
1685 4279 1794 4344 facere

137 4385 330 4464 molientes,
359 4404 495 4468 quorum
519 4383 605 4469 opud
627 4390 659 4447 tc
689 4383 772 4447 forte
797 4391 873 4447 sunt
895 4384 1012 4468 aliqui,
1042 4384 1098 4468 qui
1126 4404 1192 4447 non
1222 4404 1295 4446 cnm
1322 4382 1446 4446 honore
1474 4389 1529 4445 tuo
1559 4403 1691 4446 suorum
1718 4403 1794 4468 pro·

137 4488 317 4552 motionem
351 4487 608 4574 propinquorum
642 4485 781 4571 diligunt
816 4493 849 4550 et
883 4493 1068 4572 procurant.
1124 4486 1244 4565 Porro,
1282 4486 1329 4549 fili
1362 4483 1550 4564 karissime,
1587 4506 1793 4571 nequaquam

139 4591 262 4654 talibus
286 4591 493 4674 acquiescas,
517 4611 559 4653 ne
584 4590 616 4652 in
638 4611 753 4653 manus
776 4588 841 4653 Dei
865 4590 1004 4653 viventis
1028 4589 1172 4670 incidas,
1195 4589 1272 4653 dum
1296 4595 1409 4654 contra
1432 4587 1555 4668 divina,
1580 4589 1737 4660 canonica
1760 4595 1868 4661 etna„
1881 4624 1947 4670 1031,

79 4731 84 4752 ·
138 4693 281 4759 humana
315 4701 436 4759 statuta
469 4694 629 4780 presumis
664 4693 814 4779 ponendo
849 4693 884 4756 iu
928 4694 1031 4777 gloria
1066 4701 1123 4756 lua
1153 4693 1330 4772 maculam,
1368 4691 1445 4754 dum
1479 4698 1512 4755 et
1545 4693 1725 4778 privilegiis
1759 4698 1793 4757 et

138 4798 410 4884 promissionibus
434 4800 498 4861 tuis
522 4819 542 4860 a
569 4803 662 4881 tergo
685 4796 828 4860 dimissis
857 4797 890 4859 in
913 4796 1173 4881 denigrationem
1201 4796 1249 4860 tui
1275 4794 1416 4859 nominis
1438 4795 1592 4863 variares.
1637 4795 1792 4860 Ceterum

138 4922 197 4965 cur
219 4923 284 4966 non
307 4900 515 4979 attenderes,
540 4901 680 4985 qualiter
701 4899 761 4963 tibi
784 4900 982 4964 successerit
1006 4907 1039 4964 et
1063 4899 1230 4978 succedat,
1260 4899 1425 4963 existente
1448 4905 1480 4962 te
1503 4898 1589 4963 inter
1611 4899 1791 4985 apostolice

137 5005 226 5069 sedis
251 5006 440 5091 amplexus,
473 5011 671 5090 quantumve
703 5003 852 5090 deperire
882 5003 999 5068 honori
1028 5011 1084 5067 tuo
1116 5009 1245 5089 posset,
1278 5003 1322 5082 si,
1351 5000 1436 5086 quod
1464 5007 1591 5066 avertat
1619 5000 1790 5082 Dominus,

137 5117 251 5173 contra
289 5115 321 5172 te
359 5107 540 5172 Romanam
579 5107 754 5171 eeclesiam
790 5106 831 5171 ad
870 5107 1072 5171 iracundiam
1109 5128 1324 5193 provocares,
1361 5106 1534 5191 presertim
1570 5126 1643 5169 cum
1680 5125 1792 5170 casum

73 5235 84 5268 ·›
138 5210 340 5298 quorundam
365 5211 504 5296 superbe
528 5233 564 5275 se
588 5212 816 5275 extollentium
840 5217 954 5275 contra
981 5211 1086 5297 ipsam
1113 5210 1272 5296 respicias
1296 5230 1314 5274 e
1338 5209 1455 5274 vicine.
1500 5208 1544 5272 Et
1566 5207 1697 5294 quidem
1726 5229 1791 5273 non

137 5317 245 5380 minus
268 5315 363 5379 nobis
387 5336 483 5400 quam
505 5315 567 5378 tibi
589 5314 792 5394 attribuitur,
823 5315 908 5400 quod
939 5316 1049 5401 quiete
1073 5321 1189 5400 regnat
1211 5315 1244 5378 in
1268 5313 1451 5378 Theotonia
1474 5319 1569 5377 natus
1592 5319 1678 5377 tuus.
1721 5311 1791 5376 Nos

135 5439 282 5504 quoque,
306 5417 362 5502 qui
384 5418 560 5482 multorum
584 5417 695 5481 oeulos
719 5423 752 5481 et
775 5438 871 5482 aures
895 5418 1064 5500 habemus,
1096 5440 1161 5483 non
1185 5418 1373 5503 ignoramus
1397 5416 1430 5480 in
1453 5415 1639 5481 Theotonia
1661 5421 1695 5481 et
1716 5415 1790 5479 aliis

133 5522 284 5610 partibus
308 5521 437 5607 imperii
460 5543 498 5585 ac
522 5542 624 5606 regno
649 5520 760 5586 Sicilie
783 5543 882 5608 posse
906 5522 1029 5608 aliquid
1052 5522 1138 5607 quod
1161 5543 1227 5585 non
1250 5526 1442 5606 acceptares
1465 5519 1545 5600 fieri,
1570 5519 1599 5583 si
1620 5519 1790 5584 vallemus.

132 5625 294 5696 Preterea
317 5645 391 5689 eum
415 5645 545 5712 semper
567 5622 609 5688 ad
630 5644 811 5711 personam
834 5631 924 5691 tuam
946 5625 1016 5690 veri
1048 5626 1150 5712 patris
1173 5624 1327 5689 affectum
1349 5622 1551 5710 gesserimus
1574 5628 1608 5688 et
1629 5643 1792 5714 geramus,
