4596 6406
787 367 987 425 urlsronln
1004 369 1194 426 scuderae
1226 369 1302 425 1240.
1812 375 1873 439 681

219 545 320 605 tatem
343 545 432 605 tuam
455 562 611 626 rogamus
636 548 668 606 et
699 563 868 608 monemus
896 544 1069 618 attentius,
1100 545 1254 630 quatinus
1278 545 1319 609 ob
1343 547 1561 611 reverentiam
1585 548 1765 632 apostolice
1789 547 1877 612 sedis

220 651 254 708 et
280 650 425 708 nostram
452 665 555 729 usque
588 644 629 709 ad
658 646 842 731 proximum
870 648 991 713 festum
1025 649 1278 714 resurrectionis
1307 647 1480 714 Dominioe
1508 649 1551 714 od
1581 672 1641 716 nos
1676 651 1812 716 idoneos
1845 657 1879 716 et

221 747 373 835 providos
396 748 527 812 nuntios
551 747 714 814 destinare
738 771 909 836 procures,
940 751 995 837 qui
1021 751 1094 816 viee
1124 757 1181 815 tua
1209 773 1308 838 super
1335 752 1444 816 causis
1474 753 1615 819 ecclesie
1646 752 1877 820 consumendis

221 852 317 917 fidele
341 851 435 916 nobis
459 852 633 916 consilium
655 853 852 938 largiantur,
884 862 920 919 ut
948 855 1070 920 habeat
1098 855 1132 919 in
1161 861 1193 920 te
1218 854 1405 920 Christiana
1436 856 1551 941 religio
1575 856 1759 922 devotionis
1783 858 1878 922 solite

156 960 169 999 ⁶
222 956 324 1020 filium
355 961 388 1020 et
416 962 602 1043 promptum
629 955 796 1042 profectus
826 958 1041 1024 ecclesiastici
1078 959 1271 1040 zelatorem,
1304 958 1368 1024 tuis
1401 959 1600 1024 utilitatibus
1629 961 1879 1026 retributionem

222 1059 367 1124 debitam
390 1059 589 1146 impensura.

329 1177 405 1244 Dat.
430 1187 466 1244 ut
490 1202 597 1267 supra.

330 1300 368 1365 In
393 1300 532 1366 eundem
555 1302 686 1367 modurn
711 1351 743 1368 ..
768 1303 879 1366 comiti
903 1301 1100 1383 Brittannia,
1124 1353 1156 1368 ..
1179 1305 1289 1369 comiti
1311 1303 1494 1384 Provincia,
1519 1304 1681 1370 ..comiti
1705 1303 1880 1370 Sabaudie.

1029 1540 1075 1604 ΙΙ.

774 1667 822 1741 ΙΝ
851 1666 1034 1742 ANGLIA
1060 1669 1122 1743 ET
1149 1668 1334 1743 SCOTIA.

668 1913 707 1931 ..
736 1857 1083 1952 archiepiscopo
1111 1857 1438 1934 Cantuariensi.

332 2005 458 2073 Eterna
481 2009 684 2095 providentia
706 2014 767 2073 etc.
793 2009 885 2072 utin
911 2008 1019 2094 prima
1042 2029 1146 2094 usque
1171 2009 1203 2072 in
1227 2008 1335 2074 tinem.

331 2113 370 2176 In
394 2115 534 2179 eundem
557 2114 688 2178 modum
712 2162 743 2178 ..
768 2113 1016 2199 archiepiscopo
1039 2112 1251 2194 Eboraeensi,
1277 2161 1310 2176 ..
1335 2112 1584 2200 archiepiscopo
1607 2109 1814 2176 Dubiinansi.

332 2215 371 2280 In
394 2217 533 2282 eundern
556 2218 689 2283 modum
712 2267 745 2284 ..
769 2218 926 2304 episcopo
949 2216 1135 2283 Exoniensi
1158 2238 1276 2302 usque:
1301 2217 1435 2281 existas.

332 2319 371 2384 In
393 2321 533 2386 eundem
556 2321 688 2387 modum
712 2375 718 2388 .
741 2372 748 2386 .
772 2322 928 2409 episcopo
953 2320 1165 2402 Oarleolensi,
1191 2370 1224 2386 ..
1248 2321 1404 2408 episeopo
1428 2319 1638 2398 Oicestrensi,
1663 2369 1696 2383 ..
1722 2317 1878 2405 episcopo

149 2441 174 2480 ιι
226 2421 465 2508 Wigorniensi,
495 2476 503 2491 .
529 2475 537 2490 .
561 2428 715 2513 episcopo
739 2425 962 2506 Norwieensi,
991 2475 1025 2491 ..
1048 2427 1205 2513 episcopo
1228 2425 1468 2504 Lincolniensi,
1499 2473 1506 2487 .
1531 2472 1539 2487 .
1564 2423 1719 2510 episcopo
1742 2420 1881 2500 Eliensi,

226 2576 257 2591 ..
281 2529 437 2616 episeopo
462 2529 675 2617 Glasguensi,
704 2581 741 2597 ..
766 2530 922 2616 episeopo
949 2528 1061 2594 Sancti
1083 2530 1233 2610 Andree,
1262 2579 1299 2594 ..
1323 2530 1436 2595 abbati
1460 2528 1572 2592 Sancti
1594 2523 1772 2610 Augustini
1795 2522 1882 2587 Gan-

225 2632 412 2713 tuariensis,
437 2681 468 2698 ..
491 2635 603 2700 abbati
624 2634 737 2700 Sancti
759 2632 950 2698 Eadmundi
963 2633 985 2714 ²,
1010 2682 1044 2699 ..
1067 2634 1178 2699 abbati
1194 2631 1494 2711 westmonasterii,
1519 2678 1552 2697 ..
1574 2627 1688 2694 abbati
1711 2626 1752 2692 de
1771 2623 1883 2711 Burgo

228 2735 332 2799 sancti
354 2736 475 2818 Petril,
499 2785 533 2802 ..
556 2738 668 2803 abbati
691 2737 732 2802 de
755 2736 1038 2823 Taokesbyria·⁸.

773 3003 783 3022 .
812 3003 821 3022 .
850 2947 1026 3023 illustri
1053 2947 1147 3040 regi
1174 2915 1345 3038 Anglie.

151 3105 178 3145 ²⁰
338 3092 445 3180 Super
465 3094 564 3159 bases
586 3117 704 3162 aureas
728 3104 790 3162 etc.
814 3103 850 3162 ut
873 3119 972 3184 supra
994 3097 1029 3161 in
1053 3117 1093 3162 ea
1118 3117 1181 3182 que
1205 3094 1355 3180 dirigitur
1378 3093 1448 3179 regi
1470 3092 1620 3157 Francis.

337 3199 376 3262 In
399 3198 540 3265 eundem
564 3201 693 3266 modurn
717 3251 725 3266 .
752 3249 759 3266 .
782 3201 855 3286 regi
878 3201 1000 3268 Scotie.

334 3303 374 3367 In
397 3301 539 3368 eundern
561 3304 693 3370 modurn
717 3357 725 3372 .
749 3357 756 3372 .
781 3305 890 3371 comiti
912 3304 1114 3370 Maresoaloo
1141 3308 1179 3367 ut
1207 3323 1307 3389 supra
1328 3302 1362 3366 in
1385 3321 1511 3385 eaque
1534 3297 1741 3384 dirigitur..
1777 3295 1888 3360 comiti

230 3406 395 3472 Flandrie.

338 3511 378 3575 In
401 3510 541 3576 eundern
565 3513 697 3578 modum
720 3563 749 3580 ..
773 3513 885 3578 comiti
907 3512 1161 3594 Richemundie,
1192 3557 1226 3577 ..
1251 3509 1362 3575 comiti
1385 3505 1567 3586 Cornubic,
1591 3555 1598 3570 .
1618 3555 1626 3570 .
1649 3502 1760 3569 comiti
1782 3501 1886 3566 Albe-

154 3637 180 3678 ra
232 3615 357 3695 marlia,
380 3663 413 3681 ..
437 3615 547 3680 comiti
562 3615 796 3698 Lincolniensi,
820 3665 853 3685 ..
876 3618 987 3682 comiti
1008 3615 1217 3695 Herefordie,
1240 3613 1343 3679 nobili
1365 3611 1434 3676 viro
1452 3607 1588 3694 Hugoni
1611 3607 1651 3672 dc
1668 3605 1886 3670 Albenniaeo.

1028 3857 1091 3926 ΙΙΙ.

642 3986 691 4060 ΙΝ
717 3985 976 4076 TEUTONIA,
1002 3983 1216 4060 POLONIA
1240 3983 1302 4057 ET
1327 3978 1486 4055 DACIA.

235 4232 270 4251 ..
290 4173 541 4268 patriarche
559 4174 852 4270 Aquilegensi
874 4176 1083 4270 spiritum
1108 4169 1289 4249 consilii
1320 4164 1528 4243 sanioris

341 4326 464 4390 Etenna
488 4327 693 4412 providentia
726 4334 788 4392 ete.
820 4332 857 4392 ut
886 4327 920 4392 in
949 4327 1056 4413 prima
1083 4346 1205 4411 usque:
1239 4321 1328 4386 omni
1358 4315 1532 4384 occasione

236 4437 397 4510 cessante,
420 4429 583 4495 mandatis
598 4431 788 4518 apostolicis
811 4431 986 4518 pariturus,
1011 4437 1046 4494 ut
1062 4428 1096 4494 in
1119 4425 1335 4516 expediendis
1359 4420 1532 4487 imminen-

157 4553 184 4593 ιο
236 4537 324 4601 tibus
346 4535 442 4600 nobis
465 4535 607 4621 negotiis
633 4542 689 4600 tuo
718 4536 767 4600 uti
794 4535 931 4602 consilio
959 4535 1145 4614 valeamus,
1181 4530 1313 4618 proviso
1343 4534 1405 4593 etc.
1429 4543 1532 4610 usque
1607 4540 1891 4610 excommunicati·

236 4641 269 4705 in
291 4640 402 4705 linem.

342 4743 381 4809 In
403 4742 544 4809 eundern
567 4742 729 4808 modurn.
757 4793 765 4809 .
804 4742 1053 4828 archiepiscopo
1083 4733 1333 4821 Salzburgensi,
1362 4784 1400 4799 ..
1429 4729 1535 4796 arehi-

234 4848 388 4934 episcopo
419 4845 626 4932 Maguntino,
657 4847 971 4934 ..archiepiscopo
996 4841 1211 4920 Treverensi,
1245 4837 1412 4905 ..electo
1437 4834 1534 4900 Colo-

235 4952 353 5032 niensi,
377 5001 411 5018 ..
435 4951 591 5038 episcopo
614 4949 814 5030 Patariensi,
840 4999 873 5016 ..
898 4950 1054 5037 episeopo
1078 4941 1294 5028 Frisingcnsi.
1876 5029 1883 5042 ι

158 5070 185 5109 ³⁵
344 5055 384 5119 In
407 5053 548 5120 eundem
569 5053 701 5118 modum
725 5103 757 5119 ..
780 5054 1029 5142 archiepiscopo
1051 5043 1364 5136 Magdeburgensil',
1389 5090 1423 5105 ..
1446 5035 1695 5121 archiepiscopo
1712 5032 1895 5150 Brcprcnsr.

345 5158 384 5222 In
407 5157 548 5224 eundem
571 5157 703 5222 modum
726 5158 930 5246 ..episcopo
955 5152 1240 5240 Osnaburgensi⁰,
1265 5197 1294 5217 ..
1312 5146 1467 5234 episeopo
1490 5139 1665 5220 Mindensi,
1690 5154 1895 5252 ..episcopo

236 5261 429 5342 Basiliensi,
453 5309 486 5326 ..
510 5262 665 5349 episeopo
689 5261 953 5341 Constantiensi,
982 5308 1016 5326 ..
1040 5260 1198 5346 episcopo
1220 5251 1384 5331 Eistensi,
1408 5295 1442 5316 ..
1466 5247 1621 5333 episcopo
1648 5241 1896 5314 wormaciensi,

345 5523 368 5590 ⁸)
386 5519 539 5593 'l'eokesbyf
556 5524 588 5576 R.
669 5523 693 5590 b)
711 5525 764 5576 scil.
781 5533 812 5576 nt
829 5526 856 5576 in
875 5525 956 5592 prima
973 5539 1056 5589 usque
1074 5523 1102 5572 in
1120 5521 1209 5571 linem.
1295 5515 1317 5580 el
1336 5515 1390 5564 seit.
1407 5525 1502 5577 usqne:
1520 5523 1643 5559 onerosus
1660 5504 1763 5556 existas.

347 5660 373 5722 l)
385 5659 426 5712 St.
437 5657 656 5728 commatum
666 5657 696 5710 ιἰι
707 5657 824 5728 Suffollt.
878 5647 1395 5728 atraeoorooytinrroroomptou.
1451 5645 1479 5713 3)
1492 5639 1676 5785 Tearlterhorap5
1687 5637 1719 5691 iss
1731 5635 1899 5692 Glorcestrr.

349 5759 411 5814 Res.
429 5757 509 5811 Ροιιτ.
528 5757 548 5810 1.
