4596 6406
444 406 507 468 650
1017 397 1065 450 EX
1084 395 1259 452 carcoub
1278 395 1317 450 IX
1335 395 1516 450 acolabus

444 576 569 640 nullum
593 574 644 638 ius
668 574 699 638 ei
723 595 782 658 per
805 572 867 636 boc
895 571 928 635 in
957 571 1077 656 seipsis
1107 571 1297 656 acquirere,
1329 569 1454 634 nullum
1488 569 1582 634 nobis
1616 568 1703 632 eirca
1734 566 1998 652 possessionem,
2030 583 2107 628 cum

445 677 704 742 iurisdictionem
729 675 870 740 civitatis
894 681 928 738 et
951 674 1071 739 civium
1094 674 1188 759 quasi
1211 672 1397 759 possideret
1428 673 1583 752 ecelesia,
1616 670 1786 758 prodendo
1815 675 1997 756 potuerunt
2027 689 2106 754 pre·

443 780 598 846 iudicium
629 799 808 864 generare,
840 777 916 863 quia
946 777 1012 859 illi,
1044 800 1063 842 a
1093 776 1228 862 quibus,
1263 777 1359 841 alteri
1387 777 1495 862 potius
1524 798 1620 862 quam
1648 776 1711 840 sibi
1738 774 2002 860 possidentibus,
2039 794 2106 836 non

444 886 620 971 requiritur
644 881 865 969 possessionis
888 881 1026 960 initium,
1049 880 1141 966 leges
1163 880 1411 966 possessionum
1435 888 1584 946 evertere
1609 887 1642 945 et
1665 879 1831 944 extraneis
1855 880 1928 943 iura
1950 878 2106 943 conferre

447 994 617 1074 nequeunt
651 1005 889 1073 possessorum.
941 983 1079 1049 Necnon
1114 985 1169 1070 qui
1199 983 1239 1049 de
1272 982 1447 1048 reddendis
1476 982 1741 1070 possessionibus
1776 983 1915 1048 ecclesie
1950 980 2105 1046 Romane

445 1091 486 1157 ad
510 1112 586 1156 eum
609 1088 877 1177 pervenientibus
906 1088 1030 1174 pluries
1061 1088 1279 1154 iuramentum
1303 1087 1509 1174 prestiterat,
1541 1087 1622 1151 satis
1645 1084 1824 1172 improvide
1848 1107 1868 1149 a
1889 1085 1985 1150 nobis
2010 1084 2107 1150 vide-

444 1195 541 1260 batur
572 1201 703 1281 petere,
732 1191 818 1277 quod
848 1213 914 1256 non
942 1197 1072 1278 poterat
1101 1191 1226 1276 absque
1255 1190 1400 1277 periurio
1427 1191 1580 1256 retinere.
1631 1190 1702 1256 Nec
1731 1190 1820 1256 credi
1846 1190 1946 1256 debet
1974 1190 2010 1254 in
2041 1189 2108 1254 boc

446 1322 516 1381 nos,
543 1299 605 1363 sibi
628 1297 846 1363 omnimodam
870 1317 980 1361 coram
1004 1295 1134 1360 arbitris
1152 1296 1206 1360 vel
1228 1295 1293 1359 alio
1316 1295 1412 1358 modo
1436 1295 1593 1360 iustitiam
1617 1295 1774 1360 exhibere
1799 1300 1942 1381 paratos,
1965 1292 2109 1356 fratrum

450 1409 635 1468 nostrorum
667 1401 862 1488 despexisse
893 1400 1083 1480 consilium,
1121 1398 1221 1484 quod,
1256 1399 1380 1463 nuntiis
1404 1399 1474 1468 cius
1497 1399 1664 1484 inceptum
1692 1397 1846 1464 iudicium
1874 1394 2109 1462 recusantibus

447 1506 619 1593 prosequi,
655 1526 719 1570 non
748 1504 856 1568 fuerat
882 1501 1128 1587 requirendum
1166 1502 1364 1588 quimpotius
1397 1501 1481 1566 hane
1509 1503 1703 1587 petitionem
1731 1523 1771 1567 ea
1800 1501 1958 1566 duntaxat
1987 1497 2107 1564 fraude

450 1610 633 1674 intentasse
656 1608 864 1695 proponitur,
894 1611 930 1670 ut
959 1607 1006 1670 sic
1038 1604 1068 1670 ei
1091 1605 1291 1690 obloquendi
1314 1604 1354 1670 de
1378 1605 1520 1670 ecclesia
1543 1611 1576 1670 et
1598 1627 1713 1692 pacem
1737 1605 1949 1691 interipsum
1972 1610 2007 1668 et
2029 1625 2108 1668 eum

450 1712 563 1778 initam
588 1710 737 1776 irritandi
760 1709 887 1775 occasio
911 1710 1113 1796 preberetur.
1611 1789 1612 1796 ἵ

558 1815 646 1880 ΙΙΙιιιΙ
677 1813 826 1900 quidem,
860 1813 947 1898 quod
974 1835 1074 1899 super
1101 1813 1187 1877 facto
1215 1811 1344 1898 imperii
1377 1811 1463 1876 inter
1498 1819 1609 1877 cetera
1641 1833 1700 1876 sua
1729 1812 1934 1877 detestabilis
1964 1816 2110 1876 testatur

450 1919 608 2007 epistola,
643 1924 756 1982 noster
787 1916 939 1980 edisserit
969 1915 1032 1979 hiis
1065 1915 1183 1979 litteris
1213 1915 1372 1996 calamus,
1405 1923 1441 1979 ut
1469 1936 1533 2001 quo
1564 1915 1713 2002 pluribus
1743 1915 1814 1980 eius
1849 1915 1937 1980 fictio
1973 1914 2111 1998 cognita

448 2023 566 2100 fuerit,
590 2045 629 2087 eo
653 2021 767 2086 fortius
792 2042 834 2085 ex
858 2040 917 2084 suo
941 2024 1073 2084 mancat
1095 2025 1245 2083 cemento
1270 2019 1442 2101 confusus,
1466 2019 1542 2083 dum
1566 2020 1606 2084 de
1631 2019 1726 2084 nobis
1751 2020 1925 2099 obtrectat,
1950 2017 2038 2104 quod
2061 2016 2107 2080 ad

449 2132 593 2190 nostram
617 2126 775 2190 translato
798 2123 947 2187 notitiam
971 2144 1046 2187 eum
1070 2121 1111 2187 ad
1140 2122 1366 2208 recuperanda
1397 2123 1469 2187 iura
1498 2123 1628 2209 imperii
1661 2145 1735 2188 cum
1766 2123 1877 2187 multis
1906 2122 2110 2186 bellatorum

450 2231 571 2294 intrare
596 2227 728 2293 milibus
752 2226 999 2308 Irombardiam,
1024 2227 1098 2308 sibi,
1122 2248 1163 2290 ne
1188 2226 1317 2292 ltaliam
1340 2226 1477 2292 intraret
1500 2233 1644 2291 armatus
1668 2235 1702 2292 et
1724 2227 1765 2292 de
1789 2226 1921 2311 negotio
1944 2224 2110 2290 Lombar-

450 2333 565 2398 dorum
589 2333 623 2397 in
645 2353 705 2397 nos
728 2332 858 2418 precise
883 2331 1174 2418 compromitteret,
1198 2331 1379 2416 apostolico
1397 2330 1519 2416 scripto
1537 2331 1771 2413 mandavimus,
1794 2339 1832 2396 ut
1851 2330 1930 2396 illud
1944 2336 2110 2416 perpetuo

454 2436 657 2523 suspendere
673 2437 727 2500 vel
742 2436 793 2500 ius
814 2435 944 2521 imperii
966 2434 1069 2499 libere
1094 2435 1256 2500 suffocare
1272 2455 1456 2520 possemus,
1477 2443 1591 2500 contra
1606 2436 1712 2522 ipsum
1728 2435 1953 2502 venerabilem
1968 2434 2109 2497 fratrem

451 2548 600 2606 nostrum
635 2539 865 2604 Penestrinum
901 2538 1091 2625 episcopum
1104 2540 1125 2619 ¹,
1160 2561 1219 2626 per
1253 2560 1350 2625 quem
1387 2541 1458 2604 eius
1493 2562 1708 2606 vacuaremus
1742 2541 1961 2627 propositum,
1997 2547 2108 2603 trans-

450 2646 642 2724 mittentes,
675 2643 737 2708 sibi
768 2641 1013 2728 impedimentis
1051 2642 1262 2707 clandestinis
1293 2663 1352 2728 per
1381 2643 1510 2728 legatos
1538 2650 1571 2709 et
1600 2645 1728 2710 litteras
1754 2651 1882 2709 nostras
1910 2666 1969 2732 per
1994 2643 2112 2708 orbem

451 2747 597 2833 undique
621 2746 812 2830 procuratis.
857 2746 926 2810 Iste
950 2766 1044 2822 vero,
1069 2746 1138 2825 eui,
1169 2766 1210 2810 ne
1234 2747 1407 2810 veritatem
1430 2747 1525 2811 fateri
1548 2755 1605 2812 aut
1628 2769 1779 2814 enarrare
1802 2749 1925 2836 possit,
1951 2747 2112 2813 iudicium

451 2875 471 2917 a
501 2852 612 2916 divina
645 2850 756 2915 forsan
788 2857 840 2916 est
867 2849 1092 2934 indignatione
1124 2855 1296 2934 negatum,
1333 2849 1419 2915 sicut
1447 2851 1703 2918 obtrectationes
1731 2873 1871 2938 persone
1904 2859 2015 2917 nostre
2043 2875 2112 2918 non

454 2955 695 3021 verecundatur
718 2975 761 3018 ex
784 2953 877 3018 falsis
901 2974 1082 3032 assumere,
1107 2954 1154 3017 sic
1179 2961 1212 3017 ct
1235 2955 1467 3020 excusationes
1492 2978 1568 3020 suas
1593 2979 1636 3022 ex
1652 2955 1811 3020 similibus
1827 2957 2112 3042 propositionibus

455 3081 520 3123 non
545 3058 667 3123 veritus
690 3057 853 3136 ordinare,
878 3078 913 3121 se
936 3078 996 3142 per
1018 3056 1149 3122 nuntios
1167 3079 1254 3138 suos,
1271 3057 1495 3124 venerabilem
1518 3060 1650 3124 fratrem
1674 3067 1822 3124 nostrum
1838 3059 2111 3124 Panormitanum

456 3161 761 3248 archiepiscopum²
790 3166 823 3224 ct
854 3159 1012 3245 quosdam
1042 3161 1141 3240 alios,
1174 3159 1215 3226 ad
1244 3162 1459 3246 apostolicam
1489 3163 1600 3228 sedem
1630 3164 1747 3228 missos
1770 3163 1976 3228 devotionern
2005 3165 2114 3229 omni-

456 3265 584 3330 modam
616 3286 716 3350 super
746 3263 970 3328 ecclesiastica
998 3264 1151 3329 libertate
1181 3272 1215 3328 et
1243 3265 1459 3330 reformandis
1491 3267 1631 3331 ecclesia
1656 3274 1689 3330 et
1711 3267 1842 3352 imperii
1861 3267 1987 3331 iuribus
2011 3268 2112 3332 obtu-

453 3370 532 3434 lisso
543 3370 566 3449 ³,
588 3389 714 3453 nosque
738 3367 770 3430 id
794 3374 1005 3453 acceptantes
1029 3373 1062 3430 et
1085 3366 1318 3452 promittentes
1342 3389 1362 3431 a
1385 3368 1563 3434 cuiuslibet
1580 3369 1684 3454 ipsius
1709 3369 1942 3456 impedimento
1967 3392 2113 3451 cessare,

454 3472 578 3538 nuntiis
602 3471 669 3536 suis
693 3471 832 3535 adeum
856 3470 1069 3536 redeuntibus
1093 3470 1213 3534 dilecto
1238 3471 1304 3534 filio
1322 3469 1482 3555 Gregorio
1506 3470 1547 3536 de
1564 3471 1676 3536 Monte
1693 3471 1819 3558 Longo,
1843 3473 1969 3536 notario
1984 3480 2112 3554 nostro,

454 3578 487 3640 in
510 3596 642 3640 suorum
666 3575 871 3640 eversionem
894 3573 1041 3638 fidelium
1063 3573 1238 3658 legationis
1262 3574 1405 3638 officium
1429 3576 1652 3641 commisisse*
1675 3578 1813 3652 asserit3
1841 3577 1978 3663 ipsoque
2001 3577 2110 3642 nichi-

454 3680 594 3745 lominus
617 3677 659 3743 ad
681 3699 741 3742 nos
764 3678 909 3765 prefatos
933 3677 1217 3763 arehiepiscopum
1242 3683 1275 3741 et
1297 3677 1379 3741 alios
1403 3678 1536 3742 nuntios
1570 3700 1647 3742 suos
1678 3679 1719 3742 ad
1750 3679 1863 3744 sedem
1893 3681 2112 3766 apostolicam

454 3784 642 3849 remittente
672 3788 704 3846 et
731 3782 890 3847 offerente
928 3781 1187 3846 satisfactionem
1218 3780 1455 3862 omnimodam,
1489 3804 1548 3847 nos
1583 3804 1674 3862 eum,
1708 3783 1952 3848 contradicente
1987 3785 2114 3850 saniori

455 3894 547 3973 parte
571 3887 707 3951 fratrum
734 3892 935 3968 nostrorum,
968 3891 1081 3950 eontra
1104 3885 1298 3950 traditiones
1321 3894 1507 3951 sanctorum
1530 3893 1658 3972 patrum
1682 3893 1716 3952 et
1745 3888 1961 3974 sollempnem
1984 3909 2112 3953 morem

455 3989 597 4054 ccclesia
633 3989 755 4054 iniuste
788 3988 1092 4054 excommunicasse
1121 3988 1203 4054 falso
1233 3988 1412 4070 concludit,
1442 4010 1501 4075 pro
1531 4011 1590 4054 sua
1617 3990 1808 4055 confusione
1839 3990 2041 4075 subiungens
2073 4013 2113 4058 se

455 4114 526 4173 nos,
549 4092 639 4157 beati
654 4091 745 4158 Patri
768 4091 935 4173 vicarium,
958 4091 1099 4158 iudicem
1115 4112 1180 4156 non
1197 4091 1330 4174 babere,
1354 4093 1446 4177 quasi
1462 4092 1542 4158 velit
1557 4114 1706 4158 asserere
1722 4114 1782 4160 nos
1799 4115 1957 4160 concessa
1971 4101 2110 4181 aposto-

455 4198 561 4261 lorum
584 4195 724 4281 principi
748 4216 859 4260 carere
884 4194 1024 4258 clavium
1048 4200 1223 4280 potestate.

564 4299 750 4373 Quesumus
782 4298 895 4382 igitur,
927 4297 1044 4362 libram
1077 4299 1212 4364 rationis
1242 4298 1416 4378 assumite,
1446 4305 1480 4362 et
1505 4299 1538 4362 in
1563 4320 1602 4364 ea
1623 4300 1821 4385 perpetratis
1844 4322 1904 4387 per
1925 4300 2049 4365 dietum
2072 4301 2112 4368 F.

456 4408 569 4467 eontra
595 4399 770 4466 eeclesiam
797 4400 988 4466 excessibus
1019 4408 1053 4466 et
1081 4401 1249 4467 benefieiis
1281 4423 1344 4487 que
1367 4401 1408 4466 ab
1438 4401 1511 4487 ipsa
1533 4402 1659 4487 recepit
1685 4403 1857 4488 appensis,
1887 4404 2005 4468 clarius
2035 4405 2112 4470 luce

303 4504 587 4584 asumnvidetc,
618 4503 706 4588 quod
727 4505 804 4570 licet
825 4504 923 4570 draco
946 4505 1028 4583 iste,
1056 4505 1113 4589 qui
1141 4503 1183 4570 ad
1205 4503 1406 4569 illudendum
1430 4504 1526 4568 nobis
1550 4504 1709 4570 formatus
1741 4513 1774 4571 et
1797 4506 1830 4570 in
1853 4528 1963 4572 eseam
1986 4510 2112 4594 populo

457 4607 646 4692 Ethyopum
674 4606 769 4672 datus
793 4608 919 4687 existit,
952 4628 1053 4692 aquas
1082 4607 1348 4694 persecutionum
1375 4609 1408 4671 in
1432 4607 1681 4673 subversionem
1704 4609 1847 4675 ecclesie
1870 4631 1913 4676 ex
1935 4633 1991 4676 cre
2015 4614 2112 4697 quasi

458 4710 592 4773 fluvium
623 4709 763 4792 miserit,
795 4709 976 4796 apostoliea
1008 4716 1119 4776 tamen
1151 4710 1247 4775 sedes
1283 4711 1387 4797 ipsius
1419 4711 1600 4795 nequitiam
1628 4712 1847 4777 inextimabili
1877 4714 2113 4780 beneficiorum

459 4811 685 4876 misericordia
707 4813 883 4899 superavit.
928 4811 1013 4878 Nam
1037 4813 1114 4877 olim
1138 4834 1213 4878 eum
1236 4814 1277 4878 ab
1302 4814 1395 4877 annia
1419 4813 1542 4878 teneris
1566 4813 1696 4878 illorum
1719 4817 1891 4894 morsibus,
1913 4818 1968 4902 qui
1990 4826 2113 4884 terram

458 4916 528 4980 eius
558 4921 592 4980 et
621 4917 815 5001 sanguinem
843 4915 1014 4999 sitiebant,
1043 4917 1077 4980 in
1108 4938 1191 4981 cuna
1223 4917 1422 4982 confusionis
1447 4917 1648 5002 expositum,
1677 4925 1850 5003 parentum
1873 4926 1908 4986 et
1933 4921 2113 4988 amicorum

458 5018 575 5084 solatio
603 5020 735 5105 penitus
767 5041 852 5108 pene
882 5020 1004 5085 nudum
1027 5018 1142 5084 videns
1173 5026 1278 5085 mater
1302 5021 1463 5101 ecelesia,
1491 5021 1640 5107 protinus
1663 5023 1751 5088 circa
1773 5023 1882 5109 ipsum
1912 5025 2048 5091 nutricis
2079 5035 2114 5092 et

457 5123 567 5189 baiulc
588 5122 731 5188 officium
748 5130 898 5205 executa,
923 5125 1014 5188 illum
1029 5123 1129 5209 pallio
1144 5125 1325 5209 apostolice
1342 5125 1554 5210 protectionis
1571 5125 1710 5210 operuit,
1733 5124 1774 5191 de
1791 5127 1908 5212 laqueo
1921 5131 2112 5194 venantium

458 5226 591 5312 eripuit,
621 5227 731 5290 multis
763 5227 950 5305 sudoribus,
986 5227 1096 5290 multis
1123 5227 1292 5292 laboribus
1322 5233 1355 5292 ct
1384 5229 1540 5314 expensis
1571 5227 1612 5292 ad
1640 5230 1733 5314 regni
1761 5230 1877 5294 solium
1900 5236 1934 5295 et
1956 5252 2111 5298 coronam

458 5328 588 5416 imperii
611 5329 808 5394 sublimavit.
854 5330 995 5416 Insuper
1017 5329 1080 5394 hoe
1104 5330 1135 5394 ei
1157 5331 1276 5396 fecisse
1299 5330 1464 5396 modicum
1489 5339 1655 5418 reputans,
1679 5339 1713 5397 et
1736 5332 1798 5397 sibi
1821 5355 1958 5418 regnum
1980 5333 2114 5402 leroso-

562 5519 588 5585 1)
613 5517 754 5573 Iacobum.
859 5520 888 5588 2)
910 5518 1077 5576 Berordam.
1182 5521 1209 5583 3)
1229 5523 1359 5585 c.1238,
1383 5520 1512 5590 caup,
1536 5519 1848 5591 caueamur-recca,
1873 5521 1890 5575 l.
1913 5537 1935 5577 c.
1958 5538 1985 5577 a.
2007 5527 2116 5579 23740.

457 5607 487 5672 4)
506 5623 533 5660 a.
553 5608 640 5672 1238,
668 5605 738 5674 Aac.
760 5609 776 5659 6
794 5604 852 5678 [?]‚·
880 5608 917 5675 ef.
935 5607 1077 5677 Pottbast,
1105 5609 1174 5678 Rep.
1192 5608 1265 5664 Add.
1283 5608 1312 5674 1,
1332 5610 1577 5663 roccos-262&
1599 5613 1625 5664 ct
1649 5608 1839 5666 Wintclmoaa
1859 5608 1889 5663 ia
1907 5607 2023 5664 Forsclt.
2045 5625 2070 5664 a.
2088 5610 2116 5667 d.

460 5690 555 5747 Gesrlu
573 5694 591 5748 t.
609 5691 685 5760 XII,
698 5711 729 5766 p.
746 5697 811 5763 274,
827 5701 884 5752 aot.
902 5699 930 5750 2.
