4596 6406
144 1144 157 1182 b

135 1893 160 1932 10

135 4475 160 4514 11

134 5269 161 5308 10

774 381 974 440 arlsuolua
993 384 1183 444 SELEC'PAE.
1219 387 1295 444 1240.
1799 393 1862 455 693

206 558 366 641 prealato
387 556 493 643 fratri
514 558 670 625 Riccarde
695 563 802 624 mutae
824 560 1000 625 9999991991.
1056 560 1208 625 Eiusdem
1234 560 1351 626 tcaorb
1372 563 1534 644 epistolam
1564 563 1608 628 ad
1628 563 1728 628 maza
1750 583 1858 627 meaa·

209 663 307 728 steria
332 664 460 730 Galliac
481 665 585 727 mata.
1431 669 1525 742 1240,
1547 666 1626 735 Noe.
1653 669 1724 730 591
1745 671 1775 730 6.

316 782 401 854 Grec.
419 784 469 838 IX
486 782 554 854 acy.
580 783 637 837 Vol.
661 782 725 847 VII,
745 786 797 849 535
814 783 845 838 ia
864 784 1014 854 appendice
1032 783 1084 839 sut
1101 801 1128 840 9.
1149 787 1202 840 781
1219 789 1433 842 commemorata.

317 870 355 924 N.
376 873 397 924 I
411 886 457 940 ap.
476 869 612 936 Potttaat,
630 867 700 938 Rep.
720 869 1051 934 10968;sedmc1esat
1070 870 1138 925 Dec.
1158 876 1183 924 5.

295 1115 452 1189 SUPER
477 1115 686 1190 PECUNIA
713 1116 984 1190 MUTUANDA
1010 1117 1234 1193 ECCLESIE
1260 1115 1462 1191 ROMANE
1489 1118 1522 1190 A
1548 1118 1784 1193 PRELATIS

876 1237 1197 1312 SUBSCRIPTIS.

1026 1405 1054 1472 I.

464 1528 683 1620 Episcopo
710 1529 998 1620 Penestriu0,
1025 1532 1280 1623 apostolice
1306 1533 1424 1607 sedis
1452 1535 1613 1626 legata.

322 1662 404 1727 Oum
428 1662 570 1728 ccclesia
594 1662 743 1727 Romana
771 1663 831 1728 sub
859 1664 1015 1749 gravibus
1045 1663 1285 1730 conditionibus
1311 1687 1464 1751 magnam
1487 1666 1650 1753 receperit
1672 1669 1784 1729 mutuo
1807 1685 1866 1751 pre
1896 1701 1908 1714 κ

212 1766 404 1831 defensione
438 1764 515 1830 11191
549 1770 582 1830 91
616 1767 839 1832 ecclesiastice
873 1767 1035 1832 libertatis
1069 1769 1208 1855 pecunie
1244 1771 1473 1855 quantitatem,
1513 1791 1574 1835 999
1609 1767 1715 1833 adhue
1749 1767 1792 1832 sit
1824 1766 1866 1830 de

212 1873 285 1957 ipsa
308 1869 534 1950 creditoribus,
558 1890 753 1956 quamquam
777 1871 877 1955 aliqui
900 1871 1031 1936 termini
1054 1873 1250 1937 solutionum
1275 1873 1473 1952 effluxerint,
1497 1872 1712 1952 satisfactum,
1735 1875 1868 1957 propter

212 1973 297 2060 quod
321 1972 501 2038 creditores
531 1973 595 2059 ipsi
623 1973 709 2060 apud
741 1996 801 2039 nos
824 1975 985 2040 instantes
1015 1975 1212 2041 clamoribus
1239 1977 1433 2063 importunis
1462 1977 1603 2064 dampna
1626 1998 1662 2040 se
1686 1981 1867 2061 queruntur

211 2099 275 2142 non
305 2076 436 2142 modica
457 2077 651 2142 incurrisse:
685 2079 762 2164 quia
795 2078 983 2143 huiusmodi
1009 2078 1195 2144 debitorum
1224 2081 1343 2145 solutio
1372 2102 1437 2146 non
1459 2087 1569 2169 991991
1591 2079 1712 2144 1191199
1734 2084 1870 2164 9999199

212 2182 440 2246 excrescentia
478 2180 685 2246 incommoda
713 2180 837 2266 absque
874 2183 966 2267 gravi
1000 2183 1141 2247 ecclesis
1175 2183 1278 2269 ipsius
1312 2184 1485 2272 dispendio
1519 2183 1695 2264 retardari,
1729 2181 1868 2245 dilectos

211 2285 297 2349 lilios
342 2284 479 2349 abbates
515 2292 549 2350 91
586 2291 766 2350 conventus
807 2284 1008 2371 quorundam
1046 2287 1319 2352 monasteriorum
1361 2289 1467 2352 sancti
1504 2287 1692 2366 Benedicti,
1735 2284 1868 2349 Clunia-

213 2389 320 2452 eensis
360 2395 394 2452 91
430 2389 748 2454 Premonstratensis
788 2388 925 2469 ordinis,
966 2411 1102 2475 quorum
1140 2392 1272 2456 uomina
1310 2391 1343 2454 in
1381 2391 1520 2476 quadam
1558 2390 1616 2454 tibi
1653 2389 1770 2454 cedula
1806 2387 1867 2452 sub

211 2492 301 2556 bulla
329 2498 443 2556 nostra
468 2493 626 2557 mittimus
653 2499 810 2557 annotata
823 2494 844 2573 ¹,
878 2515 1006 2558 necnon
1033 2493 1149 2560 militie
1178 2494 1307 2581 Templi
1335 2516 1374 2559 99
1399 2494 1583 2581 Hospitalis
1614 2491 1869 2558 lerosolimitani

212 2595 379 2660 domorum
408 2595 441 2660 in
464 2595 603 2660 Francia
626 2603 838 2682 preceptores
866 2603 900 2661 et
927 2597 1046 2661 iratres
1076 2597 1239 2682 rogandos
1272 2597 1426 2662 duximus
1455 2603 1579 2662 attente
1611 2602 1644 2659 et
1674 2594 1865 2674 monendos,

212 2700 333 2764 uostris
358 2700 420 2764 sibi
444 2698 560 2765 dantes
583 2701 703 2765 litteris
731 2702 765 2765 in
788 2699 968 2782 mandatis,
1000 2707 1037 2765 ut
1064 2701 1285 2787 predictorum
1309 2701 1465 2766 abbatum
1495 2722 1568 2764 cum
1593 2698 1809 2764 conventibus
1833 2702 1868 2760 et
1966 2715 1969 2723 ‘

211 2811 442 2890 preceptorum
466 2825 538 2868 cum
562 2803 715 2868 fratribus
740 2805 807 2867 suis
832 2804 951 2889 singuli
975 2811 1098 2869 certam
1120 2806 1260 2891 pecunie
1284 2826 1442 2869 summam
1467 2826 1526 2892 999
1543 2804 1705 2868 991911999
1721 2801 1864 2868 eredita-

214 2929 285 2972 rum
307 2909 454 2994 ipsorum
478 2909 666 2993 quantotius
688 2907 839 2972 iacienda
862 2907 984 2972 1119919
1007 2909 1075 2973 filio
1098 2909 1191 2973 fratri
1214 2908 1375 2972 Riccardo
1405 2907 1445 2973 de
1476 2907 1573 2972 domo
1596 2907 1712 2972 militie
1735 2904 1866 2990 Templi

212 3009 362 3074 eiusdem
392 3012 532 3076 ecclesie
560 3011 692 3076 uomina
721 3017 835 3076 mutuo
871 3033 931 3098 pro
961 3019 1075 3077 999199
1108 3019 1141 3077 91
1171 3012 1352 3098 9999191199
1385 3011 1474 3078 99119
1501 3010 1689 3076 reverentia
1719 3013 1871 3096 prompta

211 3115 380 3178 voluntate
414 3114 612 3195 concedant,
646 3115 883 3179 restituendam
918 3116 965 3180 eis
994 3115 1141 3202 plenarie
1171 3115 1288 3180 saltem
1321 3136 1426 3201 usqua
1462 3113 1504 3179 ad
1539 3136 1599 3179 sex
1634 3134 1767 3178 menses
1795 3117 1871 3198 post

213 3217 437 3303 receptionem
461 3218 643 3282 litterarum
666 3219 810 3305 ipsamm
831 3218 873 3283 ds
897 3218 1040 3284 subsidio
1058 3220 1199 3284 ecclesie
1214 3219 1410 3304 Anglicane.
1448 3217 1611 3290 Quocirca
1625 3217 1869 3282 fraternitatem

126 3401 128 3406 ι
213 3326 303 3384 tuam
327 3342 479 3406 rogamus
504 3329 537 3386 91
559 3322 728 3387 hortamur
750 3328 892 3404 attente,
915 3345 975 3409 per
996 3324 1179 3409 apostolica
1201 3324 1261 3387 tibi
1285 3323 1407 3410 scripta
1429 3322 1639 3401 mandantes,
1664 3320 1818 3405 quatinus
1842 3319 1870 3382 si

213 3423 428 3490 creditoribus
452 3426 533 3512 ipsis
556 3425 597 3491 19
621 3424 768 3490 subsidio
783 3425 968 3512 Anglicauo
992 3427 1145 3492 satisfieri
1167 3426 1251 3491 forte
1274 3447 1339 3490 non
1361 3425 1482 3513 9919911
1504 3425 1652 3489 terminis
1673 3421 1870 3500 constitutis,

211 3550 253 3593 99
284 3551 326 3593 ex
354 3529 508 3593 tarditate
538 3530 737 3595 solutionum
771 3531 955 3616 apostolica
988 3530 1084 3596 sedes
1115 3551 1249 3616 gravem
1279 3529 1440 3593 lesionem
1468 3528 1612 3591 incurrat
1639 3532 1672 3590 91
1702 3525 1870 3589 Romanos

212 3632 336 3696 turbari
371 3634 554 3718 contingat,
592 3657 635 3699 ex
666 3655 730 3720 quo
761 3634 934 3722 principali
966 3636 1099 3720 negotio
1127 3635 1168 3700 19
1202 3634 1290 3699 facili
1322 3638 1437 3719 999991
1470 3631 1650 3718 periculum
1685 3629 1867 3702 imminere,

213 3736 289 3819 quia
312 3756 371 3820 pro
395 3737 510 3800 maiori
533 3736 673 3802 ecclesie
698 3738 898 3802 necessitate
921 3738 1079 3802 intactum
1103 3739 1227 3803 servari
1249 3738 1400 3801 volumus
1424 3734 1606 3800 subsidium
1630 3731 1836 3796 Gallicanum
1846 3729 1871 3811 ²,
1909 3765 1912 3776 =

213 3837 300 3925 apud
323 3838 461 3903 abbates
484 3860 522 3902 ac
545 3842 627 3904 alios
653 3840 872 3926 supradictos,
895 3841 987 3905 utin
1010 3843 1158 3929 presenti
1180 3842 1388 3906 necessitatis
1411 3840 1548 3905 articulo
1572 3839 1665 3902 iuxta
1680 3835 1870 3900 mandatum

214 3947 361 4005 nostrum
385 3941 424 4004 19
449 3946 561 4004 mutuo
585 3943 725 4006 ecclesie
749 3944 946 4008 subveniant
969 3945 1146 4022 antedicto,
1170 3945 1359 4031 interponas
1383 3944 1524 4008 sollicite
1542 3948 1652 4028 partes
1670 3946 1754 4003 tuas.
1800 3938 1870 4003 Nos

213 4045 300 4109 enim
323 4043 364 4108 ad
387 4042 579 4109 solvendum
603 4045 636 4109 19
660 4047 807 4110 terminis
830 4049 885 4133 qui
907 4048 1034 4114 adhoc
1057 4050 1174 4137 prefixi
1197 4051 1319 4115 tuerint
1350 4051 1439 4114 illam
1469 4049 1608 4136 9999919
1641 4046 1870 4131 quantitatem,

213 4169 309 4233 quam
331 4147 394 4232 ipsi
418 4146 527 4213 eidem
550 4149 642 4213 fratri
666 4151 807 4216 ecclesie
830 4151 980 4217 Romane
1004 4153 1135 4217 nomine
1160 4152 1313 4218 duxerint
1336 4152 1565 4232 mutuandam,
1596 4149 1735 4214 eandem
1758 4148 1866 4212 accle-

212 4253 293 4315 siam
323 4249 363 4314 19
393 4251 532 4318 fratrum
560 4260 746 4318 nostrorum
776 4255 915 4319 oonsilio
946 4277 1006 4342 per
1036 4257 1163 4320 litteras
1191 4258 1390 4342 apostolicas
1418 4255 1617 4339 obligantes,
1657 4250 1776 4316 dilecto
1805 4250 1872 4315 filio

212 4361 324 4418 nostro
348 4350 489 4442 O[tt0ni]
520 4353 632 4420 Sancti
654 4355 785 4421 Nicolai
808 4358 840 4422 in
865 4358 1006 4423 Caruere
1029 4359 1180 4423 Tulliano
1204 4360 1342 4425 1199999
1366 4359 1539 4438 cardinali,
1570 4357 1751 4443 apostolice
1782 4353 1869 4419 sedis

212 4457 333 4542 legato,
357 4464 390 4521 91
411 4458 644 4523 collectoribus
660 4460 801 4546 predicti
818 4461 956 4526 subsidii
969 4461 1145 4548 Anglicani
1161 4462 1331 4548 dirigimus
1349 4465 1471 4550 scripta
1492 4467 1614 4539 nostra,
1637 4467 1673 4524 ut
1695 4458 1870 4546 pecuniam

212 4562 385 4626 collectam
415 4570 449 4626 et
479 4563 698 4648 colligendam
729 4586 788 4652 pro
819 4566 960 4630 ecclesie
990 4565 1205 4630 subventione
1235 4568 1268 4630 19
1298 4566 1444 4654 partibus
1473 4564 1661 4650 Anglicanis
1689 4569 1870 4628 memorato

212 4663 314 4746 fratri,
336 4665 1053 4732 19199991991Ρ991919991991191991991999
1077 4667 1251 4732 abbatibus
1275 4674 1309 4732 st
1330 4669 1402 4732 aliis
1425 4667 1616 4754 prenotatis,
1632 4687 1699 4731 nen
1718 4665 1871 4730 differant

210 4766 403 4854 fassiguara.

320 4888 397 4954 Dat.
422 4889 576 4956 Laterau.
598 4891 685 4958 Non.
708 4891 886 4957 Novembr.
909 4913 996 4957 auno
1018 4891 1134 4958 XIIII.

1019 5097 1064 5166 Π.

384 5280 394 5298 .
423 5280 432 5299 .
460 5223 616 5296 abbati
645 5229 689 5298 91
714 5225 961 5298 conventui
987 5225 1143 5300 Sancti
1170 5223 1354 5300 Vedasti
1380 5220 1708 5300 Atrebatensis

322 5353 404 5420 (lum
435 5358 576 5422 eeclesia
603 5357 752 5422 Romana
781 5364 842 5424 etc.
875 5364 911 5422 ut
942 5379 1040 5445 supra
1070 5380 1189 5444 usque:
1221 5359 1398 5441 retardari,
1426 5356 1467 5422 de
1495 5355 1669 5421 devotione
1697 5359 1808 5417 vestra
1839 5353 1871 5417 19

212 5457 353 5523 Domino
379 5460 592 5542 confidentes,
616 5461 864 5526 universitatem
881 5468 1024 5527 vestram
1048 5483 1202 5546 regamus
1225 5468 1259 5525 et
1281 5462 1450 5527 hortamur
1464 5467 1602 5540 attente,
1617 5479 1677 5544 per
1692 5457 1873 5542 apostolica

314 5683 341 5752 1)
361 5683 417 5748 Ea,
435 5701 507 5753 qaae
524 5683 575 5740 sut
592 5687 815 5742 9119119999
826 5694 898 5742 eant.
975 5689 1005 5758 2)
1025 5688 1084 5742 Pro
1101 5687 1334 5757 9991919199999
1348 5691 1558 5759 praeparando,
1576 5691 1612 5759 cs.
1631 5697 1871 5766 9781191792.
