4590 6366
451 407 513 468 560
1033 403 1081 458 EX
1100 403 1275 462 GREGORII
1293 405 1330 457 IX
1349 400 1530 459 REGlSTltO

449 577 619 642 rectoribus
647 577 802 641 societatis
831 576 1041 642 Lombardioe
1068 577 1145 643 Kal.
1174 575 1248 640 Dec.
1270 596 1333 656 pro
1364 576 1496 639 lanuino
1519 577 1689 656 prraefipat,
1720 594 1780 654 quo
1807 593 1865 652 qur
1892 569 2124 651 procuratores

450 681 574 744 idoncos
597 681 683 761 amad
704 681 805 746 sedem
824 680 1025 761 apostolicam
1047 685 1253 761 compareant.
1304 678 1353 764 Of.
1376 700 1408 747 u.
1433 681 1497 744 657
1519 683 1547 744 et
1570 681 1643 743 656.
1741 676 1835 753 1235,
1860 675 1952 755 Sept.
1978 676 2033 736 26.

557 799 639 868 Grec.
659 801 709 854 IX
725 801 795 872 ch.
821 799 877 854 Vol.
898 799 931 866 V,
950 804 1002 867 735
1020 799 1081 854 Lib.
1101 800 1157 862 IX,
1176 803 1240 856 237.

555 885 692 952 Potttost,
710 887 781 957 Rep.
800 889 902 941 10023.

816 1155 825 1171 .
855 1156 863 1173 .
894 1100 1142 1191 patriarche
1170 1099 1468 1186 Antiocheae,
1496 1098 1744 1192 apostolice

1127 1222 1248 1294 sedis
1275 1222 1432 1312 legato.

567 1371 732 1436 Dilectum
763 1372 866 1435 filium
896 1371 1088 1455 magistrum
1117 1367 1279 1458 P[etrum]
1313 1369 1352 1434 de
1382 1369 1539 1434 Warcino
1572 1371 1764 1455 scriptorem
1793 1373 1944 1432 nostrum
1977 1367 2119 1428 latorem

453 1476 666 1564 presentium,
689 1475 794 1538 virum
818 1473 990 1560 providum
1015 1481 1048 1537 et
1070 1473 1219 1553 fidelem,
1244 1474 1336 1536 cuius
1361 1473 1459 1536 lidem
1483 1475 1548 1536 iam
1572 1474 1605 1536 in
1628 1473 1739 1536 multis
1763 1472 1893 1557 experti
1918 1491 2054 1542 sumus,
2080 1466 2120 1529 ad

454 1588 486 1644 te
520 1600 594 1643 cum
623 1578 742 1642 litteris
773 1576 999 1662 imperialibus
1031 1577 1308 1652 transmittentes,
1342 1576 1420 1639 licet
1442 1576 1636 1640 karissimus
1661 1578 1694 1640 in
1718 1575 1847 1639 Christo
1881 1574 1970 1636 lilius
2002 1576 2120 1634 noster

457 1682 644 1747 Fridericus
666 1681 888 1744 Romanorum
913 1679 1091 1764 imperator
1115 1687 1176 1743 etc.
1201 1679 1322 1743 festum
1345 1680 1526 1743 nativitatis
1550 1679 1684 1743 Domini
1708 1679 1856 1764 proximo
1887 1676 2055 1752 futurum,
2084 1674 2118 1736 in

455 1807 518 1870 quo
541 1786 625 1871 petit
648 1791 753 1847 totum
775 1785 945 1869 negotium
969 1784 1055 1868 quod
1079 1785 1164 1848 iuter
1188 1785 1294 1870 ipsum
1318 1791 1351 1848 et
1368 1784 1572 1848 Lamberdos
1590 1785 1728 1849 vertitur
1751 1782 1910 1870 expediri,
1935 1781 2118 1845 terminum

455 1890 590 1976 petierit
612 1888 790 1973 assignari,
814 1894 847 1952 et
870 1889 991 1974 apponi
1013 1909 1133 1973 penam
1157 1889 1313 1972 triginta¹
1336 1889 1460 1952 milium
1485 1910 1668 1952 marearum
1692 1889 1725 1951 in
1749 1886 2005 1973 compromisso,
2031 1888 2068 1946 et
2091 1882 2119 1944 si

454 1993 565 2056 forsan
600 1990 678 2055 dieti
708 1991 884 2056 Lombardi
915 1999 1061 2056 nostram
1094 1992 1352 2074 ordinationem,
1387 1992 1651 2079 dispositionem,
1686 1989 1816 2055 laudum
1852 1991 1906 2054 vel
1941 1979 2119 2052 arbitrium

455 2117 521 2159 non
545 2095 758 2176 servaverint,
782 2102 927 2159 rectores
953 2095 1120 2160 societatis
1137 2095 1333 2160 Lombsrdie
1357 2117 1393 2159 ae
1419 2103 1603 2181 potestates
1626 2102 1659 2160 et
1683 2095 1820 2158 consilia
1844 2094 2016 2157 civitatum
2044 2091 2117 2176 ipso

455 2199 541 2263 lacto
566 2199 763 2264 sententiam
781 2199 1130 2262 excommunicationis
1148 2198 1324 2276 incurrant,
1349 2199 1425 2281 quia
1448 2206 1557 2263 tamen
1578 2197 1791 2262 consideratis
1809 2195 1986 2280 diligenter
2009 2194 2117 2279 ipsius
2168 2214 2189 2250 a

456 2304 581 2388 negotii
605 2303 859 2367 circumstantiis
881 2303 1045 2366 universis
1071 2323 1135 2366 non
1159 2302 1319 2378 videmus,
1343 2303 1484 2386 qualiter
1508 2310 1573 2366 tam
1597 2302 1734 2366 arduum
1758 2301 1926 2384 negotium
1950 2297 2062 2383 possit
2085 2296 2118 2358 iu

456 2413 523 2471 tam
537 2407 630 2471 brevi
646 2413 795 2493 tempore
813 2405 982 2470 commode
1001 2404 1161 2491 expediri,
1185 2405 1388 2484 mandamus,
1414 2407 1565 2490 quatinus
1582 2406 1723 2492 preligas
1741 2404 1924 2469 rectoribus
1943 2401 2119 2464 societatis

456 2510 605 2576 eiusdem
629 2532 666 2575 ac
689 2511 769 2597 ipsis
793 2509 990 2574 Lombardis
1021 2530 1079 2594 pro
1105 2509 1245 2572 termino
1269 2507 1437 2572 Kalendas
1461 2509 1665 2574 Decembres
1688 2509 1840 2594 proximo
1864 2527 1951 2569 nune
1976 2505 2119 2581 suturas,

455 2615 489 2678 in
513 2635 577 2699 quo
600 2635 660 2700 per
684 2612 827 2677 sindicos
859 2635 917 2676 seu
950 2634 1010 2698 per
1038 2619 1267 2698 procuratores
1292 2613 1495 2677 sufficientes
1521 2620 1553 2678 et
1578 2613 1731 2690 idoneos,
1763 2612 1897 2697 plenum
1923 2608 2121 2673 mandatum

456 2716 617 2782 habentes
649 2717 689 2780 ad
718 2715 906 2803 ponendum
942 2722 1047 2778 totum
1078 2709 1247 2800 negotium
1278 2716 1338 2779 sub
1368 2717 1551 2802 prescripta
1579 2716 1683 2779 forma
1713 2716 1746 2779 in
1774 2735 1872 2778 mauu
1909 2714 2057 2777 ecclesie
2089 2721 2123 2776 et
2171 2729 2194 2767 Ξῖ»

457 2820 636 2907 parendum
662 2842 762 2907 super
785 2841 824 2883 eo
853 2818 982 2904 precise
1005 2817 1167 2881 mandatis
1190 2818 1312 2882 uostris
1335 2826 1368 2882 et
1391 2819 1432 2882 ad
1464 2817 1706 2905 prorogandum
1733 2820 1838 2904 ipsum
1863 2818 2061 2894 terminum,
2094 2817 2122 2880 si

458 2924 636 2988 viderimus
654 2922 822 3009 expedire,
837 2919 935 2984 'omni
952 2920 1108 2985 dilatione
1132 2943 1170 2984 ac
1188 2923 1401 2986 excusatione
1419 2923 1625 2986 cessantibus
1643 2928 1861 3007 compareant
1876 2941 1988 2984 coram
2010 2920 2122 2984 uobis.

459 3027 616 3111 Alioquin
639 3027 702 3104 sibi
725 3031 879 3112 poterunt
901 3025 1072 3111 imputare,
1097 3025 1124 3088 si
1148 3024 1234 3108 quod
1258 3026 1305 3089 eis
1329 3026 1511 3111 periculum
1536 3025 1655 3090 exinde
1680 3025 1855 3109 contigerit
1878 3024 2069 3089 imminere.

567 3146 644 3215 Det.
667 3146 781 3227 Asisii,
805 3146 853 3210 VI
875 3146 951 3212 Kal.
974 3145 1090 3211 Octob.
1114 3167 1199 3210 auno
1224 3168 1320 3213 nouo.

1089 3439 1442 3447 -—--—---—-—-—-·-—-·—-
1448 3439 1500 3446 ---

571 3847 762 3958 Groporias
785 3878 842 3942 IX
859 3897 946 3958 papo
968 3875 1138 3940 rectoribus
1166 3877 1320 3942 societatis
1339 3847 1551 3941 Lonebarulioo
1573 3877 1654 3940 taem
1672 3875 1741 3962 soro
1762 3875 1880 3952 scribit,
1913 3877 2021 3940 corbis
2044 3898 2128 3942 cem·
2169 3907 2203 3946 ,a

456 3986 600 4065 potenter
624 3982 762 4048 mutatis,
1669 4011 1672 4018 ·
1753 3978 1846 4056 1235,
1870 3977 1955 4060 Sept.
1981 3984 2036 4048 26.

568 4101 650 4169 Grcp.
671 4099 720 4153 IX
738 4099 806 4166 Rea.
830 4099 886 4152 Vol.
911 4098 940 4166 V,
961 4101 997 4151 73
1004 4117 1013 4165 ‚·
1031 4099 1093 4154 Lib.
1112 4100 1167 4162 IX,
1186 4105 1254 4155 238.

568 4189 703 4249 Potttast,
723 4186 792 4255 Rep.
812 4185 883 4238 Add.
902 4184 928 4251 Ι,
946 4188 1197 4239 roccae—eom.

874 4394 1145 4470 Rectoribus
1172 4397 1405 4471 societatis
1431 4397 1707 4472 Lombardie.

573 4545 667 4608 Licet
696 4544 890 4608 karissimus
918 4545 952 4608 in
976 4544 1106 4610 Christo
1138 4546 1224 4609 filius
1256 4552 1369 4609 noster
1390 4545 1576 4611 Friderieus
1599 4547 1821 4611 Romanorum
1851 4539 2035 4632 imperator
2061 4557 2128 4614 etc.
2182 4592 2207 4630 ω

465 4652 587 4715 testum
610 4646 790 4710 nativitatis
814 4647 948 4710 Domini
970 4650 1121 4733 proximo
1145 4648 1304 4730 futurum,
1340 4651 1374 4713 i11
1406 4671 1469 4735 quo
1499 4651 1583 4736 petit
1605 4656 1708 4715 totum
1731 4651 1899 4735 negotium
1924 4651 2013 4734 quod
2037 4653 2132 4717 iuter

466 4753 574 4838 ipsum
604 4757 636 4814 et
658 4749 861 4814 Lombardos
885 4752 1023 4815 vertitur
1046 4752 1211 4839 expediri,
1243 4753 1414 4817 terminum
1439 4755 1574 4840 petierit
1598 4755 1775 4840 assignari,
1803 4760 1836 4818 et
1857 4756 1980 4839 apponi
2004 4778 2130 4842 penam

466 4854 623 4940 triginta¹
646 4854 772 4918 milium
795 4875 977 4920 marearum
1000 4857 1035 4919 in
1058 4856 1303 4941 compromisso,
1328 4863 1361 4921 et
1385 4858 1412 4921 si
1436 4858 1546 4921 forsan
1569 4858 1647 4922 dieti
1664 4857 1839 4922 Lambardi
1861 4853 2011 4921 nostram
2036 4860 2131 4924 ordi-

465 4961 643 5036 nationem,
667 4958 915 5044 dispositionem
933 4964 1047 5023 etant
1068 4979 1166 5043 supra
1189 4981 1310 5043 usque:
1334 4961 1494 5046 expediri,
1517 4962 1719 5038 mandamus,
1743 4963 1892 5045 quatinus
1909 4963 1943 5025 in
1959 4961 2131 5030 Kalendis

466 5063 709 5129 Decembribus
733 5063 885 5149 proximo
905 5083 990 5125 nunc
1014 5061 1142 5141 futuris,
1167 5084 1246 5148 quas
1271 5064 1364 5128 vobis
1388 5086 1445 5150 pro
1469 5066 1607 5129 termino
1632 5065 1784 5129 duximus
1807 5065 2040 5148 assignandas,
2065 5091 2131 5155 per
2185 5111 2211 5148 ³5

467 5166 612 5231 sindicos
642 5174 703 5231 etc.
731 5189 850 5253 usque:
885 5165 1090 5232 cessantibus
1121 5175 1232 5232 nostro
1263 5190 1321 5232 vos
1355 5171 1546 5255 conspectui
1577 5170 1786 5256 presentetis.
1841 5168 2002 5254 Alioquin
2030 5174 2132 5239 vobis

467 5271 619 5357 poteritis
640 5271 814 5357 imputare,
838 5273 865 5336 si
889 5268 974 5355 quod
998 5271 1090 5335 vobis
1115 5273 1296 5358 periculum
1319 5273 1439 5338 exinde
1464 5275 1637 5359 contigerit
1661 5272 1840 5337 imminere.

576 5391 653 5456 Dat.
676 5391 791 5474 Asisii,
814 5393 863 5456 VI
885 5391 960 5457 Kal.
985 5391 1101 5458 Octob.
1125 5415 1209 5458 anno
1233 5415 1331 5459 nono.

572 5572 1182 5580 -ψ-ῳ-*ῌ--μ--ψ-μ--Ψ-
1205 5575 1226 5578 ,.
1241 5575 1260 5578 ..
1280 5573 1364 5578 ,--..-
1384 5571 1492 5578 7------ι-
1516 5573 1539 5576 η-
1561 5573 1577 5576 -
1591 5573 1619 5580 —v
1643 5573 1675 5578 η-
1687 5572 1872 5582 -..-...-.,,.

525 5669 527 5674 ’
572 5687 597 5755 1)
617 5686 716 5762 vepna
733 5686 762 5741 a
780 5702 806 5746 n.
827 5689 889 5744 oar,
