4604 6420
998 417 1045 473 Ex
1064 415 1239 472 dunecan
1258 415 1296 470 IX
1316 415 1495 471 REGIS'I'RO
1519 451 1523 456 -

1204 782 1291 855 474.

528 912 718 1024 Greportos
745 940 803 1004 IX
823 960 913 1020 popo
937 939 1149 1024 [Geroldam]
1168 936 1388 1019 patriarcham
1415 935 1736 1017 Hierosolymitamon
1764 935 1832 998 stac
1859 955 1947 998 moro
1975 933 2019 1000 od
2045 955 2077 999 se

421 1042 561 1107 accedere
586 1043 682 1122 iubet,
713 1048 749 1107 ot
773 1065 834 1124 per
860 1063 930 1107 cara
958 1048 987 1108 ct
1012 1043 1163 1124 quosdam
1189 1040 1313 1126 fratres
1344 1039 1464 1119 Tonzplc'
1493 1043 1521 1103 ct
1544 1037 1723 1119 Hospitalis
1754 1041 1927 1108 instructas
1961 1046 2077 1111 Terrae

422 1145 558 1211 Sanctae
575 1145 747 1226 provideat.
795 1145 846 1231 Os.
868 1165 901 1210 a.
923 1149 988 1210 467
1009 1150 1039 1210 ct
1058 1147 1132 1209 468.

1734 1231 1827 1308 1232,
1850 1230 1913 1297 Iul.
1936 1233 1989 1298 25.

527 1316 606 1387 Grec.
625 1317 675 1371 IX
692 1317 763 1386 Rep.
784 1315 843 1371 Vol.
863 1318 921 1383 III,
938 1319 1062 1381 23—2t;
1080 1315 1142 1371 nto.
1164 1314 1214 1380 VI,
1233 1318 1273 1368 51.

783 1581 1041 1657 Patriarche
1068 1581 1444 1668 lerosolImitanO,
1472 1579 1719 1670 apostolice

1102 1703 1221 1776 sedis
1247 1703 1405 1794 legate.

534 1849 716 1914 Ierusalem
742 1870 802 1915 rex
833 1871 1005 1936 supremus
1037 1857 1070 1915 et
1099 1849 1247 1930 inclitus,
1280 1847 1435 1914 Salomon
1463 1847 1672 1913 ecclesiastes
1701 1855 1734 1913 et
1756 1847 1869 1914 Idida⁸
1897 1872 2011 1936 verus,
2043 1855 2076 1918 in

255 1975 313 2018 erar.
329 1979 408 2027 meru
427 1961 528 2036 terra,
556 1974 620 2038 quc
643 1953 806 2018 funiculus
838 1961 888 2019 cst
916 1953 1108 2020 hereditatis
1142 1954 1228 2034 eius,
1259 1953 1436 2039 quinimmo
1463 1952 1658 2036 conquisitio
1682 1955 1868 2018 commercii
1891 1956 2076 2041 singularis,

427 2057 521 2123 nobis
545 2057 699 2143 pacificus
722 2058 940 2140 contionatur,
969 2057 1110 2143 diligens
1141 2065 1175 2123 et
1202 2057 1341 2123 dilectus
1369 2054 1516 2136 advenit,
1548 2056 1581 2119 in
1604 2056 1776 2122 nativitate
1799 2059 1971 2143 pacificus,
1999 2083 2078 2126 con-

427 2163 570 2226 tionator
592 2161 625 2225 in
647 2162 730 2243 vita,
755 2161 895 2247 diligens
919 2168 953 2226 et
976 2160 1117 2225 dilectus
1139 2160 1175 2223 in
1196 2165 1312 2224 morte.
1356 2157 1445 2222 Dum
1469 2159 1590 2223 etenim
1613 2167 1820 2239 nasceretur,
1843 2184 1907 2227 vox
1931 2164 2080 2250 angelica

427 2266 517 2350 pacis
539 2287 683 2352 ymnum,
705 2264 801 2331 fedus
823 2264 1099 2331 reconciliationis
1115 2262 1181 2328 Dei
1203 2269 1237 2328 et
1260 2262 1411 2342 bominis,
1434 2262 1553 2327 attulit.
1597 2262 1684 2327 Dum
1701 2265 1794 2347 vixit,
1817 2267 1916 2334 rudes
1940 2269 2081 2334 erudivit

428 2369 577 2433 doctrina
606 2375 640 2433 et
670 2369 856 2435 informavit
884 2370 1048 2455 exemplo.
1105 2367 1191 2432 Dum
1219 2371 1402 2452 pateretur,
1430 2366 1592 2431 canticum
1620 2366 1807 2433 decantavit
1835 2373 1971 2454 amoris,
2004 2374 2081 2458 quia

427 2471 611 2538 dilectionis
631 2473 762 2538 vinculo
784 2478 908 2538 tractus
932 2472 973 2536 ad
997 2491 1126 2536 crucem
1150 2470 1258 2534 omnia
1280 2469 1323 2534 ad
1346 2490 1382 2534 se
1402 2469 1513 2550 traxit,
1538 2490 1611 2534 eum
1627 2469 1726 2534 ritem
1750 2474 1864 2537 mortis
1889 2473 1989 2541 invite
2013 2477 2080 2542 vite
2155 2547 2164 2568 ¹

427 2577 610 2642 voluntaria
633 2598 720 2642 mors
744 2577 894 2663 peremit.
939 2575 1012 2640 Hoc
1036 2575 1167 2660 quidem
1190 2573 1335 2638 interra
1363 2574 1607 2658 illatamquam
1638 2573 1672 2638 in
1701 2596 1780 2660 agro
1810 2578 1966 2664 precipuo
1989 2577 2080 2643 Deus
2149 2606 2160 2642 s

430 2687 464 2745 et
486 2680 594 2762 homo,
617 2679 681 2744 Dei
705 2687 739 2745 et
760 2679 901 2744 hominis
924 2680 1022 2759 filius,
1049 2678 1233 2758 seminavit,
1256 2683 1290 2742 et
1311 2677 1423 2762 utique
1447 2697 1560 2741 semen
1583 2676 1712 2742 bonum.
1760 2678 1824 2743 Sed
1848 2681 2082 2766 superveniens

256 2769 413 2874 *hgihgfflj‘ffi
431 2784 582 2848 inimicus
615 2785 649 2848 in
683 2783 791 2848 medio
825 2784 925 2848 tritici
958 2783 1240 2869 superseminasse
1280 2782 1405 2845 zizania
1439 2780 1572 2860 dieitur,
1611 2801 1669 2866 pro
1698 2803 1780 2867 pace
1810 2781 1988 2865 discordia,
2024 2805 2082 2870 pro

432 2885 661 2952 reformatione
696 2886 852 2966 discidio,
890 2907 949 2972 pro
981 2886 1156 2951 dilectione
1191 2885 1265 2950 odio
1300 2892 1546 2950 succrescente
1600 2882 1714 2948 Habet
1746 2885 1859 2971 utiquc
1893 2887 2082 2952 iniuriarum

432 2989 695 3073 prosecutionem
727 2990 885 3055 atrocium
917 2995 1011 3076 pater
1044 2989 1184 3054 familias
1220 2994 1333 3053 contra
1365 2988 1456 3068 illos,
1495 3008 1631 3073 quorum
1662 2986 1787 3052 malitia
1818 3011 1932 3055 semen
1960 2990 2083 3055 bonum

433 3091 557 3157 zizania
579 3092 771 3174 suffocatur,
801 3094 890 3158 etin
913 3093 1141 3175 viameditor,
1171 3091 1249 3178 quid
1272 3092 1337 3156 illis
1366 3092 1400 3155 in
1428 3091 1534 3177 patria
1557 3099 1801 3177 recompenset,
1829 3114 1903 3157 cum
1933 3101 2081 3180 tempore
2136 3131 2141 3146 ι

432 3197 588 3261 messium
604 3196 753 3280 alligabit
775 3195 948 3261 fasciculos
965 3195 1213 3276 comburendos,
1238 3196 1272 3259 in
1290 3216 1419 3260 orreum
1436 3195 1543 3259 tritico
1561 3201 1770 3280 congregato.
1817 3194 1902 3262 Sane
1918 3197 2083 3279 miramur,

432 3298 518 3383 quod
542 3300 626 3365 sicut
649 3300 808 3364 asseritur
832 3320 891 3384 pro
920 3321 1022 3385 regno
1045 3299 1180 3364 Domini
1203 3299 1338 3364 noluisti
1365 3304 1397 3363 te
1425 3319 1553 3362 murum
1576 3319 1742 3384 opponere
1765 3298 2017 3364 ascendentibus
2041 3322 2084 3366 ex

432 3402 587 3485 adverso,
616 3410 653 3467 ut
674 3411 707 3468 te
732 3409 845 3467 contra
866 3402 1052 3468 turbatores
1086 3404 1174 3467 illius
1198 3423 1276 3467 vero
1301 3401 1469 3475 Salomoni
1499 3401 1668 3488 pacificum
1692 3401 1869 3484 exbibens,
1899 3411 2011 3468 contra
2033 3405 2083 3467 in-

432 3506 591 3572 iuriantes
607 3505 733 3571 erudito
751 3507 972 3572 concionatori
995 3507 1119 3573 iustitie
1135 3509 1376 3592 prolocutorem
1398 3505 1544 3585 offerres,
1569 3511 1602 3569 et
1621 3503 1779 3569 adversus
1795 3505 1945 3572 odientes
1969 3508 2082 3572 intime

431 3610 581 3696 diligenti
594 3610 779 3677 dilectionis
795 3609 1012 3698 pretendensl
1027 3617 1266 3695 argumentum.
1301 3606 1387 3681 Quid
1400 3628 1478 3692 ergo
1492 3607 1696 3672 dominorum
1710 3608 1840 3673 dominc
1855 3610 2082 3696 respondebis,
2137 3647 2163 3682 -ς,

433 3715 461 3778 si
489 3721 578 3779 terra
605 3715 741 3799 gloriosi
771 3715 940 3800 sanguinis
966 3715 1073 3801 pretio
1102 3720 1290 3800 comparata
1319 3720 1352 3777 et
1380 3712 1557 3776 multorum
1586 3713 1711 3778 milium
1740 3722 1935 3801 recuperata
1958 3737 2083 3797 cruore,

432 3825 489 3881 tua
510 3818 712 3904 negligentia
735 3819 881 3904 periculo
904 3825 1035 3904 pateat?
1080 3818 1155 3882 Non
1182 3819 1269 3882 enim
1302 3816 1392 3882 dicsc
1415 3817 1510 3902 culpe
1533 3817 1737 3902 negligentia
1760 3825 1987 3906 comparatur?
2032 3819 2083 3884 Ne

434 3920 533 4005 igitur
562 3921 596 3985 in
624 3942 702 3986 casu
730 3929 797 3986 tam
824 3920 924 3987 dubio
953 3920 1077 3986 Christi
1105 3943 1237 3986 causam
1268 3920 1437 4007 negligere
1465 3919 1634 3985 videamur
1665 3927 1699 3985 et
1730 3923 1964 3986 conscientiam
1994 3943 2085 3986 mora

433 4023 627 4104 remordeat,
650 4024 846 4089 fraternitati
869 4030 925 4088 tue
949 4045 1008 4110 per
1029 4025 1211 4111 apostolica
1233 4025 1355 4111 scripta
1379 4024 1525 4088 districte
1549 4023 1758 4109 precipimus,
1781 4025 1933 4108 quatinus
1957 4025 2084 4090 sublato

433 4125 599 4192 dilationis
615 4127 786 4213 dispendio
809 4133 920 4192 nostro
944 4134 976 4192 te
993 4129 1184 4215 conspectui
1204 4133 1424 4214 representes,
1447 4133 1483 4190 ut
1505 4148 1564 4212 per
1587 4133 1620 4191 te
1643 4147 1681 4191 ac
1697 4125 1854 4211 quosdam
1871 4127 1911 4193 de
1927 4128 2082 4194 iratribus
2137 4161 2157 4174 ·*

433 4229 563 4316 Templi
595 4238 629 4296 et
657 4230 856 4317 Hospitalis,
891 4232 977 4296 sicut
1006 4253 1066 4318 pcr
1097 4233 1179 4297 alias
1213 4232 1339 4296 litteras
1369 4231 1533 4311 misimus,
1567 4229 1608 4295 de
1642 4237 1730 4294 statu
1762 4237 1850 4296 terre
1884 4233 2086 4297 sufficienter

435 4334 601 4413 instructi,
633 4343 667 4399 et
688 4333 892 4399 declinemus
915 4336 1063 4420 pericula
1086 4357 1148 4422 que
1172 4335 1343 4400 imminere
1366 4335 1530 4414 videntur,
1560 4340 1594 4398 et
1616 4354 1827 4420 procuremus
1851 4335 2084 4422 subsidiaque

292 4454 345 4496 ro».
360 4461 415 4504 aar.
436 4435 593 4522 expedire
615 4444 808 4518 noscuntur,
832 4444 866 4502 ct
889 4439 935 4503 sic
959 4460 998 4504 eo
1021 4439 1178 4519 faciente,
1202 4439 1256 4524 qui
1279 4445 1353 4524 post
1374 4437 1523 4502 nubilum
1546 4435 1603 4501 dat
1626 4458 1777 4502 serenum
1801 4443 1933 4524 etpost
1956 4446 2084 4526 tempe-

436 4546 552 4604 statem
575 4542 795 4625 tranquillum,
819 4548 889 4607 orta
911 4543 1053 4608 turbatio
1077 4543 1209 4607 maioris
1233 4543 1353 4628 quictis
1376 4542 1475 4606 faciet
1497 4540 1615 4607 adesse
1631 4539 1822 4620 remedium,
1846 4548 1881 4606 et
1902 4543 2086 4628 pleniorem

436 4643 637 4728 inposterum
660 4645 857 4729 urgentioris
888 4645 1117 4710 sollicitudinis
1141 4645 1283 4710 studium
1306 4645 1426 4731 poterit
1447 4665 1623 4730 procurare
1647 4646 1819 4710 cautelam.
1864 4643 1951 4710 Illud
1974 4653 2084 4711 autem
2139 4702 2157 4712 ..

435 4766 456 4809 a
477 4747 635 4811 memoria
657 4753 768 4812 nostra
793 4769 858 4812 non
881 4749 1018 4828 excidit,
1049 4748 1136 4834 quod
1158 4771 1216 4836 pro
1243 4748 1378 4813 licentia
1400 4746 1553 4812 veniendi
1576 4746 1770 4833 quandoque
1796 4747 1837 4812 ad
1865 4771 1925 4814 nos
1949 4749 2087 4835 speciali

435 4849 595 4936 petitione
629 4851 777 4937 pulsasti.
834 4851 899 4917 Sed
935 4852 1021 4937 quod
1055 4860 1131 4918 tunc
1164 4853 1269 4938 gratia
1298 4873 1364 4916 non
1394 4850 1544 4931 indulsit,
1577 4851 1756 4916 necessitas
1788 4873 1873 4916 nunc
1903 4860 2086 4938 extorquet.

437 4953 606 5036 Ceterum,
641 4962 677 5020 ut
712 4957 755 5021 sit
788 4962 863 5020 tuus
899 4955 940 5021 ad
972 4978 1031 5021 nos
1067 4977 1202 5022 securus
1235 4976 1403 5035 accessus,
1438 4955 1605 5019 carissimo
1640 4955 1673 5018 in
1707 4955 1837 5020 Christo
1872 4957 1939 5021 filio
1974 4964 2086 5022 nostro

436 5057 615 5141 Ilriderico,
644 5059 864 5125 Romanorum
889 5060 1078 5144 imperatori
1109 5081 1239 5146 semper
1266 5065 1423 5144 augusto,
1452 5057 1634 5122 Ierusalem
1662 5064 1697 5122 ct
1720 5057 1831 5124 Sicilie
1861 5061 1933 5144 regi
1957 5060 2085 5140 illustri,

436 5164 558 5248 scripta
579 5169 691 5229 nostra
714 5164 903 5244 direximus,
926 5169 963 5228 ut
986 5163 1046 5227 tibi
1068 5184 1107 5228 ac
1129 5165 1194 5228 tuis
1218 5163 1258 5229 de
1281 5164 1378 5250 plena
1401 5163 1578 5227 securitate
1602 5160 1732 5227 studeat
1755 5163 1938 5248 providere.

544 5300 631 5366 Data
653 5301 769 5383 Reate,
792 5301 875 5368 VIII
898 5301 973 5369 Kal.
996 5303 1082 5388 Aug.
1106 5324 1191 5369 anno
1215 5309 1321 5370 sexto.

979 5498 1320 5506 ——--,....-....-..-—-—-
1330 5496 1481 5502 ...-.---—

533 5628 555 5692 ⁸)
573 5629 610 5677 ''i“
628 5631 658 5682 Ii·
697 5630 804 5682 llllllttltt
822 5629 1001 5696 iratelllpeadoe
1019 5647 1071 5680 coac
1088 5631 1196 5696 stillatur,
1222 5631 1267 5696 qui
1284 5638 1406 5696 taaqrcam
1420 5630 1585 5696 psalraodc'oc
1603 5640 1692 5682 arrctor
1710 5631 1895 5682 celebrabatur.
2013 5629 2035 5696 ¹³)
2054 5648 2090 5682 aa

436 5721 616 5787 pretenderes?
697 5717 718 5783 ⁰)
737 5718 773 5766 ita
791 5716 823 5765 R.
