4596 6406
781 395 981 448 EPlS'fOLAE
999 396 1187 453 SELECTAE.
1224 401 1300 453 1238.
1802 405 1861 466 631

216 567 361 630 caritatis
386 567 528 630 braclriis
551 569 789 652 amplexamur,
814 569 928 646 iniis,
962 592 1024 655 que
1053 593 1073 634 a
1095 572 1190 636 nobis
1214 573 1299 638 iuste
1323 573 1454 638 duxerit
1477 572 1687 659 postulanda,
1721 575 1865 638 favorem

215 672 354 734 velimus
377 673 593 758 apostolicum
618 680 772 758 quantum
798 696 870 737 cum
895 673 967 738 Deo
992 697 1164 761 possumus
1188 677 1365 762 impertiri,
1400 677 1477 762 quia
1509 685 1621 740 tamen
1645 671 1733 742 idern
1757 701 1866 742 eomes

217 774 406 847 Dominum,
431 777 603 840 ecclesiam
628 784 661 840 et
684 779 927 842 ecclesiasticas
952 801 1170 864 personasse
1199 781 1457 845 ecclesiasticam
1486 782 1674 846 libertatem
1700 783 1866 846 multoties

217 879 306 942 etin
329 880 440 942 multis
464 881 610 945 noscitur
633 883 777 964 graviter
807 881 1002 958 offendisse,
1035 890 1169 968 propter
1199 884 1285 969 quod
1313 885 1486 970 multiplici
1516 886 1866 950 excommunicationis

152 1017 155 1028 ·
216 983 347 1047 vinculo
365 991 416 1046 est
431 985 595 1062 astrictus,
620 986 666 1049 sic
690 993 755 1048 tam
780 987 868 1070 regis
892 1006 988 1070 qnam
1012 987 1139 1050 comitis
1155 987 1378 1072 predictorum
1401 989 1697 1074 supplicationibus
1721 1010 1865 1054 annuere

216 1108 275 1150 nos
299 1093 438 1172 oportet,
462 1109 503 1152 ne
527 1087 724 1153 dissolvatur
747 1090 877 1153 omnino
902 1111 1022 1153 nervus
1046 1091 1270 1154 ecclesiastice
1289 1091 1481 1178 discipline:
1507 1092 1645 1177 ideoque
1664 1091 1866 1170 mandamus,

217 1199 378 1276 quatenus
413 1193 441 1255 si
475 1192 581 1256 dictus
617 1216 725 1258 comos
757 1195 879 1258 nostris
909 1201 942 1258 et
966 1195 1106 1258 ecclesie
1129 1194 1277 1259 Romane
1299 1195 1518 1280 beneplacitis
1542 1194 1652 1258 taliter
1676 1217 1711 1258 sc
1736 1203 1867 1282 coaptet

216 1297 306 1360 etin
332 1319 371 1360 eo
396 1297 491 1382 signa
515 1298 697 1362 devotionis
720 1306 900 1384 appareant
923 1297 1005 1362 adeo
1028 1299 1218 1376 manifesta,
1253 1298 1339 1382 quod
1369 1321 1404 1362 se
1440 1299 1620 1384 apostolice
1650 1297 1738 1362 sedis
1761 1299 1867 1383 gratia

218 1401 333 1465 merito
357 1401 488 1485 dignum
515 1401 645 1481 reddat,
682 1405 766 1466 sicut
789 1425 847 1488 per
870 1402 1004 1466 eosdem
1027 1401 1162 1465 nuncios
1186 1403 1305 1466 obtulit
1329 1424 1364 1466 se
1389 1403 1568 1481 facturum,
1602 1410 1775 1488 postquam
1808 1424 1868 1488 per

218 1513 261 1584 tc,
285 1505 337 1568 cui
360 1505 601 1571 absolutionem
623 1508 726 1592 ipsius
750 1507 993 1584 ommittimus,
1016 1505 1108 1569 iuxta
1131 1506 1268 1570 formam
1292 1507 1352 1570 tibi
1376 1506 1529 1570 traditam
1556 1507 1655 1572 fuerit
1685 1507 1865 1586 absolutus,

215 1615 350 1694 recepta
372 1631 431 1694 per
454 1608 596 1673 eundem
620 1632 731 1694 regem
754 1609 795 1674 de
820 1610 957 1673 consilio
980 1608 1215 1672 venerabilium
1231 1609 1367 1672 fratrum
1385 1617 1571 1674 nostrorum
1587 1609 1809 1674 Sunonensia¹
1834 1616 1867 1672 et

216 1711 515 1796 Rothomagonsis²
539 1713 868 1798 archiepiscoporum,
892 1712 1009 1796 quibus
1033 1734 1131 1798 super
1161 1712 1223 1776 boc
1247 1713 1370 1798 scripta
1400 1721 1513 1777 nostra
1535 1713 1722 1798 dirigimus,
1756 1720 1867 1799 proter

217 1814 404 1877 iuratorium
430 1815 605 1878 sufficienti
635 1823 668 1877 et
698 1813 816 1878 idonea
839 1815 1005 1892 cautione,
1040 1812 1125 1896 quod
1161 1814 1194 1876 in
1226 1815 1377 1899 proximo
1413 1818 1560 1901 generali
1592 1817 1769 1902 passagio³
1793 1838 1865 1880 cum

217 1917 290 1981 aliis
315 1917 575 1982 Ultromentanis
610 1918 702 1981 iuxta
737 1940 795 1981 sue
830 1917 1009 1981 nobilitatis
1043 1918 1224 2002 potentiam
1258 1919 1501 1994 transfretabit,
1537 1921 1570 1984 in
1597 1922 1756 2006 obsequio
1780 1920 1866 1983 dicte

219 2029 305 2084 terro
330 2043 389 2106 per
412 2022 587 2085 triennium
612 2029 807 2100 moraturus,
831 2020 989 2084 redeundi
1013 2043 1055 2084 cx
1078 2029 1155 2084 tunc
1175 2021 1341 2085 licentiam
1359 2025 1561 2108 presentium
1586 2024 1648 2088 sibi
1672 2025 1865 2088 auctoritate

218 2124 392 2203 concedas,
417 2125 462 2188 ita
486 2125 638 2189 videlicet
661 2124 747 2210 quod
772 2125 797 2188 si
822 2132 934 2187 contra
958 2124 1118 2209 premissa
1141 2125 1277 2204 venerit,
1301 2126 1335 2188 in
1360 2126 1449 2189 nullo
1473 2128 1536 2191 sibi
1560 2150 1718 2192 concessa
1733 2129 1866 2192 licentia

217 2229 423 2312 suffragetur,
447 2235 497 2292 set
520 2251 578 2315 pro
602 2229 793 2292 inconcessa
814 2227 924 2313 potius
946 2228 1135 2293 habeatur‘.

328 2347 403 2412 Dat.
426 2349 500 2415 Lat.
522 2350 553 2414 V
575 2349 623 2415 Id.
648 2349 721 2416 Iun.
745 2371 829 2414 aurio
852 2347 928 2414 XII.

836 2599 1246 2606 --—--·—--------—-1-—-—-

326 2941 518 3049 (fruor-tus
541 2970 595 3033 IX
625 2990 714 3049 popu
743 2968 890 3031 ,arraudo
926 2958 1073 3031 cauea-ici)
1106 2966 1242 3031 Suuctuc
1266 2965 1398 3029 diariuc
1433 2967 1478 3029 ud
1501 2967 1631 3032 (fructus
1660 2967 1868 3049 Mequutiuac

138 3101 164 3139 ao
216 3076 361 3140 strutcucti
384 3071 486 3139 cautu
507 3074 543 3136 iu
564 3073 634 3136 iurc
656 3072 803 3136 curioruco
825 3075 853 3134 ct
875 3070 961 3134 cicili
976 3092 1037 3150 pcr
1059 3070 1232 3133 tricuuiruu
1253 3073 1282 3132 ct
1299 3069 1505 3149 percipiendi,
1526 3072 1660 3152 exceptis
1682 3071 1867 3152 arabasdum

215 3179 497 3256 distributionibus,
515 3198 575 3258 per
597 3177 700 3257 ipsum
723 3181 841 3257 tcnqrrcs
856 3179 1028 3256 prouentus
1050 3193 1121 3239 suos
1143 3172 1360 3238 ccctcsiusticos
1381 3171 1567 3252 facultatem
1588 3175 1731 3240 concedit.

1505 3281 1598 3355 1238,
1622 3279 1705 3359 Sept.
1729 3282 1780 3342 28.

322 3371 403 3437 Grrq.
423 3367 471 3420 IX
490 3366 558 3434 ΒΨ.
580 3364 636 3418 Vol.
658 3364 706 3427 VI,
727 3369 775 3426 o'5‚·
793 3362 854 3417 Lib.
874 3362 947 3426 XII,
966 3367 1031 3416 282.

321 3455 457 3516 I’ottbust
476 3453 544 3520 Rep.
565 3455 665 3504 lOb'b'O.

403 3647 609 3721 Arnaldo
637 3643 851 3718 carronico
881 3643 1069 3716 ecclesie
1096 3648 1249 3715 sancte
1277 3640 1413 3715 illarie
1440 3645 1491 3716 ad
1520 3644 1693 3718 Gradus

900 3763 1184 3856 Maguntine.

327 3919 547 3992 Querentibus
572 3919 604 3982 in
628 3939 706 4002 agro
731 3916 829 3980 studii
852 3915 990 3980 scientie
1013 3914 1232 3999 margaritam,
1256 3935 1319 3998 que
1343 3913 1473 3979 domurn
1487 3913 1619 3980 Domini
1644 3916 1868 4002 multiplieiter

219 4023 385 4104 decorate,
409 4023 551 4087 libenter
574 4045 633 4086 nos
656 4021 854 4086 favorabiles
878 4019 1084 4098 exhibemus,
1108 4025 1141 4082 et
1164 4017 1353 4098 annuimus,
1378 4027 1533 4103 quantum
1557 4041 1630 4084 cum
1653 4019 1726 4084 Deo
1749 4042 1866 4106 possu-

220 4149 308 4206 mus,
345 4127 639 4213 supplicationibus
674 4125 862 4190 eorundem.
908 4124 989 4188 Cum
1019 4123 1133 4208 igitur,
1172 4122 1257 4185 sicut
1286 4122 1318 4184 in
1342 4129 1454 4186 nostra
1477 4124 1676 4209 proposuisti
1700 4122 1868 4209 presentia

222 4232 436 4309 constitutus,
471 4230 512 4294 de
544 4230 677 4294 lieentia
700 4231 746 4294 tui
770 4229 903 4316 capituli
930 4227 1037 4292 studio
1060 4225 1139 4290 iuris
1164 4226 1311 4289 canonici
1344 4233 1377 4290 et
1408 4227 1511 4291 civilis
1534 4250 1594 4314 per
1617 4225 1866 4313 quadriennium

221 4333 355 4398 duxeris
379 4333 594 4398 insistendum
618 4341 652 4398 et
675 4333 755 4397 satis
778 4331 989 4396 laudabiliter
1019 4330 1198 4416 profeceris
1232 4329 1264 4392 in
1297 4329 1413 4394 codem
1442 4332 1538 4416 eique
1567 4331 1673 4396 adhuc
1698 4330 1866 4396 desideres

220 4438 387 4503 insudare:
411 4461 471 4502 nos
494 4439 558 4502 tuis
581 4436 709 4502 devotis
734 4436 1027 4524 supplicationibus
1050 4435 1227 4517 benignum
1251 4433 1478 4518 impertientes
1501 4456 1684 4515 assensum,
1715 4433 1867 4499 studendi

222 4541 328 4606 adbuc
360 4543 394 4606 in
422 4541 491 4606 iure
521 4564 580 4627 per
602 4541 777 4605 triennium
801 4547 834 4604 et
857 4536 1060 4626 percipiendi
1084 4560 1143 4624 per
1165 4538 1274 4624 ipsum
1296 4544 1427 4623 tempus
1450 4546 1629 4624 proventus
1658 4546 1732 4603 tuos
1761 4538 1867 4602 ecclc·

221 4646 382 4726 siasticos,
417 4646 564 4732 exceptis
598 4644 885 4708 distributionibus
919 4663 981 4729 que
1014 4648 1253 4707 consueverunt
1275 4647 1401 4706 tantum
1424 4642 1646 4707 residentibus
1669 4650 1702 4707 et
1724 4642 1788 4706 hiis
1812 4642 1866 4726 qui

141 4777 166 4814 as
220 4749 382 4814 intersunt
406 4750 494 4814 horis
519 4750 682 4814 canonicis
705 4748 901 4828 ministrari,
932 4746 992 4810 tibi
1022 4745 1209 4810 huiusmodi
1238 4744 1346 4808 studio
1378 4746 1543 4811 insistenti
1573 4747 1767 4812 auctoritate
1791 4768 1866 4832 pre-

219 4854 361 4918 sentium
378 4853 588 4918 concedimus
603 4854 802 4918 facultatem.
838 4851 929 4916 Nulli
945 4872 1024 4935 ergo
1038 4889 1078 4898 -
1091 4857 1201 4914 nostra
1219 4849 1439 4914 concessionis
1453 4857 1515 4917 etc.
1549 4851 1660 4937 Siquis
1676 4858 1787 4915 autern
1803 4857 1866 4914 etc.

327 4973 404 5037 Dat.
428 4973 590 5058 Anagnia,
614 4972 684 5037 IIII
707 4973 782 5036 Kal.
806 4971 971 5052 Octobris,
995 4991 1080 5035 anno
1104 4969 1307 5034 duodecimo.

329 5093 369 5157 In
405 5094 545 5159 eundem
580 5095 648 5160 fere
682 5093 845 5161 modum.
870 5093 1026 5161 ,decano
1066 5099 1099 5157 et
1132 5090 1399 5156 ..thesaurario
1434 5091 1544 5155 Sancti
1570 5089 1662 5154 Petri
1692 5097 1725 5154 et
1747 5089 1801 5156 W.
1826 5089 1866 5156 de

218 5195 405 5262 Eeheburn.
451 5199 609 5262 canonico
645 5197 838 5284 Maguntino
873 5219 991 5282 usque:
1029 5197 1229 5261 facultatem.
1284 5193 1430 5282 Ideoque
1468 5192 1676 5275 mandamus,
1716 5195 1867 5278 quatinus

321 5343 366 5348 -——
380 5345 385 5348 -
413 5345 419 5348 -
434 5344 566 5350 -—--.—-
579 5343 905 5350 *——,....-..--.-—-.-—
1082 5343 1135 5347 —
1147 5337 1559 5348 ——....—-,...-———-—..—·
1569 5337 1732 5342 —-....-.-—..

140 5450 167 5488 ⁴⁰
319 5445 342 5506 ὃ)
361 5453 387 5496 ct
404 5445 506 5496 decorat
523 5446 552 5496 in
569 5445 601 5496 B.
619 5445 758 5511 repetimus.

323 5546 350 5614 1)
375 5544 497 5598 Woltcri.
601 5546 628 5610 2)
649 5545 727 5599 Pctri
744 5545 777 5600 ue
797 5541 963 5598 Cullcmcdio.
1069 5540 1095 5606 3)
1115 5539 1179 5592 Scit.
1198 5557 1224 5593 a.
1243 5542 1320 5600 1:³39,
1347 5539 1411 5592 Iun.
1429 5543 1476 5602 24,
1503 5537 1541 5605 cs.
1558 5555 1585 5591 a.
1606 5541 1665 5590 716.
1768 5535 1796 5602 4)
1814 5535 1868 5590 ‘Dc

218 5632 319 5700 quibua
346 5631 427 5685 ctiam
453 5631 490 5686 ud
515 5635 544 5687 S.
563 5632 734 5687 Ludouicum
758 5631 931 5686 flamarum
957 5643 1043 5696 rcqcm
1070 5625 1150 5679 binus
1176 5625 1271 5678 literas
1298 5629 1440 5679 exorauit:
1466 5625 1612 5693 praetem:
1641 5623 1868 5692 archiepiscopis,

221 5719 356 5796 episcopis
375 5733 407 5771 oc
422 5719 601 5798 principibus
619 5736 712 5776 cerusa
730 5721 851 5778 locorum
869 5717 936 5774 uiris
954 5717 1073 5786 tcyatum
1091 5729 1171 5768 cuuto
1188 5711 1337 5782 lionorificc
1355 5712 1509 5784 exciperem
1526 5710 1689 5783 iorpcrouit!
1723 5710 1816 5782 Ruyn.
