4596 6406
145 1187 158 1226 5

124 4871 152 4912 10

124 5629 151 5670 45

775 381 974 438 EPISTOLAE
991 381 1182 438 SELEO'IAE.
1217 381 1294 437 1240.
1798 389 1861 451 685

276 683 320 758 G.
348 683 399 756 de
426 684 661 773 Romania,
689 684 967 758 subdiacono
994 690 1039 758 et
1067 684 1308 776 capellano
1335 691 1515 775 nostro,
1543 686 1793 778 apostolice

878 804 1000 878 sedis
1026 804 1189 897 legate.

316 956 432 1042 Nuper
464 975 523 1042 pro
559 954 697 1020 dirersis
732 960 765 1018 et
796 954 909 1019 arduis
938 955 1078 1019 ecclesie
1107 954 1255 1019 Romane
1282 955 1425 1040 negotiis
1456 954 1670 1020 ecclesiarum
1705 954 1859 1039 prelatos,

210 1082 324 1146 regum
355 1081 393 1125 ao
421 1061 605 1147 principum
634 1060 764 1124 nuutios
796 1058 836 1123 ad
868 1059 991 1124 festum
1022 1060 1271 1123 resurrectionis
1294 1058 1469 1124 Dominice
1493 1059 1642 1147 proximo
1665 1055 1860 1122 venturum¹

211 1164 365 1229 duximus
389 1163 429 1228 ad
453 1171 598 1227 nostram
614 1163 815 1250 presentiam
832 1162 1049 1228 advocandos.
1094 1163 1218 1228 Verum
1235 1164 1321 1249 quia,
1344 1164 1429 1227 sicut
1444 1184 1503 1249 pro
1519 1168 1610 1227 certo
1626 1161 1860 1240 intelleximus,

209 1267 396 1333 Fridericus
420 1267 526 1332 dictus
549 1267 742 1353 imperator,
767 1266 975 1332 adversarius
1004 1266 1068 1331 Dei
1096 1273 1129 1332 et
1152 1267 1310 1349 ecclesie,
1338 1268 1545 1332 vocationem
1573 1267 1678 1352 ipsam
1702 1269 1859 1351 quantum

209 1378 319 1460 potest
346 1370 459 1434 nititur
488 1369 646 1455 impedire
657 1368 681 1450 ²,
704 1369 917 1456 precipiendo
941 1369 1151 1452 mandamus,
1183 1373 1336 1457 quatinus
1366 1393 1439 1437 cum
1469 1371 1561 1436 nulla
1582 1371 1710 1435 ratione
1734 1373 1859 1432 tantam

210 1475 435 1541 confusionem
458 1474 599 1538 ecclesie
623 1475 786 1538 sustinere
810 1475 986 1561 possimus,
1010 1475 1095 1538 sicut
1117 1495 1227 1538 earam
1253 1474 1358 1539 habes
1387 1476 1526 1560 gratiam
1558 1472 1740 1561 apostolice
1770 1471 1859 1535 sedis

209 1586 243 1644 et
264 1584 420 1659 nostram,
445 1598 519 1641 cum
540 1577 643 1642 nobili
666 1578 735 1641 viro
759 1627 767 1642 .
792 1628 800 1644 .
821 1584 988 1664 potestate
1012 1585 1046 1644 et
1070 1580 1204 1644 consilio
1227 1578 1400 1659 Ianuensi,
1431 1577 1518 1664 quod
1540 1583 1667 1642 tantum
1688 1595 1859 1640 numerum

211 1683 380 1768 galearum
403 1687 436 1746 et
459 1681 601 1762 navium,
624 1680 657 1745 in
681 1680 798 1766 quibus
822 1682 967 1767 prelatos
991 1689 1023 1747 et
1046 1683 1128 1746 alios
1151 1682 1191 1747 ad
1220 1683 1327 1770 ipsum
1351 1682 1526 1747 concilium
1548 1681 1719 1746 venientes
1743 1699 1859 1744 secure

209 1787 250 1851 ad
274 1786 387 1852 sedem
411 1779 624 1872 apostolicam
648 1784 845 1850 deferendos
874 1791 908 1849 et
936 1785 1141 1852 reducendos
1175 1787 1208 1850 in
1230 1787 1330 1868 locis,
1361 1808 1443 1873 quos
1474 1791 1584 1850 tecum
1611 1790 1740 1850 etcum
1763 1783 1859 1848 dictis

208 1897 373 1979 potestate
397 1895 430 1954 et
454 1888 592 1953 consilio
616 1886 758 1952 dilectus
781 1888 867 1953 filius
883 1889 985 1954 frater
999 1889 1040 1954 N.
1058 1888 1289 1954 Cistercieusis
1306 1889 1427 1954 ordinis
1443 1890 1529 1954 lator
1543 1889 1746 1976 presentium
1762 1907 1859 1972 quem

209 1995 250 2059 ob
273 1995 335 2059 hoc
358 1992 610 2058 transmittimus
635 1996 768 2071 statuet,
792 1993 921 2079 possint
936 1993 1094 2078 recipere,
1117 1998 1304 2079 preparent,
1328 2013 1390 2057 neo
1413 2013 1479 2056 non
1502 1991 1542 2056 de
1566 1998 1657 2058 certo
1679 1991 1777 2056 naulo
1799 2009 1858 2075 pro

211 2098 348 2183 singulis
371 2097 477 2182 galeis
501 2102 534 2159 et
556 2095 695 2160 navibus
718 2096 765 2159 sic
789 2102 895 2178 caute,
919 2097 966 2161 sic
990 2103 1135 2176 secreto,
1160 2096 1246 2182 quod
1268 2096 1302 2160 id
1324 2116 1546 2181 nequaquam,
1569 2101 1744 2181 antequam
1766 2093 1860 2157 firma

211 2201 277 2265 siut
299 2200 409 2264 omnia
432 2205 466 2264 et
488 2199 624 2264 firmiter
645 2199 809 2279 roborata,
832 2199 874 2264 ad
897 2200 975 2265 dicti
998 2199 1159 2266 Frideriei
1181 2200 1234 2264 rel
1262 2221 1396 2264 suorum
1426 2199 1589 2265 fautorum
1612 2199 1762 2264 notitiam
1784 2217 1858 2284 per-

209 2304 320 2368 venire
343 2304 463 2383 valeat,
487 2301 638 2366 ordinare
661 2323 828 2389 procures,
852 2302 893 2366 ab
916 2303 998 2389 ipsis
1018 2302 1236 2368 Ianueusibus
1260 2303 1429 2368 cautiones
1453 2303 1500 2367 sio
1525 2303 1725 2368 sufficientes
1746 2307 1858 2365 nostro

208 2415 241 2472 et
273 2407 416 2473 ecclesie
448 2405 597 2470 Romane
632 2406 764 2470 nomine
800 2413 1012 2492 recepturus,
1047 2407 1133 2494 quod
1162 2428 1261 2493 super
1290 2407 1353 2472 hoc
1384 2407 1566 2472 intentione
1589 2427 1648 2471 sua
1670 2399 1869 2470 nullomodo

207 2511 357 2576 frustrari
380 2509 486 2598 possit
508 2510 660 2590 ecclesia,
685 2515 719 2574 et
734 2511 941 2598 prudentiam
958 2519 1048 2576 tuam
1064 2511 1228 2599 possimus
1245 2511 1364 2576 exinde
1382 2511 1603 2598 multipliciter
1618 2508 1858 2575 commendare.

207 2616 276 2680 Nos
301 2615 387 2678 enim
411 2613 517 2678 eidem
540 2612 634 2677 fratri
656 2614 697 2680 N.
714 2614 886 2679 ordinandi
909 2614 949 2680 de
973 2617 1111 2680 consilio
1129 2622 1196 2697 tuo,
1212 2616 1410 2681 venerabilis
1427 2615 1536 2680 fratris
1560 2615 1663 2679 nostri
1686 2663 1695 2679 .
1719 2664 1727 2680 .
1750 2612 1858 2677 archi-

209 2717 382 2805 episcopi³
416 2724 450 2782 et
483 2717 665 2802 aliquorum
705 2717 902 2804 prudentum
936 2721 1153 2806 prelatorum,
1188 2719 1324 2784 fratrum
1360 2719 1606 2785 Predioatorum
1634 2724 1668 2783 et
1695 2717 1858 2782 Minorum

206 2821 417 2888 Ianueusium
441 2842 479 2885 ac
502 2821 652 2904 alionum,
677 2843 758 2907 quos
783 2822 904 2887 videris
927 2824 1096 2910 expedire,
1121 2846 1220 2910 super
1241 2824 1418 2889 securitate
1441 2823 1529 2888 nauli
1553 2829 1586 2887 ct
1609 2822 1682 2886 aliis
1707 2818 1858 2884 omnibus

207 2927 402 2991 necessariis
427 2923 631 3010 exequendis
656 2926 787 3012 plenam
811 2927 1007 2991 contulimus
1031 2933 1239 3014 potestatem,
1263 2928 1316 2993 oui
1339 2949 1388 3008 ca,
1411 2948 1474 3014 que
1495 2926 1554 2992 tibi
1577 2948 1619 2991 ex
1636 2931 1729 3014 parte
1747 2929 1859 2988 nostra

206 3029 338 3111 dixerit,
362 3027 499 3094 credere
523 3035 556 3092 et
579 3028 758 3094 efficaciter
779 3029 958 3116 adimplere
981 3051 1148 3118 procures.

315 3150 391 3215 Dat.
415 3147 568 3214 Lateran.
592 3148 643 3212 ΠΙ
666 3149 716 3216 Id.
740 3149 858 3215 Octob.
881 3151 1092 3238 pontificatus
1114 3154 1217 3217 nostri
1240 3173 1324 3217 anuo
1347 3151 1460 3218 XIIII.

315 3269 355 3335 In
378 3270 518 3336 cundem
542 3269 673 3334 modurn
695 3271 798 3336 nobili
813 3273 883 3336 riro
908 3322 941 3339 ..
964 3273 1124 3359 potestati
1140 3272 1294 3338 Ianuensi
1316 3293 1437 3358 usque:
1460 3270 1573 3336 nititur
1595 3271 1764 3359 impedire,
1787 3291 1858 3348 nos,

205 3374 356 3438 nolentes
389 3381 456 3438 tam
495 3379 644 3446 sanctum
679 3376 844 3459 generalis
879 3376 1031 3440 utilitatis
1068 3375 1275 3462 propositum
1311 3375 1462 3439 humanis
1495 3374 1650 3439 versutiis
1686 3373 1858 3453 retardari,

205 3476 325 3542 dilecto
338 3477 403 3541 filio
417 3475 457 3542 G.
472 3476 513 3541 de
529 3476 691 3541 Romania
703 3477 904 3544 subdiacono
918 3485 950 3543 et
968 3479 1138 3565 capellano
1152 3486 1276 3559 nostro,
1293 3477 1475 3566 apostolice
1493 3477 1580 3542 sedis
1599 3477 1721 3563 legato,
1735 3476 1858 3541 nostris

205 3581 320 3646 damus
348 3581 464 3646 litteris
494 3581 527 3645 in
554 3582 733 3668 preceptis,
766 3588 803 3647 ut
831 3589 943 3648 tantus
970 3605 1126 3649 numerus
1154 3585 1304 3665 navium,
1328 3583 1500 3669 galearum
1525 3588 1558 3646 at
1579 3581 1800 3660 usceriorum,
1823 3580 1858 3643 in

206 3685 325 3771 quibus
357 3685 499 3771 prelati·
533 3691 567 3749 et
600 3686 656 3749 alii
693 3686 734 3750 ad
768 3687 876 3772 ipsum
900 3689 1074 3753 concilium
1095 3689 1267 3755 venientes
1300 3708 1420 3754 secure
1443 3687 1485 3751 ad
1508 3685 1620 3750 sedem
1643 3685 1858 3772 apostolicam

206 3789 376 3854 deserendi
400 3794 433 3852 et
456 3787 634 3854 reducendi
657 3789 690 3853 in
713 3791 882 3876 oportunis
905 3792 1001 3872 locis,
1033 3813 1096 3878 que
1129 3792 1236 3856 dictus
1266 3792 1398 3877 legatus
1426 3797 1459 3856 et
1489 3789 1627 3854 dilectus
1649 3789 1736 3860 filius,
1757 3787 1859 3852 frater

203 3891 245 3958 N.
269 3891 498 3958 cisterciensis
522 3892 645 3957 ordinis
668 3893 754 3958 lator
776 3895 977 3981 presentium
1001 3916 1099 3982 quem
1123 3896 1165 3960 ob
1188 3896 1250 3960 hoe
1274 3895 1526 3960 transmittimus
1549 3894 1590 3959 de
1620 3898 1677 3957 tuo
1701 3899 1734 3956 et
1756 3890 1856 3956 Ianu-

205 3996 333 4062 eusium
357 3995 495 4061 consilio
519 4002 676 4078 statuent,
689 3998 818 4084 possint
833 3999 947 4085 recipi,
962 4005 1166 4085 preparetur,
1189 4019 1251 4064 neo
1274 4019 1340 4062 uon
1364 3998 1405 4063 de
1423 4004 1512 4063 certo
1528 3998 1626 4062 naulo
1643 4016 1702 4083 pro
1719 3993 1857 4080 siugulis

204 4100 356 4182 navibus,
378 4100 485 4185 galeis
508 4105 542 4164 et
564 4100 702 4165 usceriis
731 4101 778 4165 sic
807 4107 901 4166 caute
925 4107 987 4166 etc.
1018 4107 1054 4165 ut
1077 4123 1176 4188 supra
1194 4123 1317 4188 usque:
1351 4101 1501 4166 ordinare
1529 4105 1697 4187 procuret,
1721 4119 1741 4163 a
1762 4103 1795 4162 te
1818 4119 1857 4163 ac

204 4204 351 4292 predicto
384 4204 523 4268 consilio
557 4205 726 4269 cautiones
763 4205 846 4270 adeo
880 4205 1084 4270 sufficientes
1116 4213 1179 4271 etc.
1211 4226 1335 4292 usque:
1377 4202 1616 4271 commendare.
1677 4200 1747 4266 Nos
1779 4223 1857 4266 vero

205 4308 315 4393 legato
341 4313 374 4372 et
396 4307 489 4372 fratri
512 4306 666 4393 predictis
690 4308 861 4373 ordinandi
893 4308 933 4374 de
964 4309 1101 4374 consilio
1124 4314 1187 4374 etc.
1211 4330 1330 4397 usque:
1361 4309 1492 4394 plenam
1516 4305 1739 4372 concessimus
1762 4314 1856 4393 pote-

205 4417 334 4477 statem.
380 4409 542 4484 Quocirca
564 4409 771 4475 nobilitatem
792 4418 883 4476 tuam
905 4433 1060 4499 rogamus
1084 4418 1117 4477 et
1138 4412 1307 4477 hortamur
1325 4411 1491 4493 attentius,
1514 4432 1574 4498 per
1590 4411 1773 4496 apostolica
1796 4410 1856 4474 tibi

205 4514 326 4600 scripta
342 4513 547 4594 mandantes,
571 4513 723 4599 quatinus
740 4513 863 4580 eisdem
886 4515 997 4601 legato
1022 4523 1055 4582 et
1077 4516 1169 4582 fratri
1192 4517 1238 4582 sio
1261 4516 1391 4598 etlicax,
1416 4516 1463 4581 sic
1484 4515 1663 4600 benignum
1686 4514 1854 4596 auxilium,

205 4617 377 4682 consilium
399 4618 524 4682 tribuas
548 4625 583 4682 et
603 4617 760 4699 favorem,
784 4617 870 4704 quod
891 4619 968 4685 inde
991 4627 1048 4684 tua
1070 4620 1200 4684 devotio
1222 4620 1326 4705 possit
1341 4619 1458 4684 merito
1481 4618 1713 4701 commendari,
1738 4624 1771 4684 et
1794 4639 1855 4684 nos

207 4720 265 4785 tibi
287 4727 382 4808 grata
404 4721 606 4808 respondere
628 4722 854 4788 vicissitudine
878 4729 1057 4792 teneamur.

313 4840 389 4909 Dat.
412 4849 449 4908 ut
471 4864 581 4930 supra.

310 4962 349 5028 In
374 4964 513 5030 eundem
542 4964 704 5029 modum.
729 4965 917 5053 .episcopo
950 4967 1181 5049 Penestrino⁴,
1214 4965 1395 5052 apostoliea
1429 4963 1519 5029 sedis
1546 4965 1657 5048 legato
1669 4965 1692 5045 ⁵,
1728 4983 1851 5050 usque:

202 5068 334 5153 plenam
358 5069 581 5134 concessimus
603 5074 815 5154 potestatem.
852 5072 977 5138 Verum
993 5073 1068 5158 quia
1083 5070 1284 5159 presentiam
1301 5077 1389 5134 tuam
1406 5067 1514 5134 eidem
1538 5067 1675 5130 concilio
1692 5088 1732 5131 eo
1748 5067 1852 5151 magis

203 5177 397 5256 oportunam
422 5171 596 5254 credimus,
619 5193 683 5258 quo
708 5174 900 5241 salubrioris
923 5176 1049 5242 fructus
1065 5175 1194 5242 consilii
1218 5197 1262 5240 ex
1283 5180 1339 5238 tua
1354 5171 1529 5259 prudentia
1543 5170 1715 5257 provenire
1740 5191 1855 5257 spera-

300 5463 324 5532 ·)
342 5467 445 5535 prelatis
462 5475 488 5520 et
504 5469 561 5521 aliis
580 5497 613 5508 -
631 5471 795 5525 venientibus
814 5499 846 5508 -
864 5471 1008 5523 deserendis
1025 5479 1052 5524 ct
1069 5471 1221 5522 morandis
1238 5469 1271 5521 B.

307 5602 335 5669 l)
353 5601 439 5656 Mori.
460 5605 508 5670 31,·
526 5603 564 5672 es.
582 5620 608 5660 a.
630 5608 690 5662 781.
749 5605 777 5674 2)
797 5607 838 5675 Os.
850 5605 1091 5671 amsa-nsoter,
1107 5605 1125 5660 l.
1143 5621 1165 5658 c.
1182 5619 1209 5658 a.
1230 5605 1312 5668 3138,
1333 5605 1414 5670 3139,
1433 5605 1511 5670 3111,
1529 5605 1609 5657 3115.
1661 5601 1690 5670 3)
1709 5600 1856 5657 Iotoasrs's.

202 5688 230 5758 1)
249 5687 362 5742 Iacobo.
437 5688 466 5758 ir)
482 5687 513 5742 iss
529 5689 655 5746 stoacio
672 5693 698 5745 ct
716 5691 874 5748 Prcoimto.
