4590 6366
782 397 981 460 nnsronsn
999 399 1188 463 sensoria.
1225 403 1301 465 reas.
1376 365 1383 377 ’
1742 451 1744 456 -
1806 413 1868 481 547

216 569 258 638 ab
281 571 363 660 ipsis
385 580 476 640 recta
498 572 586 639 linea
609 571 650 639 ad
673 574 780 641 nullos
804 575 963 659 honores,
993 578 1185 666 dignitates,
1211 579 1359 664 ordines,
1384 584 1610 652 ecelesiastica
1631 585 1794 654 beneficia
1815 589 1868 655 sel

215 678 347 764 publica
370 680 478 744 officia
507 681 668 744 secularia
697 682 876 746 nuntiatisa
897 682 938 747 de
962 691 1073 749 cetero
1099 688 1330 769 assumendos,
1359 710 1397 754 ae
1427 690 1496 756 iura
1519 699 1711 778 patronatus
1733 695 1786 759 vel
1810 693 1868 758 ad·

217 782 354 862 vocatia,
378 781 477 863 feudi,
501 783 672 848 locationis
694 805 753 849 seu
775 785 922 870 quolibet
945 787 1011 852 alio
1032 787 1113 868 iure,
1137 789 1223 874 qnod
1239 791 1271 854 in
1290 792 1493 877 quibuslibet
1508 797 1658 861 ecclesiis
1674 797 1867 878 habuerant,

216 887 286 950 iore
308 887 470 973 privatos;
493 887 567 952 illos
590 889 700 967 etiarn,
724 890 780 972 qui
803 889 947 954 scienter
969 893 1153 977 receperint
1176 895 1404 962 malefactores
1422 898 1555 963 eosdem
1579 900 1632 964 vel
1656 907 1769 966 contra
1791 923 1867 988 pre-

219 989 319 1053 missa
348 990 460 1054 venire
489 992 765 1077 presumpserint,
801 993 872 1077 ipso
907 994 993 1059 facto
1023 996 1160 1061 clericos
1194 1006 1389 1084 perpetuam
1423 1004 1673 1088 suspensionem
1704 1005 1804 1068 officii
1835 1010 1869 1070 et

215 1092 385 1174 beneficii,
421 1094 523 1159 laicos
557 1116 635 1158 vero
671 1097 1018 1161 excommunicationis
1054 1103 1252 1166 sententiam
1287 1104 1488 1170 incursuros.
1554 1106 1608 1170 Ad
1644 1107 1706 1171 hec
1739 1107 1868 1171 banniri

214 1196 342 1260 iacietis
358 1197 539 1262 homicidas
555 1199 751 1277 huiusmodi,
775 1200 821 1263 ita
844 1199 930 1284 quod
953 1201 1062 1287 aliquo
1086 1204 1219 1288 ingenio
1243 1229 1303 1293 per
1326 1228 1361 1273 se
1385 1210 1437 1274 vel
1462 1229 1521 1295 per
1543 1211 1625 1275 alios
1649 1208 1690 1275 ad
1712 1211 1787 1275 loca
1809 1230 1869 1274 sua

213 1299 321 1365 redire
344 1302 571 1387 nonpossint,
601 1321 778 1386 corumque
804 1301 891 1366 bona
921 1305 1030 1368 omnia
1060 1305 1240 1391 publicari,
1271 1309 1312 1374 de
1336 1311 1402 1375 illis
1425 1312 1535 1376 taliter
1556 1311 1757 1400 disponendo
1781 1311 1868 1399 quod

213 1403 255 1467 ad
282 1404 373 1489 ipsos
396 1405 449 1468 uel
472 1425 586 1469 eorum
608 1406 747 1472 heredes
775 1407 865 1471 nulla
891 1409 1063 1474 occasione
1086 1410 1224 1475 ulterius
1248 1421 1469 1490 revertantur;
1498 1416 1685 1481 mandatum
1718 1423 1866 1481 nostrum

214 1508 324 1571 taliter
346 1508 529 1593 impleturi,
553 1509 638 1594 quod
662 1509 867 1594 diligentiam
889 1517 1032 1575 vestram
1056 1514 1285 1580 commendare
1309 1518 1341 1580 in
1366 1516 1510 1583 Domino
1534 1517 1723 1584 debeamus.
1767 1517 1866 1584 Inde-

212 1609 303 1674 fessa
326 1631 443 1696 nempe
468 1611 688 1676 sollicitudine
712 1612 752 1676 ad
776 1612 936 1677 ultionem
959 1615 1041 1678 tanti
1065 1615 1220 1681 facinoris
1242 1617 1392 1684 Romana
1415 1621 1558 1685 ecelesia
1580 1621 1745 1706 vigilabit,
1769 1643 1810 1687 ne
1833 1623 1867 1686 in

214 1713 400 1798 exemplum
423 1713 534 1795 abeat,
563 1714 670 1800 siquid
693 1714 733 1779 de
757 1714 901 1779 vindicta
923 1716 1023 1782 fuerit
1044 1721 1254 1805 negligenter
1275 1723 1447 1804 omissum,
1480 1732 1516 1789 ut
1542 1745 1627 1810 pene
1651 1724 1866 1807 immensitas,

212 1815 330 1880 diffusa
352 1838 410 1902 per
433 1817 547 1882 orbem
569 1825 698 1912 terreat
712 1820 916 1905 pestilentes,
939 1841 1004 1885 non
1021 1823 1127 1886 solum
1147 1845 1263 1889 manua
1287 1845 1307 1888 a
1329 1827 1490 1892 similibus
1508 1827 1666 1892 cohibens
1690 1834 1740 1892 set
1767 1829 1865 1893 etiam

180 1935 182 1939 ·
214 1919 431 2003 cogitationes
454 1929 618 1987 avertens.

322 2039 398 2104 Dat.
421 2039 561 2122 Perusii‚
585 2041 619 2105 II
641 2041 716 2106 Kal.
738 2041 894 2126 Augusti,
918 2064 1003 2108 anno
1026 2043 1086 2108 IX.

997 2512 1083 2585 648.

319 2621 591 2733 Gramen(
606 2669 695 2730 papa
719 2649 883 2730 principes
906 2645 1125 2717 ecclesiasticos
1146 2658 1175 2717 et
1197 2653 1374 2718 mumanae
1396 2655 1431 2718 in
1452 2657 1544 2721 caria
1565 2657 1727 2738 imperiali
1753 2661 1865 2724 causti-

213 2757 293 2817 tutos
315 2757 412 2836 rapat,
434 2755 469 2816 at
487 2751 686 2817 Fridericam
703 2751 917 2816 Romanorum
940 2755 1157 2835 imperatorem
1179 2757 1340 2835 inducant,
1363 2762 1398 2821 ut
1419 2759 1575 2841 nepotiana
1596 2761 1751 2825 secedatis
1773 2761 1865 2826 Mm-

212 2856 356 2934 bardiae,
378 2855 535 2920 ierarchiae
560 2854 742 2918 Terciriaae
763 2859 793 2918 et
814 2856 1021 2920 Romaniolae
1045 2859 1136 2922 iaxta
1158 2858 1334 2940 imperialis
1352 2859 1478 2945 formae
1500 2865 1636 2926 tenerem
1658 2865 1695 2927 ia
1716 2863 1865 2929 mentitu

212 2960 354 3026 ecelesiae
370 2962 490 3040 porrat‚·
517 2957 675 3022 discordia
695 2957 779 3021 cni-m
801 2965 937 3025 cessante
960 2961 997 3024 rie
1012 2963 1187 3042 procirrcia·
1203 2961 1412 3030 Lombardiae
1437 2965 1554 3030 Terrae
1578 2965 1713 3031 Samiae
1737 2985 1864 3031 commo

211 3064 286 3127 dum
305 3062 470 3142 provenire
487 3079 587 3142 posse.
1519 3069 1611 3147 1235,
1636 3068 1700 3134 Iul.
1723 3072 1775 3134 28.

315 3182 395 3249 Grec.
414 3181 464 3233 IX
481 3179 547 3248 Rea.
571 3179 628 3232 Vol.
653 3179 681 3244 V,
701 3183 751 3245 57,·
769 3179 832 3233 Lib.
851 3181 907 3244 IX,
926 3185 987 3235 1⁶9.

314 3268 449 3334 Potthast‚
468 3265 535 3334 lice.
554 3269 636 3320 9973.

318 3459 679 3553 Archiepiscopis
707 3466 749 3534 et
778 3461 997 3554 episcopis
1032 3485 1080 3536 ac
1110 3463 1211 3536 aliis
1239 3462 1525 3537 ecclesiarum
1552 3464 1753 3555 prelatiS,

235 3582 469 3655 nobilibus
495 3581 599 3654 viris
626 3584 832 3672 ducibus,
864 3584 1217 3672 marchionibus,
1250 3585 1493 3658 comitibus
1521 3588 1561 3657 et
1589 3584 1838 3658 baronibus

663 3703 707 3775 in
733 3703 953 3796 imperiali
980 3706 1105 3780 ouria
1132 3705 1406 3780 constitutis

314 3851 446 3915 Puritas
469 3848 546 3914 fidei
574 3856 607 3913 et
630 3849 816 3915 devotionis
840 3852 1001 3917 immense
1025 3853 1215 3934 sinceritas,
1245 3853 1362 3939 quibus
1395 3855 1481 3918 circa
1509 3851 1727 3917 reverentiam
1750 3849 1862 3914 matris

208 3956 348 4020 ecclesie
372 3975 430 4040 pre
461 3954 535 4017 aliis
566 3953 889 4042 fidelibusstudetis
920 3963 1031 4020 actore
1055 3954 1198 4021 Domino
1222 3958 1404 4042 refulgere,
1433 3955 1528 4021 nobis
1558 3956 1689 4041 plenam
1712 3953 1863 4017 fiduciam

207 4058 358 4137 offerunt,
382 4057 468 4142 quod
491 4057 524 4120 in
539 4057 613 4137 hiis,
637 4077 699 4142 que
718 4057 896 4122 seerrndum
913 4058 1022 4123 Deum
1038 4060 1197 4144 cupimus,
1221 4080 1279 4123 vas
1301 4065 1470 4146 promptos
1487 4063 1522 4122 et
1541 4057 1655 4121 faciles
1672 4055 1863 4120 habeamus.

207 4161 295 4224 Hinc
319 4166 387 4240 est,
416 4159 502 4245 quod
532 4180 605 4224 cum
636 4167 766 4246 tempus
796 4161 967 4226 advenerit
988 4163 1229 4248 prorogationis
1254 4163 1397 4248 spatium
1421 4182 1485 4225 non
1517 4160 1711 4240 admittens,
1742 4159 1862 4242 inquo

146 4261 147 4264 '
207 4262 427 4350 redemptioni
448 4263 565 4348 patrie,
588 4283 684 4348 quam
708 4265 810 4348 patris
832 4266 937 4328 eterni
953 4265 1040 4330 lilius
1059 4286 1117 4328 suo
1134 4266 1281 4329 noscitur
1295 4266 1442 4362 pretioso
1459 4265 1620 4348 sanguine
1639 4282 1862 4340 consecrasse,

206 4367 324 4431 efficax
348 4367 523 4431 consilium
547 4373 580 4431 et
602 4367 700 4431 finale
724 4368 882 4431 auxilium
907 4367 1027 4432 debeat
1056 4367 1237 4453 provideri,
1267 4368 1517 4432 universitatem
1540 4373 1683 4431 vestram
1707 4385 1862 4450 rogamus

207 4477 240 4534 et
261 4470 471 4534 obsecramus
494 4471 528 4532 in
550 4469 682 4533 domino
705 4468 784 4534 Iesu
801 4469 942 4551 Christo,
967 4471 1000 4534 in
1022 4471 1252 4535 remissionem
1274 4469 1368 4534 vobis
1390 4469 1618 4556 peccaminum
1641 4468 1862 4552 iniungentes,

206 4573 360 4656 quatinus
382 4579 520 4658 pensato
543 4570 722 4657 prudenter
745 4572 831 4656 quod
855 4571 974 4637 Sancte
991 4572 1093 4637 Terre
1117 4573 1285 4656 negotium
1308 4593 1374 4636 non
1396 4573 1502 4658 possit
1524 4571 1709 4658 promoveri
1732 4570 1860 4634 facilius

206 4697 303 4760 quam
332 4675 417 4761 quod
441 4675 647 4739 Christianus
678 4676 819 4760 populns
849 4677 892 4739 sit
923 4677 955 4739 in
987 4696 1105 4741 sereno
1133 4677 1225 4762 pacis
1255 4682 1288 4740 et
1318 4675 1491 4740 concordie
1525 4676 1740 4754 constitutus,
1772 4673 1860 4738 ornni

208 4799 345 4844 rancore
369 4776 520 4863 deposito
544 4798 640 4862 quern
671 4799 714 4842 ex
742 4800 946 4866 quacumque
975 4801 1074 4844 causa
1104 4786 1217 4844 contra
1239 4779 1443 4844 Lombardos
1466 4779 1625 4844 hactenus
1653 4777 1863 4863 concepistis,

206 4883 410 4946 carissimum
433 4882 466 4944 in
491 4880 622 4945 Christo
652 4882 755 4946 filium
784 4890 932 4947 nostrum
954 4883 1177 4964 Fridericum,
1206 4881 1429 4946 Romanorum
1452 4883 1683 4967 imperatorem
1707 4887 1787 4960 etc,
1821 4879 1863 4942 ad

205 4985 267 5049 hoe
291 4986 376 5049 sicut
399 4986 556 5050 attentius
578 4984 730 5070 poteritis
754 4987 873 5050 vestris
904 4987 1189 5052 exhortationibus
1213 4986 1393 5066 inducatis,
1423 4984 1510 5070 quod
1533 4986 1621 5070 ipse,
1654 5003 1859 5068 quacumque

205 5086 391 5151 turbatione
436 5090 593 5174 propulsa
633 5109 729 5173 quam
763 5090 1022 5156 Lombardorum
1063 5092 1265 5178 presumptio
1305 5089 1413 5154 eidem
1456 5087 1638 5152 dinoscitur
1678 5084 1862 5165 induxisse,

204 5191 375 5274 negotium
404 5192 572 5256 societatis
596 5191 814 5274 Lombardie,
842 5194 985 5258 marchia
1008 5194 1180 5258 Tarvisine
1204 5215 1243 5258 ac
1262 5193 1459 5258 Romaniole
1483 5190 1517 5254 in
1544 5188 1696 5254 manibus
1720 5187 1861 5252 ecclesie

127 5329 155 5368 ,0
208 5293 300 5356 iuxta
315 5292 495 5378 imperialis
511 5294 614 5359 forme
632 5297 810 5376 tenorem¹,
834 5317 931 5381 quam
953 5296 994 5360 ab
1012 5297 1083 5382 ipso
1106 5297 1304 5381 imperatore
1325 5295 1509 5381 recepimus
1533 5299 1566 5358 et
1588 5291 1676 5356 dicte
1693 5291 1861 5356 societatis

556 5451 847 5458 —-.——-—-.-.-—---
859 5445 1755 5460 --—--..---.----—-—-......-—.-.--——-—--.—--0-—

313 5550 335 5618 ¹)
355 5555 457 5604 nuntios
477 5553 508 5604 It.

310 5671 335 5737 l)
356 5667 398 5738 Os.
417 5687 444 5724 rr.
464 5677 522 5722 58¹)
540 5677 565 5724 et
580 5687 609 5740 p.
629 5675 693 5738 letti,
712 5675 767 5726 nat.
786 5676 811 5726 t‘.
