4538 6426
879 394 1094 449 PRAEFATIO.
1750 399 1815 452 XIII

161 589 390 682 alibliopepo
416 590 524 661 alicui
552 587 637 662 tiluo
666 612 852 681 perperam
885 595 1063 684 appositae
1088 601 1168 666 sunt
1177 594 1198 665 ¹.
1251 594 1306 664 De
1337 594 1509 666 codicibus
1533 617 1615 685 us,
1642 618 1719 666 arra
1746 597 1816 686 ipsi

160 733 212 782 eas
230 710 514 800 mundericus,
534 733 654 802 pauca
680 733 721 780 oa
746 712 803 800 iis,
831 735 917 802 qnae
933 713 1037 786 Perti
1062 721 1093 784 ot
1106 713 1241 785 Itlrrnclr
1258 713 1456 806 retulerunt,
1482 715 1663 787 addamus.
1703 716 1814 786 Mern-

161 834 320 904 lranacei
346 841 428 905 sient
452 833 490 903 iu
513 831 617 920 folio,
643 832 860 921 rnarpinibus
879 856 946 923 per
967 840 1090 925 partes
1117 834 1313 923 latissimis,
1341 833 1462 906 litteris
1491 837 1626 907 eaarati
1651 836 1815 925 facilibus

160 954 262 1042 lectu,
312 977 399 1045 puae
444 953 505 1024 sub
540 951 735 1024 Innocentio
766 952 837 1023 ΙΙΙ
869 955 1072 1027 rnirrnscnlis
1104 978 1193 1026 saec.
1226 953 1312 1026 XII
1343 956 1543 1046 proairnae,
1585 957 1667 1028 iude
1705 959 1816 1048 inopis

160 1077 333 1167 nupisque
358 1076 407 1146 iis
433 1098 518 1167 quae
544 1076 698 1146 orrrsioac
725 1082 890 1146 uocantur
918 1075 1048 1147 sinriles
1074 1078 1275 1164 redduntur,
1308 1101 1376 1168 qua
1402 1099 1439 1147 rc
1469 1077 1583 1148 uiuus
1615 1079 1816 1170 compositae

158 1203 187 1268 a
218 1195 335 1268 clarae
361 1196 468 1285 fiunt,
498 1195 701 1287 praesertim
729 1195 866 1266 alibro
900 1195 957 1266 VI
977 1194 1171 1267 Aleuaudri
1197 1198 1218 1266 Ι
1224 1197 1263 1286 V,
1295 1199 1331 1268 in
1360 1221 1425 1288 quo
1459 1198 1595 1288 sircprda
1622 1199 1711 1288 folia
1745 1204 1814 1270 100

160 1317 266 1390 lineas
292 1317 470 1390 continent.
527 1316 571 1387 Ut
597 1316 703 1387 uerba
727 1322 757 1386 et
784 1313 961 1387 oerlornnr
987 1318 1295 1407 comprehensiones
1325 1318 1622 1410 distiupuereutur‚
1650 1327 1814 1412 quantum

159 1462 198 1512 ec
225 1440 436 1531 npoprrplris
462 1438 593 1510 Pertnii
625 1436 822 1509 concludere
841 1436 1032 1528 potuimus,
1061 1445 1193 1529 pnrnrta
1219 1439 1441 1529 etparoulae
1473 1440 1583 1511 lineae
1616 1441 1764 1514 directae
1789 1481 1814 1488 -

159 1560 330 1632 adhibitae
355 1567 445 1648 suut,
473 1581 559 1651 quae
584 1565 622 1630 ut
642 1558 754 1649 plura
780 1559 922 1630 nourina
947 1559 1095 1650 propria
1120 1583 1154 1630 so
1179 1557 1414 1650 subsequentia
1431 1567 1518 1632 recte
1532 1561 1813 1652 discooperiens,

157 1683 234 1753 risui
259 1678 359 1752 nobis
385 1681 522 1773 saepius
548 1679 698 1768 ficerunt.
739 1678 987 1770 inscriptiones
1009 1680 1232 1770 epistolarum
1250 1681 1415 1752 uriniatao
1431 1704 1471 1752 en
1486 1683 1814 1774 praescriptionibus

158 1805 195 1888 in
209 1803 369 1892 marpine
383 1803 553 1874 annotatis
571 1801 687 1873 iitiose
697 1801 877 1872 interdum
896 1804 1147 1893 transscriptao
1161 1809 1250 1890 sunt,
1279 1809 1310 1874 ct
1331 1803 1413 1875 aliis
1428 1827 1558 1895 quoqne
1583 1803 1665 1876 locis
1690 1805 1814 1876 nreuda

156 1929 352 2012 occurrunt,
388 1946 474 2015 quae
501 1922 565 1994 leoi
591 1923 719 2013 nepotio
738 1921 944 2012 plorataque
969 1923 1097 2014 corripi
1118 1931 1265 2013 possunt
1289 1947 1395 2015 nepae
1420 1924 1642 2016 Repestoruru
1667 1925 1813 1998 anctori-

156 2051 254 2116 tntcor
282 2044 448 2116 munau.
501 2042 682 2134 epistota
701 2044 909 2134 conpendiis
927 2051 1065 2132 scatent,
1092 2068 1178 2135 quae
1197 2069 1219 2114 a
1240 2045 1418 2118 lectoribus
1438 2048 1477 2118 iu
1500 2047 1649 2136 Reoestis
1667 2046 1815 2136 topeodis

158 2168 303 2239 uersutis
328 2167 403 2238 sine
429 2164 633 2255 difficultate
664 2164 909 2256 intellipuntur,
946 2189 1023 2236 arni
1055 2166 1167 2236 eodeni
1195 2168 1292 2238 niodo
1318 2189 1449 2258 scalper
1474 2167 1589 2256 factae
1614 2166 1704 2255 sent;
1740 2167 1813 2256 for·

157 2285 274 2375 arulae,
301 2309 479 2379 utinquam
505 2287 580 2376 fere
607 2287 761 2376 intaprac
789 2287 900 2374 datae,
929 2293 988 2357 aut
1017 2287 1192 2358 uerborum
1219 2286 1342 2358 litteris
1367 2288 1561 2360 initialibus
1585 2293 1757 2375 notantur,
1784 2288 1815 2358 si

156 2408 301 2480 minores
326 2414 415 2496 sunt,
442 2413 502 2478 aut
526 2403 637 2478 uubis
658 2406 796 2477 initiunt
816 2413 847 2477 et
865 2408 966 2496 lin-eu
989 2405 1039 2478 ael
1061 2407 1199 2478 initi-ura
1218 2408 1326 2480 solean
1340 2408 1578 2497 indicantibus,
1605 2408 1814 2492 sirnaiores.

157 2528 306 2600 Nomina
326 2550 554 2620 porsouarrnn
580 2549 679 2617 saepe
700 2526 899 2617 perscripta
925 2550 992 2598 non
1018 2534 1098 2598 sou
1115 2529 1175 2600 sed
1183 2529 1305 2618 prirna
1324 2529 1439 2601 littera
1459 2529 1511 2601 ael
1532 2528 1661 2601 duobus
1673 2528 1814 2620 punctis

157 2705 193 2722 ..
218 2656 347 2736 notata,
376 2650 416 2720 id
441 2651 532 2741 quod
556 2649 656 2719 initio
681 2655 753 2719 trun
779 2650 913 2738 factura
933 2655 1110 2740 pedituras,
1138 2672 1214 2721 cunr
1242 2673 1310 2721 uon
1337 2657 1428 2722 certa
1447 2673 1599 2742 persona
1624 2651 1683 2722 sed
1703 2651 1734 2721 is
1755 2649 1814 2741 qui
1932 2687 1936 2704 ‹

150 2793 215 2862 pro
240 2779 386 2862 ternpore
412 2770 521 2842 pauni
547 2769 695 2860 aliquem
722 2776 845 2842 teneret
873 2771 1125 2862 sipnidcaudus
1151 2778 1234 2860 erat,
1256 2778 1374 2862 postea
1392 2773 1528 2844 orrrnino
1548 2774 1712 2844 risitatusor
1727 2767 1813 2858 esc,-

156 2894 279 2966 oocidit
305 2893 422 2983 etiarn,
457 2899 494 2962 ut
524 2894 591 2963 duo
612 2899 743 2982 puncta
781 2900 859 2964 conte
890 2915 1010 2964 nornen
1031 2891 1283 2984 perscriptunr³
1311 2892 1363 2962 ou
1383 2894 1539 2983 primani
1564 2892 1714 2964 litteram
1740 2892 1813 2964 eius

154 3015 293 3106 insuper
319 3014 443 3084 addita
455 3013 526 3085 sint
534 3009 556 3084 ⁴.
602 3012 792 3104 Unicuique
806 3015 892 3086 libro
909 3015 1088 3105 inscriptio
1107 3016 1282 3104 antecedit,
1309 3021 1346 3086 ut
1364 3013 1495 3105 Incipit
1514 3013 1608 3088 liber
1630 3011 1811 3106 Regeslo·

154 3155 236 3209 rum
263 3132 405 3207 domini
430 3131 579 3206 honorii
599 3153 696 3225 pape
714 3133 775 3207 ΙΙΙ.
803 3155 893 3208 ann.
908 3133 968 3221 II.;
998 3156 1099 3227 saepe
1123 3136 1254 3208 indices
1270 3159 1400 3228 qnoque
1413 3136 1643 3227 epistolarum,
1670 3157 1814 3227 pnoruur

155 3255 341 3347 ooniplures
366 3261 487 3348 postea
512 3256 665 3344 doitrant,
700 3261 738 3326 ut
768 3255 823 3327 illi
850 3256 909 3348 qui
936 3255 1087 3327 Honorii
1114 3254 1185 3327 ΠΙ
1209 3256 1308 3329 libris
1334 3255 1447 3328 ΙΙΙ-
1457 3255 1515 3329 VI
1529 3263 1699 3349 praeeunt
1724 3279 1751 3328 c.
1779 3279 1811 3328 a.

155 3377 246 3448 1359
258 3375 282 3464 ⁵,
311 3376 480 3470 adscripti
506 3381 595 3448 sunt.
647 3374 795 3447 Nuueri
833 3376 974 3448 rniniati
1005 3376 1152 3468 sinpdis
1188 3377 1312 3448 litteris
1342 3377 1521 3468 antepositi
1550 3383 1580 3450 et
1605 3378 1648 3465 ii,
1686 3377 1811 3468 quiin

155 3499 319 3590 inferiore
357 3498 514 3590 marpine
555 3496 669 3568 ndtinti
710 3496 791 3587 folii
829 3497 1071 3570 nonnullorum
1107 3500 1369 3589 quaternionum
1402 3498 1629 3588 inueniuntur,
1663 3498 1812 3570 eiusdem

156 3621 274 3692 adutis
308 3643 349 3693 ac
383 3620 514 3692 litterae
550 3620 649 3710 ipsae
680 3625 779 3708 scint,
815 3621 952 3690 numeri
978 3620 1154 3711 folioruur,
1180 3627 1218 3692 ut
1249 3619 1288 3692 V.
1316 3619 1368 3690 Gt.
1395 3619 1439 3691 A.
1462 3619 1554 3690 Mau
1580 3642 1641 3690 nos
1667 3619 1809 3707 edocuit,

149 3749 264 3832 postea
299 3743 434 3814 adiecti.
496 3739 622 3812 Plures
657 3739 754 3828 libri,
791 3740 850 3831 qui
868 3741 983 3812 ¹uaria
1017 3741 1185 3812 nimirunr
1217 3741 1452 3831 mapnitudine
1484 3747 1579 3830 sunt,
1607 3740 1811 3831 plerumque

153 3885 215 3935 uno
259 3861 427 3935 uoluuriue
466 3861 698 3952 conprehensi
741 3867 840 3951 suut,
882 3883 969 3953 quae
1013 3861 1189 3934 columina
1233 3885 1324 3934 uano
1368 3862 1464 3934 elisua
1512 3860 1659 3934 Turcioa
1700 3857 1810 3932 rubra

154 3985 271 4055 rutila
295 3981 424 4073 insipni
446 3985 557 4072 pentis
583 3981 772 4054 Innocentii
801 3980 886 4052 XII
891 3979 903 4018 ⁶
929 3989 1054 4054 ornata
1078 3988 1167 4054 sunt.
1221 3982 1370 4054 Hortarii
1395 3981 1466 4053 ΙΙΙ
1486 3982 1632 4073 Repesta
1663 3981 1811 4073 quinque

153 4103 378 4176 uoluminibus
413 4105 646 4176 coruiuadur:
680 4102 751 4175 Vol.
780 4101 823 4173 I:
856 4102 935 4175 In‘l.
962 4103 991 4174 I
1019 4126 1069 4194 ep.
1104 4105 1196 4191 531,
1232 4103 1312 4174 Lib.
1342 4101 1392 4174 ΙΙ
1421 4125 1470 4194 ep.
1506 4105 1600 4187 773,
1641 4103 1713 4175 Vol.
1745 4101 1810 4172 ΙΙ.·

153 4223 227 4297 Intr.
255 4224 326 4296 lH
352 4247 402 4316 ep.
435 4223 526 4312 535,
566 4223 645 4296 leo.
678 4223 742 4295 IV
771 4246 821 4315 ep.
858 4224 935 4294 325
971 4221 1058 4316 [fol.
1085 4221 1207 4316 213],
1248 4224 1321 4296 Vol.
1356 4222 1443 4295 ΙΠ.·
1479 4223 1616 4296 ator
1645 4246 1695 4315 ep.
1727 4225 1809 4312 761,

153 4345 227 4419 Lib.
260 4346 318 4418 Vl
344 4369 397 4438 ep.
424 4348 498 4416 486
524 4343 618 4437 [fol.
647 4343 751 4436 264]
761 4370 773 4432 ,
812 4344 884 4418 Vol.
913 4344 993 4417 IV:
1025 4345 1105 4418 Lib.
1131 4344 1209 4416 VII
1228 4368 1278 4436 ep.
1306 4347 1391 4434 231,
1426 4344 1506 4416 Lib.
1531 4343 1631 4416 VIII
1655 4367 1706 4436 ep.
1733 4345 1808 4416 534

151 4463 234 4557 [fol.
261 4463 362 4558 211]
369 4492 381 4555 ,
414 4465 487 4538 Vol.
513 4466 563 4538 V:
589 4465 668 4537 Isto.
699 4464 760 4536 IX
784 4487 834 4557 ep.
862 4468 948 4555 387,
975 4463 1053 4539 Lib.
1082 4466 1117 4536 X
1144 4488 1193 4556 ep.
1222 4466 1313 4555 355,
1339 4465 1417 4537 Lib.
1444 4465 1509 4537 XI
1528 4487 1579 4556 ep.
1606 4468 1695 4537 226.
1749 4462 1810 4536 Aa

152 4585 272 4660 lr'brnm
299 4590 454 4680 quintum
480 4593 679 4660 annotatum
705 4594 775 4660 est:
803 4585 981 4660 Albertus
1008 4586 1167 4678 scripsit,
1196 4588 1242 4658 ad
1265 4589 1461 4679 septimun:
1489 4584 1601 4659 Liber
1627 4584 1810 4677 septimus

152 4708 303 4783 domini
316 4707 469 4782 honorii
494 4707 606 4783 tercii.
635 4729 750 4800 quem
778 4708 925 4800 scripsit
952 4709 1131 4782 dominus
1155 4708 1382 4799 Radulphus
1399 4707 1603 4800 laquetelli.
1635 4711 1672 4781 et
1698 4707 1811 4782 debet

152 4829 236 4920 poni
269 4849 356 4903 cum
384 4829 481 4902 libro
499 4827 599 4902 VIII⁰
615 4828 796 4903 ciusdem
831 4829 980 4904 honorii
1013 4851 1126 4922 quem
1152 4829 1281 4903 scribit
1305 4828 1495 4903 Iohannes
1523 4827 1645 4902 Noleti
1674 4827 1809 4902 Catha-

151 4947 341 5024 launensis
368 4949 539 5024 diocesis.
596 4950 754 5043 Greporii
780 4950 842 5021 IX
866 4951 1013 5043 Repesta
1049 4959 1172 5044 septeno
1200 4948 1425 5024 oolrnniniius
1451 4951 1688 5041 comprehensa
1713 4956 1809 5022 sunt:

156 5070 224 5145 Vol.
246 5072 289 5143 1.·
317 5069 394 5144 Le.
412 5070 441 5141 I
459 5093 509 5163 ep.
536 5073 619 5162 189,
646 5069 725 5144 Lib.
744 5071 793 5142 ΙΙ
813 5095 863 5163 ep.
884 5077 965 5162 101,
993 5073 1161 5145 tuam
1183 5096 1233 5165 ep.
1253 5074 1329 5144 123
1355 5095 1430 5144 aron
1458 5071 1643 5162 appendice
1663 5075 1718 5142 22
1739 5092 1809 5161 ep.;

156 5193 223 5267 Vol.
248 5192 312 5264 H:
341 5191 497 5264 ciale
519 5213 569 5283 ep.
597 5194 684 5281 142,
710 5193 791 5265 Lib.
809 5194 844 5266 V
861 5217 911 5286 op.
938 5196 1029 5282 197,
1062 5195 1135 5267 Vol.
1162 5194 1245 5266 ΙΠ.·
1272 5193 1352 5266 Idi.
1371 5193 1427 5265 VI
1451 5215 1500 5284 ep.
1528 5194 1627 5282 384,
1653 5191 1726 5264 Vol.
1737 5191 1809 5263 IV:

151 5313 223 5386 [dl.
258 5313 338 5386 VII
370 5335 421 5405 ep.
454 5313 545 5404 579,
579 5313 658 5385 Lib.
689 5314 789 5386 VHI
818 5337 867 5407 ep.
901 5317 993 5404 481,
1027 5315 1099 5388 Vol.
1133 5315 1182 5387 V:
1228 5313 1310 5385 Lib.
1337 5312 1398 5383 IX
1426 5334 1476 5405 ep.
1514 5315 1617 5401 429,
1655 5312 1735 5383 Lib.
1772 5310 1809 5380 X

250 5549 277 5614 1)
295 5564 322 5600 n.
344 5555 396 5602 168.
517 5549 545 5616 2)
566 5548 606 5614 Of.
625 5547 809 5618 Wntteubactr,
839 5545 1351 5614 Audinnpz.ur.Po1an09r.p.or.
1474 5546 1503 5614 3)
1524 5545 1563 5610 CV.
1578 5562 1607 5613 p.
1625 5552 1682 5613 274,
1704 5545 1750 5598 lin.
1769 5549 1808 5598 33.

149 5635 478 5702 trapp.ror,1in.is.
601 5639 629 5705 5)
647 5635 761 5702 IIrrnclr,
777 5652 805 5703 p.
824 5642 862 5688 67.
990 5634 1018 5702 a)
1037 5632 1083 5685 Ita
1102 5631 1197 5684 Dudil·
1219 5632 1236 5686 1.
1259 5647 1279 5685 c.
1304 5637 1321 5684 t.
1342 5632 1389 5698 11,
1409 5641 1499 5700 ,1.21,
1525 5640 1568 5698 25,
1593 5635 1668 5684 1ΐε1
1690 5629 1811 5698 sorcprius;

151 5720 185 5772 III
204 5721 283 5774 Peri:
301 5721 330 5772 iu
353 5721 447 5775 Aratrir
465 5721 494 5788 V,
511 5739 537 5789 p.
557 5728 623 5788 344,
640 5722 715 5788 srrlso.
