4494 6426
980 402 1028 462 bx
1046 405 1202 463 HONORII
1221 405 1260 459 ΙΙΙ
1278 399 1457 460 REGIS'I'RO
1516 435 1517 438 ¹

1186 726 1269 799 1⁰21.

506 839 693 934 Honorius
708 865 776 931 ΙΙΙ
786 886 877 947 papo
898 863 1089 950 [liupoldo]
1110 864 1182 928 daci
1196 864 1348 928 Austriac
1370 862 1509 940 canoa,
1531 865 1566 925 at
1580 861 1815 948 F[ridericam]
1835 861 2051 930 Romanorum

397 993 498 1054 recem
530 975 667 1051 amarat,
702 974 739 1034 at
764 972 856 1034 iacto
879 969 1124 1050 promissionem
1160 988 1251 1033 snam
1282 969 1420 1032 libertati
1452 967 1598 1031 restituat
1628 967 1762 1030 corniton
1793 967 1993 1054 capariam
2023 975 2051 1034 ct

398 1076 522 1139 restitui
552 1073 653 1155 [accat
687 1075 754 1138 cias
784 1073 960 1154 factitiam,
996 1076 1094 1154 prout
1125 1093 1146 1136 a
1177 1073 1326 1154 moqistro
1362 1069 1546 1154 Pbffllippo]
1582 1070 1618 1133 dc
1650 1069 1779 1134 Matcra
1812 1073 1937 1136 rectario
1967 1075 2052 1155 rapio

397 1178 539 1242 iuratam
561 1179 611 1242 sa.
1699 1259 1700 1262 Ἴ
1727 1176 1821 1252 1220,
1844 1173 1909 1239 Iul.
1931 1179 1962 1243 2.

503 1313 577 1368 Hoc.
597 1317 648 1368 ΙΙΙ
665 1314 733 1386 Ray.
757 1314 814 1368 Vol.
833 1316 874 1378 ΙΙ,
893 1315 959 1374 196;
979 1312 1040 1367 In'b.
1060 1315 1080 1364 Ι
1084 1312 1111 1376 V,
1132 1315 1193 1366 796.

502 1400 639 1465 Potttoat,
658 1400 724 1468 neq.
745 1402 828 1454 6288.

874 1611 1022 1685 Nobili
1048 1613 1145 1684 viro
1174 1669 1183 1684 .
1213 1665 1222 1680 .
1251 1611 1348 1685 duci
1376 1610 1571 1683 Austrie.

515 1759 779 1845 Obloquentibus
797 1761 874 1825 olim
889 1761 999 1824 multis
1012 1759 1053 1824 de
1067 1780 1117 1839 ec,
1134 1758 1221 1844 quod
1237 1758 1430 1822 karissimus
1443 1758 1475 1821 in
1489 1757 1620 1821 Christo
1637 1758 1723 1821 filius
1740 1763 1852 1822 noster
1863 1757 1899 1824 F.
1913 1760 2052 1824 illustris

403 1883 465 1926 rex
488 1861 599 1928 Sicilie
627 1864 660 1926 iu
682 1863 902 1928 Romanorum
932 1864 1162 1949 imperatorem
1185 1862 1308 1926 electus
1333 1866 1466 1946 ceperat
1493 1860 1638 1924 nobilem
1662 1861 1766 1924 virum
1789 1863 1941 1928 comitem
1962 1863 2052 1949 Ray-

402 1965 529 2029 nerium
555 1966 595 2029 ad
619 1969 818 2052 presentiam
842 1968 912 2032 eius
935 1965 1131 2030 fiducialiter
1153 1964 1381 2044 accedentem,
1405 1963 1468 2049 ipsi
1491 1964 1561 2048 regi
1586 1985 1685 2050 super
1707 1965 1768 2029 boc
1792 1967 1914 2052 scripta
1936 1974 2051 2032 nostra

402 2066 598 2150 direximus,
624 2070 735 2154 qualia
756 2070 873 2134 honori
895 2070 965 2134 eius
989 2076 1021 2133 et
1044 2068 1130 2132 fame
1153 2067 1293 2131 vidimus
1324 2065 1490 2153 expedire.
1537 2066 1614 2152 Ipse
1637 2088 1714 2131 vero
1738 2068 1833 2132 nobis
1857 2069 1971 2134 humili
1994 2070 2053 2134 de-

404 2171 535 2236 votione
559 2193 597 2236 ac
620 2171 739 2236 devota
761 2173 944 2236 humilitate
968 2172 1146 2257 rescripsit,
1171 2171 1257 2256 quod
1279 2171 1431 2235 restituta
1454 2171 1516 2234 sibi
1539 2177 1627 2234 terra
1644 2193 1712 2250 sua,
1737 2192 1800 2256 que
1823 2172 1901 2237 dicti
1925 2174 2054 2237 comitis

404 2274 534 2338 nomine
558 2275 749 2355 tenebatur,
772 2277 881 2362 ipsum
904 2276 939 2339 in
962 2274 1111 2338 manibus
1134 2274 1254 2338 nostris
1278 2273 1381 2338 libere
1404 2274 1596 2358 resignaret.
1642 2274 1693 2337 Ad
1717 2275 1777 2339 bec
1800 2297 1874 2340 cum
1896 2278 2056 2362 magister

403 2374 604 2465 Phplippus]
623 2377 663 2444 de
680 2379 817 2460 Mateta,
841 2379 952 2463 regius
970 2379 1125 2457 notarius,
1149 2399 1207 2464 pro
1228 2385 1315 2442 terra
1337 2377 1409 2462 ipsa
1425 2377 1590 2462 exigenda
1611 2377 1822 2444 transmissus
1846 2379 1887 2444 ad
1910 2386 2055 2445 nostram

403 2481 603 2566 presentiam
618 2483 824 2558 accessisset,
841 2504 900 2547 nos
915 2504 987 2546 cum
1002 2481 1150 2566 cognatis
1168 2480 1246 2544 dicti
1261 2480 1379 2545 nobilis
1397 2481 1443 2545 ita
1460 2481 1607 2558 fecimus,
1624 2480 1710 2565 quod
1724 2503 1783 2566 pro
1801 2503 1841 2546 ea
1856 2483 2055 2567 resignanda
2120 2513 2130 2546 a

407 2604 484 2647 suos
507 2585 638 2648 nuntios
662 2583 864 2662 direxerunt,
890 2582 1029 2671 [prefato
1045 2581 1237 2669 magistro]³
1263 2583 1296 2646 in
1319 2589 1432 2647 nostra
1455 2591 1488 2647 ct
1503 2584 1639 2648 fratrum
1662 2592 1847 2650 nostrorum
1862 2588 2054 2651 multorum-

407 2707 471 2772 que
495 2687 633 2752 aliorum
660 2689 828 2774 presentia
860 2689 986 2751 iurante
1011 2688 1044 2751 in
1067 2687 1208 2750 animam
1231 2685 1309 2752 dicti
1332 2687 1437 2771 regis,
1469 2686 1556 2771 quod
1579 2694 1750 2773 postquam
1774 2696 1862 2754 terra
1885 2690 2057 2776 sepedicta

404 2789 558 2853 restituta
592 2789 725 2871 fuisset,
758 2790 891 2872 fratres,
922 2791 1077 2854 familiam
1108 2797 1142 2854 et
1172 2811 1285 2855 omnes
1316 2789 1422 2852 socios
1453 2789 1596 2854 iamdicti
1629 2792 1755 2856 comitis
1784 2792 1825 2855 ad
1855 2795 2056 2879 presentiam

406 2899 552 2956 nostram
580 2891 697 2958 deduci
727 2893 852 2959 faceret
880 2895 988 2958 salvos
1018 2901 1051 2957 et
1081 2894 1257 2958 incolomes
1286 2914 1359 2958 cum
1387 2893 1537 2958 omnibus
1567 2894 1664 2958 bonis
1692 2896 1771 2959 suis.
1822 2896 1917 2960 Nunc
1946 2905 2058 2962 autem

407 2995 605 3080 accepimus,
629 2995 811 3081 quodcum
835 3009 922 3061 terra
944 2997 987 3060 sit
1008 2997 1112 3061 libere
1135 2996 1306 3076 restituta,
1338 2996 1386 3058 illi
1410 3017 1475 3059 non
1498 2997 1568 3062 sino
1591 2997 1767 3062 multorum
1791 2998 2057 3064 oblocutionibus
2110 3025 2134 3062 20

407 3096 606 3179 detinentur,
629 3098 716 3183 quod
739 3106 791 3163 est
813 3100 945 3163 omnino
969 3099 1123 3164 indecens
1148 3106 1181 3164 et
1205 3099 1384 3183 indignum.
1430 3097 1576 3184 ideoque
1600 3100 1762 3165 nobilitati
1779 3108 1833 3166 tue
1848 3124 1908 3188 per
1924 3110 2058 3190 aposto-

407 3200 473 3264 lica
495 3201 617 3287 scripta
638 3201 846 3282 mandamus,
877 3204 1029 3288 quatinus
1052 3203 1192 3267 eundem
1216 3225 1328 3288 regem
1353 3223 1394 3266 ex
1417 3209 1509 3289 parte
1533 3210 1647 3268 nostra
1669 3225 1802 3269 moneas
1825 3206 2002 3291 diligenter
2025 3215 2065 3272 et

406 3303 586 3389 prudenter
607 3304 755 3384 inducas,
778 3311 815 3369 ut
836 3306 931 3369 iuxta
952 3307 1203 3392 promissionem
1225 3327 1316 3370 suam
1339 3306 1485 3369 libertati
1502 3306 1652 3371 restituat
1667 3308 1818 3373 comitem
1836 3310 2060 3395 supradictum

411 3413 444 3470 et
466 3407 595 3471 restitui
618 3407 716 3473 faciat
739 3407 899 3494 prefatam
921 3409 1025 3495 ipsius
1048 3409 1214 3489 familiam,
1238 3415 1335 3495 prout
1358 3409 1391 3472 iu
1414 3409 1485 3473 eius
1509 3409 1649 3473 animam
1672 3418 1724 3475 est
1746 3411 1902 3494 iuratum,
1926 3419 1963 3476 ut
1986 3414 2059 3498 qui·

409 3509 471 3573 bus
495 3510 602 3596 captio
635 3511 706 3576 eius
735 3517 769 3576 et
800 3513 929 3576 illorum
952 3512 1098 3578 detentio
1121 3513 1327 3577 occasionem
1349 3513 1465 3576 tribuit
1488 3512 1703 3598 obloquendi,
1726 3515 1831 3580 libera
1854 3522 1888 3580 et
1910 3515 2058 3581 liberalis
2110 3539 2134 3576 a

410 3633 524 3678 eorum
546 3613 692 3680 dimissio
716 3621 778 3681 etc.
801 3623 838 3680 ut
861 3638 960 3702 supra
982 3617 1044 3680 litt.
1071 3619 1143 3683 781.
1165 3637 1284 3701 usque:
1308 3615 1497 3701 adimplere.

514 3733 589 3800 Dat.
613 3735 699 3822 apud
721 3736 1001 3820 Urbemvcterem,
1024 3737 1074 3806 Vl
1096 3736 1180 3802 Non.
1204 3737 1290 3817 Iulii,
1314 3758 1401 3801 anno
1426 3745 1548 3820 quarto.

516 3872 679 3959 Scriptum
702 3881 875 3963 estsuper
899 3876 961 3940 hoc
984 3876 1017 3939 in
1040 3874 1181 3940 eundem
1202 3875 1335 3940 modum
1359 3923 1366 3937 .
1391 3924 1399 3941 .
1422 3876 1667 3963 archiepiscopo
1690 3877 1909 3962 Maguutin0¹.

513 4011 554 4076 In
577 4013 718 4079 eundem
739 4012 872 4078 modum
895 4013 1051 4099 scriptum
1075 4019 1126 4078 est
1149 4061 1157 4076 .
1182 4059 1189 4074 .
1212 4012 1325 4077 abbati
1348 4011 1531 4078 Wldcnsi².

1030 4325 1420 4334 ..Ἥ
1424 4327 1440 4334 .-

1195 4658 1276 4731 122.

518 4766 707 4862 Honoraas
740 4799 804 4864 ΠΙ
828 4822 921 4882 papa
944 4802 1093 4882 potestati
1122 4805 1152 4866 et
1180 4802 1298 4882 populo
1332 4802 1505 4866 Tudertiao
1541 4801 1599 4865 sab
1629 4818 1731 4880 poma
1763 4799 1847 4862 millo
1880 4821 2062 4864 rrmrcarnm
2113 4825 2138 4864 a

408 4900 562 4984 iniaapit,
598 4905 634 4965 at
655 4904 733 4983 paci
762 4903 845 4968 inter
875 4905 959 4985 ipsos
991 4909 1020 4968 ct
1048 4904 1232 4984 Spolctaaos
1262 4903 1349 4984 opud
1375 4904 1560 4968 Mevaniam
1593 4903 1630 4966 dc
1662 4901 1778 4964 comta
1807 4901 1988 4984 spoletano,
2020 4903 2064 4967 cd

408 5002 588 5068 demanium
610 5004 773 5070 Roomaae
793 5007 937 5071 ccclesiae
959 5026 1088 5084 reverso,
1106 5027 1167 5087 por
1190 5005 1388 5087 Pcadalfum
1411 5007 1544 5088 locatam
1564 5007 1710 5087 firmatae
1731 5006 1938 5085 acclamarunt.

1717 5111 1812 5186 1220,
1833 5109 1898 5174 Iul.
1922 5114 1975 5176 11.

513 5191 587 5246 Hoc.
607 5194 661 5246 ΙΙΙ
675 5193 739 5262 Ray.
764 5193 820 5246 Vol.
839 5196 880 5256 ΙΙ,
898 5199 961 5264 210,
979 5199 1045 5257 211;
1063 5195 1127 5249 Lib.
1146 5195 1200 5265 IV,
1222 5197 1285 5248 eta.

512 5277 646 5342 Potttoat,
665 5278 735 5348 Ray.
756 5282 836 5332 6299.

514 5553 537 5619 ¹)
556 5553 619 5605 leaeo
635 5556 714 5606 uerba
731 5556 771 5605 cel
788 5556 883 5605 ainrib'a
901 5557 991 5607 (lenm
1009 5558 1036 5606 ic
1054 5555 1087 5606 Il.

515 5689 541 5756 1)
561 5686 673 5756 Sisrido
691 5688 735 5742 II.
806 5687 833 5756 2)
853 5690 963 5742 Curaom'
980 5689 1077 5744 abbati
1094 5691 1237 5746 Faldrnet.
