4448 6420
728 335 928 391 EPISTOLAE
946 335 1135 392 SELECTAE.
1172 339 1247 393 1223.

941 640 1028 713 tid.

269 748 456 845 Honorius
484 781 549 844 ΠΙ
572 804 659 862 pcqm
690 782 919 863 arclm'episccpo
946 787 975 844 et
1004 782 1215 864 sccffrnpeacis
1242 784 1309 846 eires
1338 789 1444 848 reolum
1471 785 1563 865 facit,
1599 807 1630 850 sc
1654 787 1817 867 principes

159 883 333 947 saeculares
348 884 503 963 inclusere,
527 889 562 948 cet
584 888 618 948 ia
642 887 735 950 terris
757 888 808 950 sai
828 887 962 950 doreciaii
982 891 1133 964 stalaaat,
1157 891 1192 950 at
1206 889 1359 969 quaelibet
1380 889 1488 952 electeus
1503 889 1637 971 sinpalis
1659 892 1817 955 accesibus

159 1007 253 1067 usq-uc
283 988 327 1050 ad
353 991 524 1053 iric-nmium
561 991 670 1052 sellem
702 1012 801 1054 cracem
832 991 1041 1054 Tecrceecascm
1075 991 1123 1054 uel
1149 992 1395 1072 aequivalentem
1427 998 1578 1056 treouctom
1605 1013 1667 1073 pro
1697 996 1817 1074 sepelio

162 1089 280 1156 Christi
302 1093 455 1168 casoleat;
482 1094 615 1157 retundat
636 1096 686 1170 iis,
708 1100 744 1158 cet
766 1096 900 1158 certatores
922 1094 1047 1158 clericos
1069 1093 1112 1157 ad
1133 1094 1213 1158 idem
1236 1097 1389 1161 imlacaat
1410 1101 1439 1160 ct
1459 1099 1539 1161 alios
1555 1097 1731 1178 praelatos
1761 1098 1817 1178 qai

162 1194 321 1258 abundent
342 1195 522 1274 redditibus,
545 1199 588 1260 cul
608 1199 757 1262 erectiorem
779 1199 1008 1263 subrectio-nem
1030 1199 1203 1263 sollicitent.

1324 1307 1417 1382 1223,
1441 1307 1525 1370 circe
1547 1304 1652 1387 April.
1677 1308 1728 1369 26.

262 1383 335 1436 Hoc.
356 1387 409 1437 ΙΙΙ
424 1385 492 1454 Res.
515 1385 572 1440 Vol¹
593 1391 611 1440 Ι
616 1388 643 1448 V,
665 1391 708 1452 56,
729 1393 778 1454 e7;
797 1387 858 1440 Lib.
883 1387 947 1456 VII,
966 1391 1029 1441 183.
1477 1417 1481 1424 ·

520 1649 901 1742 acchiepiscopm
929 1657 971 1724 et
998 1653 1310 1744 suffraganeis
1337 1655 1448 1727 eius

264 1799 317 1864 De
341 1801 412 1863 celo
429 1801 600 1885 prospexit
615 1799 776 1863 Dominus
800 1800 841 1863 ad
864 1801 913 1864 sui
935 1803 1208 1866 restaurationem
1228 1804 1361 1887 negotii,
1386 1802 1471 1887 quod
1488 1801 1661 1867 videbatur
1680 1802 1815 1866 infirmis
1830 1818 1887 1860 Pal.
1900 1825 1952 1866 isa.

96 1931 112 1952 o
160 1903 320 1986 aliquibus
350 1905 473 1966 auxilio
506 1904 714 1982 destitutum,
748 1903 913 1966 karissimi
946 1905 978 1967 in
1010 1905 1139 1969 Christo
1170 1907 1228 1969 filii
1260 1908 1361 1970 nostri
1390 1905 1562 1986 Frideriei,
1595 1905 1817 1970 Romanorum

158 2008 363 2091 imperatoris
393 2008 528 2070 illustris
557 2029 687 2091 semper
714 2007 845 2090 augusti
877 2014 909 2070 et
939 2009 1026 2091 regis
1052 2008 1177 2078 Sicilie,
1207 2030 1262 2072 eor
1293 2009 1333 2072 ad
1357 2009 1458 2073 Terre
1484 2007 1603 2072 Sancte
1634 2009 1813 2073 subsidium

160 2111 324 2174 ferventer
349 2109 542 2174 accendens.
589 2109 676 2173 Eece
701 2108 741 2172 ad
764 2109 948 2173 faciendam
973 2112 1150 2175 vindictam
1184 2113 1217 2176 in
1246 2113 1431 2175 nationibus
1461 2120 1494 2176 et
1516 2114 1757 2198 increpationes
1782 2114 1814 2176 in

160 2215 303 2300 populis,
337 2215 390 2298 qui
414 2213 621 2298 sepulchrum
644 2212 777 2276 Domini
801 2214 978 2296 gloriosum
1002 2214 1162 2279 iacientes
1186 2215 1374 2299 inglorium,
1407 2214 1572 2279 Christum
1600 2216 1814 2301 blasphemiis

159 2318 321 2403 impetunt
344 2326 377 2381 et
398 2319 556 2381 insultant
571 2317 777 2401 improperiis
802 2318 924 2380 nomini
942 2317 1138 2398 Christiano,
1163 2340 1198 2382 se
1223 2326 1375 2405 potenter
1398 2319 1546 2403 accingit.
1593 2319 1718 2382 Verum
1742 2341 1815 2382 cum

92 2439 108 2473 ἰ»
161 2423 200 2486 sit
222 2423 387 2507 generalis
416 2423 548 2494 iniuria,
580 2429 719 2505 tangens
750 2423 981 2486 universaliter
1005 2423 1152 2508 singulos
1183 2429 1216 2486 et
1245 2423 1453 2506 singulariter
1478 2422 1647 2486 universos
1671 2423 1726 2506 qui
1754 2423 1813 2487 sub

161 2525 289 2588 Christo
320 2526 466 2611 principe
498 2527 656 2602 militant,
689 2533 809 2589 terram
842 2527 1023 2590 nativitatis
1053 2529 1133 2591 eius.
1159 2527 1200 2590 ad
1228 2529 1365 2591 salutem
1393 2534 1536 2590 nostram
1567 2547 1625 2589 suo
1655 2527 1813 2609 sanguine

161 2639 382 2693 consecratam
406 2651 425 2692 a
447 2629 648 2715 blasphemis
672 2629 812 2694 detineri
831 2631 1003 2714 captivans,
1027 2629 1067 2694 de
1092 2632 1195 2694 multa
1217 2631 1421 2714 negligentia
1435 2635 1633 2713 notaremur,
1657 2631 1684 2693 si
1706 2651 1814 2714 reges,

159 2734 332 2819 principes,
357 2733 467 2808 duces,
492 2734 637 2812 comitae,
663 2735 847 2797 eommunia
871 2735 1039 2799 civitatum
1062 2757 1122 2799 noc
1146 2757 1211 2798 non
1235 2743 1268 2798 et
1291 2737 1372 2798 alios
1397 2735 1600 2799 Christianos
1624 2756 1683 2820 per
1704 2733 1813 2819 predi-

160 2845 285 2900 catores
319 2844 352 2900 et
385 2839 511 2903 litteras
546 2859 610 2900 nem
649 2839 897 2902 sollicitaremus
929 2837 971 2902 ad
1001 2840 1090 2903 illius
1127 2823 1214 2924 regis
1247 2840 1455 2923 obsequium,
1496 2839 1552 2922 qui
1589 2837 1812 2902 retributionis

160 2939 381 3005 habundantia
416 2949 448 3004 et
489 2943 614 3004 servitii
649 2943 864 3026 quantitatem
902 2951 1062 3029 exuperat
1103 2950 1135 3007 et
1170 2945 1321 3007 meritum
1356 2943 1529 3007 servientis
1567 2941 1708 3006 excedit.
1770 2941 1814 3005 Et

158 3044 286 3130 quidem
309 3045 484 3122 nescimus,
507 3067 571 3129 qua
594 3046 795 3109 conscientia
818 3066 921 3130 quave
947 3047 1123 3110 securitate
1152 3068 1259 3110 eoram
1287 3047 1456 3130 unigenito
1481 3045 1546 3109 Dei
1569 3045 1634 3108 filio
1659 3051 1813 3130 poterunt

159 3169 362 3234 comparere,
393 3151 447 3234 qui
472 3150 503 3214 ei
531 3172 589 3236 pro
613 3150 841 3236 peccatoribus
866 3149 1021 3212 crucifixo
1050 3150 1223 3214 subvenire
1248 3149 1502 3235 contempserint
1528 3149 1561 3212 in
1589 3149 1651 3212 hoo
1679 3149 1812 3233 negotio

158 3251 247 3335 quasi
270 3253 401 3338 proprie
426 3253 489 3316 sibi
512 3253 653 3339 proprio,
678 3253 769 3317 euius
787 3275 921 3317 munere
945 3255 1067 3328 vivunt,
1091 3255 1183 3319 cuius
1201 3276 1335 3340 munere
1357 3255 1590 3338 gubernantur,
1614 3252 1691 3337 quin
1715 3253 1813 3316 etiam

158 3355 246 3416 euius
272 3355 432 3438 sanguine
457 3363 531 3418 sunt
548 3356 718 3442 redempti.
765 3356 918 3420 Ceterum
943 3359 1018 3441 quia
1033 3359 1180 3441 generali
1202 3358 1332 3421 domino
1350 3357 1515 3441 generalis
1539 3355 1638 3419 dehet
1661 3355 1811 3419 exhiberi

50 3467 96 3500 -’-“-·
159 3457 348 3534 subventio,
373 3479 411 3522 eo
435 3459 535 3541 quod,
561 3461 643 3524 sieut
666 3462 774 3524 nullus
798 3461 1031 3524 beneficiorum
1055 3462 1126 3525 cius
1151 3468 1201 3524 est
1227 3483 1362 3548 expers,
1386 3462 1431 3524 sic
1456 3467 1488 3524 et
1511 3459 1620 3523 nullus
1645 3481 1680 3522 so
1705 3465 1813 3543 potest

157 3560 194 3624 ab
223 3561 294 3624 eius
326 3561 493 3646 obsequiis
524 3585 700 3640 excusare,
729 3564 892 3649 principes
927 3565 1093 3628 seculares
1124 3565 1319 3638 inducimus,
1351 3571 1387 3628 ut
1420 3565 1452 3626 in
1480 3565 1576 3626 terris
1606 3563 1655 3625 sui
1678 3562 1813 3625 dominii

159 3672 315 3740 statuant,
350 3665 435 3748 quod
466 3666 612 3750 quelibet
643 3665 758 3729 domus
789 3667 926 3750 singulis
957 3668 1125 3731 mensibus
1155 3690 1260 3752 usque
1291 3667 1331 3730 ad
1359 3667 1534 3730 triennium
1567 3667 1686 3729 saltem
1712 3685 1811 3728 unum

158 3767 380 3832 Turonensem
410 3769 462 3832 vel
492 3770 732 3852 equivalentem
767 3778 932 3833 monetam
961 3773 1105 3851 exolvat,
1143 3771 1295 3856 quoniam
1331 3793 1374 3834 ex
1405 3771 1542 3834 collecta
1569 3768 1809 3833 contributione

158 3871 343 3936 huiusmodi
367 3874 437 3936 sine
462 3875 654 3958 cuiusquam
682 3873 871 3957 gravamine
901 3895 959 3959 per
982 3895 1141 3959 personas
1165 3873 1299 3938 idoneas
1323 3872 1464 3936 fideliter
1486 3878 1666 3956 aggregata
1689 3872 1811 3956 poterit

44 3983 97 4018 ·'···
160 3975 321 4060 provideri
345 3976 447 4040 Terre
472 3976 591 4040 Sancte
617 3976 799 4040 subsidium
823 3983 1029 4062 oportunum.
1074 3979 1199 4042 Verum
1231 3979 1393 4063 quianon
1417 3977 1529 4052 decet,
1560 3984 1596 4040 ut
1627 3998 1811 4062 oneraque

157 4079 350 4164 imponimus
379 4079 466 4154 aliis,
499 4079 619 4162 digitob
649 4101 780 4143 movere
811 4081 970 4158 nolimus,
1007 4103 1072 4145 non
1106 4082 1216 4162 decet,
1253 4090 1289 4146 ut
1324 4102 1453 4145 manum
1481 4102 1500 4143 a
1528 4079 1648 4143 Christi
1676 4082 1809 4164 negotio

158 4181 357 4261 subtrahant,
382 4182 456 4266 qui‘·
483 4180 522 4245 de
541 4181 663 4246 Christi
686 4183 883 4268 patrimonio
908 4190 1143 4264 sustentantur,
1167 4207 1231 4248 non
1254 4185 1359 4264 dccet,
1382 4192 1419 4248 ut
1441 4184 1526 4269 quod
1549 4182 1755 4270 predicamus
1779 4184 1812 4246 in

158 4285 265 4362 laicis,
299 4292 466 4348 taceamus
496 4285 528 4349 in
560 4286 702 4364 clericis,
735 4307 808 4349 curn
842 4285 1021 4350 debeamus
1053 4309 1153 4372 opere
1185 4288 1356 4374 prevenire
1385 4309 1465 4371 quos
1495 4287 1643 4350 volumus
1674 4287 1811 4351 invitare

158 4409 316 4461 sermone,
340 4389 425 4452 viam
442 4389 543 4478 ¹labiis
567 4388 703 4452 dextera
719 4397 932 4476 properante:
957 4389 989 4454 id
1012 4390 1099 4474 quod
1122 4391 1162 4455 de
1179 4391 1363 4455 Turonensi
1385 4391 1437 4453 vel
1459 4390 1658 4475 equivalenti
1681 4396 1813 4454 moneta

44 4493 92 4530 ·”·-“·
159 4491 188 4553 in
212 4493 370 4555 laieorum
394 4491 544 4556 domibus
577 4501 627 4556 est
654 4493 836 4578 provisum,
868 4493 903 4555 in
932 4493 1070 4577 singulis
1095 4495 1222 4557 clericis
1248 4494 1302 4577 qui
1331 4493 1458 4556 minora
1478 4491 1639 4555 beneficia
1663 4492 1812 4555 obtinent

158 4595 303 4659 volusenus
327 4595 502 4682 provideri,
526 4596 567 4659 ab
591 4597 664 4659 aliis
689 4596 820 4658 maioris
845 4596 1071 4659 subventionis
1095 4597 1217 4660 auxilio
1242 4603 1427 4681 expectato.
1473 4594 1634 4668 Quocirca
1650 4597 1811 4659 universi-

159 4707 254 4762 tatem
279 4707 423 4762 vestram
453 4719 605 4782 rogamus
628 4706 662 4763 et
685 4699 894 4762 obsecramus
924 4698 957 4761 iu
979 4698 1138 4780 Domino,
1170 4722 1229 4785 per
1252 4699 1434 4785 apostoliea
1465 4700 1585 4783 scripta
1609 4699 1811 4778 mandantes,

159 4805 308 4888 quatinus
332 4803 372 4867 ad
397 4804 458 4867 hoc
482 4805 624 4868 minores
649 4804 787 4868 clericos
812 4804 991 4867 efficaciter
1018 4804 1227 4879 inducentes,
1251 4825 1308 4867 vos
1333 4803 1421 4888 ipsos
1446 4801 1650 4866 adinvicem
1674 4804 1811 4867 etalios

160 4909 299 4992 prelatos
337 4907 551 4972 ecclesiarum
587 4931 646 4972 seu
681 4909 954 4972 monasteriorum
990 4929 1118 4972 necnon
1154 4917 1187 4972 ot
1221 4909 1303 4971 alios
1339 4907 1493 4984 clericos,
1533 4907 1588 4989 qui
1621 4906 1812 4970 habundant

78 5021 99 5044 ’⁵
160 5010 355 5088 redditibus,
387 5012 433 5073 sie
465 5012 641 5075 sollicitare
674 5011 811 5086 curetis,
844 5017 880 5074 ut
910 5011 1047 5074 effectus
1078 5013 1235 5098 plenioris
1270 5009 1409 5075 subsidii
1438 5030 1568 5073 manum
1601 5016 1634 5072 et
1668 5009 1810 5072 animum

266 5189 362 5196 ω--ι-ω
372 5190 389 5196 -
398 5189 1152 5196 w-*nffl——Qm
1159 5189 1407 5196 -u--q--n

262 5307 284 5366 ¹)
304 5307 486 5357 Metlioluneusi
504 5305 656 5371 cpioprcpho
674 5306 771 5355 scribae
790 5323 806 5355 a
826 5305 925 5357 Pertsio
943 5308 1015 5356 urreis
1027 5309 1152 5356 inclusam
1166 5307 1281 5357 eddilam
1301 5315 1345 5369 est,
1362 5306 1430 5371 qreorl
1442 5307 1543 5356 verbum
1563 5306 1673 5370 recipere
1691 5303 1811 5368 cltebituri,

160 5395 215 5455 qaia
234 5394 443 5444 verisimillimam
460 5403 495 5444 eet
512 5393 541 5442 id
558 5394 585 5442 iu
604 5394 705 5458 repetatis
722 5411 774 5443 noa
793 5395 850 5458 leqi,
867 5393 912 5444 secl
930 5393 997 5443 leavec
1015 5395 1147 5458 epistolum
1166 5395 1306 5450 tbrmalam
1324 5409 1384 5456 cese,
1403 5393 1439 5442 acl
1457 5392 1528 5441 eteius
1546 5391 1734 5441 arreilitucliaem
1750 5407 1810 5455 per-

161 5479 251 5528 multae
269 5479 360 5529 missae
378 5489 449 5542 street,
473 5480 599 5530 Pertaium
618 5489 702 5530 autem
720 5497 751 5530 ce
768 5497 811 5542 eo,
833 5481 902 5546 quod
917 5499 990 5546 popa
1008 5482 1089 5531 evaeis
1108 5481 1182 5531 haiae
1200 5482 1321 5547 epistolae
1338 5481 1429 5542 eetiuer,
1452 5480 1495 5529 ubi
1517 5479 1709 5544 praedicatores
1730 5479 1812 5528 craecis

158 5581 202 5626 per
229 5562 449 5616 Mediolanensem
478 5567 597 5618 diocesim
623 5567 741 5630 iewtiueit,
770 5569 915 5632 carrucatae,
943 5569 1128 5619 Mediolanensi
1156 5586 1245 5619 errore
1270 5568 1367 5618 scribae
1392 5566 1521 5616 eccidisse.
1609 5562 1633 5628 ι’)
1655 5565 1752 5632 digitur
1780 5564 1811 5614 a.

75 5645 109 5684 ὓ
162 5653 179 5712 ⁹)
197 5650 255 5716 qtiia
273 5649 305 5700 R.
