4494 6426
683 324 1089 396 22222222222222222.
1126 298 1201 398 rs'ee.

906 641 990 715 189.

225 751 414 844 Honorius
441 778 509 843 ΙΙΙ
529 799 617 858 papa
647 779 808 843 universos
840 778 960 845 eur-tert
984 780 1091 862 fideles
1116 801 1176 862 per
1203 779 1380 846 Saxouiam
1410 783 1591 848 mustitutos
1617 767 1770 863 imbitur,

113 891 148 952 u
180 887 302 951 22221222·
332 884 368 947 iu
400 881 537 946 Liuouia
568 883 724 947 conversis
758 889 960 962 succurraut;
986 884 1257 965 proficiscentibus
1289 884 1325 948 iu
1357 883 1533 949 subsidium
1566 907 1672 952 eorum
1702 908 1770 952 eam

111 993 306 1072 2222222222
327 988 450 1052 venium
476 985 625 1069 1221221222,
647 1006 727 1068 quac
748 987 783 1049 iu
803 986 917 1052 Terrae
932 987 1068 1053 Sanctae
1091 986 1265 1052 subsidium
1283 988 1549 1068 proficiscentibus
1569 989 1696 1055 indultu
1717 995 1770 1054 est.

1417 1096 1512 1174 1222,
1534 1093 1607 1159 rau.
1631 1095 1682 1158 rs.

218 1176 292 1232 Hom.
312 1179 366 1230 ΙΙΙ
380 1175 449 1246 1122.
472 1175 528 1231 Vol.
548 1175 774 1242 111,1ss;Lit.
798 1174 845 1241 VI,
863 1179 922 1231 181.

261 1405 496 1480 Universis
523 1404 690 1479 Christi
720 1403 939 1478 fidelibus
964 1426 1040 1497 per
1066 1393 1306 1481 Saxoniam
1333 1409 1617 1484 constitutis.

220 1556 271 1622 Ne
294 1562 383 1621 terra
404 1561 497 1620 vaste
520 1553 720 1636 solitudinis,
753 1575 848 1639 quam
877 1554 910 1618 in
939 1555 1087 1640 partibus
1110 1555 1248 1622 Livonie
1273 1556 1433 1622 Dominus
1463 1580 1523 1644 per
1551 1559 1768 1624 ministerium

112 1660 353 1748 predicatorum
377 1680 509 1724 suorum
533 1657 694 1724 reducens
719 1657 760 1724 ad
784 1659 906 1723 cultum
928 1660 1068 1723 nominis
1086 1658 1263 1725 Christiani
1287 1661 1365 1725 facit
1388 1661 1430 1726 de
1455 1663 1579 1728 semine
1600 1663 1694 1728 verbi
1718 1663 1768 1728 sui

112 1786 197 1830 nova
219 1764 364 1828 fidelium
391 1768 505 1847 segete
535 1763 701 1848 pululare,
734 1761 818 1847 quod
842 1763 944 1844 absit,
974 1764 1007 1826 in
1032 1763 1231 1849 salsuginem
1263 1762 1445 1850 redigatur,
1475 1771 1526 1831 set
1547 1767 1656 1852 potius
1681 1788 1768 1832 cres-

114 1891 192 1934 cens
220 1870 254 1932 in
284 1887 425 1934 messem
454 1866 487 1929 in
515 1865 655 1930 fructum
678 1864 859 1930 exhuberet
886 1873 1098 1952 oportunum,
1131 1866 1280 1953 expedit,
1303 1875 1340 1932 ut
1362 1889 1382 1931 a
1404 1869 1555 1954 paganis,
1585 1871 1639 1955 qui
1663 1870 1767 1935 adhue

112 1974 246 2058 gentilis
269 1971 387 2036 erroris
411 1991 523 2035 orrore
547 1975 624 2034 sunt
646 1969 744 2055 ispidi
767 1975 923 2055 tanquam
947 1971 1059 2056 spine,
1083 1972 1269 2036 nullatenus
1294 1972 1433 2058 opprimi
1455 1974 1694 2058 permittantur,
1718 1981 1769 2040 set

112 2081 265 2162 potenter
286 2073 504 2140 defendantur
526 2073 566 2137 ab
590 2073 655 2153 cis,
687 2072 769 2136 21122
794 2074 947 2158 congruis
970 2075 1103 2138 auxiliis
1126 2074 1350 2139 favorabiliter
1372 2076 1583 2158 confovendi,
1615 2079 1767 2163 quatinus

112 2181 174 2266 ipsi
203 2200 269 2243 non
298 2179 404 2244 solum
431 2177 547 2242 fortius
578 2176 766 2241 radicentur
797 2177 830 2240 in
862 2176 946 2258 fide,
978 2199 1092 2243 verum
1120 2180 1220 2243 etiam
1254 2181 1502 2246 conversionem
1537 2182 1610 2246 aliis
1638 2183 1768 2246 valeant

113 2283 279 2348 efficacius
303 2279 452 2346 suadere.
499 2281 648 2354 Quantus
673 2280 760 2344 enim
783 2279 895 2361 dolor,
920 2287 1101 2364 quantusve
1124 2281 1229 2368 pudor
1252 2290 1342 2348 esset
1364 2285 1484 2370 populo
1509 2284 1711 2366 Christiano,
1735 2292 1768 2349 et

112 2389 254 2452 maxime
279 2385 508 2472 circumposita
539 2385 680 2469 regioni,
713 2385 741 2447 si
771 2390 859 2448 22222
880 2383 1023 2449 Domino
1052 2385 1213 2470 acquisita
1240 2408 1324 2451 nunc
1350 2408 1411 2472 per
1442 2387 1600 2452 desidiam
1622 2387 1767 2453 fidelium

111 2493 222 2556 taliter
249 2490 460 2577 perderetur,
490 2488 545 2573 qui
573 2487 614 2551 ad
636 2486 868 2572 acquirendam
896 2489 994 2552 aliam
1024 2490 1101 2554 totis
1132 2488 1291 2554 deberent
1322 2489 1494 2555 desideriis
1521 2491 1677 2578 aspirare.
1722 2490 1768 2555 Ut

111 2596 210 2680 igitur
227 2592 349 2658 Christi
371 2590 487 2655 fideles
511 2589 604 2674 quasi
628 2595 717 2654 certo
733 2590 835 2654 illecti
852 2590 1014 2678 stipendio
1038 2591 1079 2655 ad
1099 2591 1353 2656 succurrendum
1378 2593 1426 2658 eis
1441 2593 1556 2659 fortius
1573 2594 1767 2675 animentur,

111 2720 170 2763 nos
194 2696 345 2762 omnibus
369 2694 410 2760 de
435 2693 594 2773 Saxonis,
626 2695 773 2778 exceptis
796 2693 861 2758 hiis
885 2695 940 2779 qui
963 2695 1016 2758 vel
1038 2702 1198 2759 voverunt
1221 2696 1274 2760 vel
1296 2703 1538 2784 proposuerunt
1560 2697 1609 2762 ire
1632 2697 1665 2760 in
1688 2696 1764 2761 sub-

111 2802 230 2866 sidium
246 2800 348 2865 'I'erre
366 2798 495 2878 Sancte,
519 2796 803 2883 proficiscentibus
827 2803 860 2861 et
883 2799 1084 2864 morantibus
1108 2821 1167 2885 per
1185 2800 1359 2865 triennium
1382 2802 1415 2864 in
1432 2799 1615 2865 subsidium
1637 2801 1768 2866 noviter

45 2937 61 2974 2
111 2907 144 2970 12
165 2905 307 2970 Livonia
329 2922 576 2978 conversorum,
608 2921 679 2964 cam
703 2907 913 2986 peccatorum
943 2922 1074 2966 suorum
1104 2903 1233 2966 veniam
1256 2903 1480 2988 indulgemus,
1513 2926 1576 2990 que
1608 2905 1642 2968 in
1664 2903 1766 2970 Terre

111 3009 230 3074 Sancte
266 3006 446 3072 subsidium
479 3002 762 3091 proficiscentibus
801 3009 853 3068 est
886 3003 1032 3085 indulta,
1071 3005 1151 3091 ipsis
1187 3005 1418 3071 nichilominus
1454 3027 1526 3071 cum
1566 3006 1699 3072 familiis
1733 3012 1767 3071 22

109 3113 261 3177 omnibus
295 3110 390 3175 bonis
423 3109 491 3172 suis
526 3107 586 3172 sub
622 3107 801 3192 apostolice
837 3107 924 3171 sedis
956 3115 990 3171 et
1018 3115 1131 3171 nostra
1158 3109 1363 3193 protectione
1395 3110 1568 3195 susceptis.
1619 3108 1765 3195 Ideoque

109 3217 357 3281 universitatem
387 3219 530 3278 vestram
563 3232 734 3276 monemus
767 3217 800 3274 ct
834 3211 1001 3275 hortamur
1034 3216 1177 3291 attente,
1212 3232 1271 3297 per
1303 3213 1484 3298 apostolica
1515 3212 1608 3277 vobis
1643 3213 1766 3299 scripta

110 3319 313 3399 mandantes,
338 3317 489 3402 quatinus
505 3313 639 3400 provide
656 3311 875 3394 attendentes,
899 3335 995 3398 quarn
1012 3312 1140 3378 salubre
1158 3315 1200 3378 sit
1215 3315 1338 3378 homini
1360 3337 1419 3401 pro
1442 3316 1499 3381 illo
1515 3315 1657 3380 animam
1674 3336 1766 3380 suam

110 3445 244 3511 ponere,
267 3422 322 3506 qui
345 3442 403 3506 pro
428 3440 463 3484 se
486 3418 627 3504 positam
652 3419 685 3480 in
700 3417 961 3481 vitamcustodit
978 3425 1135 3494 eternam,
1158 3418 1301 3483 libenter
1323 3419 1371 3482 illi
1387 3419 1535 3483 militetis
1558 3418 1600 3482 ad
1623 3426 1764 3505 tempus,

109 3529 163 3612 qni
188 3547 247 3613 pro
271 3525 366 3588 nobis
389 3524 423 3587 in
447 3543 541 3586 eruce
566 3522 633 3585 suis
650 3521 822 3607 stipendiis
846 3522 1008 3602 militavit,
1032 3522 1187 3608 predictis
1211 3524 1376 3588 conversis
1396 3521 1614 3587 succurrendo
1637 3523 1763 3586 utiliter

110 3639 143 3695 et
164 3635 328 3716 potenter,
351 3628 397 3691 ita
419 3623 506 3712 quod
528 3625 561 3688 in
583 3624 733 3710 partibus
757 3625 821 3688 illis
845 3631 1005 3709 augeatur
1027 3646 1162 3689 numero
1186 3631 1219 3689 et
1241 3626 1357 3690 merito
1382 3626 1521 3711 populus
1546 3624 1781 3703 Christianus,

109 3741 143 3796 ct
165 3733 260 3798 vobis
284 3731 404 3796 exinde
427 3729 514 3816 apud
535 3729 645 3793 Deum
667 3734 833 3793 accrescat
857 3730 1004 3794 cumulus
1028 3730 1232 3808 meritorum,
1265 3730 1321 3814 qui
1344 3730 1447 3793 multa
1468 3729 1592 3793 maiora
1615 3727 1766 3793 retribuit

109 3836 253 3901 fideliter
276 3833 534 3920 obsequentibus
558 3854 654 3918 quam
678 3841 836 3918 speretur.

220 3955 296 4019 Det.
321 3955 473 4018 Lateran.
496 3954 560 4018 XV
584 3953 657 4016 Κ21.
681 3953 777 4016 Febr.
801 3975 885 4017 anno
910 3959 1017 4018 222222.

898 4462 980 4534 190.

221 4574 409 4668 Haemus
430 4601 599 4683 1112222
613 4599 819 4686 [Eberhardo
834 4600 893 4683 II]
915 4600 1142 4681 archiepiscopo
1159 4599 1402 4684 Salisburpeusi,
1426 4621 1494 4666 eum
1516 4601 1658 4666 eulesiae
1681 4621 1766 4679 2222,

107 4713 143 4774 iu
165 4732 231 4792 222
252 4709 395 4774 22222121
416 4707 578 4789 2222212222
599 4705 753 4782 esistunt,
775 4704 941 4786 (22211222
963 4706 1031 4768 ciro
1049 4705 1151 4784 222112
1173 4705 1209 4767 iu
1227 4703 1380 4789 facultate
1402 4703 1582 4788 2222122122,
1606 4706 1661 4786 qui
1682 4705 1767 4785 ipsos

109 4813 356 4890 thesaurizem,
373 4810 641 4892 provideremus,
665 4808 812 4888 concedit,
835 4813 871 4871 22
891 4808 1075 4890 magistrum
1097 4806 1139 4873 B.
1163 4807 1345 4872 2222221222
1367 4809 1550 4872 22222222νὶ1
1571 4809 1609 4873 de
1630 4807 1765 4873 Hauseu

109 4917 154 4982 ud
174 4917 231 4981 1222
252 4915 390 4997 officium
410 4915 561 4980 assumat.
1413 4913 1507 4990 1222,
1529 4911 1623 4979 Febr.
1648 4916 1677 4976 7.

217 5034 368 5090 Horam
381 5035 450 5105 Req.
474 5033 530 5088 Vol.
549 5032 611 5102 111,
630 5035 699 5098 197;
717 5031 780 5086 Lib.
804 5031 852 5096 VI,
869 5035 934 5085 225.

574 5263 923 5356 Salzeburgensi
949 5262 1302 5354 archiepiscopo.

217 5413 289 5478 Tua
304 5412 479 5478 laudabilis
502 5412 632 5478 devotio
648 5418 853 5500 promeretur
869 5419 902 5476 et
924 5412 1064 5477 honesta
1086 5413 1224 5477 intentio
1247 5432 1306 5474 nos
1330 5408 1464 5490 inducit,
1487 5414 1523 5473 ut
1545 5413 1577 5473 te
1601 5415 1764 5494 tamquam

111 5519 220 5584 nobile
256 5539 294 5584 22
330 5518 515 5604 preclarum
550 5519 691 5583 ecclesie
725 5517 791 5583 Dei
826 5516 996 5582 menbrum
1031 5518 1142 5581 favore
1177 5515 1265 5580 sedis
1301 5513 1480 5600 apostolice
1515 5516 1763 5598 prosequentes,

111 5622 385 5710 postulationihus
414 5623 494 5700 tuis,
522 5643 584 5707 que
614 5644 678 5687 non
708 5622 812 5686 solum
842 5621 982 5685 ecclesio
1011 5626 1065 5685 tue
1096 5618 1281 5708 profectum
1304 5639 1416 5683 verum
1449 5616 1549 5681 etiam
1572 5615 1682 5700 gregis
1705 5613 1765 5678 tibi
