4604 6420
411 425 472 489 374
987 419 1034 476 EX
1053 417 1228 476 dunecan
1245 415 1284 472 ΙΧ
1303 413 1482 472 REGIS'PRO

410 595 451 661 ab
475 595 599 661 eisdem
622 617 736 661 omnes
760 600 826 660 tam
849 594 910 660 viri
932 617 1030 681 quam
1047 595 1204 660 mulieres
1228 599 1261 660 et
1282 593 1424 658 infantes
1448 591 1532 656 sacri
1555 589 1839 676 regenerationem
1855 589 2062 676 baptismatis

409 699 544 764 indilate
579 699 757 785 recipient,
791 705 826 763 et
856 699 994 763 aliorum
1025 699 1107 763 ritus
1142 697 1402 763 Christianorum
1435 695 1666 761 observabunt.
1720 694 1921 782 Episcopum
1954 701 2063 760 autem

410 800 534 866 domini
556 823 641 888 pape
668 801 864 868 auctoritate
893 801 1130 866 instituendum
1161 800 1286 866 eisdem
1316 819 1389 863 cum
1419 799 1603 864 reverentia
1629 818 1667 863 ac
1695 798 1868 863 devotione
1896 804 2063 882 tamquam

409 911 537 990 patrem
561 925 655 970 suum
678 926 716 971 ac
740 904 905 970 dominum
928 905 1105 991 recipient,
1133 910 1166 970 et
1191 903 1225 967 in
1255 902 1404 968 omnibus
1428 909 1592 986 tamquam
1615 902 1745 966 domino
1769 923 1828 967 999
1851 908 1884 966 91
1907 901 2062 988 episcopo

410 1003 548 1072 aliorum
582 1028 673 1072 more
703 1006 816 1073 debito
846 1006 1107 1071 Christianorum
1143 999 1383 1092 perfectissime
1418 1006 1611 1071 obedientes
1641 1005 1748 1071 eidem
1777 1005 2061 1092 obtemperabunt,
2131 1029 2142 1065 o

411 1109 475 1195 ipsi
498 1110 716 1176 reverentiam
739 1130 777 1174 ac
800 1109 1038 1174 subiectionem
1061 1109 1192 1174 domino
1224 1115 1258 1173 et
1287 1109 1443 1195 episcopo
1472 1129 1530 1172 suo
1554 1108 1699 1173 debitam
1727 1106 1965 1194 impendentes.
2010 1105 2063 1170 Ad

411 1234 452 1278 ea
473 1235 551 1278 vero
580 1215 665 1292 iura,
695 1234 758 1298 999
789 1214 978 1298 persolvere
1007 1220 1161 1278 tenentur
1187 1211 1341 1297 indigene
1365 1211 1405 1276 19
1429 1210 1643 1292 Gothlandia,
1673 1233 1732 1297 per
1765 1213 1875 1276 omnia
1902 1216 2063 1297 perpetuo

411 1316 611 1382 tenebuntur
638 1318 795 1404 episcopo
827 1337 885 1380 999
918 1316 1050 1401 9919999
1083 1316 1217 1400 prelatis
1246 1315 1412 1379 annuatim
1436 1314 1668 1400 persolvenda,
1700 1316 1746 1379 ita
1768 1314 1854 1401 quod
1877 1336 1938 1378 nec
1961 1334 2063 1399 regno

411 1420 514 1486 Dacia
544 1442 606 1486 nec
629 1419 764 1486 Suescie
794 1419 1013 1494 subiciantur3
1044 1426 1237 1507 perpetuam
1267 1420 1353 1484 enim
1382 1420 1430 1484 eis
1454 1419 1649 1484 indulsimus
1677 1418 1879 1498 libertatem,
1909 1417 2063 1503 quamdiu

412 1544 469 1588 eos
499 1529 685 1609 apostatare
716 1544 782 1587 non
810 1523 996 1606 contigerit.
1047 1523 1149 1587 Paeto
1178 1528 1288 1586 tamen
1316 1522 1396 1586 inito
1427 1529 1460 1587 ct
1489 1523 1522 1586 in
1552 1523 1676 1586 cartula
1702 1521 1850 1607 presenti
1878 1521 2062 1606 conscripto
2119 1553 2142 1588 io

411 1627 511 1691 robur
533 1633 728 1713 perpetuum
752 1625 939 1703 obtinente,
963 1625 1192 1710 expeditiones
1216 1645 1315 1709 super
1337 1646 1500 1711 paganos,
1523 1631 1589 1689 tam
1612 1647 1670 1710 pro
1694 1630 1781 1689 terre
1805 1622 2064 1687 Christianorum

412 1727 605 1794 defensione
629 1750 725 1814 quam
747 1751 806 1814 pro
828 1727 905 1792 fidei
929 1728 1119 1793 dilatatione
1136 1728 1313 1808 faciendas,
1337 1728 1600 1815 frequentabunt.
1645 1728 1735 1792 Infra
1750 1727 1919 1793 biennium
1934 1726 2064 1790 domino

412 1839 498 1917 pap‘e
524 1852 560 1895 se
583 1830 829 1916 presentabunt,
853 1838 887 1895 et
908 1832 1086 1896 secundum
1103 1831 1249 1897 eiusdem
1268 1832 1439 1896 arbitrium
1462 1854 1522 1918 per
1538 1833 1821 1918 omniaperpetuo
1845 1852 1880 1895 se
1896 1829 2065 1894 habebunt

412 1939 446 1997 et
473 1933 721 1999 ordinationem.
765 1933 876 1998 Medio
909 1941 1019 1999 autem
1049 1941 1196 2022 tempore
1227 1935 1376 2000 instituta
1405 1945 1517 2000 nostra
1537 1936 1691 2021 perfecte
1722 1942 1890 2000 servantes
1920 1956 1958 1999 ac
1989 1955 2064 2020 pre-

413 2043 522 2122 cepta,
551 2036 646 2101 nobis
679 2035 836 2101 obedient
862 2036 895 2101 in
929 2038 1081 2102 omnibus
1117 2045 1151 2103 et
1181 2060 1240 2124 per
1273 2041 1380 2103 omnia
1410 2039 1699 2126 obtemperabunt,
1732 2039 1822 2103 salva
1850 2039 1882 2102 in
1912 2038 2062 2102 omnibus
2119 2065 2142 2102 9

413 2140 606 2204 auctoritate
630 2138 752 2204 domini
775 2160 870 2226 pape.
916 2139 1012 2213 Quod
1034 2147 1070 2204 ut
1099 2147 1293 2228 perpetuam
1321 2142 1468 2206 obtineat
1494 2142 1698 2222 firmitatem,
1729 2147 1919 2226 presentem
1942 2147 2064 2205 cartam

413 2242 532 2306 exinde
562 2243 779 2327 conscriptam
810 2241 911 2326 sigilli
941 2243 1059 2318 nostri,
1093 2241 1215 2307 domini
1243 2241 1449 2331 Hlermanni]
1480 2243 1652 2310 Lealensis
1683 2245 1830 2331 episcopi
1860 2251 1895 2308 et
1926 2245 2064 2307 aliorum

412 2365 511 2430 supra
532 2344 814 2410 denominatorum
836 2344 1033 2408 munivimus
1056 2347 1269 2433 appensione.

520 2464 641 2531 Actum
664 2487 749 2531 anno
772 2465 906 2530 Domini
928 2466 1130 2547 MOOXXX,
1153 2469 1186 2533 in
1210 2469 1262 2534 die
1285 2467 1535 2534 Innocentum1.

520 2585 611 2649 Nulli
635 2607 713 2671 ergo
737 2593 799 2650 etc.
823 2592 933 2651 nostre
957 2587 1213 2653 confirmationis
1236 2595 1298 2654 cto.
1344 2589 1379 2653 Si
1403 2591 1477 2675 quis
1500 2598 1609 2654 autem
1633 2597 1695 2654 etc.

522 2705 610 2770 Data
631 2705 748 2786 Reate,
773 2704 826 2769 III
847 2706 927 2771 Idus
950 2707 1132 2791 Februarii,
1156 2709 1363 2796 pontificatus
1386 2710 1489 2774 nostri
1512 2731 1596 2773 9999
1621 2711 1743 2794 quinto.

1195 3180 1282 3253 464.

520 3285 710 3397 Gregorius
737 3312 795 3378 [Χ
818 3335 905 3397 papa
932 3319 1095 3400 neophytis
1123 3319 1160 3384 ds
1187 3319 1363 3412 Boadcwe,
1402 3319 1601 3386 Woaacmcm
1628 3326 1658 3385 ct
1687 3321 1724 3386 dc
1756 3321 1888 3402 Wiada,
1916 3321 2066 3404 partibus

417 3414 582 3494 Ouroaioa,
604 3417 725 3482 999199
741 3417 900 3484 libertates
914 3420 953 3484 ab
969 3420 1072 3485 codam
1086 3423 1225 3504 episcopo
1239 3441 1397 3487 concessos
1410 3425 1582 3504 cmcftrrszot,
1606 3429 1710 3489 tcacrc
1729 3425 1908 3490 litterarum
1929 3427 2066 3504 adiecta·

413 3517 456 3602 cf.
478 3537 510 3586 9.
533 3523 608 3586 463.
1697 3530 1791 3605 1232,
1812 3528 1904 3593 Febr.
1929 3532 1980 3593 11.

518 3637 600 3708 Grcg.
618 3640 667 3693 IX
684 3641 749 3711 Rep.
773 3639 830 3694 Vol.
848 3640 893 3709 II,
912 3645 966 3696 155
971 3661 981 3709 ,·
999 3641 1060 3697 Lac.
1082 3641 1113 3708 V,
1133 3646 1194 3698 186.
1242 3607 1244 3610 Ι
2118 3659 2144 3697 as

517 3724 654 3791 Potthaat,
673 3725 742 3796 Req.
763 3728 847 3781 8876.

597 3921 657 3995 Dc
684 3921 915 4010 Bandewe,
943 3924 995 3996 de
1024 3923 1287 4001 Wanneman
1315 3934 1358 4001 et
1385 3930 1437 4002 de
1464 3927 1619 4004 Winda
1645 3927 1881 4032 neophitis

505 4067 616 4134 ·Solet
647 4090 792 4135 annuere
826 4076 889 4135 919.
923 4077 959 4134 91
991 4072 1025 4135 19
1058 4072 1123 4138 9119
1157 4096 1277 4160 usque:
1313 4079 1561 4142 communimus.
1606 4076 1717 4142 Tener
1743 4081 1853 4141 autem
1883 4075 2064 4140 litterarum

414 4169 558 4257 ipsarum
581 4173 740 4237 99119119.

521 4275 638 4340 Frater
660 4275 699 4340 Β.
723 4276 902 4342 monachus
925 4279 1080 4344 Alensioa
1105 4280 1335 4349 Cisterciensis
1364 4284 1504 4365 ordinis,
1532 4284 1655 4350 domini
1678 4283 1717 4348 Ο.
1741 4283 1853 4349 Sancti
1875 4283 2004 4348 Nicolai
2033 4284 2066 4346 in
2119 4322 2146 4359 ³0

415 4375 556 4443 Oarcere
579 4378 730 4444 Tulliano
753 4381 883 4445 diaconi
911 4383 1102 4462 cardinalis,
1132 4384 1220 4449 sedis
1247 4388 1427 4472 apostolice
1457 4389 1574 4473 legati,
1604 4387 1853 4473 penitentiarius
1877 4394 1911 4453 et
1933 4388 2066 4451 nuntius

414 4479 448 4543 in
470 4479 657 4561 Livoniam,
681 4484 847 4566 omnibus,
871 4485 1016 4571 919999
1040 4509 1176 4575 presens
1199 4490 1354 4576 scriptum
1379 4493 1580 4578 pervenerit,
1604 4493 1866 4577 inperpetuum.
1911 4489 1993 4554 Oum
2016 4491 2066 4554 in-

415 4583 560 4668 spirante
583 4584 688 4668 gratia
711 4585 853 4672 Spiritus
877 4590 991 4670 sancti,
1016 4592 1082 4672 ubi,
1106 4592 1233 4678 quando
1257 4601 1355 4680 atque
1378 4603 1535 4679 quantum
1557 4597 1627 4660 vult
1649 4595 1812 4681 spirantis,
1836 4593 1930 4658 nobis
1953 4615 2066 4679 quam-

414 4685 496 4749 libet
525 4686 666 4771 indignis
696 4690 1011 4759 amministrantibus
1039 4702 1136 4782 atque
1166 4699 1432 4783 procurantibus,
1463 4699 1582 4785 pagani
1612 4698 1652 4762 de
1682 4697 1838 4778 Ouronia,
1869 4698 1997 4762 scilicet
2026 4697 2066 4762 de

415 4788 592 4872 Bandowe,
616 4790 657 4856 19
679 4790 897 4878 Wanneman,
921 4796 961 4861 de
985 4798 1067 4863 citra
1090 4799 1221 4882 Winda,
1245 4800 1285 4866 de
1310 4802 1396 4865 villis
1420 4822 1555 4886 quarum
1578 4802 1711 4866 nomina
1734 4808 1811 4866 sunt
1833 4801 1911 4866 heo:
1939 4800 2063 4876 Rende,
2117 4839 2143 4875 es

414 4891 528 4974 Wasa,
556 4891 662 4976 Galle,
691 4894 881 4979 Maticbule,
905 4898 1046 4981 Wanne,
1075 4902 1188 4987 Pyrre,
1217 4903 1402 4988 Ugenesse,
1426 4903 1577 4981 Gadowe,
1608 4904 1728 4985 Anzes,
1758 4904 1866 4984 Talse,
1889 4904 2065 4981 Arowelle,

414 4994 539 5083 Prope,
567 5003 601 5062 ct
625 4998 774 5083 pluribus
804 5000 876 5064 91119
904 5001 1002 5068 fidem
1031 5007 1237 5093 susceperint
1268 5007 1502 5086 Christianam,
1530 5007 1572 5073 ad
1600 5007 1662 5074 boc
1688 5007 1797 5091 ipsum
1826 5007 1958 5073 obsides
1988 5029 2064 5072 suos

414 5099 575 5165 dederunt
605 5108 639 5166 et
668 5103 754 5167 sacri
777 5106 1060 5188 regenerationem
1084 5109 1290 5195 baptismatis
1318 5117 1523 5197 receperunt.
1576 5111 1646 5176 Nos
1668 5131 1746 5175 vero
1769 5109 1810 5175 de
1834 5111 1964 5174 comuni
1988 5131 2064 5175 999-

414 5202 488 5266 91119
510 5209 544 5267 91
562 5224 726 5269 99999999
742 5206 883 5270 99919919
899 5205 1065 5292 Rigensis,
1089 5213 1228 5276 militum
1245 5211 1378 5295 Christi,
1401 5214 1626 5278 universorum
1643 5215 1898 5300 peregrinorum,
1922 5215 2066 5278 omniurn

519 5460 542 5526 ⁸)
561 5461 597 5511 ita
615 5461 659 5522 R.,·
677 5464 730 5529 laga
747 5464 876 5516 Alnensis.
2117 5511 2144 5550 lo

517 5595 544 5664 1)
564 5595 630 5650 Drc.
648 5599 699 5661 28,
724 5598 782 5650 9911.
801 5601 870 5654 9999Ι
888 5606 972 5668 1229,
993 5605 1025 5657 ul
1041 5619 1091 5657 999
1108 5619 1196 5659 99999
1213 5610 1410 5676 9999919999.
1446 5609 1530 5664 neca
1548 5612 1628 5664 ctiam
1647 5609 1761 5682 139999,
1788 5612 1998 5688 1911991,
2021 5623 2068 5689 28,
2185 5669 2186 5672 ,

411 5698 438 5736 9.
459 5686 509 5736 117
525 5683 648 5736 chortam
665 5683 711 5736 ad.
730 5701 756 5738 9.
775 5689 845 5741 1229
861 5689 955 5756 rescit.
