4494 6426
1011 399 1057 452 EX
1076 398 1233 453 HONORII
1252 399 1290 451 Ill
1310 397 1490 452 asarsual)

1109 737 1117 752 ·
1217 700 1300 773 153.

536 810 725 905 Honorias
740 838 804 904 III
815 859 905 920 papo
926 839 1039 903 eisdem
1061 839 1200 916 maadot,
1223 843 1259 901 at
1277 837 1477 923 [Andream]
1494 837 1653 919 anom‘ac
1673 857 1781 920 rcqcm,
1804 839 1860 918 qai
1878 837 2082 904 Constantine

427 945 629 1028 imperatrici,
650 943 824 1028 [Emcricc]
845 942 927 1024 repis
948 942 1069 1020 acea,
1091 942 1170 1006 XII
1189 941 1279 1006 acilio
1300 963 1478 1006 marcorum
1499 941 1594 1006 cidem
1617 942 1741 1005 acmiac
1762 942 1903 1006 dotalicii
1924 943 2082 1023 qrcoadara

425 1051 660 1132 <assignatarum
681 1047 797 1111 solvere
819 1046 951 1129 dcacmt,
973 1045 1017 1110 od
1037 1045 1073 1108 id
1093 1045 1289 1125 corcipcttoat.
1748 1047 1839 1124 1220,
1862 1044 1937 1109 Dec.
1962 1047 1992 1111 5.

530 1167 604 1223 aaa.
623 1169 678 1219 ΠΙ
693 1166 765 1235 aeq.
783 1165 846 1219 nro.
871 1164 900 1230 V,
918 1169 979 1220 aar.

529 1253 663 1317 Petttcast,
681 1251 747 1320 Rea.
768 1254 849 1306 6428.

1158 1377 1345 1451 Eisdem.

536 1529 618 1593 Cum
647 1528 734 1616 apud
767 1550 827 1593 nes
857 1549 931 1592 esse
965 1549 1031 1592 non
1063 1527 1184 1593 debeat
1211 1528 1359 1613 acceptio
1390 1547 1602 1613 personarum
1636 1533 1698 1591 etc.
1726 1548 1847 1613 usque:
1883 1527 2081 1594 videremur.

429 1632 515 1698 Sane
541 1634 716 1698 karissima
742 1634 776 1697 in
805 1633 935 1697 Christo
964 1633 1032 1697 filia
1063 1639 1176 1696 nostra
1206 1631 1414 1711 Constantia,
1447 1629 1668 1694 Romanorum
1699 1631 1909 1716 imperatrix³
1932 1633 2081 1714 illustris,

431 1758 490 1800 sua
520 1738 615 1802 nobis
639 1737 873 1823 conquestione
902 1736 1112 1815 monstravit,
1143 1735 1229 1821 quod
1261 1756 1334 1800 cum
1362 1734 1449 1798 clare
1478 1733 1634 1798 memorie
1660 1784 1667 1799 .
1692 1783 1699 1799 .
1722 1755 1783 1799 rex
1805 1734 1951 1819 Ungarie
1975 1737 2081 1822 ipsam

432 1839 557 1904 ducens
579 1840 728 1925 legitime
752 1841 785 1903 in
808 1860 962 1921 uxorem,
995 1838 1076 1904 duos
1100 1839 1272 1904 comitatus
1296 1838 1326 1902 ci
1349 1837 1480 1901 nomine
1504 1835 1647 1900 dotalicii
1670 1837 1884 1923 assignasset,
1917 1840 1963 1902 ita
1994 1839 2081 1925 quod
2133 1863 2156 1902 a

429 1943 458 2006 si
481 1945 708 2030 superviveret
730 1945 811 2030 regi,
835 1943 990 2030 quamdiu
1013 1944 1112 2008 vellet
1134 1943 1167 2006 in
1190 1941 1337 2027 Ungeria
1360 1961 1546 2021 remanere,
1569 1940 1659 2026 ipsos
1683 1962 1755 2006 cum
1779 1942 1845 2005 suis
1868 1945 2082 2028 proventibus

428 2046 574 2132 plenarie
597 2049 771 2129 retineret,
804 2048 857 2113 vel
880 2049 908 2112 si
931 2069 1100 2113 remanere
1123 2047 1226 2111 nollet
1248 2044 1387 2124 ibidem,
1416 2042 1587 2108 duodecim
1614 2045 1706 2108 milia
1732 2066 1915 2110 marcarum
1937 2047 2000 2110 sibi
2023 2067 2082 2133 pro

431 2147 582 2214 dotalicio
606 2152 822 2232 solverentur,
845 2173 1004 2237 processu
1027 2150 1183 2237 temporis
1207 2149 1287 2213 vire·
1301 2155 1334 2212 et
1356 2147 1423 2211 filio
1448 2167 1506 2210 suo
1529 2148 1665 2232 parvulo
1689 2149 1774 2212 viam
1796 2149 1949 2214 universe
1974 2151 2083 2214 caruis

428 2252 598 2337 ingressis,
623 2275 760 2339 regnum
777 2255 890 2333 exivit,
914 2263 965 2320 set
979 2255 1172 2319 karissimus
1195 2255 1229 2318 in
1244 2252 1374 2317 Christo
1397 2251 1484 2314 filius
1507 2258 1619 2316 noster
1644 2251 1838 2337 ..Ungaric
1862 2273 1922 2316 rex
1945 2253 2083 2318 illustris

428 2355 518 2420 dicta
541 2356 713 2422 duodecim
734 2358 824 2422 milia
839 2379 1031 2439 marearum,
1056 2357 1119 2422 sibi
1142 2357 1254 2423 debita
1277 2356 1370 2419 iuxta
1385 2354 1613 2419 conventionis
1636 2361 1795 2436 tenorem,
1819 2354 1926 2420 eidem
1950 2357 2081 2423 solvere
2134 2379 2155 2417 a

428 2459 570 2545 denegat
593 2461 717 2546 pluries
741 2462 929 2547 requisitus.
974 2461 1024 2526 Ne
1048 2461 1147 2548 igitur
1169 2461 1274 2525 dietus
1305 2481 1365 2524 rex
1395 2458 1502 2524 eidem
1529 2458 1730 2544 imperatrici
1760 2458 1910 2544 negando
1934 2459 2083 2525 debitum

431 2563 579 2628 iniuriari
601 2564 774 2650 probetur,
807 2585 903 2650 quam
926 2564 1027 2630 debet
1048 2565 1244 2652 propensius
1276 2563 1452 2642 honorare,
1486 2563 1698 2628 serenitatem
1728 2583 1820 2626 suam
1847 2584 2020 2628 monemus
2051 2571 2084 2630 et

428 2667 596 2732 hortamur
618 2673 759 2748 attente,
787 2674 823 2732 ut
845 2669 954 2733 taliter
977 2690 1076 2754 super
1098 2669 1160 2733 hoc
1184 2667 1292 2734 eidem
1315 2665 1514 2753 imperatrici
1537 2665 1726 2730 satisfacere
1756 2664 1902 2747 studeat,
1930 2666 2019 2751 qued
2042 2689 2085 2732 ex

428 2770 553 2834 iustitia
587 2769 728 2854 gratiam
768 2769 831 2834 sibi
873 2777 1056 2856 comperet,
1097 2779 1131 2836 et
1172 2792 1232 2836 nos
1272 2768 1557 2834 mansuetudinem
1596 2769 1721 2854 regiam
1764 2769 1927 2856 possimus
1967 2770 2084 2835 merito

431 2870 669 2938 commendare.
716 2870 798 2937 Cum
821 2873 931 2957 itaque
955 2894 1020 2938 non
1043 2874 1207 2960 possimus
1231 2872 1395 2938 eidemin
1418 2872 1488 2937 iure
1511 2872 1641 2953 deesse,
1665 2871 1822 2958 precipue
1845 2871 1880 2936 in
1895 2872 2082 2938 huiusmodi
2134 2894 2157 2931 a

431 2995 544 3056 causa,
578 2975 611 3039 in
648 2994 712 3059 qua
740 2976 948 3062 pauperculis
978 2977 1077 3041 etiam
1104 2977 1297 3043 mulieribus
1332 2997 1392 3040 nos
1422 2975 1619 3040 favorabiles
1649 2975 1861 3057 exhibemus,
1889 2975 2085 3041 fraternitati

431 3084 540 3142 vestre
563 3099 623 3164 per
645 3079 826 3164 apostolica
852 3079 974 3166 scripta
1000 3079 1207 3162 mandamus,
1242 3080 1395 3167 quatinus
1424 3080 1452 3144 si
1482 3079 1589 3144 dictus
1618 3085 1821 3144 reiectant
1851 3100 1950 3164 supra
1979 3101 2085 3164 usque

430 3182 463 3244 in
486 3181 594 3246 linem.

1052 3327 1263 3334 ...----—..—-.-
1273 3327 1332 3332 -υ
1347 3326 1423 3332 ,-..-
1436 3325 1463 3330 .--.

1218 3550 1301 3624 154.

538 3659 725 3753 Honorias
767 3689 832 3755 111
863 3711 954 3773 popa
994 3691 1158 3756 Fridcrico
1193 3690 1409 3754 Romanorum
1452 3691 1635 3772 imperatori
1675 3689 1848 3773 significat,
1894 3712 2085 3774 quostquam

429 3791 631 3872 imperatores
658 3813 722 3856 aon
749 3793 885 3859 labeant
907 3793 1037 3880 fodrum
1061 3796 1182 3878 ccipere
1209 3796 1245 3858 ia
1267 3794 1438 3858 Maoitima
1465 3795 1513 3858 oct
1538 3794 1729 3876 Gaaqroaia,
1756 3814 1788 3858 sc
1819 3799 1924 3860 tamea
1952 3797 1987 3859 ia
2009 3797 2085 3860 ittos
2133 3822 2157 3858 a

423 3897 535 3974 portes
566 3894 717 3959 direaisse
750 3896 965 3985 R[omaaam]
998 3885 1111 3963 Sdacti
1143 3899 1260 3982 alapcli
1298 3898 1464 3963 diaconam
1498 3897 1707 3976 cardinalem,
1749 3900 1785 3960 at
1821 3897 1857 3961 id
1886 3897 2022 3962 studiose
2057 3904 2085 3961 ct

430 3997 594 4078 dilabenter
616 3998 645 4062 ci
666 3998 805 4080 impendi
825 4000 935 4080 saciat.
1730 4003 1822 4078 1220,
1845 4000 1921 4067 Dec.
1946 4006 1998 4068 11.

532 4115 606 4169 Hoa.
626 4119 681 4169 ΙΙΙ
695 4117 765 4187 Req.
789 4121 845 4175 Vct.
863 4123 923 4186 111,
943 4125 988 4190 tl;
1007 4122 1069 4177 Lib.
1095 4123 1123 4192 V,
1141 4127 1206 4178 228.
1249 4152 1251 4157 ·

534 4202 669 4269 Pctttcast,
689 4205 758 4276 Ray.
780 4210 861 4262 6434.

578 4429 824 4525 Friderico,
855 4435 1156 4512 Romanorum
1189 4439 1451 4531 imperatori
1478 4459 1651 4530 semper
1677 4441 1868 4529 augusto
1897 4441 1940 4508 et
2131 4475 2154 4511 a

1113 4560 1204 4652 regi
1231 4559 1394 4633 Sicilie.

537 4700 611 4766 Non
635 4701 809 4788 credimus,
832 4707 918 4792 quod
941 4730 1094 4795 umquam
1117 4710 1235 4796 aliquis
1252 4709 1419 4774 Romanus
1442 4708 1592 4794 pontifex
1609 4707 1821 4772 sinceriorem
1845 4705 2017 4770 caritatem
2043 4703 2083 4768 ad

430 4805 571 4890 aliquem
595 4807 827 4892 imperatorem
843 4812 1003 4892 habuerit,
1028 4836 1124 4899 quam
1147 4836 1206 4878 nos
1229 4813 1270 4878 ad
1293 4833 1466 4901 personam
1490 4819 1545 4877 tue
1569 4811 1779 4877 sublimitatis
1801 4809 1973 4884 habemus,
1998 4809 2083 4872 sieut

430 4908 637 4974 evidentibus
654 4913 791 4996 potuisti
807 4937 1008 5000 cognoscere
1025 4919 1236 5004 argumentis,
1260 4924 1294 4982 et
1309 4938 1488 5002 cognosces
1512 4915 1610 4981 dante
1627 4915 1769 4981 Domino
1792 4912 1909 4978 diebus
1931 4912 2082 4977 omnibus

429 5013 633 5102 vitenostre.
681 5014 716 5079 si
739 5039 818 5103 ergo
841 5020 874 5083 in
891 5021 1078 5086 exhibendo
1095 5022 1155 5086 tibi
1170 5021 1263 5086 fodro
1280 5021 1443 5106 imperiali
1459 5019 1631 5085 difficultas
1645 5020 1707 5083 fuit
1731 5018 1840 5103 aliqua
1855 5017 1908 5081 vel
1923 5013 2082 5086 defectus,
2131 5041 2154 5076 a

428 5136 528 5200 grave
552 5117 646 5181 nobis
671 5126 721 5183 est
737 5122 911 5206 plurimum
935 5131 969 5190 et
992 5125 1177 5204 molestum,
1200 5145 1261 5190 nec
1284 5122 1317 5189 id
1339 5123 1434 5187 nobis
1457 5129 1568 5209 potest
1591 5123 1798 5208 aliquatenus
1825 5121 1989 5206 imputari.
2035 5117 2082 5181 Te

429 5219 515 5282 enim
544 5223 824 5309 appropinquante
852 5227 894 5291 ad
922 5227 1042 5294 Tuscia
1069 5237 1180 5315 partes
1217 5229 1379 5293 universis
1411 5227 1596 5292 civitatibus
1634 5241 1745 5291 nostre
1776 5225 1892 5291 ditioni
1925 5223 2082 5288 subiectis

429 5344 587 5408 expresse
618 5326 858 5409 mandavimus,
891 5337 928 5395 ut
962 5333 1209 5418 procurationes
1243 5353 1302 5396 seu
1332 5330 1461 5395 fodrum
1495 5330 1554 5395 tibi
1583 5331 1766 5396 liberaliter
1794 5337 1828 5395 et
1859 5328 1996 5414 yleriter
2026 5349 2083 5391 ex-

428 5426 594 5510 hiberent,
626 5451 664 5494 ec
686 5451 728 5496 ne
752 5433 824 5517 quis
847 5435 984 5500 iussioni
1007 5443 1119 5502 nostre
1141 5440 1346 5523 presumeret
1370 5434 1549 5514 contraire,
1583 5433 1738 5499 dilectum
1760 5434 1863 5498 filium
1886 5432 2082 5510 Aletrinum,

533 5694 556 5759 ¹)
575 5694 716 5760 imperatris
734 5695 765 5750 Il.
