4448 6420
940 373 987 426 EX
1006 372 1162 427 Hououu
1180 373 1220 426 111
1239 371 1418 427 REGISTRO

1131 715 1220 850 Ι990.

460 908 649 1002 Honorius
670 932 737 997 HI
758 953 847 1013 popa
869 933 1034 999 Frictorico
1056 932 1271 998 Rornanorum
1300 933 1482 1014 imperatori
1504 933 1626 1009 scribit,
1656 933 1887 1014 responsioumc
1914 954 2004 998 suom

349 1037 386 1101 de
408 1037 606 1102 ordinatione
638 1037 838 1116 quorrcudam
868 1038 1066 1103 ecelesiarum
1094 1036 1234 1118 Apuliae
1260 1042 1289 1101 ot
1315 1037 1353 1101 dc
1378 1038 1462 1118 tincto
1483 1036 1658 1120 [Wolteri]
1690 1035 1913 1101 (lothariensis
1942 1039 2006 1118 epri-

349 1140 432 1220 scopi
464 1140 648 1222 capistrum
681 1138 866 1216 Roffredum
899 1143 1041 1204 oretenus
1080 1140 1110 1202 ei
1142 1140 1318 1205 relaturum
1351 1158 1430 1216 esse,
1466 1158 1571 1219 preces
1604 1142 1707 1202 autem
1742 1138 1780 1203 de
1812 1140 2005 1205 absolutione

348 1241 558 1327 [Boimuuer
585 1242 704 1307 comitis
729 1241 921 1323 Tripolitani
942 1243 1104 1308 admittere
1132 1263 1163 1307 se
1190 1263 1252 1307 uou
1275 1261 1382 1322 posse,
1412 1263 1481 1306 cum
1502 1241 1611 1306 uuutit
1632 1242 1749 1306 coercitis
1771 1242 1961 1308 cautiones
1982 1265 2004 1307 a

349 1343 566 1410 cardinalibus
587 1345 708 1410 oblatas
729 1345 864 1428 recipcre
884 1347 1055 1411 renuerint.

1652 1433 1744 1509 1226,
1768 1432 1840 1496 lau.
1862 1435 1915 1499 24.

455 1567 528 1622 Horo.
549 1571 602 1621 III
617 1569 685 1638 Rep.
706 1569 762 1623 Vol.
784 1568 814 1633 V,
834 1573 905 1635 10&
924 1567 987 1622 Lib.
1008 1568 1044 1634 X,
1063 1572 1125 1623 168.
1162 1569 1268 1624 Pertrii
1286 1569 1425 1638 excrucior
1442 1567 1626 1636 suppleremus
1643 1583 1678 1620 ex
1696 1565 1789 1637 Repu.
1808 1571 1881 1624 Anu.
1899 1570 1959 1624 cccl.
1978 1589 2003 1624 o.

365 1656 428 1718 226,
447 1702 451 1716 ,
520 1695 525 1707 ,

350 1658 364 1708 1
448 1657 586 1806 §I'ddhost
606 1741 673 1810 Rep.
694 1747 772 1796 7:321.

434 1969 678 2059 Friderico,
707 1971 878 2044 illustri
906 1971 1207 2044 Romanorum
1235 1971 1496 2063 imperatori
1523 1990 1697 2060 semper
1723 1975 1918 2060 augusto

1000 2115 1041 2180 et
1067 2110 1160 2200 regi
1187 2109 1351 2182 Sicilie.

454 2275 529 2340 Hiis
546 2297 608 2362 que
625 2281 679 2339 tue
697 2277 883 2342 serenitatis
900 2277 1009 2341 littero
1026 2276 1248 2354 continebant,
1271 2281 1382 2360 etque
1399 2275 1537 2341 dilectus
1553 2277 1638 2341 tilius
1654 2279 1812 2363 magister
1826 2275 2001 2342 Rolfredus

347 2379 479 2443 nuntius
503 2385 579 2443 tuus
602 2385 668 2444 tam
693 2401 790 2466 super
807 2379 1011 2444 ordinatione
1028 2378 1228 2464 quarundam
1253 2378 1467 2442 ecelesiarum
1483 2378 1604 2464 Apulis
1628 2402 1665 2444 ao
1691 2382 1778 2445 facto
1804 2379 2000 2446 venerabilis

347 2483 455 2547 fratris
490 2484 592 2547 nostri
627 2532 633 2546 .
659 2533 666 2546 .
702 2482 932 2548 Cathanionsis
967 2481 1131 2568 episcopi,
1163 2503 1258 2568 quam
1293 2503 1391 2568 super
1420 2481 1624 2547 absolutione
1654 2485 1782 2548 comitis
1805 2483 2001 2570 Tripolitani

347 2586 442 2650 nobis
471 2587 555 2651 sieut
577 2587 627 2650 vir
649 2586 791 2672 prudens
816 2593 849 2650 et
873 2585 956 2650 fidus
981 2608 1023 2649 ex
1051 2594 1147 2671 parte
1166 2594 1222 2648 tua
1250 2585 1421 2670 proposuit
1443 2586 1518 2648 viva
1541 2606 1636 2666 roee,
1670 2586 1846 2671 diligenter
1869 2586 1998 2668 auditis,
2060 2617 2086 2650 a

347 2689 595 2775 responsionem
618 2697 763 2753 nostram
787 2711 886 2775 super
914 2689 1040 2752 duobus
1074 2689 1187 2775 primis
1210 2688 1356 2751 articulis
1380 2689 1412 2751 in
1441 2709 1497 2751 ore
1521 2689 1624 2774 ipsius
1648 2690 1797 2774 magistri
1819 2692 2000 2776 posuimus,

348 2793 402 2877 qui
426 2814 497 2857 eam
521 2792 618 2879 plene
641 2793 762 2878 poterit
789 2800 845 2857 tue
876 2792 1068 2856 sublimitati
1092 2792 1225 2856 referre.
1272 2790 1378 2876 Super
1400 2792 1606 2856 absolutione
1631 2814 1708 2857 vero
1732 2793 1849 2879 prefati
1873 2794 2000 2859 comitis

347 2900 402 2958 tua
432 2897 560 2963 noverit
590 2896 764 2976 celsitudo,
797 2895 883 2980 quod
914 2896 1018 2980 ipsius
1051 2895 1179 2959 comitis
1213 2895 1316 2958 nuntii
1348 2895 1515 2980 petierunt
1539 2893 1677 2979 quedam
1707 2895 1768 2958 iuri
1792 2903 1825 2960 et
1852 2895 1998 2962 Romane

348 2999 489 3062 ecclesie
513 2999 741 3064 consuetudini
764 2999 928 3063 contraria
950 2999 1133 3064 manifeste.
1179 2997 1274 3062 Unde
1299 2997 1376 3061 licet
1399 3019 1514 3082 preces
1538 3007 1612 3062 tuas
1635 2997 1774 3062 velimus
1798 3021 1943 3086 semper,
1967 3001 1998 3064 in

347 3100 466 3184 quibus
496 3102 673 3168 secundum
701 3102 810 3167 Deum
838 3124 1030 3187 possumus,
1061 3102 1235 3180 exaudire,
1265 3101 1470 3184 nequivimus
1499 3108 1609 3165 tamen
1637 3102 1783 3187 ipsorum
1805 3104 1998 3187 petitionem
2046 3131 2101 3166 ω

348 3202 521 3269 admittere
545 3206 742 3285 nuntiorum,
766 3205 862 3290 idque
879 3206 1128 3291 circumspectio
1152 3213 1209 3268 tua
1231 3225 1308 3288 egre
1332 3204 1417 3268 ferre
1441 3225 1506 3267 non
1529 3204 1638 3286 debet,
1662 3225 1736 3268 cum
1759 3226 1824 3268 non
1848 3207 1942 3286 velis,
1965 3214 1999 3271 ut

348 3305 527 3390 oredimus,
558 3308 644 3393 quod
667 3310 747 3374 iuris
771 3310 884 3395 scripti
914 3316 946 3373 et
969 3309 1149 3395 approbate
1173 3306 1419 3371 consuetudinis
1444 3306 1591 3371 ordinem
1615 3307 1861 3372 confundamus.
1906 3309 1999 3374 Licet

347 3415 457 3475 autem
480 3410 567 3475 idem
591 3433 700 3478 eomes
724 3413 824 3476 etiam
847 3413 919 3498 ipsa
935 3412 1139 3477 exhibitione
1156 3410 1281 3474 iustitie
1296 3418 1432 3496 propter
1453 3412 1566 3490 multa,
1591 3431 1654 3495 que
1676 3433 1762 3475 nune
1785 3414 1912 3476 narrari
1935 3433 1998 3477 non

348 3514 496 3600 expedit,
520 3515 699 3582 reddiderit
723 3538 758 3581 se
783 3515 965 3601 indignum,
990 3522 1118 3579 tuarum
1142 3521 1251 3578 tamen
1278 3535 1412 3600 precum
1435 3514 1555 3578 intuitu
1579 3515 1741 3579 voluimus
1763 3522 1869 3579 totum
1891 3515 1999 3602 ipsum

347 3619 514 3702 negotium
537 3619 630 3684 bonis
655 3621 732 3684 viris
757 3620 961 3684 committere
985 3619 1045 3682 sub
1070 3619 1131 3682 huo
1154 3619 1272 3698 forma,
1301 3624 1338 3683 ut
1360 3617 1514 3682 videlieet
1536 3617 1622 3682 idem
1645 3639 1755 3683 eomes
1778 3626 1943 3706 prestaret
1965 3619 1998 3684 in
2047 3645 2075 3682 ε

346 3742 460 3786 eorum
482 3723 633 3788 manibus
656 3725 872 3789 iuramentum
897 3723 937 3787 de
963 3722 1077 3786 stando
1098 3723 1258 3787 mandatis
1283 3722 1423 3787 ecclesie
1447 3743 1545 3807 super
1568 3723 1618 3802 iis,
1642 3744 1700 3807 pro
1724 3721 1842 3806 quibus
1867 3723 1900 3787 in
1924 3744 1998 3788 eum

347 3827 693 3892 excommunicationis
718 3828 882 3892 sententia
904 3828 971 3890 late
993 3826 1064 3906 fuit,
1088 3848 1126 3890 ac
1150 3826 1268 3892 deinde
1291 3833 1454 3912 prestaret
1478 3826 1518 3891 de
1542 3826 1725 3890 manifestis
1749 3825 1937 3908 emendam,
1960 3848 1998 3892 ae

346 3927 561 4014 deputando
593 3931 655 3994 iuri
686 3953 785 4017 super
815 3930 923 3995 dubiis
953 3931 1128 3996 exhiberet
1156 3931 1307 3996 idoneam
1337 3931 1537 4004 cautionem
1573 3952 1635 4014 quo
1666 3930 1751 3993 facto
1782 3930 1997 3995 absolutionis

345 4031 540 4097 beneficium
575 4035 821 4120 impenderetur
855 4034 981 4111 eidem,
1018 4042 1050 4098 et
1087 4041 1326 4118 consequenter
1359 4034 1399 4100 de
1434 4033 1541 4098 dubiis
1576 4033 1718 4119 cognitio
1752 4032 1933 4099 haberetur
1965 4041 1999 4098 et

346 4142 560 4215 statueretur,
584 4136 669 4221 quod
692 4144 844 4223 posceret
868 4137 946 4202 ordo
971 4137 1061 4201 iuris.
1105 4137 1149 4200 m
1171 4137 1232 4201 hec
1256 4137 1483 4201 omnia'dietis
1506 4136 1628 4200 rruutiis
1650 4135 1793 4220 benigne
1817 4135 1997 4201 obtulimus
2056 4163 2096 4200 :3
2185 4149 2198 4178 t

313 4287 315 4292 -
344 4259 404 4324 per
426 4240 648 4304 venerabilem
663 4240 797 4304 fratrem
821 4247 968 4304 nostrum
983 4237 1212 4326 H[ugolinum]
1237 4241 1427 4327 episcopum
1444 4239 1631 4303 Ostiensem
1655 4259 1693 4302 ao
1717 4238 1872 4303 dilectum
1895 4239 1998 4303 filium

345 4348 491 4406 nostrum
516 4339 681 4428 G[ualam]
713 4343 798 4406 tituli
828 4342 940 4408 Sancti
973 4343 1105 4407 Martini
1137 4344 1366 4430 presbyterum
1397 4351 1430 4408 et
1462 4342 1657 4428 Gregorium
1689 4343 1801 4408 Sancti
1831 4343 1997 4409 Theodori

345 4443 517 4510 diaconum
541 4445 738 4527 cardinales,
761 4468 781 4509 a
804 4447 920 4531 quibus
944 4447 1077 4512 eosdem
1102 4449 1233 4512 nuntios
1257 4447 1362 4511 audiri
1386 4447 1523 4513 fecimus
1546 4445 1736 4532 diligenter,
1767 4468 1841 4510 cum
1864 4467 1930 4512 non
1954 4448 1997 4511 sit

345 4547 609 4629 consuetudinis,
640 4548 725 4632 quod
747 4549 914 4616 Romanum
938 4551 1087 4638 pontifex
1115 4552 1177 4615 nisi
1206 4573 1265 4637 per
1289 4551 1514 4637 interpositam
1537 4571 1711 4637 personam
1733 4550 1774 4613 ad
1797 4551 1996 4636 colloquium

344 4652 644 4716 excommunicatos
674 4652 833 4717 admittat.
877 4654 946 4741 Ipsi
973 4662 1082 4720 auteur
1110 4655 1215 4719 nuntii
1243 4654 1391 4741 predicta
1414 4655 1560 4740 recipere
1584 4661 1776 4733 renuerunt,
1806 4662 1995 4719 asserentes
2087 4677 2111 4708 2

345 4777 380 4818 se
414 4753 456 4818 ad
485 4755 547 4819 hoc
579 4776 643 4820 non
673 4754 794 4822 habere
822 4757 1027 4838 mandatum,
1062 4779 1123 4823 nee
1153 4779 1227 4836 nos,
1261 4765 1298 4821 ut
1325 4757 1545 4843 prediximus,
1574 4757 1738 4843 potuimus
1770 4755 1881 4823 faeere
1911 4759 1997 4844 quod

343 4856 518 4943 petebant,
554 4879 643 4940 eum,
674 4858 730 4924 ubi
766 4859 874 4943 agitur
906 4859 946 4924 do
982 4861 1122 4941 iustitia,
1153 4859 1258 4945 gratie
1293 4861 1327 4923 in
1361 4861 1496 4925 alterius
1530 4860 1679 4924 iniuriam
1713 4880 1778 4923 nou
1814 4860 1856 4923 sit
1891 4860 1995 4927 loeus.

344 4959 531 5026 Secundum
566 4963 780 5049 prescriptam
815 4983 892 5027 vero
928 4964 1066 5028 formam
1101 4964 1341 5029 committemus
1375 4963 1483 5052 ipsum
1517 4963 1700 5048 negotium,
1735 4964 1996 5052 quandocunque

342 5062 499 5130 fuerimus
523 5067 681 5152 requisiti,
705 5066 809 5153 parati
834 5087 965 5152 semper
988 5068 1020 5131 in
1043 5068 1106 5131 hiis
1130 5073 1163 5130 et
1186 5067 1259 5130 aliis
1282 5073 1337 5132 tue
1362 5066 1566 5131 celsitudinis
1589 5089 1716 5153 preces,
1740 5075 1897 5151 quantum
1921 5092 1994 5156 per-

342 5168 450 5233 mittet
472 5170 565 5251 ratio,
589 5169 757 5236 exaudire.

450 5304 527 5370 Dat.
550 5305 667 5386 Reate,
691 5305 795 5370 VIIII
817 5303 893 5370 Kal.
916 5305 1015 5371 Febr.
1041 5303 1137 5393 [anno
1160 5303 1330 5393 decimo]“.

1275 5499 1868 5507 mmss-—fflw—

447 5633 468 5700 ¹)
486 5651 553 5704 antro
571 5635 668 5686 decimo
687 5634 754 5686 decu
771 5633 799 5685 iu
818 5633 850 5684 u.

2155 5181 2176 5216 lo
