4576 6390
432 387 495 450 482
1015 383 1063 437 EX
1082 383 1256 437 GREGORII
1274 383 1313 436 IX
1331 382 1513 438 nemanso

432 557 518 621 inter
541 557 772 642 imperatorem
803 556 912 642 ipsum
936 577 979 620 ex
1008 563 1189 639 unaparte
1213 563 1326 620 atros
1351 579 1394 622 ex
1416 559 1520 623 altera
1550 558 1658 622 facere
1683 562 1894 636 curaverunt,
1927 576 2093 640 quacum

431 661 542 725 littere
566 680 665 745 super
688 659 749 723 hoc
773 660 868 723 nobis
887 680 1032 742 congruo
1050 666 1197 743 tempore
1215 666 1404 744 presentata
1428 683 1492 724 non
1516 662 1646 739 luerint,
1671 681 1736 723 non
1760 659 1870 724 extitit
1891 679 1952 743 per
1976 657 2090 722 sedem

433 763 649 849 apostolicam
673 762 892 842 confirmata²,
918 762 988 826 sine
1012 761 1204 824 difficultate
1229 762 1373 845 quelibet
1396 773 1622 850 acceptantes,
1647 764 1882 828 inviolabiliter
1904 764 2091 828 observetis

433 866 587 946 eandem,
618 867 665 929 ita
693 865 779 951 quod
807 866 1006 951 propitiante
1029 864 1172 928 Domino
1200 865 1325 928 nullum
1354 866 1623 951 impedimentum
1650 866 1806 947 obsistat,
1837 867 1914 950 quin
1936 865 1979 930 ad
2011 867 2091 930 sub-

434 969 554 1034 sidium
578 975 722 1034 vestrum
755 969 897 1033 ecelesia
920 970 1029 1034 valeat
1062 969 1147 1032 sicut
1170 968 1331 1054 disposuit
1355 968 1577 1034 Christianum
1599 973 1756 1057 populum
1778 970 1949 1035 advocare.
1996 971 2092 1035 Alio-

434 1073 528 1157 quin,
563 1094 635 1136 cum
667 1093 868 1158 nequeamus
901 1072 1047 1157 predicto
1081 1072 1272 1157 imperatori
1306 1072 1424 1138 deesse
1460 1075 1492 1137 in
1526 1074 1666 1154 iustitia,
1701 1096 1798 1160 quem
1827 1075 1918 1138 velut
1948 1074 2093 1138 ecclesie

436 1175 606 1239 brachium
640 1177 784 1261 speciale
818 1176 852 1239 in
886 1175 1068 1239 rationibus
1102 1177 1170 1240 suis
1204 1175 1456 1241 habundantiori
1489 1185 1640 1242 tenemur
1669 1179 1788 1242 affectu
1819 1177 1949 1256 lovere,
1984 1177 2093 1240 archi-

435 1279 593 1364 episcopo
617 1279 698 1364 ipsi,
729 1299 827 1362 quem
856 1286 1021 1364 tamquam
1054 1279 1194 1342 ecclesie
1217 1278 1366 1343 Romane
1397 1280 1541 1364 legatum
1564 1280 1676 1344 debito
1701 1281 1887 1366 suscipiatis
1909 1280 2036 1345 honore
2061 1287 2094 1344 et

435 1382 539 1467 ipsius
570 1382 715 1467 pareatis
745 1381 913 1445 humiliter
947 1381 1086 1454 monitis¹
1111 1389 1144 1444 et
1172 1381 1348 1459 mandatis,
1385 1405 1445 1468 per
1480 1385 1607 1448 litteras
1642 1391 1770 1448 nostras
1805 1385 2022 1467 iniungimus,
2058 1390 2094 1447 ut

436 1485 561 1564 omnia,
598 1484 705 1570 quoad
740 1485 791 1549 ius
826 1475 1046 1570 possessionis
1082 1490 1116 1547 et
1149 1485 1374 1569 proprietatis,
1413 1487 1446 1548 in
1484 1508 1558 1550 eum
1596 1495 1714 1550 statum
1753 1488 1945 1551 auctoritate
1979 1491 2095 1551 nostra

435 1589 588 1667 redueat,
630 1588 662 1651 in
703 1609 766 1673 quo
805 1588 907 1651 fuisse
947 1594 1127 1683 noscuntur
1159 1595 1235 1651 ante
1270 1586 1466 1652 discordiam
1501 1590 1587 1654 inter
1621 1591 1847 1654 marescallum
1882 1590 2094 1676 imperatoris

438 1690 608 1756 eiusdem²
632 1699 666 1755 et
688 1712 747 1754 vos
771 1691 902 1754 inimico
926 1691 1016 1775 pacis
1039 1691 1181 1754 faciente
1206 1690 1388 1768 subortam3
1419 1693 1688 1773 contradictores,
1712 1694 1740 1756 si
1763 1714 1843 1777 quos
1866 1693 1900 1755 in
1923 1701 2012 1757 terra
2036 1695 2095 1757 illa

437 1794 619 1872 invenerit,
649 1795 702 1858 vel
729 1794 872 1858 rebelles
900 1793 996 1858 modo
1027 1793 1175 1879 predicto
1203 1815 1455 1879 percensuram
1479 1798 1737 1860 ecclesiasticam
1761 1796 1889 1860 sublato
1914 1797 2095 1861 cuiuslibet

438 1896 704 1960 contradictionis
729 1903 763 1960 et
785 1897 1016 1982 appellationis
1041 1896 1274 1982 impedimento
1299 1919 1523 1985 compescens.

545 2024 620 2088 Dat.
645 2023 782 2110 Spoleti,
806 2024 856 2088 VI
877 2025 926 2091 Id.
950 2026 1037 2110 Aug.
1060 2047 1145 2090 anno
1169 2025 1317 2090 octavo³.

545 2154 584 2218 In
608 2154 747 2219 eundem
771 2154 840 2218 fere
861 2154 993 2218 modum
1014 2155 1170 2240 scriptum
1194 2163 1246 2220 est
1269 2156 1566 2243 ..archiepiscopo
1582 2156 1775 2237 Ravennati,
1799 2158 1981 2242 apostolice
2006 2158 2097 2221 sedis

438 2261 559 2345 legato.
603 2257 655 2322 De
678 2257 873 2323 liberatione
896 2258 999 2322 Terre
1023 2257 1142 2322 Sancte
1168 2265 1229 2322 etc.
1253 2281 1373 2343 usque:
1398 2262 1628 2325 exterminium
1652 2262 1826 2338 sustinere,
1849 2267 1894 2341 te,
1917 2261 2097 2325 commisso

438 2365 499 2428 tibi
521 2363 697 2449 legationis
722 2362 848 2444 officio,
879 2362 919 2426 sd
942 2369 1053 2447 partes
1077 2364 1150 2426 illas
1175 2363 1326 2426 duximus
1349 2362 1594 2444 destinandum,
1625 2364 1791 2428 nobilibus
1815 2364 1893 2427 viris
1916 2363 2098 2427 baronibus

438 2467 532 2552 regni
569 2465 825 2531 Ierosolimitsui
863 2471 897 2529 et
935 2465 1059 2529 civibus
1098 2466 1346 2530 Acconensibus
1385 2468 1611 2552 iniungentes,
1649 2476 1686 2531 ut
1722 2489 1854 2553 pacem,
1893 2489 1990 2552 quam
2029 2467 2095 2530 iam

439 2570 562 2634 dudum
585 2577 647 2634 etc.
672 2590 791 2653 usque:
825 2568 1045 2632 Christianum
1074 2560 1229 2653 populum
1259 2568 1429 2634 advocare.
1475 2569 1569 2643 Quod
1598 2571 1624 2634 si
1654 2570 1732 2634 dicti
1761 2571 1901 2635 barones
1930 2577 1963 2634 et
1993 2571 2095 2649 cives,
2152 2609 2163 2622 ·

439 2695 520 2758 quos
544 2681 578 2738 et
598 2681 634 2737 tu
656 2671 791 2751 adhoc,
815 2679 936 2756 quanto
954 2672 1144 2756 diligentius
1165 2673 1300 2757 poteris,
1324 2693 1458 2736 moneas
1480 2680 1513 2735 et
1533 2672 1677 2753 inducas,
1702 2674 1949 2739 exhortationes
1966 2680 2099 2738 nostras

440 2785 473 2841 et
503 2776 701 2840 monitiones
729 2783 803 2839 tuas
835 2797 933 2861 super
963 2797 1043 2860 pace
1075 2773 1224 2860 predicta
1253 2774 1426 2839 admittere
1455 2797 1521 2839 non
1552 2778 1754 2856 curaverint,
1791 2799 1864 2841 cum
1895 2798 2100 2861 nequeamus

440 2880 567 2966 prefato
607 2879 797 2964 imperatori
835 2877 954 2942 deesse
991 2879 1025 2940 in
1062 2879 1204 2958 iustitia,
1243 2898 1338 2962 quem
1373 2878 1463 2942 velut
1501 2880 1641 2944 ecclesie
1677 2881 1847 2945 brachium
1882 2881 2028 2966 speciale
2067 2881 2102 2944 in

440 2984 621 3048 rationibus
658 2983 725 3046 suis
761 2980 1015 3045 habundantiori
1049 2987 1201 3045 tenemur
1234 2982 1354 3045 affectu
1390 2980 1520 3060 fovere,
1554 2983 1689 3047 firmiter
1723 2984 1783 3048 tibi
1820 3005 1880 3071 per
1915 2984 2102 3070 apostolica

442 3086 564 3172 scripta
592 3083 805 3172 precipiendo
835 3083 1045 3164 mandamus,
1083 3085 1235 3168 quatinus
1268 3084 1394 3164 omnia,
1431 3084 1539 3169 quoad
1568 3085 1618 3148 ius
1648 3087 1868 3172 possessionis
1899 3093 1961 3152 etc.
1991 3107 2100 3172 usqne

441 3191 475 3254 in
497 3191 605 3255 finem.

549 3310 588 3373 In
612 3308 753 3374 eundem
775 3310 844 3373 lere
865 3307 997 3372 modum
1019 3307 1177 3392 scriptum
1201 3313 1253 3371 est
1274 3307 1440 3391 magistris
1465 3313 1498 3371 ct
1519 3307 1676 3371 iratribus
1697 3307 1813 3372 domus
1836 3309 1951 3373 militie
1968 3308 2102 3395 Templi

443 3421 476 3479 et
510 3413 694 3499 Hospitalis
727 3412 983 3477 Ierosolimitsui
1025 3417 1058 3474 et
1099 3459 1106 3474 .
1138 3459 1145 3474 .
1181 3412 1366 3498 preceptori
1402 3410 1521 3474 Sancte
1558 3411 1662 3475 Marie
1700 3411 1988 3476 Theutonicomm.
2048 3412 2102 3477 De

442 3518 637 3582 liberatione
673 3516 775 3581 Terre
810 3515 930 3580 Sancte
966 3521 1028 3579 etc.
1061 3537 1181 3599 usquc:
1222 3515 1452 3578 exterminium
1487 3515 1668 3595 sustinere,
1703 3515 1929 3580 venerabilem
1963 3516 2103 3580 fratrem

442 3628 590 3686 nostrum
620 3670 627 3684 .
652 3669 659 3684 .
683 3621 967 3706 archiepiscopum
988 3619 1233 3698 Ravennatem,
1265 3619 1445 3703 apostolice
1469 3617 1557 3681 sedis
1580 3619 1744 3701 legatum,
1773 3619 1864 3682 cuius
1889 3619 2101 3682 discretionis

444 3733 478 3790 et
501 3724 674 3811 probitatis
698 3724 816 3788 merita
839 3722 1017 3786 efficaciter
1039 3743 1099 3785 nos
1123 3721 1309 3797 hortantur,
1332 3726 1369 3784 ut
1393 3721 1426 3784 in
1450 3720 1560 3783 arduis
1583 3721 1725 3804 negotiis
1749 3722 1839 3785 vices
1863 3727 1991 3785 nostras
2015 3721 2102 3785 fidu-

444 3829 572 3894 cialiter
603 3829 843 3893 committamus
873 3826 995 3906 eidem,
1027 3825 1067 3888 ad
1090 3832 1201 3911 partes
1224 3832 1351 3889 vestras
1375 3824 1528 3887 duximus
1552 3823 1798 3902 destinandum,
1830 3824 1996 3888 nobilibus
2020 3826 2103 3889 viris

444 3931 622 3996 baronibus
646 3931 740 4015 regni
761 3929 1017 3994 Ierosolimitsui
1041 3935 1074 3992 et
1106 3928 1230 3992 civibus
1254 3927 1504 3992 Acconensibus
1533 3928 1757 4011 iniungentes,
1783 3934 1820 3991 ut
1841 3949 1971 4012 pacem,
2002 3949 2104 4014 quam

444 4033 567 4099 dudum
591 4042 653 4099 etc.
677 4055 796 4119 usque:
831 4033 1052 4097 Christianum
1081 4032 1237 4117 populum
1264 4030 1436 4096 advocare.
1483 4031 1578 4104 Quod
1608 4032 1636 4094 si
1666 4030 1747 4095 dieti
1775 4032 1915 4095 barones
1945 4038 1978 4096 et
2010 4031 2103 4096 cives

445 4139 692 4203 exhortationes
717 4144 750 4201 et
775 4136 972 4200 monitiones
996 4135 1073 4198 dicti
1095 4135 1197 4219 legati
1221 4155 1320 4220 super
1341 4155 1423 4220 pace
1446 4134 1595 4219 predicta
1612 4132 1790 4198 'admittere
1812 4155 1878 4198 non
1902 4136 2101 4217 curaverint,

447 4263 520 4306 cum
555 4261 756 4326 nequeamus
785 4240 932 4326 predicto
966 4237 1156 4324 imperatori
1187 4237 1304 4301 deesse
1339 4238 1371 4300 in
1400 4237 1526 4300 iustitis
1556 4244 1618 4300 otc.
1647 4258 1768 4320 usque:
1799 4243 1949 4301 tenemur
1980 4239 2105 4303 affectu

445 4345 571 4424 fovere,
606 4345 854 4430 archiepiscopo
877 4343 941 4429 ipsi
963 4364 1021 4428 per
1044 4342 1171 4405 litteras
1195 4347 1324 4404 nostras
1347 4339 1565 4424 iniungimus,
1599 4347 1636 4403 ut
1660 4341 1782 4418 omnia,
1819 4341 1925 4426 quoad
1951 4341 2001 4405 ius
2024 4363 2104 4428 pos-

376 4494 379 4500 .
446 4448 605 4512 sessionis
636 4454 669 4512 et
700 4448 927 4534 proprietatis,
957 4453 1018 4511 etc.
1046 4453 1082 4509 ut
1111 4466 1210 4530 supra
1240 4466 1362 4530 usque:
1397 4443 1631 4528 impedimento
1664 4465 1887 4530 compescens.
1940 4444 2106 4518 Quocirca

445 4552 651 4616 universitati
678 4557 787 4615 vestre
816 4572 876 4638 per
903 4550 1083 4636 apostolica
1114 4549 1237 4634 scripta
1265 4548 1475 4626 mandamus,
1508 4549 1660 4632 quatinus
1688 4554 1903 4612 memoratum
1937 4548 2102 4634 archiepi-

549 4851 577 4919 1)
595 4851 648 4905 Sed
667 4850 753 4904 Mart.
771 4854 808 4904 22
826 4851 866 4918 [n.
881 4853 951 4919 678]
970 4850 1193 4919 compositionem
1211 4850 1284 4903 inter
1302 4849 1408 4902 eosdem
1423 4848 1590 4918 patriarcba
1609 4854 1634 4902 et
1651 4849 1784 4918 rnaqistro
1801 4848 1987 4902 mediantibus
2003 4848 2104 4902 initam

446 4937 663 5004 confirmaverat.
708 4935 902 5002 Wintelmenn,
921 4934 1014 4988 Eiied.
1028 4937 1069 5000 II,
1083 4952 1113 5003 p.
1127 4939 1182 4987 497
1199 4935 1356 4988 arbitratur
1367 4937 1437 4987 tnnc
1450 4935 1534 4988 aliem
1549 4951 1615 5000 ease,
1633 4933 1742 4988 earrdenr
1762 4950 1852 5001 qnam,
1871 4936 1902 4987 ni
1919 4935 1949 4986 in
1962 4934 2106 4988 Bernardr'

451 5021 527 5077 Thes.
549 5022 623 5078 Ocni.
644 5021 728 5077 Guill.
752 5022 815 5092 Tyr.
834 5023 874 5076 ed.
894 5020 1003 5087 Gnissi,
1021 5028 1039 5075 t.
1058 5021 1145 5087 XIX,
1160 5039 1189 5091 p.
1209 5025 1263 5074 484
1282 5027 1307 5075 et
1325 5025 1382 5074 486
1399 5021 1515 5089 beatur,
1534 5019 1683 5090 Philippus
1701 5019 1734 5072 de
1755 5019 1847 5072 Trecir
1864 5026 1890 5072 et
1909 5019 2050 5074 Hearicns
2069 5021 2104 5074 de

446 5111 591 5166 Nazareth
608 5109 782 5176 confecerint.
820 5109 876 5162 Sed
896 5109 946 5162 lros
966 5109 1066 5162 milites
1087 5108 1170 5162 initio
1188 5126 1214 5162 c.
1232 5112 1307 5162 1236
1328 5108 1405 5178 apud
1433 5107 1521 5161 sedem
1543 5108 1723 5176 apostolicum
1746 5106 1911 5159 constitutor
1928 5106 2104 5159 concordiam

446 5212 506 5252 cnm
523 5197 654 5264 magistro
669 5197 880 5251 Teutonicornrn
895 5195 999 5268 fecisse
1016 5201 1151 5249 testentur
1168 5195 1276 5249 litterae
1289 5211 1384 5264 papae
1402 5211 1428 5248 a.
1447 5197 1529 5259 1236,
1547 5193 1629 5246 Febr.
1642 5197 1676 5246 21
1694 5193 1784 5258 datar,
1802 5208 1872 5260 quas
1888 5191 1997 5246 invenis
2014 5193 2104 5260 infra.

446 5316 481 5324 —
499 5285 608 5353 Papum
625 5284 674 5338 boc
692 5284 750 5338 loco
771 5284 804 5337 dc
826 5283 917 5338 eedem
937 5298 1008 5352 poce
1029 5289 1062 5336 nt
1083 5284 1114 5335 in
1133 5299 1161 5335 n.
1182 5285 1238 5335 578
1261 5282 1337 5349 loqui
1355 5287 1455 5334 certnrn
1473 5279 1540 5332 nriti
1557 5279 1675 5344 videtur,
1695 5279 1862 5347 praesertim
1880 5293 1940 5331 cam
1958 5295 2016 5332 cam
2035 5279 2105 5332 ‘ianr

447 5372 564 5425 dndunr’
583 5371 681 5423 initam
699 5386 757 5424 csse
775 5370 861 5432 dicat·
879 5368 1011 5438 quomodo
1024 5375 1114 5422 autern
1126 5384 1183 5421 cern
1196 5382 1252 5419 non
1265 5367 1454 5429 confirmatam
1466 5366 1612 5435 appellare
1620 5366 1753 5433 potnerit,
1770 5379 1826 5416 non
1840 5363 1931 5432 liquet.
1967 5364 2106 5418 Fortasse

447 5476 474 5512 n.
494 5461 559 5525 578,
577 5457 639 5510 licct
656 5456 762 5526 scripta
781 5458 827 5523 sit,
844 5457 927 5510 missa
945 5471 999 5509 non
1018 5458 1076 5524 est,
1151 5454 1179 5520 2)
1198 5469 1225 5506 a.
1243 5456 1322 5518 1231,
1341 5452 1394 5505 Inl.
1413 5451 1595 5505 transmissas
1613 5456 1689 5512 erat,·
1708 5448 1744 5517 cf.
1762 5465 1788 5501 n.
1808 5453 1873 5503 456.
1952 5449 1980 5515 3)
1998 5448 2107 5502 Eodem

447 5561 536 5600 mense
554 5546 703 5613 imperator
726 5542 821 5597 iisdem
841 5542 951 5608 scribit,
976 5557 1005 5595 sc
1026 5539 1236 5609 archiepiscopo
1255 5538 1416 5600 Ravennati
1437 5537 1475 5604 ad
1496 5537 1668 5602 nrcnr'tienern
1685 5551 1780 5620 papae
1803 5535 1925 5604 officinm
1945 5535 2040 5588 nsandi
2061 5535 2108 5594 sni

448 5632 632 5694 commisisse:
651 5629 937 5694 Hnitlard-Bre'lrolies
956 5627 973 5681 l.
992 5641 1014 5680 c.
1032 5633 1051 5681 t.
1070 5628 1121 5693 IV,
1134 5643 1163 5711 p.
1183 5628 1246 5693 479,
1730 5615 1732 5620 ’
1830 5615 1833 5620 ’

2154 3120 2181 3159 28

2157 3635 2184 3672 30
