4604 6420
818 421 1019 476 EPISTOLAE
1036 421 1225 477 SELEC'I'AE.
1263 424 1337 476 1231.

1030 719 1117 792 445.

358 829 549 940 Gregorius
570 859 627 923 IX
641 860 953 939 papaFridcrieam
973 859 1187 922 Rornanorum
1212 859 1426 940 imperatorem
1449 866 1547 944 rogat,
1570 867 1605 925 at
1626 862 1805 948 Royaotdo,
1827 869 1901 929 acto

248 964 406 1046 qrmadam
430 961 607 1046 C[oaradi]
627 961 716 1026 dacis
739 962 916 1042 spoletani,
939 963 1063 1026 veniam
1085 962 1256 1044 largiatur,
1278 963 1365 1026 solvo
1387 967 1491 1028 tamon
1513 965 1582 1030 iare
1603 967 1685 1031 sodis
1706 970 1900 1048 apostolicae.

252 1066 304 1153 Cf.
326 1086 358 1133 a.
382 1069 455 1129 441.
1558 1070 1740 1148 1231,1ot.
1763 1076 1813 1136 11.

269 1237 271 1242 .
353 1183 437 1256 Grec.
455 1184 505 1238 ΙΧ
521 1183 590 1255 Ray.
615 1184 671 1238 Vol.
691 1183 734 1248 II,
753 1187 824 1252 we,-
841 1184 903 1240 Ls'b.
926 1185 956 1249 V,
976 1188 1020 1240 95.

353 1271 489 1335 Pottbost,
505 1269 571 1339 Ray.
590 1272 673 1324 8764.

339 1482 585 1573 Friderim,
616 1483 782 1558 illustri
809 1483 1105 1558 Romanorum
1132 1485 1392 1576 imperatori
1421 1508 1595 1579 semper
1620 1495 1809 1583 augusto

902 1610 945 1679 et
970 1604 1063 1697 regi
1091 1604 1248 1679 Sicilie.

359 1754 442 1820 Cum
464 1753 684 1824 sacerdotium
707 1761 741 1820 et
763 1755 936 1842 imperium
959 1753 1023 1819 duo
1047 1755 1113 1818 siut
1133 1754 1306 1819 luminaria
1328 1755 1362 1818 in
1385 1755 1525 1822 ecclesie
1545 1758 1760 1839 firmamento,
1783 1761 1901 1845 quibus

250 1859 390 1925 mundus
413 1859 447 1923 in
471 1858 695 1946 spiritualibus
718 1867 752 1925 et
783 1859 1019 1947 temporalibus
1042 1860 1147 1925 veluti
1169 1858 1222 1924 die
1245 1882 1283 1924 ac
1305 1866 1401 1925 nocte
1425 1861 1598 1943 clarescat,
1628 1861 1767 1928 interest
1788 1862 1900 1947 utique

250 1963 420 2048 utriusque
443 1968 606 2042 nostrum,
638 1970 674 2027 ut
701 1964 851 2028 lucentes
882 1962 978 2027 nobis
1009 1984 1069 2048 per
1089 1963 1156 2027 vite
1180 1963 1333 2027 meritum
1355 1970 1389 2029 et
1410 1964 1484 2028 aliis
1506 1986 1566 2052 per
1588 1966 1792 2052 exemplum,
1823 1966 1901 2031 sub-

249 2066 416 2130 trahamus
434 2063 674 2130 detractoribus
690 2065 731 2130 de
746 2066 841 2130 nobis
858 2066 1028 2130 materiam
1045 2065 1255 2150 obloquendi,
1271 2066 1327 2151 qui
1343 2065 1419 2131 dum
1435 2087 1492 2130 cor
1506 2067 1715 2132 obscuratum
1730 2068 1901 2146 habentos,

250 2170 406 2236 libentius
424 2171 530 2235 lucem
547 2191 589 2234 ex
604 2169 691 2235 furno
709 2169 897 2255 suggillant,
914 2190 1010 2255 quam
1026 2190 1069 2234 ex
1084 2169 1213 2254 fulgore
1231 2169 1468 2248 commendent,
1492 2169 1558 2235 diei
1574 2171 1672 2236 etiam
1691 2171 1901 2250 maledicunt,

250 2275 440 2340 occasiones
463 2274 596 2339 frivolas
614 2272 840 2354 mendicando,
864 2273 982 2356 quibus
1006 2293 1107 2358 opera
1128 2279 1242 2337 nostra
1263 2278 1557 2359 quantumcumque
1581 2275 1669 2338 clara
1691 2275 1822 2339 valeant
1843 2275 1901 2340 ob·

249 2378 396 2456 fuscare,
428 2384 525 2464 prout
553 2377 627 2462 plus
650 2376 794 2463 experiri
824 2376 971 2460 cogimur
994 2395 1091 2459 quam
1114 2376 1299 2461 exprimere
1322 2376 1499 2442 valeamus.
1550 2376 1636 2442 Saue
1658 2384 1772 2442 notum
1794 2384 1846 2442 est
1868 2384 1902 2442 et

250 2482 429 2560 notorium,
459 2479 545 2567 quod
567 2479 688 2545 nobilis
711 2479 761 2543 vir
783 2477 990 2564 Raynaldus,
1013 2484 1108 2543 natus
1131 2480 1294 2564 quondam
1318 2478 1352 2544 Ο.
1376 2478 1468 2545 ducis
1493 2477 1677 2565 Spoletani,
1700 2486 1829 2546 atroces
1851 2481 1901 2545 in·

250 2587 364 2666 iuriae,
395 2606 547 2650 enormes
574 2586 716 2648 iacturas
746 2590 779 2648 et
806 2582 1016 2647 multimodas
1047 2583 1218 2648 molestias
1249 2583 1388 2648 ecclesie
1411 2581 1558 2648 Romane
1587 2584 1730 2670 superba
1756 2584 1903 2670 nequitia

250 2696 284 2757 et
306 2710 447 2775 nequam
471 2687 624 2774 superbia
646 2687 815 2772 irrogavit,
848 2687 895 2751 ita
917 2684 1003 2771 quod
1026 2686 1064 2766 si,
1088 2684 1174 2772 quod
1197 2685 1294 2766 absit,
1318 2685 1502 2750 secundum⁴
1519 2687 1699 2771 nequitiam
1722 2687 1901 2752 studiorum

250 2794 354 2881 ipsius
372 2793 532 2857 vellemus
555 2790 641 2855 iusta
656 2788 883 2855 vicissitudine
906 2789 1117 2876 respondere,
1142 2809 1348 2873 nequaquam
1371 2788 1479 2854 eidem
1502 2790 1536 2853 in
1552 2790 1736 2856 calamitate
1760 2791 1902 2877 compati
2002 2861 2010 2868 ,

250 2896 456 2975 deberemus,
480 2894 587 2960 sedin
603 2894 675 2960 eius
690 2893 799 2980 potius
816 2892 951 2958 interitu
967 2893 1180 2957 subsannare.
1224 2891 1364 2957 Avertat
1379 2899 1489 2958 antem
1505 2892 1676 2976 Dominus,
1698 2900 1735 2960 ut
1749 2915 1903 2980 nmquam

252 3021 308 3064 cor
322 3005 470 3064 nostrum
487 3019 604 3063 rancor
620 2998 737 3062 subeat
753 3003 867 3060 contra
884 3016 1089 3082 quemquam,
1107 2995 1184 3080 quin
1200 2995 1432 3062 condoleamus
1450 2996 1635 3062 dolentibus
1652 3004 1686 3064 et
1701 2997 1902 3084 patientibus

249 3105 361 3170 debito
384 3103 622 3190 compatiamur
644 3100 775 3165 affectu.
822 3098 972 3166 seientes
996 3101 1083 3165 enirn
1108 3099 1299 3184 evangelica
1321 3101 1461 3165 veritate
1484 3099 1639 3182 docente,
1670 3101 1757 3186 quod
1787 3101 1903 3166 eadem

251 3228 414 3287 mensura,
438 3227 502 3292 qua
525 3204 629 3269 mensi
645 3203 803 3268 fuerimus
825 3203 908 3282 aliis,
930 3203 1124 3268 remetietur
1146 3209 1180 3266 et
1200 3202 1306 3280 nobis,
1330 3223 1468 3268 necesse
1485 3203 1645 3269 habemus
1668 3226 1728 3270 nos
1749 3205 1900 3291 proximo
1914 3225 1968 3268 nuc.
1982 3229 2037 3274 aas.

250 3312 409 3378 exhibere
432 3308 609 3397 propitios,
639 3307 666 3371 si
689 3306 797 3370 Deum
820 3305 915 3371 nobis
938 3307 1089 3371 volumus
1111 3305 1290 3393 propitium
1312 3305 1469 3372 invenire.
1520 3306 1614 3373 Unde
1638 3329 1711 3373 cum
1733 3314 1905 3373 teneamur

249 3436 308 3503 pro
337 3412 612 3501 persequentibus
647 3417 680 3476 et
709 3411 1005 3496 calumpniantibus
1037 3431 1097 3475 nos
1127 3431 1239 3489 orare,
1274 3410 1353 3474 satis
1381 3409 1560 3476 affectuose
1588 3418 1620 3476 te
1650 3432 1756 3498 nuper
1784 3412 1904 3476 nostris

173 3538 186 3576 ‘e
252 3516 372 3584 litteris
401 3516 588 3600 rogavimus
621 3519 654 3578 et
684 3514 867 3578 monuimus
896 3513 1112 3592 confidenter,
1142 3520 1179 3578 ut
1202 3513 1348 3598 predicto
1370 3512 1543 3598 Raynaldo
1570 3515 1700 3579 veniam
1728 3515 1905 3600 largireris,

252 3623 321 3687 iure
345 3626 456 3684 tamen
472 3617 653 3706 apostolice
677 3617 764 3681 sedis
788 3618 892 3696 salvo,
917 3616 1003 3703 quod
1025 3617 1097 3682 sine
1114 3617 1261 3702 periculo
1277 3617 1447 3702 negligere
1470 3637 1536 3681 non
1558 3638 1741 3704 possemus.
1779 3618 1904 3683 Verum

252 3725 329 3812 quis
350 3729 488 3810 possent
510 3721 660 3787 homines
684 3721 840 3806 cogitare,
864 3721 940 3804 quia
963 3720 1038 3786 ideo
1061 3728 1170 3786 motus
1195 3741 1231 3786 es
1253 3721 1478 3808 principaliter
1500 3728 1613 3786 contra
1635 3741 1720 3800 eum,
1743 3721 1821 3806 quia
1843 3741 1903 3785 nos

252 3813 362 3893 taliter
391 3830 598 3913 provocarat,
626 3832 828 3912 possentque
856 3825 957 3910 aliqui
986 3826 1128 3912 opinari,
1164 3826 1250 3911 quod
1280 3825 1382 3913 ipsius
1410 3824 1545 3890 afflictio
1571 3824 1781 3911 beneplacita
1808 3825 1903 3889 nobis

253 3937 358 4009 esset,
387 3936 421 3995 et
451 3929 498 3994 sic
525 3929 666 4015 primum
695 3926 794 3993 tacito
817 3949 982 3993 murmure
1006 3949 1044 3993 ac
1067 3927 1186 3993 deinde
1210 3929 1352 3992 clamoso
1376 3928 1514 3992 tumulto
1537 3927 1770 3992 inveherentur
1792 3934 1906 3993 eontra

256 4054 316 4098 nos
340 4033 437 4097 facile
460 4031 672 4114 detractores,
697 4032 782 4118 quod
806 4052 937 4097 causam
953 4029 1140 4096 dederimus
1163 4031 1234 4096 eius
1256 4051 1356 4117 pene:
1380 4053 1441 4096 nos
1464 4031 1530 4095 iam
1552 4031 1645 4116 quasi
1666 4035 1904 4118 prosequentes

252 4135 345 4221 quasi
378 4135 546 4222 proprium
578 4135 757 4217 interesse,
796 4157 869 4201 cum
905 4136 933 4200 si
967 4135 1054 4221 quod
1088 4134 1174 4200 absit
1208 4135 1421 4222 corporaliter
1455 4133 1636 4214 lederetur,
1670 4134 1775 4199 maius
1810 4134 1905 4199 nobis

252 4238 486 4326 improperium
515 4239 718 4316 immineret,
747 4260 843 4325 quam
874 4238 960 4324 quod
991 4238 1079 4304 idem
1109 4237 1204 4303 nobis
1234 4237 1343 4302 intulit
1366 4238 1541 4303 ecclesiam
1570 4236 1814 4324 persequendo,
1843 4237 1903 4302 im·

252 4342 412 4429 periclem
436 4341 663 4407 celsitudinem
687 4362 839 4427 rogamus
862 4341 1073 4406 affectuosius
1097 4347 1132 4406 et
1153 4362 1324 4406 monemus
1348 4342 1524 4420 attentius,
1555 4363 1613 4427 pro
1642 4341 1779 4428 speciali
1801 4341 1907 4426 gratia

254 4446 470 4533 postulantes,
493 4446 645 4530 quatinus
669 4446 699 4510 ei
722 4466 764 4510 ne
787 4446 927 4532 amplius
950 4445 1113 4525 irascaris,
1138 4451 1189 4510 set
1211 4445 1244 4508 in
1268 4445 1316 4509 ira
1338 4443 1562 4509 misericordie
1586 4442 1788 4526 recordatus,
1810 4444 1905 4510 nobis

176 4575 202 4613 ss
255 4555 289 4614 et
317 4549 376 4614 tibi
411 4570 550 4636 parcens
580 4549 767 4614 miserearis
797 4549 917 4635 ipsius,
947 4549 995 4614 ita
1025 4548 1113 4635 quod
1143 4570 1186 4613 ex
1216 4548 1278 4613 hoc
1306 4547 1574 4634 propitiationem
1603 4547 1746 4612 divinam
1772 4547 1906 4613 uberius

254 4653 420 4729 merearis,
445 4660 479 4717 et
499 4674 559 4717 nos
582 4651 869 4718 mansuetudinem
891 4659 981 4717 tuam
1004 4651 1112 4738 dignis
1135 4650 1314 4717 debeamus
1336 4650 1491 4738 prosequi
1514 4650 1696 4716 actionibus
1718 4652 1906 4737 gratiarum.

360 4772 449 4838 Data
470 4771 588 4846 Reate,
610 4771 642 4836 V
670 4771 750 4840 Idus
772 4773 860 4852 Iulii,
882 4772 1092 4860 pontificatus
1114 4771 1219 4836 nostri
1240 4791 1325 4836 anno
1347 4770 1472 4856 quinto.

873 5015 1285 5024 ψ*

1039 5239 1127 5313 446.

364 5352 555 5466 Gregorius
579 5381 633 5447 IX
656 5401 743 5462 popa
772 5379 943 5445 rectoribus
977 5378 1072 5447 Urbis
1102 5378 1248 5457 mandat,
1278 5381 1314 5443 at
1335 5377 1591 5463 A[amboldam]
1616 5381 1789 5442 semttorera
1816 5375 1910 5442 Urbis

254 5486 394 5568 aliosque
423 5485 701 5551 excommunicatos
721 5483 935 5566 praeriperet,
970 5485 1000 5548 si
1030 5483 1068 5548 dc
1098 5487 1194 5548 cetero
1224 5481 1268 5546 aa
1300 5480 1488 5559 effodicados
1520 5499 1626 5545 maros
1653 5479 1851 5544 amaseorum
1881 5482 1910 5543 et

175 5617 203 5662 eo
256 5589 416 5657 danorum
437 5606 569 5654 saonem
590 5591 748 5652 cavatores
770 5586 905 5654 mitent.
1566 5585 1659 5662 1231,
1681 5581 1749 5648 Iul.
1769 5584 1822 5649 23.

363 5707 446 5778 Oreo.
465 5709 515 5763 lx
531 5709 599 5780 aaa.
623 5709 679 5768 Va.
698 5708 743 5779 11,
761 5711 829 5778 ees,-
847 5707 909 5765 Lea.
932 5709 964 5778 v,
983 5711 1043 5764 134.
