4524 6412
338 400 400 476 244
926 392 974 447 EX
992 390 1148 448 nououn
1167 391 1207 445 Ill
1224 388 1404 445 REGISTRO

415 608 461 683 R.
490 607 640 682 Sancti
668 605 828 699 Angeli
855 606 1046 681 diacono
1075 602 1312 691 cardinali,
1340 601 1586 695 apostolice
1613 602 1732 676 sedis
1758 602 1915 695 legata.

446 757 644 823 Uerissimus
674 757 708 820 in
737 754 868 820 Christo
903 755 990 819 filius
1021 761 1133 818 noster
1162 750 1367 828 Fridericus,
1399 749 1536 814 illustris
1565 749 1787 816 Romanorum
1815 751 1994 836 imperator

339 883 469 948 semper
491 866 650 946 augustus
673 867 707 926 et
730 881 790 924 rex
807 858 931 938 Sicilie,
955 857 1134 944 postulavit
1156 856 1326 932 instanter,
1349 859 1386 917 ut
1402 853 1562 934 civitates,
1586 860 1693 919 castra
1716 862 1750 920 ct
1771 857 1836 921 alia
1857 857 1930 921 loca
1952 855 1994 920 ad

338 965 512 1050 imperium
534 965 733 1050 pertinentia
759 963 792 1027 in
815 963 963 1048 partibus
979 959 1152 1025 Provincia
1176 980 1214 1023 ac
1237 957 1331 1042 regni
1348 957 1564 1039 Arelatensis,
1587 965 1621 1022 et
1643 961 1833 1025 nominatim
1857 983 1906 1042 ea,
1929 982 1993 1046 que
2051 1017 2056 1020 ..

339 1068 502 1153 quondam
525 1067 728 1133 Raimundus
753 1088 863 1132 comes
886 1065 1092 1130 Tholosanus
1117 1062 1223 1128 tenuit
1245 1061 1286 1126 ab
1314 1060 1467 1146 irnperio,
1498 1061 1577 1142 sibi,
1606 1062 1675 1128 sive
1699 1062 1740 1128 ad
1762 1070 1835 1129 tuas
1859 1066 1928 1130 sive
1951 1063 1993 1129 ad

343 1172 576 1257 cuiuscumque
600 1172 735 1236 alterius
759 1191 874 1234 manus
895 1169 1069 1234 occasione
1093 1167 1258 1231 exereitus
1281 1164 1360 1228 iacti
1382 1163 1423 1229 ad
1448 1165 1674 1250 extirpandum
1696 1166 1737 1232 de
1760 1168 1907 1255 partibus
1929 1170 1994 1234 illis

338 1275 534 1361 pravitatem
582 1275 762 1340 hereticam
796 1274 1000 1339 devenerunt
1041 1292 1100 1336 seu
1141 1268 1247 1333 adhuc
1280 1268 1364 1333 forte
1406 1267 1597 1348 devenient,
1637 1263 1766 1336 restitui
1799 1273 1993 1339 faceremus.

340 1376 426 1443 Sane
459 1399 479 1442 a
511 1380 670 1443 memoria
705 1385 763 1443 tua
797 1377 961 1444 excidisse
994 1396 1059 1440 non
1093 1373 1271 1450 credimus,
1310 1393 1369 1436 nos
1406 1372 1466 1436 tibi
1498 1373 1618 1438 litteris
1650 1376 1839 1459 apostolicis
1870 1378 1993 1463 pluries

339 1482 556 1564 mandavisse,
580 1483 668 1569 quod
684 1483 876 1548 volebamus
894 1489 1014 1547 terram
1030 1480 1119 1543 illam
1143 1477 1190 1542 sic
1206 1476 1352 1540 heretica
1374 1476 1534 1562 pravitate
1551 1479 1693 1563 purgari,
1716 1485 1753 1542 ut
1773 1480 1844 1543 iura
1866 1480 1995 1568 imperii

340 1593 549 1650 servarentur
580 1587 687 1652 illesa.
740 1587 836 1651 Licet
868 1587 969 1670 igitur
1002 1583 1105 1670 ipsius
1141 1581 1347 1667 imperatoris
1380 1580 1496 1666 petitio
1529 1601 1548 1644 a
1579 1587 1690 1646 nostro
1724 1583 1892 1669 proposito
1927 1607 1992 1650 non
2064 1613 2065 1618 ¹

339 1686 519 1769 discordet,
548 1710 609 1754 neo
638 1690 768 1776 imperii
799 1690 869 1753 iura
892 1689 1030 1754 velimus
1052 1685 1155 1750 minui
1184 1692 1235 1748 set
1256 1684 1386 1769 augeri,
1413 1685 1653 1750 restitutionem
1676 1693 1786 1753 tamen
1809 1689 1994 1756 huiusmodi

339 1792 540 1878 providimus
564 1793 794 1874 deferendam,
823 1794 927 1858 donec
952 1814 1014 1877 qne
1038 1798 1125 1856 terre
1149 1789 1189 1853 ad
1213 1789 1385 1874 imperium
1408 1789 1441 1852 in
1464 1789 1612 1876 partibus
1636 1790 1701 1854 illis
1724 1793 1924 1876 pertineant,
1956 1817 1993 1860 ac

340 1895 441 1960 totius
463 1897 588 1982 negotii
613 1898 855 1962 circumstantie
879 1896 974 1960 nobis
998 1916 1057 1981 per
1087 1894 1280 1958 relationem
1304 1898 1392 1956 tuam
1421 1892 1550 1978 plenius
1573 1893 1789 1959 innotescant.
1833 1897 1994 1963 Volumus

340 2006 450 2064 eutem
478 2005 512 2064 et
539 2000 823 2087 circumspectioni
856 2007 911 2065 tuo
942 1998 1143 2084 presentium
1174 1996 1369 2060 auctoritate
1397 1995 1604 2076 mandamus,
1640 1998 1792 2082 quatinus
1819 2005 1923 2066 terras
1953 2002 1995 2067 ed

340 2102 447 2189 ipsum
475 2103 647 2188 imperium
677 2105 879 2190 pertinentes
909 2103 944 2166 in
971 2109 1028 2166 tua
1058 2107 1092 2165 et
1120 2099 1262 2165 ecclesie
1293 2105 1456 2184 potestate
1480 2100 1640 2181 retineas,
1673 2101 1824 2166 faciendo
1854 2125 1994 2191 caspar

340 2207 515 2293 episcopos
545 2213 579 2272 et
605 2207 689 2271 alios
718 2207 930 2272 ecclesiarum
959 2206 1104 2292 prelatos
1135 2225 1209 2268 cum
1235 2202 1408 2288 diligentia
1437 2203 1609 2283 custodiri,
1641 2205 1695 2290 qui
1725 2212 1830 2271 terras
1860 2208 1995 2274 easdem

342 2309 434 2374 salvo
458 2311 528 2374 iure
552 2311 654 2396 ipsius
672 2311 877 2396 imperatoris
901 2316 934 2376 et
951 2307 1080 2396 imperii
1096 2306 1292 2386 custodiant,
1316 2306 1463 2372 eiusdem
1486 2306 1519 2371 in
1541 2307 1622 2393 ipsis
1645 2315 1679 2372 ot
1693 2309 1823 2396 imperii
1838 2310 1995 2378 fidelitate

342 2419 482 2493 servata,
504 2420 540 2477 ut
564 2434 637 2478 cum
660 2435 703 2478 ex
727 2414 946 2479 insinuatione
971 2419 1028 2476 tua
1050 2411 1145 2476 nobis
1168 2410 1210 2476 de
1233 2411 1401 2496 premissis
1424 2411 1618 2492 constiterit,
1642 2413 1712 2476 sine
1736 2414 1881 2498 periculo
1905 2416 1994 2502 pacis

341 2524 376 2580 ct
399 2516 474 2582 fidei
497 2517 569 2581 iura
590 2517 797 2603 imperatoris
820 2516 940 2603 prefati
961 2515 1084 2579 nuntiis
1108 2515 1161 2578 vel
1183 2512 1342 2578 ordinatis
1366 2513 1433 2578 suis
1458 2514 1586 2579 restitui
1609 2515 1776 2582 faciamus.

447 2636 523 2702 Dat.
547 2638 700 2703 Lateran.
723 2636 756 2701 X
778 2635 852 2704 Kal.
876 2637 1083 2718 Decembris,
1107 2657 1192 2700 anno
1214 2635 1398 2700 undecimo.

960 2879 1371 2888 —--——-—--—-—

1128 3105 1213 3178 324.

450 3217 638 3311 Honorius
660 3246 728 3312 ΙΙΙ
742 3267 830 3328 papa
851 3244 893 3310 N.
917 3245 1114 3325 subdiacone,
1135 3247 1248 3311 rectori
1269 3244 1441 3323 Messana,
1463 3252 1492 3311 ct
1508 3248 1626 3327 populo
1647 3247 1778 3315 Messoa
1800 3253 1938 3332 suomi,
1960 3259 1995 3318 nt

341 3344 371 3408 si
392 3366 458 3426 qna
480 3349 655 3414 castrensi
676 3353 778 3414 terras
798 3347 940 3430 (idalium
961 3348 1089 3428 imperii
1110 3347 1278 3429 detineant,
1301 3369 1339 3413 ca
1359 3348 1511 3428 reddant;
1533 3349 1572 3428 os.
1594 3370 1626 3415 n.
1650 3356 1724 3419 322.

1638 3459 1732 3537 1226,
1754 3456 1832 3522 Nor.
1855 3461 1908 3529 22.

445 3497 918 3606 mmmmnm

444 3623 581 3694 Possunt,
600 3624 669 3695 nep.
690 3628 769 3679 7615.

366 3816 409 3892 N.
438 3820 713 3895 subdiacono
742 3825 784 3895 et
810 3820 1046 3911 capellano
1075 3825 1248 3914 nostra,
1280 3818 1446 3893 rectori
1472 3820 1696 3914 Messana,
1724 3828 1969 3917 apostolice

668 3942 787 4016 sedis
813 3942 980 4034 legato,
1007 3947 1049 4016 et
1075 3941 1288 4015 universo
1317 3941 1481 4034 populo
1508 3943 1663 4017 Messe.

451 4088 647 4156 Carissimus
669 4091 703 4154 in
720 4089 849 4156 Christo
873 4089 1306 4171 dinumerandum,
1328 4091 1464 4156 illustris
1487 4091 1707 4159 Romanorum
1730 4096 1908 4182 imperator
1930 4106 1993 4164 etc.

341 4192 435 4258 nobis
458 4194 624 4258 insinuare
648 4194 789 4274 curavit,
819 4194 906 4278 quod
928 4216 987 4259 vos
1010 4193 1148 4280 quedam
1173 4200 1281 4259 castra
1302 4193 1448 4259 fidelium
1470 4196 1600 4282 imperii
1622 4197 1771 4264 detinere
1795 4203 1993 4287 presumitis,

342 4303 376 4361 et
399 4296 487 4382 ipsas
504 4317 697 4382 guerrarum
713 4296 888 4362 insultibus
904 4297 1111 4378 infestantes,
1135 4318 1247 4364 eorum
1269 4297 1419 4364 homines
1441 4300 1475 4363 in
1497 4301 1600 4386 ipsius
1625 4301 1756 4389 imperii
1777 4305 1993 4389 preiudioium

342 4399 529 4486 receptatis.
582 4398 662 4464 Ideo
689 4399 878 4466 discretioni
908 4407 1017 4466 vestre
1048 4402 1185 4466 firmiter
1211 4402 1421 4489 precipiendo
1450 4405 1654 4482 mandamus,
1684 4413 1843 4492 quatenus
1873 4410 1901 4473 si
1932 4431 1996 4495 qua

342 4509 450 4567 castra
473 4503 526 4568 vel
548 4507 653 4568 terras
680 4503 824 4569 fidelium
852 4505 979 4590 imperii
1012 4504 1184 4586 detinetis,
1214 4527 1254 4570 ea
1285 4508 1354 4572 sinc
1379 4507 1524 4593 qualibet
1546 4508 1738 4577 difficultate
1770 4534 1808 4578 ac
1836 4512 1994 4580 dilatione

342 4605 498 4684 reddatis,
524 4611 557 4670 et
580 4627 679 4692 super
699 4608 773 4671 aliis
796 4609 838 4672 ab
862 4629 975 4673 eorum
998 4609 1207 4673 infestatione
1231 4631 1268 4673 ac
1290 4609 1409 4674 iniuria
1432 4612 1608 4697 quiescatis
1632 4615 1779 4697 omnino,
1802 4624 1993 4702 preceptum

341 4715 488 4774 nostrum
504 4709 613 4773 taliter
629 4710 805 4795 impleturi,
829 4711 915 4795 quod
932 4710 1095 4798 adipsum
1110 4712 1342 4798 imperatorem
1366 4736 1426 4779 scu
1448 4713 1489 4778 ad
1512 4736 1571 4779 nos
1588 4737 1687 4803 snper
1709 4717 1772 4781 hiis
1789 4720 1994 4802 querimonia

341 4832 405 4876 non
429 4819 586 4876 recurrat.

406 4995 409 5000 .
448 4932 525 4996 Dat.
548 4937 584 4996 nt
608 4953 717 5018 supra.

964 5010 1375 5020 ——-—-—--——-.

381 5310 383 5314 ,
1126 5253 1212 5327 325.

449 5357 638 5451 Honorias
659 5387 727 5452 ΙΙΙ
745 5409 833 5469 papa
862 5389 970 5454 abbati
999 5396 1028 5454 ci
1058 5393 1220 5456 concentui
1242 5392 1354 5458 Sancti
1374 5391 1545 5460 Michaelis
1566 5395 1602 5459 de
1625 5397 1776 5483 Sicpbarp
1802 5402 1996 5468 Coloniensis

340 5487 471 5552 diocesis
493 5491 665 5571 confirnsat,
687 5491 770 5572 qaod
789 5491 1033 5575 archiepiscopos
1058 5494 1255 5561 Colonienscs
1277 5497 1312 5560 in
1331 5502 1496 5578 perpetras
1517 5499 1680 5566 minoratos
1700 5507 1935 5586 ‹cassianisciint

1637 5609 1729 5682 1226,
1753 5607 1830 5676 Non.
1854 5613 1906 5678 26.

443 5677 1130 5749 mmwmnmmmm

2049 5723 2074 5761 40
