4590 6366
451 377 513 438 602
1028 373 1075 426 EX
1093 373 1267 428 Gnuoonn
1286 373 1324 426 lX
1342 371 1521 426 REGISTRO

454 568 533 634 erga
555 553 602 628 te,
634 549 662 613 si
691 547 755 613 dici
777 554 905 634 potest,
936 547 1109 613 commisse
1133 547 1334 613 contumacie
1357 547 1611 632 persequentis
1637 545 1858 612 obedientiam
1883 547 2099 634 compromiss

451 674 470 716 a
493 674 528 718 se
552 653 702 718 videntur
723 654 855 740 penitus
878 652 1075 718 abstersisse
1088 652 1110 714 ¹.
1757 651 1762 662 ‘

557 764 662 852 Igitur
692 766 720 830 si
746 772 857 831 nostre
883 773 916 830 te
946 765 1090 829 faceresa
1111 763 1258 827 doctrine
1287 761 1482 848 discipulum
1493 761 1516 842 ¹³,
1547 762 1573 826 si
1604 762 1776 848 apostolici
1806 784 1983 848 processus
2013 765 2099 829 circa

450 871 606 936 honorem
637 878 728 935 tunm
759 891 837 957 sepe
865 870 976 955 sepius
1010 868 1114 932 habiti
1146 867 1322 932 imitareris
1353 867 1554 952 exemplum,
1588 866 1674 930 iusta
1707 867 1829 931 monita
1856 874 1970 932 nostra
2000 889 2101 954 super
2196 931 2199 934 .

450 975 695 1040 commissis'in
725 995 826 1059 regno
857 971 1059 1058 corrigendis
1089 972 1299 1051 excessibus,
1333 971 1456 1057 pluries
1489 971 1530 1036 ab
1560 971 1653 1034 annis
1684 971 1850 1055 preteritis
1879 971 2043 1056 replicata
2065 977 2098 1035 et

449 1081 549 1145 toties
571 1100 670 1166 passa
692 1079 888 1166 repulsionis
911 1079 1078 1154 iniuriam,
1101 1077 1143 1140 ad
1166 1076 1312 1142 debitum
1337 1075 1557 1141 exauditionis
1580 1075 1786 1154 admitteres,
1813 1075 1935 1140 iniusta
1957 1093 2099 1159 quoqne,

450 1205 513 1270 que
536 1202 701 1267 nunquam
724 1183 784 1247 tibi
812 1182 974 1249 credimus
1003 1205 1045 1248 ex
1078 1188 1169 1247 certa
1199 1182 1335 1246 scientia
1362 1181 1538 1258 direxisse,
1568 1178 1680 1266 procul
1709 1180 1749 1245 ab
1777 1178 1957 1265 imperialis
1984 1177 2099 1241 limine

451 1287 674 1353 concessionis
698 1308 841 1352 arceres.
894 1286 952 1351 Set
976 1308 1052 1352 ecco
1082 1307 1180 1372 super
1207 1286 1295 1350 facto
1326 1285 1539 1350 ecclesiarum
1565 1284 1673 1368 regni,
1709 1282 1795 1369 quod
1822 1283 1883 1347 tibi
1913 1283 1949 1347 in
1977 1281 2099 1346 litteris

449 1393 570 1458 nostris
598 1392 703 1478 primo
731 1390 885 1456 directis²
908 1392 968 1456 sub
999 1412 1120 1476 genere
1149 1390 1318 1456 indefinite
1347 1389 1556 1476 proponitur,
1583 1389 1668 1474 qnod
1695 1388 1736 1453 ad
1766 1389 1827 1453 hoc
1857 1410 1922 1452 non
1953 1385 2100 1452 tenearis

451 1497 543 1583 quasi
565 1495 665 1560 dubia
687 1495 897 1582 respondere,
920 1516 940 1559 a
962 1501 995 1559 tc
1019 1495 1100 1560 reali
1122 1495 1335 1580 responsione
1359 1494 1516 1579 preterita
1532 1494 1637 1557 vocali
1662 1492 1893 1557 commentario
1916 1491 2099 1575 incongrue

450 1599 665 1686 respondetur
675 1600 697 1677 ⁸,
731 1608 798 1664 tum
822 1600 898 1684 quis
920 1600 1040 1663 frustra
1075 1599 1270 1684 requiritur,
1302 1604 1338 1662 ut
1368 1598 1547 1682 singularia
1578 1599 1700 1683 speciei
1728 1599 1781 1662 vel
1811 1597 1967 1683 specialia
1999 1594 2101 1660 fidem

451 1703 572 1767 faciant
600 1704 729 1788 generi,
760 1725 833 1767 cum
865 1724 969 1788 genus
994 1710 1027 1767 et
1053 1703 1182 1789 species
1206 1701 1413 1765 manifestam
1437 1722 1479 1765 ex
1503 1721 1538 1765 se
1561 1700 1699 1786 prebent
1721 1702 1869 1765 notitiam
1892 1699 2040 1778 veritati,
2066 1704 2102 1762 et

452 1828 525 1871 oum
547 1789 786 1872 individuorum
810 1807 949 1872 scientia
971 1807 1063 1892 quasi
1087 1829 1129 1871 ex
1152 1807 1312 1870 infinitate
1336 1804 1560 1885 confunditur,
1592 1804 1632 1869 ad
1661 1805 1840 1870 doctrinam
1862 1804 2102 1869 universalium

452 1931 652 1997 supervacue
683 1911 861 1996 singularia
890 1912 1101 1996 colliguntur;
1133 1918 1201 1974 tum
1231 1910 1307 1996 quia
1335 1931 1397 1994 que
1426 1910 1459 1972 in
1487 1910 1600 1995 primis
1623 1911 1742 1974 litteris
1766 1909 1825 1973 sub
1848 1908 2034 1986 indefinita,
2064 1908 2101 1970 in

453 2037 488 2080 se
512 2023 623 2079 tamen
646 2015 784 2079 aliorum
807 2015 942 2080 definita
964 2016 1082 2079 notitia
1104 2014 1195 2079 luere
1216 2015 1392 2100 proposita,
1418 2035 1460 2078 ex
1477 2013 1756 2100 superabundanti
1777 2015 1810 2078 in
1833 2014 1952 2078 litteris
1976 2013 2100 2077 nostris
2168 2056 2173 2068 ι

451 2119 493 2187 ad
515 2125 548 2184 te
573 2119 718 2184 secundo
742 2119 973 2184 currentibns⁴
994 2140 1053 2204 per
1076 2119 1178 2183 multa
1201 2118 1333 2183 fuerunt
1356 2118 1564 2204 particularia
1587 2117 1767 2198 declarata,
1796 2119 1880 2183 sicut
1901 2120 1936 2182 in
1958 2117 2104 2205 epistola

452 2231 511 2290 tua
533 2224 749 2309 responsiva⁵
772 2223 945 2304 conicitur,
975 2244 1038 2309 que
1060 2223 1094 2285 in
1118 2243 1153 2286 se
1177 2223 1250 2307 ipsa
1272 2220 1466 2305 quibusdam
1489 2223 1739 2308 particularibus
1762 2223 1940 2288 verbaliter
1960 2242 2103 2308 respon-

453 2328 570 2408 dendo,
593 2327 680 2413 quod
702 2329 736 2392 in
758 2327 927 2414 premissis
951 2327 1068 2390 falsum
1092 2326 1252 2412 implicet,
1276 2325 1492 2410 improbatur;
1516 2327 1607 2390 cuius
1630 2327 1785 2414 pollicitis
1809 2327 1849 2390 de
1874 2313 2117 2391 satisfactione

452 2430 628 2518 prestanda
651 2429 843 2516 quibusdam
866 2430 1016 2495 ecclesiis
1042 2437 1075 2494 et
1097 2430 1264 2515 personis,
1300 2429 1405 2493 siout⁰
1431 2451 1496 2494 non
1527 2431 1560 2493 in
1592 2431 1768 2517 principio,
1800 2431 1847 2496 sio
1873 2431 1907 2494 in
1936 2431 2001 2494 line
2035 2450 2105 2494 non

454 2535 629 2617 credimus,
660 2535 715 2620 qui
738 2535 837 2600 simili
860 2535 1079 2620 promissione
1102 2533 1236 2598 delusos
1259 2533 1426 2598 multoties
1449 2555 1508 2598 nos
1532 2534 1690 2599 dolemus.
1735 2534 1873 2620 Indigno
1897 2556 1976 2619 ergo
2001 2555 2106 2620 super
2160 2575 2169 2587 -

454 2640 722 2726 oppressionibus
754 2639 973 2726 predictarum
996 2639 1209 2704 ecclesiarum
1232 2646 1265 2703 et
1286 2639 1453 2702 bominum
1477 2629 1585 2724 regni,
1619 2639 1651 2703 in
1674 2660 1738 2724 qno
1760 2641 1868 2704 nullus
1891 2661 2024 2703 manum
2047 2639 2107 2703 vel

453 2742 571 2830 pedem
595 2744 719 2829 absque
743 2751 798 2807 tuo
822 2751 932 2807 movet
955 2743 1103 2829 imperio,
1126 2743 1351 2808 affirmativam
1372 2749 1483 2807 nostre
1499 2745 1732 2830 propositionis
1746 2743 1899 2828 negativa
1915 2743 2106 2829 ignorantie

454 2847 633 2933 imperialis
655 2847 826 2920 interimis,
850 2847 968 2932 quibus
992 2869 1188 2912 consensum
1204 2848 1256 2911 vol
1280 2847 1440 2932 originem
1464 2849 1659 2934 prestitisse,
1683 2870 1756 2913 cum
1778 2847 1901 2912 nuntiis
1926 2853 1959 2911 et
1982 2847 2107 2911 litteris

454 2951 643 3037 apostolicis
672 2973 710 3015 ac
738 2953 934 3016 clamoribus
962 2973 1132 3038 passorum
1161 2952 1306 3031 iniurias,
1331 2973 1387 3015 eas
1423 2952 1487 3014 tuis
1517 2951 1649 3017 auribus
1677 2952 1799 3039 pluries
1828 2951 2008 3016 inculcatas
2036 2971 2108 3014 non

455 3054 559 3118 solum
594 3054 678 3119 scire
712 3062 761 3119 set
796 3055 893 3120 etiarn
927 3056 1024 3142 plene
1054 3056 1202 3141 potueris
1233 3054 1423 3136 emendare,
1458 3057 1590 3121 minime
1626 3056 1793 3121 dubitaris.
1847 3054 1941 3129 Quod
1972 3075 2016 3118 ex
2044 3054 2105 3119 illo
2159 3066 2171 3105 ²

454 3164 583 3222 tuarum
606 3159 788 3223 litterarum
809 3166 923 3224 tenore
947 3159 1120 3224 manifeste
1146 3151 1320 3242 colligitur,
1344 3159 1399 3242 qui
1422 3179 1481 3244 pro
1505 3160 1624 3223 iurium
1644 3159 1890 3224 conservatione
1913 3165 2045 3222 tuorum
2069 3165 2107 3222 tc

455 3263 611 3326 nonnulla
634 3262 823 3327 immutasse
848 3263 934 3327 ciros
957 3262 1127 3339 ecclesias,
1151 3268 1184 3325 et
1207 3260 1267 3326 tibi
1284 3284 1383 3348 super
1397 3284 1462 3326 non
1482 3263 1684 3327 restituenda
1700 3264 1746 3328 eis
1763 3262 1973 3348 possessione
1991 3260 2109 3326 ablata

455 3372 601 3430 nostrum
624 3364 766 3432 infacto
790 3365 941 3430 Civitatis
965 3365 1109 3430 Castelle
1138 3367 1309 3450 suffragari
1339 3367 1563 3451 magisterium
1596 3368 1822 3452 suffragaturl,
1849 3388 1922 3431 oum
1944 3365 1979 3429 in
2004 3386 2110 3430 causa

455 3474 511 3534 tua
534 3471 710 3556 superioris
733 3469 885 3534 debueris
908 3469 1088 3555 expetiisse
1112 3476 1145 3534 et
1169 3476 1362 3555 expectasse
1380 3470 1548 3545 iudicium;
1573 3472 1635 3535 nisi
1655 3471 1738 3536 forte
1759 3471 1875 3556 vulgus
1892 3468 2108 3555 respondeat,

455 3573 541 3659 quod
563 3574 655 3638 iuxta
675 3574 830 3660 placitum
853 3574 1010 3638 terminos
1034 3594 1148 3657 regum
1172 3575 1432 3660 transgrederis,
1463 3575 1538 3639 dum
1562 3582 1675 3639 contra
1703 3576 1754 3639 ius
1776 3573 1966 3660 aggrederis
1990 3573 2107 3637 officia

455 3677 674 3746 sacerdotum.
718 3676 867 3751 Qualiter
888 3684 998 3741 autem
1031 3684 1144 3741 contra
1166 3679 1397 3742 conscientiam
1428 3687 1591 3758 nostram,
1621 3686 1658 3743 ut
1688 3680 1826 3756 asseris,
1854 3677 2019 3762 denegato
2042 3676 2107 3740 tibi

456 3783 677 3870 possessionis
701 3782 842 3846 civitatis
865 3781 1012 3868 predicte
1035 3781 1226 3845 intentioni⁰
1257 3789 1312 3846 tue
1344 3783 1520 3868 opituletur
1541 3784 1721 3864 restitutio,
1750 3804 1815 3847 non
1838 3781 2001 3859 videmus,
2026 3801 2106 3844 curn

455 3888 543 3952 cives
567 3886 762 3962 Castellani,
792 3886 846 3971 qui
874 3908 909 3950 se
939 3885 1000 3949 tibi
1021 3884 1143 3948 violato
1168 3893 1372 3951 sacramento
1395 3887 1484 3964 fidei,
1507 3887 1678 3974 ignorante
1702 3886 1851 3966 ccclesia,
1874 3883 2104 3972 prodiderunt,

456 3989 651 4056 excellentie
675 3997 731 4054 tue
748 3990 871 4053 nullum
889 3990 938 4053 ius
959 4011 1017 4075 per
1033 3989 1095 4053 hoc
1111 3989 1143 4052 in
1163 3989 1280 4075 seipsis
1297 3991 1475 4076 acquirere,
1491 3991 1616 4054 nullum
1631 3990 1724 4055 nobis
1741 3991 1829 4054 circa
1844 3989 2105 4076 possessionem,

456 4116 530 4159 cum
552 4093 811 4158 iurisdictionem
834 4092 974 4156 civitatis
1005 4099 1038 4156 et
1068 4093 1187 4156 civium
1215 4095 1308 4178 quasi
1336 4093 1521 4179 possideret
1544 4095 1702 4174 ecclesia,
1732 4093 1899 4180 prodendo
1922 4089 2105 4179 potnerunt

454 4197 672 4286 proiudioium
688 4217 863 4282 generare;
888 4197 972 4260 male
993 4217 1132 4280 namque
1155 4198 1271 4281 agitur,
1293 4219 1365 4261 oum
1389 4196 1546 4260 dominiss
1564 4197 1762 4283 prediorum,
1793 4198 1820 4262 si
1846 4204 1998 4262 tantum⁸
2026 4220 2106 4285 pre·

456 4304 546 4383 cario,
562 4300 808 4388 possidentibus
831 4322 896 4364 non
918 4300 1094 4384 requiritur
1114 4302 1333 4387 possessionis
1357 4301 1495 4380 initium,
1519 4302 1612 4386 leges
1636 4303 1884 4388 possessionum
1898 4308 2051 4368 evertere
2068 4309 2107 4368 et

459 4407 626 4472 extraneis
655 4406 726 4469 iura
754 4404 901 4470 conferre
924 4404 1056 4468 valeant
1077 4427 1315 4491 possessorum.
1366 4404 1409 4469 Et
1431 4405 1518 4485 ideo,
1542 4407 1569 4470 si
1592 4406 1769 4494 prudenter
1790 4407 1990 4484 attenderes,
2014 4408 2105 4493 quod

330 4511 581 4595 canaclignum
603 4509 670 4573 vite
694 4515 745 4573 est
772 4509 805 4572 in
834 4507 978 4595 paradisi
1009 4509 1115 4573 medio
1146 4511 1302 4596 positum,
1338 4510 1384 4574 sio
1419 4510 1452 4573 in
1481 4517 1592 4574 centro
1623 4518 1750 4574 tuorum
1781 4511 1893 4575 finium
1923 4511 2107 4596 prudenter

456 4614 666 4700 persisteres,
700 4611 786 4698 quod
817 4632 1022 4696 nequaquam
1052 4613 1181 4677 incaute
1212 4614 1253 4678 ad
1281 4613 1455 4678 iudicanda
1477 4622 1604 4680 secreta
1626 4616 1826 4680 conscientie
1849 4624 1976 4698 nostre,
2008 4619 2103 4684 cuius

317 4715 561 4788 ros.1s,ro.index
583 4716 616 4778 in
639 4713 710 4780 celo
734 4721 785 4780 est
808 4714 959 4779 conscius
982 4715 1015 4777 in
1039 4716 1195 4798 excelsis,
1219 4718 1350 4803 proprie
1374 4718 1501 4781 ruinam
1525 4719 1723 4785 conscientie
1747 4726 1897 4786 metuens
1920 4722 2104 4804 avolasses,

456 4842 530 4887 oum
552 4841 667 4905 regum
690 4820 774 4883 colla
796 4826 830 4883 et
852 4819 1033 4905 principum
1058 4820 1203 4885 submitti
1226 4821 1340 4886 videas
1364 4822 1505 4906 genibus
1529 4823 1749 4902 sacerdotum,
1782 4831 1815 4889 et
1838 4824 2017 4891 Christiani
2040 4828 2104 4891 inr-

454 4929 624 5012 potatores
647 4921 788 4987 subdere
812 4920 953 4986 debeant
975 4923 1187 4988 executiones
1212 4946 1287 4988 suas
1316 4946 1381 4988 non
1404 4926 1509 4990 solum
1533 4926 1682 4991 Romano
1706 4928 1865 5013 pontifici,
1899 4931 1977 5014 qnin
2001 4933 2104 4996 ctiam

456 5030 529 5093 aliis
557 5027 742 5114 presulibus
776 5047 842 5090 non
873 5026 1051 5113 preferrel,
1079 5048 1140 5091 neo
1170 5050 1234 5092 non
1263 5027 1566 5112 Dominussedem
1595 5033 1823 5118 apostolicam,
1859 5034 1951 5098 cuins
1979 5034 2103 5101 iudicio

556 5290 577 5354 ¹)
595 5289 626 5340 P.
632 5309 640 5350 ;
658 5292 747 5342 seceris
760 5291 844 5358 Raya.
856 5299 879 5342 ct
891 5289 961 5340 ΗΒ.
1028 5287 1052 5355 b)
1071 5307 1136 5355 qrtac
1153 5299 1292 5356 ocqrramm
1309 5309 1387 5357 usqae
1405 5292 1442 5343 od
1453 5295 1535 5360 finem
1552 5293 1787 5360 ccmeefflB.
1852 5295 1873 5359 e)
1891 5295 2103 5366 sicutsicltcyn.

455 5385 478 5428 et
490 5376 559 5428 ER.
624 5375 647 5442 ⁸¹)
666 5378 701 5428 sic
719 5377 804 5444 Roga.
822 5387 846 5429 et
857 5377 926 5428 H.B.
992 5375 1012 5442 ε)
1025 5378 1173 5428 intentionis
1191 5377 1274 5444 Barsa.
1344 5381 1361 5444 ἢ
1380 5379 1467 5440 ΗΒ.;
1484 5380 1603 5430 dominiis
1622 5379 1705 5446 Roga.
1778 5381 1800 5444 Β)
1812 5389 1883 5433 tanto
1896 5381 1981 5450 Rapa
1995 5393 2020 5434 ct
2032 5383 2105 5438 HR.

560 5514 586 5579 1)
607 5510 649 5579 Os.
666 5528 694 5566 a.
713 5515 776 5566 678.
852 5512 881 5581 2)
899 5528 925 5566 a.
946 5516 1009 5569 676.
1083 5514 1112 5584 3)
1130 5530 1155 5569 a.
1176 5516 1240 5567 686.
1314 5513 1343 5584 l)
1361 5530 1389 5567 a.
1411 5517 1476 5567 700.
1550 5515 1577 5581 5)
1595 5531 1621 5568 a.
1643 5519 1704 5570 701.
1774 5517 1801 5585 6)
1819 5517 1927 5571 Allods't
1945 5525 1977 5573 ut
1993 5521 2108 5576 videm

455 5599 494 5654 ed
511 5600 662 5670 epistolam,
679 5617 760 5669 qaam
776 5600 927 5670 imperator
944 5599 982 5653 ad
998 5616 1086 5669 repam
1103 5602 1245 5656 Froaclac
1261 5601 1295 5655 de
1313 5600 1457 5655 rebellione
1474 5601 1692 5660 Lomdardorum
1711 5607 1737 5659 ct
1754 5604 1787 5659 de
1805 5605 1996 5661 intercessione
2010 5625 2110 5684 papae

456 5687 611 5752 direxeram
628 5685 881 5752 Betae-Fictor,
899 5686 966 5755 Rea.
984 5687 1064 5742 Μ.
1082 5689 1127 5756 ΙΙ,
1143 5704 1169 5742 a.
1187 5691 1268 5743 2160.
