4590 6366
126 1159 138 1196 5

755 397 955 453 EPISTOLAE
973 400 1162 457 SELECTAE.
1198 403 1274 457 1236.

363 664 606 753 aridei-ico,
636 665 937 740 Romanorum
963 667 1223 761 imperatori
1250 691 1424 761 semper
1451 673 1663 760 augusta,

840 789 1082 864 Ierusalem
1110 794 1186 862 ete.

290 931 378 996 Olim
401 933 497 997 nobis
519 934 698 1019 imperialis
722 938 921 1001 excellentie
945 937 1063 1001 litteris
1087 939 1297 1023 presentatis,
1321 938 1354 1000 in
1379 938 1497 1022 quibus
1521 939 1607 1002 inter
1631 944 1751 1017 cetera,
1775 959 1838 1022 que

190 1035 230 1100 de
255 1041 311 1101 tuo
334 1057 492 1121 processu
510 1038 682 1120 magnifico
699 1040 925 1118 narrabantur,
949 1042 1038 1105 venit
1061 1042 1095 1104 in
1118 1039 1273 1118 medium,
1296 1039 1382 1124 quod
1405 1040 1448 1105 de
1464 1041 1649 1126 principum
1666 1040 1839 1126 sollempni

192 1139 328 1204 consilio
353 1162 452 1225 super
479 1142 612 1224 negotio
634 1141 831 1207 Lombardie
862 1151 894 1207 te
924 1145 1051 1229 precise
1079 1145 1112 1208 ia
1144 1144 1294 1207 manibus
1327 1142 1467 1207 ecclesie
1498 1144 1591 1206 iuxta
1614 1144 1839 1228 compromissi

188 1242 336 1322 formam,
360 1265 456 1329 quam
480 1265 500 1307 a
522 1251 554 1308 te
578 1245 763 1330 recepimus
786 1246 819 1310 in
837 1244 967 1326 Tuscia,
990 1269 1141 1333 poneres,
1166 1247 1212 1310 ita
1234 1252 1344 1311 tamen
1368 1245 1453 1330 quod
1476 1247 1643 1329 negotium
1668 1247 1774 1332 ipsum
1797 1246 1839 1311 ad

189 1345 346 1410 honorem
370 1353 460 1411 tuum
484 1355 518 1411 et
539 1347 668 1431 imperii
691 1348 897 1414 commodum
919 1370 1024 1433 usque
1047 1349 1088 1413 ad
1110 1351 1260 1436 proximo
1283 1351 1440 1434 preterita
1464 1350 1646 1414 nativitatis
1663 1350 1838 1416 Dominioe

189 1450 362 1513 terminum
387 1451 615 1536 compleretur,
639 1451 784 1536 alioquin
808 1474 850 1516 ex
873 1458 961 1530 tunc,
983 1473 1024 1516 ne
1048 1453 1108 1516 tibi
1132 1460 1165 1517 et
1189 1452 1391 1539 principibus
1415 1453 1512 1517 solita
1529 1453 1638 1518 illusio
1662 1455 1758 1519 lieret
1779 1475 1839 1540 per

188 1552 406 1630 Lombardos,
436 1554 539 1618 velles
571 1576 644 1619 cum
675 1555 823 1618 exercitu
852 1561 964 1640 partes
995 1555 1124 1639 ingredi
1150 1556 1361 1621 Lombardie:
1392 1559 1468 1642 quia
1500 1558 1534 1621 in
1563 1557 1689 1622 eisdem
1718 1559 1838 1623 litteris

193 1657 267 1720 talis
292 1657 403 1720 extitit
426 1656 555 1721 adiecta
578 1657 737 1737 conditio,
767 1679 827 1743 per
856 1679 953 1742 quam
985 1660 1256 1744 compromissum
1285 1661 1417 1746 penitus
1445 1661 1622 1726 tollebatur
1650 1666 1839 1725 etstantum

189 1781 254 1824 non
277 1759 450 1824 videbatur
471 1782 569 1845 posse
593 1761 762 1844 negotium
786 1763 963 1842 terminari,
987 1762 1142 1827 videlicet
1165 1765 1211 1827 ita
1233 1772 1344 1828 tamen
1365 1763 1452 1849 quod
1474 1765 1582 1851 ipsum
1605 1759 1773 1849 negotium
1797 1763 1838 1828 ad

188 1863 347 1928 honorem
370 1869 461 1927 tuum
485 1870 518 1926 et
541 1864 670 1949 imperii
699 1865 904 1929 commodum
935 1866 1019 1930 infra
1042 1866 1167 1931 dictum
1196 1868 1316 1931 festum
1346 1868 1526 1931 nativitatis
1549 1865 1724 1932 Dominioe
1749 1888 1837 1931 com-

189 1968 351 2053 pleretur,
382 1988 442 2030 nos
473 1966 706 2032 excellentiam
735 1975 840 2048 tuam,
875 1968 959 2053 quod
994 1990 1093 2054 super
1126 1968 1243 2033 eodem
1276 1971 1410 2053 negotio
1440 1976 1472 2033 te
1503 1971 1597 2034 iuxta
1624 1977 1839 2034 memoratam

190 2071 327 2135 formam
350 2071 478 2156 precise
503 2078 537 2136 et
560 2071 631 2134 sine
656 2069 843 2135 conditione
871 2072 980 2155 aliqua
1009 2073 1043 2136 in
1072 2073 1221 2136 manibus
1245 2074 1385 2137 ecclesie
1410 2095 1567 2159 poneres,
1601 2095 1661 2159 per
1683 2073 1839 2138 dilectum

190 2174 293 2238 lilium
316 2175 558 2258 ..magistrum
580 2174 754 2261 hospitalis
779 2181 891 2239 sancte
915 2174 1019 2240 Marie
1042 2175 1296 2240 Tectonicorum
1318 2175 1457 2240 fecimus
1481 2176 1660 2241 ammoneri
1674 2178 1696 2255 ¹,
1719 2177 1775 2262 qui
1797 2175 1838 2241 ob

188 2276 222 2341 id
245 2276 287 2340 ad
309 2298 368 2341 nos
391 2299 411 2341 a
440 2283 496 2341 tua
525 2278 723 2342 excellentia
746 2277 943 2358 destinatus,
974 2279 1049 2363 quia
1071 2278 1248 2343 Lombardi
1271 2279 1393 2343 diutius
1417 2281 1583 2365 expectati
1606 2279 1738 2343 nuntios
1762 2299 1838 2343 suos

188 2380 274 2445 infra
300 2380 476 2444 terminum
506 2381 568 2445 sibi
599 2379 713 2445 datum
742 2402 841 2466 super
873 2381 934 2446 hcc
963 2381 1005 2446 ad
1033 2388 1179 2446 nostram
1213 2383 1414 2468 presentiam
1443 2404 1509 2448 non
1542 2383 1717 2462 miserunt,
1752 2381 1838 2447 dicto

182 2485 320 2570 ‘negotio
343 2483 536 2570 imperfecto
560 2487 709 2550 recessit.
755 2485 903 2571 Cumque
932 2486 1017 2549 infra
1045 2507 1168 2571 paucos
1190 2485 1261 2551 dies
1292 2494 1367 2572 post
1390 2487 1494 2574 ipsius
1518 2506 1686 2551 recessum
1710 2484 1838 2550 ambas-

189 2594 315 2652 satores
338 2587 596 2652 Lombardcrum
627 2587 667 2652 ad
699 2588 813 2653 sedem
843 2589 1058 2673 apostolicam
1088 2589 1312 2670 accedentes,
1332 2611 1367 2654 se
1396 2590 1544 2674 legitimo
1572 2589 1675 2653 fuisse
1700 2587 1838 2674 impedi-

190 2698 301 2756 mento
325 2691 474 2757 detentos
499 2693 634 2757 tirmiter
656 2698 844 2758 assererent
868 2699 901 2756 et
932 2713 967 2756 se
991 2692 1032 2756 ad
1056 2692 1386 2778 compromittendum
1417 2694 1450 2756 in
1473 2714 1533 2757 nos
1556 2692 1684 2778 precise
1707 2698 1839 2778 paratos

190 2796 356 2874 offerrent,
379 2817 450 2874 nos,
473 2796 644 2881 cupientes
666 2797 758 2881 pacis
781 2795 984 2860 commodum
1008 2817 1194 2882 procurare,
1218 2789 1488 2882 compromissum
1505 2795 1689 2882 predictum
1712 2794 1838 2879 recepi-

190 2920 262 2963 mus
290 2908 323 2962 et
349 2897 512 2985 prefatum
538 2899 728 2983 magistrum
761 2898 802 2962 ad
831 2920 891 2962 nos
919 2898 1072 2962 duximus
1104 2898 1333 2963 revocandum.
1380 2898 1445 2973 Qui
1477 2899 1678 2964 transmissis
1710 2897 1751 2961 ad
1779 2918 1838 2961 nos

189 3004 324 3083 litteris,
357 3002 444 3088 quod
480 3003 589 3066 iussus
621 3001 661 3066 ad
698 3011 730 3067 te
762 3002 942 3086 cogebatur
977 3002 1047 3066 sine
1084 3023 1175 3066 mora
1204 3003 1332 3082 venire,
1363 3002 1405 3066 ad
1437 3012 1526 3068 tuam
1559 3001 1758 3089 presentiam
1788 3007 1840 3064 est

190 3128 353 3172 reversus.
406 3104 587 3178 Quocirca*
614 3107 844 3170 excellentiam
874 3114 964 3170 tuam
993 3105 1171 3190 rogandam
1200 3104 1353 3170 duximus
1384 3108 1541 3171 attentius
1574 3113 1608 3170 et
1635 3102 1839 3184 hortandam,

112 3238 118 3255 ‹
191 3218 352 3297 quatenus
382 3209 559 3296 prudenter
588 3208 763 3273 advertens
793 3207 880 3294 quod
907 3208 948 3272 ad
977 3209 1167 3272 instantiam
1199 3215 1289 3273 tuam
1313 3208 1354 3274 de
1384 3210 1521 3274 consilio
1545 3209 1682 3272 fratrum
1710 3213 1839 3270 nostro-

189 3334 273 3392 rum,
301 3314 559 3398 patriarcharum
590 3314 686 3378 trium
710 3321 743 3378 ct
765 3315 966 3399 prelatorum
990 3314 1152 3394 omnium,
1176 3314 1232 3397 qui
1265 3319 1358 3378 erant
1380 3311 1467 3398 apud
1490 3312 1602 3378 sedem
1625 3311 1840 3397 apostolicam

190 3417 375 3497 constituti,
410 3417 578 3502 negotium
613 3417 714 3481 Terre
750 3415 891 3496 Sancte,
926 3417 1012 3502 quod
1045 3417 1086 3481 ad
1121 3424 1154 3481 te
1189 3425 1265 3503 post
1299 3416 1412 3480 sedem
1445 3414 1658 3500 apostolicam
1693 3412 1841 3476 noscitur

190 3520 378 3605 specialiter
405 3521 585 3605 pertinere,
617 3519 768 3585 duximus
799 3521 1050 3600 assumendum,
1079 3520 1291 3607 providentes
1319 3527 1354 3583 ut
1383 3519 1471 3583 orbis
1498 3527 1585 3582 terre
1609 3516 1775 3582 discordes
1799 3515 1839 3579 ad

153 3617 158 3626 ’
189 3631 339 3708 treugam
368 3625 421 3688 vel
452 3623 661 3688 concordiam
694 3631 906 3708 cogerentur,
940 3632 973 3688 et
1000 3623 1087 3708 quod
1117 3625 1182 3688 iam
1216 3623 1256 3687 ad
1290 3622 1352 3687 hoc
1383 3622 1483 3707 aliqui
1517 3643 1559 3686 ex
1593 3621 1721 3705 magnis
1753 3625 1840 3683 terre

191 3727 395 3813 principibus
424 3734 498 3790 sunt
529 3728 703 3812 compulsi,
735 3728 913 3812 quinimmo
945 3747 1040 3812 reges
1072 3728 1189 3812 aliqui,
1222 3726 1313 3789 multi
1341 3726 1469 3790 nobiles
1497 3732 1531 3789 et
1559 3730 1711 3811 potentes
1734 3721 1840 3786 crucis

191 3832 395 3915 signaculum
430 3852 489 3916 per
513 3830 580 3895 Dei
614 3831 753 3914 gratiam
791 3838 1001 3917 receperunt,
1037 3829 1200 3916 prelatum
1236 3830 1428 3914 magistrum
1460 3828 1519 3906 H,
1554 3848 1595 3892 ne
1630 3824 1718 3890 dicte
1753 3830 1840 3889 terre

190 3936 378 4020 negotium,
410 3935 496 4020 quod
522 3934 564 3998 ad
594 3935 770 4000 utilitatem
802 3935 959 4015 ecclesie,
988 3933 1118 4019 imperii
1149 3954 1187 3996 ac
1217 3934 1317 3996 totius
1346 3932 1459 4018 populi
1487 3929 1666 3995 Christiani
1696 3928 1841 3992 noscitur

192 4040 390 4119 ordinatum,
414 4037 502 4123 quod
524 4039 628 4118 absit,
653 4038 762 4103 valeat
785 4037 947 4124 impediri,
971 4059 1044 4102 cum
1068 4037 1165 4123 pleno
1188 4036 1341 4100 mandato
1363 4036 1405 4102 de
1428 4033 1719 4122 compromittendo
1744 4053 1842 4117 super

191 4144 361 4230 premissis
385 4143 514 4228 precise
538 4143 572 4206 in
594 4143 745 4206 manibus
769 4141 889 4206 nostris
922 4141 993 4205 sine
1017 4160 1109 4203 more
1132 4138 1303 4225 dispendio
1327 4139 1460 4203 studeas
1485 4138 1671 4210 destinare;
1700 4135 1841 4200 sciturus

193 4247 279 4331 quod
310 4247 339 4312 si
370 4251 482 4311 contra
504 4245 726 4322 Lombardcs,
759 4246 1000 4310 maximarum
1033 4265 1068 4308 se
1098 4243 1228 4330 precise
1258 4244 1292 4307 in
1318 4241 1469 4307 manibus
1496 4240 1637 4306 ecclesie
1661 4239 1842 4326 posuerint,

191 4352 254 4416 hoc
277 4350 483 4436 potissimum
512 4357 660 4436 tempore
689 4343 869 4436 procedere
900 4349 1081 4428 molireris,
1117 4353 1241 4411 tantam
1268 4347 1413 4433 exempli
1440 4344 1619 4431 perniciem
1642 4342 1715 4407 aliis
1738 4342 1842 4406 tribu-

193 4453 294 4533 endo,
325 4475 384 4539 per
407 4474 503 4537 quam
526 4455 671 4539 presumi
694 4454 798 4539 possit
821 4475 840 4518 a
863 4451 1032 4539 pluribus,
1064 4450 1151 4537 quod
1174 4457 1303 4515 ceteros
1326 4449 1468 4515 ecclesia
1489 4447 1678 4524 fefellisset,
1711 4445 1744 4510 id
1773 4445 1843 4533 pati

192 4558 410 4642 equanimiter
432 4558 569 4622 eandem
594 4558 769 4624 ecclesiam
793 4579 858 4622 non
881 4556 1034 4636 deceret,
1066 4555 1243 4641 presertim
1267 4575 1340 4618 cum
1364 4574 1463 4638 super
1485 4551 1633 4636 negotia,
1657 4551 1690 4614 iu
1713 4571 1777 4635 quo
1800 4548 1841 4612 de

192 4667 284 4725 tanta
305 4660 410 4745 gloria
431 4660 662 4747 Redemptoris
686 4661 808 4746 agitur,
842 4660 993 4745 acceptio
1017 4678 1230 4746 personarum
1255 4656 1369 4721 haberi
1391 4676 1456 4720 non
1479 4655 1614 4735 debeat,
1636 4674 1697 4720 nec
1720 4651 1844 4738 aliquid

116 4790 144 4830 ro
195 4786 256 4829 nos
294 4763 411 4828 deceat
450 4765 596 4849 perpeti,
642 4786 702 4850 per
738 4762 824 4849 quod
871 4783 1046 4848 processus
1092 4760 1240 4826 eiusdem
1283 4767 1397 4846 posset
1438 4759 1644 4844 aliquatenus
1682 4755 1843 4843 impediri.

114 5530 141 5568 ⁴5

192 4869 379 4954 Diligenter
410 4867 496 4931 enim
525 4867 733 4933 considerare
757 4875 790 4932 te
821 4867 989 4945 convenit,
1018 4865 1105 4952 quod
1132 4866 1179 4929 illi
1203 4865 1258 4950 qui
1281 4864 1477 4929 excellentie
1499 4868 1556 4927 tue
1580 4859 1743 4925 contraria
1765 4879 1842 4923 con-

195 4972 321 5052 sulunt,
344 4969 386 5034 ad
409 4969 442 5033 id
465 4976 497 5034 te
520 4971 669 5035 nituntur
691 4970 857 5050 inducere,
881 4991 940 5056 per
963 4969 1049 5054 quod
1072 4976 1104 5033 te
1129 4969 1194 5032 illis
1218 4967 1385 5032 laboribus
1408 4966 1570 5045 involuto,
1592 4962 1633 5028 de
1658 4962 1778 5048 quibus
1802 4961 1842 5026 dc

194 5075 282 5139 facili
305 5094 449 5160 nequeas
473 5072 634 5158 expediri,
657 5073 816 5138 utilitates
839 5093 915 5136 suas
938 5073 1055 5137 fortius
1079 5072 1212 5137 valeant
1234 5090 1421 5157 procurare.

300 5211 377 5276 Dat.
401 5209 554 5292 Viterbii,
578 5209 645 5274 XII
666 5208 741 5275 Kal.
764 5209 871 5295 April.
895 5210 1105 5294 pontificatus
1130 5210 1232 5273 nostri
1256 5230 1342 5274 anno
1366 5207 1505 5272 decimo.

300 5506 323 5573 ¹)
341 5508 654 5575 Quocirca-procurare
672 5525 703 5560 ca
720 5507 805 5575 Rapa.

299 5645 325 5710 l)
344 5659 369 5696 n.
390 5647 452 5697 657.

298 5761 358 5812 ltsc.
376 5761 456 5810 l'our.
476 5761 495 5811 l.
