4590 6366
757 367 956 426 EPISTOLAE
974 369 1163 430 SELEOTAE.
1200 371 1276 430 1235.
1783 378 1845 444 523

189 543 324 610 voeatis.
375 541 502 608 Ibidem
536 551 645 611 autem
675 545 884 632 presentibus
920 548 1041 633 populo
1074 554 1108 614 et
1141 555 1292 615 senatore
1306 549 1328 629 ¹,
1365 550 1419 636 qui
1455 550 1519 615 iam
1548 551 1698 616 exiverat
1731 573 1845 616 versus

189 647 388 712 Maritimam
422 656 554 735 propter
588 669 712 714 moram
747 648 899 734 Gregorii
934 653 1097 737 capellani
1131 655 1230 718 vestri
1266 655 1420 719 mandato
1455 657 1584 741 populi,
1619 656 1675 742 qui
1711 664 1845 742 propter

191 751 325 815 nimiam
348 753 602 836 protractionem
626 751 665 817 de
689 753 742 818 die
766 754 799 816 in
823 753 909 818 diem
933 777 953 818 a
974 755 1070 820 nobis
1100 779 1136 821 sc
1160 757 1423 843 conquerebatur
1445 757 1635 845 deceptum,
1667 760 1746 822 licet
1768 779 1842 845 pre-

191 854 297 918 dictus
322 854 501 939 Gregorius
525 856 557 919 in
581 857 709 920 duobus
732 854 849 921 diebus
874 856 913 921 de
937 857 1075 922 Perusio
1099 859 1139 923 ad
1163 882 1222 924 nos
1245 862 1448 946 pervenerit,
1477 861 1548 943 illa,
1581 883 1644 948 que
1667 861 1763 926 nobis
1786 883 1846 948 per

127 1011 131 1024 .
192 965 319 1022 vestras
353 959 480 1050 litteras
516 961 720 1046 apportavit,
760 961 858 1045 plene
894 969 928 1025 et
960 962 1057 1047 plane
1092 965 1316 1050 exposuimus.
1383 964 1523 1028 Romani
1558 987 1637 1030 uero
1671 963 1846 1028 audierunt

113 2858 139 2897 2⁰

115 5081 141 5119 to

189 1061 356 1125 humiliter
379 1068 412 1125 et
434 1061 553 1126 devote
578 1069 612 1127 et
635 1064 759 1142 omnia,
790 1083 852 1148 que
883 1064 931 1128 eis
962 1086 1004 1128 ex
1036 1073 1128 1151 parte
1158 1074 1269 1131 vestra
1302 1073 1335 1132 et
1365 1069 1504 1132 ecclesie
1528 1069 1660 1134 fuerunt
1682 1070 1843 1155 exposita,

189 1171 452 1250 acceptaverunt.
497 1164 541 1228 ut
564 1187 624 1229 nos
647 1166 775 1230 litteras
800 1172 942 1244 vestras,
972 1189 1033 1252 per
1055 1190 1134 1253 quas
1163 1171 1257 1234 nobis
1281 1170 1358 1234 data
1387 1171 1497 1235 fuerat
1519 1177 1666 1257 potestas
1696 1171 1845 1236 firmandi

189 1289 303 1353 pacem
320 1289 394 1331 curn
416 1269 475 1346 eis,
499 1269 642 1331 senatori
667 1275 699 1332 et
715 1269 837 1354 populo
855 1269 1061 1348 exhibentes,
1084 1294 1199 1358 pacem
1218 1273 1395 1338 secundum
1413 1273 1550 1338 sormam
1573 1274 1670 1338 nobis
1693 1296 1713 1338 a
1735 1281 1846 1339 vestra

190 1372 365 1436 sanctitate
390 1372 616 1436 transmissam
648 1393 691 1436 ex
719 1379 811 1458 parte
836 1379 947 1435 vestra
975 1380 1008 1437 et
1038 1377 1179 1439 ecclesio
1203 1377 1463 1462 acceptavimus3
1495 1385 1528 1442 et
1551 1379 1598 1442 sic
1621 1399 1688 1463 pax
1711 1383 1763 1442 est
1786 1399 1844 1464 per

191 1475 328 1558 gratiam
358 1474 423 1538 Dei
449 1474 524 1538 hinc
555 1474 630 1539 inde
661 1483 803 1562 recepta.
848 1475 918 1539 Nos
949 1486 1057 1540 autem
1089 1479 1243 1543 universa
1274 1487 1308 1544 et
1339 1480 1466 1564 singula
1495 1501 1554 1566 per
1584 1480 1733 1545 ordinem
1762 1482 1846 1546 sicut

190 1583 264 1641 aeta
288 1583 363 1641 sunt
386 1599 445 1663 per
468 1577 665 1662 Gregorium
689 1577 873 1663 predictum
896 1578 929 1641 in
953 1579 1045 1642 brevi
1070 1603 1236 1666 exponere
1262 1590 1295 1647 et
1317 1583 1467 1647 intimare
1491 1582 1687 1647 curabimus.
1732 1583 1840 1658 Quare

191 1681 220 1744 si
247 1680 356 1767 placet
382 1701 494 1744 omnes
525 1682 671 1767 captivos
698 1681 882 1758 Romanos,
911 1683 967 1765 qui
997 1688 1063 1746 tam
1086 1683 1230 1749 Viterbii
1257 1705 1353 1770 quam
1385 1692 1419 1750 et
1448 1685 1535 1772 apud
1565 1684 1713 1750 Mortem
1738 1685 1843 1751 Cuco-

191 1794 277 1848 zon.a
306 1792 340 1849 et
365 1784 513 1850 Altetum
545 1793 578 1848 et
605 1784 802 1869 ubicumque
830 1783 910 1847 alibi
940 1784 1140 1864 detinentur,
1174 1809 1234 1872 per
1261 1788 1382 1852 bonum
1412 1795 1445 1853 et
1475 1787 1666 1872 diligentem
1693 1791 1844 1854 nuntium

190 1887 292 1972 recipi
327 1895 360 1951 et
391 1887 466 1952 duci
497 1887 538 1951 ad
569 1889 769 1974 presentiam
797 1895 940 1980 vestram
975 1890 1046 1954 sine
1080 1912 1169 1955 more
1199 1891 1371 1977 dispendio
1400 1892 1545 1963 faciatis,
1577 1892 1624 1954 ita
1653 1893 1740 1976 quod
1773 1895 1844 1958 sine

191 1991 328 2054 alicuius
363 1992 596 2078 impedimento
632 1993 753 2077 captivi
781 1991 922 2056 Romani
955 1993 1021 2056 cito
1056 1993 1169 2058 haberi
1196 1996 1325 2080 possint
1358 2002 1392 2058 et
1426 1993 1535 2058 ductib
1568 1994 1610 2058 ad
1644 1996 1844 2080 presentiam

189 2099 331 2156 vestram
363 2094 433 2158 sine
465 2115 554 2158 more
584 2094 755 2180 dispendio
784 2096 916 2160 valeant
942 2096 1092 2177 liberari,
1124 2103 1159 2160 et
1182 2117 1242 2162 nos
1266 2097 1299 2160 in
1321 2097 1491 2183 premissis
1514 2117 1649 2162 veraces
1673 2103 1707 2163 et
1728 2097 1843 2162 fideles

189 2216 401 2264 inveniamur.

297 2299 370 2385 Ego
405 2300 584 2386 Gregorius
619 2324 733 2367 servus
768 2311 897 2383 vester,
934 2325 1011 2368 acus
1043 2305 1130 2368 inter
1163 2303 1378 2383 ferramenta,
1412 2290 1468 2388 qui
1504 2303 1654 2368 omnibus
1688 2304 1828 2390 predicti

190 2402 333 2482 interlui,
357 2426 409 2469 me
433 2407 599 2471 sanctitati
622 2412 730 2471 vestre
753 2406 994 2472 recommendo.

984 2697 1042 2762 IV.

305 2797 420 2891 Ieilcm
448 2827 627 2892 cardinales
651 2847 753 2907 pmice
780 2825 922 2888 scribunt
944 2844 977 2890 se
1002 2825 1046 2888 ud
1071 2844 1140 2888 cum
1165 2826 1351 2907 Gregorinm
1378 2825 1415 2889 dc
1436 2825 1544 2890 Fusco
1565 2825 1602 2889 dc
1623 2825 1726 2890 Berta
1748 2826 1844 2890 desti-

191 2953 285 3010 nare,
319 2933 375 3012 qui
404 2933 433 2993 ει·
460 2932 577 3008 ouen-io,
610 2950 689 3010 quoe
722 2929 765 2991 ud
788 2949 896 3008 pacem
928 2928 979 2991 die
1005 2928 1092 2992 Iocis
1121 2931 1194 3008 post
1224 2926 1376 3008 pascham
1401 2928 1527 3011 [April.
1554 2929 1614 3013 12]
1643 2949 1664 2991 α
1691 2927 1846 2994 Βοιηαηὶε

189 3039 379 3117 acceptatum
400 3038 542 3115 spectent,
560 3034 690 3114 plenius
712 3035 863 3112 exponen
885 3036 1006 3114 eoquat,
1028 3034 1064 3094 ut
1092 3029 1170 3096 Urbi
1190 3031 1429 3112 appropinquet.

292 3172 320 3208 n.
340 3159 366 3208 8.
1370 3135 1465 3211 1235,
1484 3137 1555 3214 post
1575 3135 1683 3216 April.
1706 3141 1758 3202 12.

648 3331 811 3403 Littere
840 3330 1080 3403 eorundem
1107 3329 1398 3404 cardinalium

830 3473 964 3543 super
991 3452 1156 3524 eodem.

300 3599 514 3666 Sanctissimo
535 3607 596 3665 etc.
613 3607 649 3664 ut
673 3621 780 3686 supra.
827 3599 919 3664 Siout
941 3621 1001 3688 per
1023 3601 1105 3665 alias
1129 3606 1257 3664 nostras
1274 3602 1400 3665 litteras
1418 3603 1583 3666 sanctitati
1605 3609 1717 3666 vestre
1739 3622 1845 3687 nuper

192 3706 345 3770 duximus
369 3705 615 3791 exponendum,
649 3704 702 3768 die
725 3703 813 3768 Iovis
836 3710 912 3790 post
934 3705 1057 3791 pascha
1079 3753 1113 3772 ..
1135 3712 1285 3769 senatore
1316 3726 1354 3769 ao
1376 3705 1529 3770 universo
1551 3705 1699 3786 Romano
1723 3704 1845 3791 populo

191 3814 389 3894 congregato
414 3815 446 3872 et
469 3809 517 3872 eis
539 3808 644 3872 forma
661 3808 752 3893 pacis
768 3807 945 3892 diligenter
962 3809 1122 3893 exposita,
1149 3809 1226 3893 quia
1241 3809 1346 3872 forma
1361 3808 1433 3894 ipsa
1448 3809 1496 3873 eis
1517 3810 1649 3895 placuit,
1672 3814 1844 3894 acceptata

192 3921 269 3978 tunc
292 3913 369 3987 fuit;
398 3919 432 3976 et
454 3933 473 3976 a
497 3919 649 3976 senatore
679 3933 737 3997 pro
758 3918 859 3996 parte
883 3911 1027 3974 iamdicti
1053 3913 1165 3998 populi
1194 3919 1228 3977 et
1249 3933 1270 3976 a
1291 3912 1386 3976 nobis
1409 3934 1468 4000 pro
1492 3919 1584 3998 parte
1609 3911 1751 3976 ecclesie
1774 3931 1840 3996 pax

193 4017 303 4082 extitit
319 4015 460 4080 Domino
478 4015 620 4080 faciente
637 4023 781 4100 recepta.
826 4015 872 4078 Ut
895 4023 1005 4080 autem
1022 4016 1185 4096 universa,
1209 4037 1272 4101 que
1295 4016 1336 4080 ad
1359 4037 1475 4102 pacem
1499 4023 1658 4103 spectant,
1683 4015 1839 4080 sanctitas

191 4126 302 4185 vestra
325 4121 408 4185 scire
435 4121 545 4185 valeat
564 4119 721 4198 seriatim,
746 4140 823 4183 eece
845 4117 1012 4183 dominum
1029 4118 1226 4203 Gregorium
1242 4119 1282 4185 dc
1298 4119 1407 4184 Fusoa
1423 4120 1463 4186 de
1479 4119 1581 4183 Berta
1606 4117 1843 4182 subdiaconum

192 4230 226 4287 et
250 4224 455 4310 capellanum
470 4230 624 4298 restrum,
649 4223 753 4286 virum
770 4223 882 4308 utique
898 4222 1068 4308 providum
1092 4229 1126 4287 et
1141 4222 1328 4304 discretum,
1353 4224 1408 4308 qui
1431 4225 1464 4287 iu
1487 4223 1550 4286 hoc
1573 4221 1706 4305 negotio
1730 4217 1843 4283 lauda-

191 4329 303 4392 biliter
331 4334 365 4391 et
394 4328 618 4414 multipliciter
648 4327 824 4406 laboravit,
855 4327 1028 4391 clementie
1053 4331 1161 4390 vestre
1193 4325 1346 4389 duximus
1374 4325 1618 4404 destinandum,
1652 4323 1843 4409 suppliciter

193 4430 408 4518 deprecantes
442 4431 593 4515 quatinus
628 4451 690 4515 que
725 4429 766 4494 ad
802 4427 1004 4493 commodum
1040 4434 1074 4492 et
1106 4428 1197 4514 pacis
1232 4429 1396 4514 pertinent
1429 4429 1684 4506 firmamentum,
1720 4425 1844 4509 absque

194 4535 384 4600 difficultate
419 4535 565 4619 qualibet
598 4533 830 4620 adimplentes,
866 4532 1006 4598 eundem
1044 4531 1282 4596 subdiaconum
1315 4539 1458 4597 vestrum
1498 4532 1540 4596 ad
1573 4553 1633 4596 nos
1667 4551 1740 4594 cum
1770 4549 1845 4615 per-

192 4638 334 4702 fectione
367 4639 512 4702 omnium
539 4637 699 4703 velociter
733 4635 976 4716 transmittatis,
1014 4636 1160 4722 captivos
1190 4634 1412 4699 Romanorum
1448 4636 1518 4700 sine
1552 4655 1643 4698 mora
1677 4632 1705 4696 si
1737 4632 1847 4718 placet

192 4742 305 4806 venire
339 4741 381 4805 ad
416 4747 556 4805 vestram
590 4741 792 4827 presentiam
826 4737 986 4804 faciendo.
1042 4741 1129 4803 Ante
1169 4737 1291 4818 omnia,
1328 4738 1405 4822 quia
1437 4739 1553 4804 honori
1587 4737 1728 4803 ecclesie
1764 4735 1844 4799 satis

193 4845 355 4909 credimus
391 4844 565 4931 expedire,
607 4844 692 4908 sicut
729 4843 806 4906 olim
842 4842 917 4906 viva
951 4863 1046 4914 uoce.
1086 4841 1134 4905 ita
1167 4847 1201 4905 et
1232 4861 1318 4904 nunc
1353 4861 1412 4926 per
1444 4842 1572 4906 litteras
1611 4839 1845 4926 supplicamus,

193 4950 345 5035 quatinus
375 4948 457 5012 Urbi
487 4948 749 5035 appropinquare
780 4947 890 5010 uelitis
923 4945 951 5009 si
980 4947 1103 5032 placet;
1133 4944 1234 5008 nichil
1262 4944 1349 5009 enim
1375 4944 1488 5007 utilius
1519 4944 1652 5028 negotio
1682 4940 1845 5006 credimus

193 5052 361 5138 expedire.
418 5050 504 5125 Quia
533 5050 667 5114 difficile
700 5055 789 5114 esset
820 5049 929 5112 omnia
961 5047 1153 5138 singillatim
1182 5046 1344 5126 scribere,
1383 5047 1493 5110 omnia
1521 5045 1689 5132 posuimus
1723 5044 1757 5106 in
1789 5063 1844 5106 ore

192 5155 332 5242 predicti
355 5154 394 5218 G.
419 5164 453 5218 et
475 5155 506 5218 ei
530 5153 678 5218 dedimus
700 5152 904 5231 memoriale,
935 5151 969 5214 in
1000 5172 1063 5236 quo
1094 5171 1134 5214 ea
1156 5171 1219 5234 que
1245 5169 1427 5236 proponere
1451 5148 1544 5213 vobis
1567 5146 1683 5227 debet,
1708 5165 1844 5231 expres-

195 5261 264 5324 sius
286 5259 504 5322 continentur.

484 5418 573 5424 ...-—-
583 5415 762 5422 —.-.----.—
771 5416 891 5422 -—.-..—
907 5412 1218 5422 -a-...-...—-.-----.-—
1231 5407 1739 5417 ——-—..—--.---————

299 5519 322 5587 ⁸)
340 5523 461 5572 Cueeizor‘i
481 5521 653 5584 R.‚cu0010n
672 5520 707 5572 ΙΙ.
791 5517 814 5584 1’)
832 5521 891 5570 duci
910 5519 941 5570 B.

298 5659 323 5727 1)
342 5655 447 5728 Angeia
466 5655 660 5712 Molubraacu.
741 5701 742 5704 ,
