4538 6426
428 413 469 477 30
1014 403 1062 462 ax
1080 403 1236 463 nouoan
1254 407 1294 462 m
1312 403 1491 463 anorsrao

427 592 548 650 terram
577 589 667 647 tuam
694 582 735 648 ad
762 584 955 670 petitionem
987 582 1091 668 ipsius
1114 582 1260 668 episcopi
1288 582 1460 662 faciamus,
1490 603 1530 646 eo
1552 581 1728 666 benignius
1754 579 1981 660 admittentes,
2011 601 2075 666 quo

427 687 512 752 inter
535 694 661 751 ceteros
687 686 799 750 mundi
820 707 919 771 reges
942 693 974 750 te
999 692 1053 749 tue
1070 684 1253 748 devotionis
1277 684 1393 748 merito
1419 683 1558 769 quadam
1582 684 1717 769 speciali
1741 682 1906 768 diligimus
1929 685 2075 764 caritate,

426 790 526 853 nichil
550 794 663 853 contra
691 794 723 854 te
748 790 800 853 vel
828 795 948 854 terram
978 795 1068 852 tuam
1096 793 1171 874 post
1199 787 1421 872 receptionem
1445 788 1626 852 litterarum
1649 788 1794 872 ipsarum
1817 787 1858 850 ad
1880 789 2073 873 petitionem

426 892 531 978 ipsius
560 892 706 978 episcopi
735 891 872 956 fecimus
901 891 955 956 vel
984 892 1082 956 etiam
1111 891 1285 970 faciemus,
1315 910 1483 974 quousque
1511 889 1617 953 nuntii
1645 891 1690 952 tui
1714 890 1864 954 venerint
1887 891 2075 976 supradicti,

426 995 490 1057 nisi
517 994 627 1059 forsan
654 1015 756 1079 usque
785 993 868 1058 adeo
904 1014 1017 1058 eorum
1049 992 1234 1058 differretur
1261 991 1437 1072 adventus,
1469 991 1555 1076 quod
1581 992 1698 1055 merito
1724 991 1891 1056 videretur
1924 1015 1981 1058 eos
2009 1015 2075 1056 non
2129 1027 2140 1061 a

427 1095 549 1161 debere
571 1097 709 1161 ulterius
737 1096 916 1182 expectari.
963 1096 1049 1161 Sane
1072 1096 1178 1159 nuntii
1205 1095 1269 1174 tui,
1303 1095 1358 1179 qni
1384 1094 1479 1157 uobis
1511 1093 1695 1179 sepedictus
1724 1094 1851 1158 litteras
1878 1094 2076 1174 obtuleruut,

427 1199 567 1284 quedam
590 1220 633 1264 ex
654 1205 711 1262 tua
726 1205 819 1285 parte
834 1199 1002 1283 petebant,
1027 1220 1089 1284 que
1113 1219 1178 1261 non
1193 1197 1346 1261 duximus
1363 1196 1573 1272 admittenda,
1598 1216 1777 1283 superque
1799 1203 1856 1260 tua
1878 1218 1943 1260 non
1955 1197 2076 1260 debeat

425 1302 550 1366 turbari
573 1303 748 1382 serenitas,
780 1322 853 1364 curu
876 1301 1006 1387 tuipse
1029 1301 1122 1378 velis,
1147 1301 1232 1364 sicut
1253 1299 1293 1364 de
1316 1306 1373 1363 tua
1395 1299 1570 1364 devotione
1595 1298 1795 1378 confidimus,
1818 1306 1855 1363 ut
1876 1301 1967 1380 nihil,
1989 1299 2076 1383 quod

426 1426 447 1468 a
468 1405 594 1469 iustitia
615 1405 669 1469 vel
691 1405 862 1469 honestate
886 1404 1061 1484 discordet,
1085 1425 1143 1489 pro
1166 1410 1199 1468 te
1224 1425 1283 1468 seu
1304 1424 1363 1488 pro
1381 1423 1586 1486 quocumque
1611 1403 1674 1467 alio
1692 1404 1859 1466 faciamus.
1904 1401 1943 1465 Id
1965 1409 2075 1466 autern

426 1508 550 1571 habeas
577 1528 636 1592 pro
665 1509 842 1588 constanti,
871 1508 956 1593 qnod
984 1508 1059 1586 tibi,
1092 1508 1124 1571 in
1156 1507 1273 1592 quibus
1301 1507 1438 1570 honeste
1462 1506 1658 1591 poterimus,
1689 1505 1834 1569 favorem
1861 1506 2074 1591 apostolicum
2130 1537 2153 1572 ro

426 1611 637 1697 proponimus
661 1611 828 1675 exhibere.
873 1612 974 1675 Porro
998 1613 1120 1675 latores
1143 1609 1345 1694 presentium
1367 1609 1499 1672 nuntios
1527 1615 1600 1672 tuos
1628 1609 1687 1672 tibi
1715 1607 1880 1672 reddimus
1909 1629 2074 1672 commen-

426 1710 538 1792 datos,
562 1713 679 1797 quibus
702 1734 768 1777 non
788 1713 941 1798 imputes,
966 1712 1053 1797 quod
1076 1733 1199 1776 moram
1222 1712 1382 1776 traxerint
1404 1710 1489 1796 apud
1513 1711 1625 1775 sedem
1648 1710 1861 1797 apostolicam
1883 1709 2075 1794 longiorem,

426 1815 503 1900 quia
530 1814 564 1877 id
592 1835 658 1878 nou
686 1815 747 1879 fuit
774 1836 833 1900 per
859 1836 971 1878 eorum
994 1815 1244 1899 negligentiam,
1273 1815 1328 1899 qui
1357 1835 1392 1878 se
1416 1813 1626 1898 exhibuerint
1654 1814 1688 1876 in
1712 1813 1861 1877 omnibus
1889 1811 2075 1895 diligentes,

427 1916 486 1981 sed
516 1938 576 1980 nos
607 1917 672 2003 ipsi
703 1917 838 1983 eosdem
870 1919 1051 1997 tenuimus,
1083 1923 1254 2003 sperantes
1286 1915 1372 1999 quod
1400 1936 1499 2001 super
1525 1916 1667 1999 negotiis
1695 1915 1761 1978 tuis
1784 1936 1956 2000 possemus
1979 1916 2077 1979 aliter

425 2018 608 2105 providere.
2129 2049 2152 2085 a

533 2121 608 2186 Dat.
632 2120 744 2187 Later.
768 2122 817 2185 IV
840 2123 924 2186 Non.
948 2122 1106 2187 Novemb.
1130 2129 1220 2207 pont.
1243 2122 1347 2186 nostri
1369 2141 1443 2184 ann,
1465 2120 1510 2186 ΙΙ.

1221 2539 1281 2610 aa.
1385 2499 1386 2502 ‘

534 2634 722 2730 Honorias
744 2665 812 2729 111
825 2687 913 2746 papa
927 2665 1091 2750 [Gorino]
1113 2669 1218 2732 abbati
1233 2667 1345 2734 Sancti
1357 2667 1442 2749 Apri
1457 2667 1700 2750 poenitentiario
1718 2666 1859 2731 Tullonsi
1880 2667 2019 2744 rnandat,
2040 2672 2077 2732 at

423 2768 635 2854 [Theoboldo]
650 2767 722 2831 dnoi
737 2766 970 2850 Lotborinpiae,
993 2769 1048 2850 qni
1062 2771 1251 2834 acrimoniam
1265 2789 1357 2834 annm
1373 2771 1581 2846 Mattboenni,
1604 2769 1659 2848 qni
1673 2769 1829 2848 depositas
1842 2769 1882 2832 ab
1899 2770 2076 2849 episcopata

426 2871 570 2936 Tallensi
590 2869 797 2952 Raynoldnm
824 2889 1024 2936 successorem
1053 2891 1145 2935 snam
1172 2877 1350 2951 necaverat,
1373 2873 1509 2952 promia
1530 2891 1627 2934 omna
1648 2870 1819 2951 interfecit,
1849 2892 1917 2934 nant
1942 2893 2011 2934 erran
2032 2872 2077 2934 od

423 2973 646 3038 vindicandam
669 2978 791 3039 mntem
812 2976 911 3038 scelos
933 2995 1041 3056 capere
1061 2977 1158 3052 veltet,
1181 2976 1387 3040 absolutionis
1408 2975 1586 3055 beneficiam
1607 2974 1775 3053 irrorandat.

1718 3079 1812 3154 1217,
1834 3075 1913 3139 Noa.
1937 3078 1988 3141 13.

529 3162 602 3216 Han.
621 3165 677 3216 ΙΙΙ
690 3163 755 3232 Rea.
780 3163 835 3216 Vol.
855 3166 879 3222 I.
898 3171 961 3230 1705
980 3163 1039 3217 Lib.
1059 3167 1100 3228 ΙΙ,
1120 3171 1178 3218 709.

529 3249 665 3312 Potthast,
684 3249 753 3317 Rea.
773 3255 848 3304 5619.

686 3513 692 3527 .
724 3513 731 3527 .
760 3459 909 3533 abbati
935 3443 1220 3551 Sancti'npri
1246 3461 1569 3552 penitentiario
1597 3458 1816 3532 Tullensi.

531 3607 585 3670 Ex
607 3608 725 3672 litteris
741 3609 806 3672 tuis
822 3609 1017 3694 accepimus,
1041 3609 1125 3693 quod
1143 3630 1215 3673 cum
1231 3608 1316 3672 boue
1332 3609 1487 3672 memorie
1503 3607 1692 3692 Raynaldus
1709 3606 1873 3670 Tullensis
1896 3607 2072 3691 episcopus
2128 3636 2152 3671 a

424 3730 516 3773 suam
549 3708 705 3774 diocesim
735 3712 900 3790 visitaret,
938 3711 1100 3797 quondam
1132 3712 1305 3792 Mothous,
1346 3712 1399 3796 qui
1443 3710 1611 3797 depositus
1652 3709 1760 3774 fuerat
1799 3709 1839 3773 ab
1883 3710 2075 3794 episcopatu

424 3812 582 3893 Tullensi,
618 3813 710 3878 iuxta
744 3820 878 3879 stratam
909 3816 1072 3900 publicam
1103 3815 1137 3879 in
1167 3813 1306 3898 quodam
1338 3835 1471 3878 nemore
1501 3813 1636 3878 insidias
1668 3813 1794 3900 paravit
1825 3810 1949 3888 eidem,
1980 3818 2014 3875 et
2040 3811 2073 3873 in

424 3935 497 3978 eum
521 3936 593 3979 oum
617 3917 684 3980 suis
708 3916 904 3983 satellitibus
927 3917 1072 3994 irruens,
1102 3923 1236 3981 exutum
1264 3917 1412 3981 vestibus
1442 3916 1552 4002 gladio
1579 3916 1810 3980 miserabiliter
1831 3915 2012 3988 interiecit,
2035 3934 2074 3977 ac

423 4038 480 4081 eos
504 4019 655 4102 quicum
679 4019 795 4084 eodem
817 4018 857 4082 R.
882 4019 1034 4105 episcopo
1059 4019 1195 4083 aderant
1210 4019 1399 4084 verberibus
1423 4027 1456 4084 et
1471 4020 1577 4105 plagis
1593 4019 1753 4103 affligens,
1777 4017 1934 4102 quosdam
1950 4037 2074 4096 aarum,

423 4119 577 4184 videlicet
600 4169 607 4184 .
632 4170 639 4185 .
662 4120 817 4186 abbatem
840 4127 873 4184 et
895 4122 1072 4185 monachos
1096 4121 1193 4202 dnos,
1217 4122 1364 4186 vestibus
1394 4122 1550 4208 spoliatos
1573 4122 1664 4186 abire
1687 4120 1850 4206 permisit,
1885 4121 1967 4184 alios
1995 4141 2074 4184 vcro
2127 4149 2152 4183 a,

423 4221 561 4285 clericos
585 4229 619 4286 et
640 4224 741 4287 laicos
764 4223 914 4286 manibus
945 4230 1079 4308 atergo
1102 4224 1211 4308 ligatis
1240 4246 1300 4310 per
1327 4225 1461 4309 triginta
1492 4223 1562 4288 dies
1594 4224 1788 4307 etamplius
1811 4223 1971 4286 tenuitin
1994 4223 2076 4285 silva

424 4325 579 4409 captivos.
626 4324 773 4409 Cumque
789 4326 851 4390 hoo
868 4326 908 4389 ad
924 4326 1170 4391 karissimorum
1193 4328 1226 4390 in
1243 4326 1372 4392 Christo
1390 4328 1530 4391 filiorum
1545 4333 1730 4390 nostrorum
1745 4325 1781 4390 F.
1805 4326 1839 4388 in
1853 4324 2075 4388 Romanorum

423 4426 653 4510 imperatorem
678 4428 776 4492 electi
800 4433 833 4492 et
856 4428 1001 4514 Philippi
1030 4430 1167 4494 illustris
1197 4430 1284 4514 rogis
1307 4429 1445 4495 Franeic
1469 4429 1616 4493 notitiam
1638 4428 1854 4513 pervenisset,
1880 4427 1982 4490 nobili
2005 4427 2074 4490 viro

423 4575 430 4591 .
456 4575 463 4588 .
487 4526 561 4591 duci
584 4528 797 4614 Lotharingie
821 4529 1066 4611 mandaverunt,
1090 4531 1176 4616 quod
1200 4532 1263 4596 nisi
1289 4533 1370 4595 tanti
1393 4532 1596 4596 atrocitatem
1620 4529 1752 4594 sceleris
1775 4528 1966 4605 vindicaret,
2000 4549 2074 4592 oum

422 4629 484 4693 hec
508 4629 549 4693 ad
572 4631 674 4715 ipsius
699 4638 733 4696 ct
755 4633 886 4716 generis
911 4633 961 4695 sui
987 4632 1206 4698 redundarent
1229 4634 1454 4719 opprobrium,
1487 4639 1599 4718 utpote
1628 4632 1662 4695 iu
1689 4639 1776 4696 terra
1801 4652 1860 4694 sua
1882 4637 1916 4694 et
1938 4631 1979 4695 ab
2003 4632 2074 4695 eius
2127 4663 2151 4699 as

422 4733 581 4796 avunculo
605 4741 801 4820 perpetrata,
827 4735 922 4797 huius
947 4735 1090 4799 criminis
1113 4737 1262 4801 conscius
1291 4743 1420 4822 poterat
1449 4737 1565 4800 merito
1592 4735 1746 4821 reputari.
1790 4733 1886 4798 Unde
1910 4755 1984 4798 cunr
2007 4733 2075 4797 dux

421 4834 491 4920 ipse
516 4836 640 4900 zelatus
663 4837 821 4902 honorem
844 4837 983 4902 ecclesie
1007 4859 1044 4902 ac
1068 4861 1178 4905 amore
1201 4840 1325 4905 iustitie
1348 4849 1454 4903 motus
1478 4840 1674 4903 accessisset
1694 4836 1885 4902 adnemora
1907 4836 2074 4922 inquibus

421 4939 593 5003 memorati
627 4939 737 5004 clerici
773 4947 807 5003 et
828 4940 903 5003 laici
939 4941 1024 5026 capti
1060 4941 1199 5022 fuerant,
1235 4949 1269 5006 ct
1301 4942 1483 5028 predictum
1517 4942 1711 5006 avunculum
1746 4961 1840 5004 suum
1872 4940 1916 5003 M.
1951 4939 2073 5003 ibidem

421 5041 611 5125 repperiens
629 5062 746 5128 capere
763 5042 932 5120 voluisset,
955 5044 1071 5129 ipsum,
1086 5044 1161 5109 dum
1181 5045 1334 5110 certando
1352 5046 1483 5131 propria
1498 5065 1596 5108 manu
1611 5044 1791 5122 resisteret,
1814 5043 1989 5122 interfecit,
2013 5062 2072 5104 suo

421 5144 570 5228 sanguini
604 5166 668 5208 non
705 5144 878 5231 parcendo.
939 5145 1047 5220 Quare
1082 5169 1140 5232 pro
1175 5149 1290 5213 eodem
1321 5148 1419 5228 duce,
1455 5147 1510 5232 qui
1537 5168 1636 5231 super
1657 5145 1720 5210 hoc
1744 5145 1915 5210 consilium
1947 5144 2074 5231 expetit
2126 5175 2150 5212 a

421 5246 574 5326 salutare,
597 5247 691 5311 nobis
715 5247 777 5311 fuit
799 5247 966 5312 humiliter
989 5253 1216 5336 supplicatum,
1239 5259 1276 5316 ut
1298 5273 1371 5317 cum
1395 5272 1433 5316 eo
1455 5248 1710 5314 misericorditer
1732 5269 1830 5332 agere
1852 5248 2073 5332 dignaremur.

418 5346 563 5433 ideoque
587 5349 776 5414 discretioni
807 5357 861 5414 tuc
890 5373 950 5437 per
972 5356 1153 5439 apostoliea
1177 5357 1298 5442 scripta
1319 5353 1525 5432 mandamus,
1554 5353 1705 5436 quatinus
1729 5373 1792 5436 que
1815 5352 1975 5437 premissa
1998 5355 2073 5413 snut

419 5451 593 5536 diligenter
608 5453 794 5534 attendens,
810 5456 1004 5520 auctoritate
1021 5466 1132 5522 nostra
1146 5460 1208 5545 ipsi
1231 5459 1446 5524 absolutionis
1463 5456 1659 5521 beneficium
1674 5456 1766 5518 iuxta
1779 5455 1915 5518 formam
1932 5452 2073 5516 ecclesio

416 5554 606 5639 impendere
630 5577 694 5619 non
717 5563 906 5641 postponas,
930 5557 1104 5643 iniungens
1128 5561 1159 5625 ei
1181 5563 1396 5647 penitentiam
1419 5581 1518 5645 quem
1540 5560 1625 5623 ferre
1648 5558 1758 5622 valeat
1781 5557 1994 5621 moderatam.

546 5657 621 5722 Dat.
645 5658 798 5722 Lateran.
822 5658 937 5722 Idibus
959 5659 1167 5744 Novembris,
1190 5685 1275 5728 auno
1300 5663 1454 5728 secundo.
2126 5681 2150 5718 ⁴⁵
