<?xml version="1.0" encoding="UTF-8"?>
<!DOCTYPE html PUBLIC "-//W3C//DTD XHTML 1.0 Transitional//EN"
    "http://www.w3.org/TR/xhtml1/DTD/xhtml1-transitional.dtd">
<html xmlns="http://www.w3.org/1999/xhtml" xml:lang="en" lang="en">
 <head>
  <title>
</title>
<meta http-equiv="Content-Type" content="text/html;charset=utf-8" />
  <meta name='ocr-system' content='tesseract 3.04.00' />
  <meta name='ocr-capabilities' content='ocr_page ocr_carea ocr_par ocr_line ocrx_word'/>
</head>
<body>
  <div class='ocr_page' id='page_1' title='image "./monumentagerman00peipgoog/monumentagerman00peipgoog_0543.png"; bbox 0 0 4590 6366; ppageno 0'>
   <div class='ocr_carea' id='block_1_1' title="bbox 434 399 1508 472">
    <p class='ocr_par' dir='ltr' id='par_1_1' title="bbox 434 399 1508 472">
     <span class='ocr_line' id='line_1_1' title="bbox 434 399 1508 472; baseline -0.017 1"><span class='ocrx_word' id='word_1_1' title='bbox 434 411 496 472; x_wconf 82' lang='lat'><strong>520</strong></span> <span class='ocrx_word' id='word_1_2' title='bbox 1012 400 1061 455; x_wconf 77' lang='lat' dir='ltr'><strong>Ex</strong></span> <span class='ocrx_word' id='word_1_3' title='bbox 1078 399 1253 455; x_wconf 75' lang='lat' dir='ltr'><strong>eunocum</strong></span> <span class='ocrx_word' id='word_1_4' title='bbox 1271 399 1310 454; x_wconf 81' lang='lat' dir='ltr'><strong>m</strong></span> <span class='ocrx_word' id='word_1_5' title='bbox 1328 399 1508 455; x_wconf 76' lang='lat' dir='ltr'><strong>REGISTRO</strong></span> 
     </span>
    </p>
   </div>
   <div class='ocr_carea' id='block_1_2' title="bbox 433 567 2103 1180">
    <p class='ocr_par' dir='ltr' id='par_1_2' title="bbox 433 567 2103 1180">
     <span class='ocr_line' id='line_1_2' title="bbox 434 567 2103 666; baseline -0.013 -22"><span class='ocrx_word' id='word_1_6' title='bbox 434 579 619 666; x_wconf 81' lang='lat' dir='ltr'><strong>recepimus</strong></span> <span class='ocrx_word' id='word_1_7' title='bbox 643 584 677 643; x_wconf 89' lang='lat' dir='ltr'><strong>et</strong></span> <span class='ocrx_word' id='word_1_8' title='bbox 699 576 859 660; x_wconf 91' lang='lat' dir='ltr'><strong>benigne,</strong></span> <span class='ocrx_word' id='word_1_9' title='bbox 890 581 1012 639; x_wconf 89' lang='lat' dir='ltr'><strong>ettam</strong></span> <span class='ocrx_word' id='word_1_10' title='bbox 1036 583 1166 638; x_wconf 74' lang='lat' dir='ltr'><strong>earum¹¹</strong></span> <span class='ocrx_word' id='word_1_11' title='bbox 1189 573 1423 637; x_wconf 79' lang='lat' dir='ltr'><strong>continentiam</strong></span> <span class='ocrx_word' id='word_1_12' title='bbox 1447 595 1543 658; x_wconf 91' lang='lat' dir='ltr'><strong>quam</strong></span> <span class='ocrx_word' id='word_1_13' title='bbox 1566 594 1621 653; x_wconf 89' lang='lat' dir='ltr'><strong>ea,</strong></span> <span class='ocrx_word' id='word_1_14' title='bbox 1651 591 1714 655; x_wconf 90' lang='lat' dir='ltr'><strong>que</strong></span> <span class='ocrx_word' id='word_1_15' title='bbox 1738 569 1825 633; x_wconf 89' lang='lat' dir='ltr'><strong>idem</strong></span> <span class='ocrx_word' id='word_1_16' title='bbox 1849 589 1896 632; x_wconf 82' lang='lat' dir='ltr'><strong>ex</strong></span> <span class='ocrx_word' id='word_1_17' title='bbox 1919 569 2020 653; x_wconf 88' lang='lat' dir='ltr'><strong>parte</strong></span> <span class='ocrx_word' id='word_1_18' title='bbox 2043 567 2103 624; x_wconf 89' lang='lat' dir='ltr'><strong>tua</strong></span> 
     </span>
     <span class='ocr_line' id='line_1_3' title="bbox 433 665 2102 768; baseline -0.01 -21"><span class='ocrx_word' id='word_1_19' title='bbox 433 682 529 747; x_wconf 89' lang='lat' dir='ltr'><strong>nobis</strong></span> <span class='ocrx_word' id='word_1_20' title='bbox 553 702 720 768; x_wconf 80' lang='lat' dir='ltr'><strong>exponere</strong></span> <span class='ocrx_word' id='word_1_21' title='bbox 742 680 861 758; x_wconf 83' lang='lat' dir='ltr'><strong>voluit,</strong></span> <span class='ocrx_word' id='word_1_22' title='bbox 885 677 1107 742; x_wconf 81' lang='lat' dir='ltr'><strong>intelleximus</strong></span> <span class='ocrx_word' id='word_1_23' title='bbox 1131 676 1316 761; x_wconf 86' lang='lat' dir='ltr'><strong>diligenter.</strong></span> <span class='ocrx_word' id='word_1_24' title='bbox 1363 677 1448 742; x_wconf 82' lang='lat' dir='ltr'><strong>Sane</strong></span> <span class='ocrx_word' id='word_1_25' title='bbox 1472 678 1697 755; x_wconf 83' lang='lat' dir='ltr'><strong>devotionem,</strong></span> <span class='ocrx_word' id='word_1_26' title='bbox 1721 693 1818 758; x_wconf 92' lang='lat' dir='ltr'><strong>quam</strong></span> <span class='ocrx_word' id='word_1_27' title='bbox 1841 670 1884 734; x_wconf 87' lang='lat' dir='ltr'><strong>ad</strong></span> <span class='ocrx_word' id='word_1_28' title='bbox 1908 691 1973 733; x_wconf 88' lang='lat' dir='ltr'><strong>noa</strong></span> <span class='ocrx_word' id='word_1_29' title='bbox 2000 675 2036 732; x_wconf 89' lang='lat' dir='ltr'><strong>et</strong></span> <span class='ocrx_word' id='word_1_30' title='bbox 2057 665 2102 730; x_wconf 88' lang='lat' dir='ltr'><strong>ad</strong></span> 
     </span>
     <span class='ocr_line' id='line_1_4' title="bbox 435 770 2100 873; baseline -0.011 -22"><span class='ocrx_word' id='word_1_31' title='bbox 435 786 651 873; x_wconf 88' lang='lat' dir='ltr'><strong>apostolicam</strong></span> <span class='ocrx_word' id='word_1_32' title='bbox 679 784 792 848; x_wconf 91' lang='lat' dir='ltr'><strong>sedem</strong></span> <span class='ocrx_word' id='word_1_33' title='bbox 826 782 948 846; x_wconf 89' lang='lat' dir='ltr'><strong>habere</strong></span> <span class='ocrx_word' id='word_1_34' title='bbox 983 781 1203 866; x_wconf 87' lang='lat' dir='ltr'><strong>dignosceris,</strong></span> <span class='ocrx_word' id='word_1_35' title='bbox 1238 779 1346 864; x_wconf 84' lang='lat' dir='ltr'><strong>dignis</strong></span> <span class='ocrx_word' id='word_1_36' title='bbox 1380 782 1413 844; x_wconf 93' lang='lat' dir='ltr'><strong>in</strong></span> <span class='ocrx_word' id='word_1_37' title='bbox 1445 781 1588 845; x_wconf 92' lang='lat' dir='ltr'><strong>Domino</strong></span> <span class='ocrx_word' id='word_1_38' title='bbox 1623 777 1774 844; x_wconf 88' lang='lat' dir='ltr'><strong>laudibus</strong></span> <span class='ocrx_word' id='word_1_39' title='bbox 1809 770 2100 849; x_wconf 81' lang='lat' dir='ltr'><strong>commendantes,</strong></span> 
     </span>
     <span class='ocr_line' id='line_1_5' title="bbox 435 874 2099 982; baseline -0.011 -28"><span class='ocrx_word' id='word_1_40' title='bbox 435 889 600 954; x_wconf 89' lang='lat' dir='ltr'><strong>nobilitati</strong></span> <span class='ocrx_word' id='word_1_41' title='bbox 630 895 686 952; x_wconf 92' lang='lat' dir='ltr'><strong>tue</strong></span> <span class='ocrx_word' id='word_1_42' title='bbox 710 887 949 971; x_wconf 87' lang='lat' dir='ltr'><strong>significatione</strong></span> <span class='ocrx_word' id='word_1_43' title='bbox 972 886 1174 973; x_wconf 89' lang='lat' dir='ltr'><strong>presentium</strong></span> <span class='ocrx_word' id='word_1_44' title='bbox 1196 885 1399 967; x_wconf 88' lang='lat' dir='ltr'><strong>intimamus,</strong></span> <span class='ocrx_word' id='word_1_45' title='bbox 1430 885 1516 982; x_wconf 72' lang='lat' dir='ltr'><strong>quod</strong></span> <span class='ocrx_word' id='word_1_46' title='bbox 1539 885 1698 949; x_wconf 88' lang='lat' dir='ltr'><strong>discretos</strong></span> <span class='ocrx_word' id='word_1_47' title='bbox 1721 881 1869 960; x_wconf 88' lang='lat' dir='ltr'><strong>nuntios,</strong></span> <span class='ocrx_word' id='word_1_48' title='bbox 1901 897 2006 962; x_wconf 88' lang='lat' dir='ltr'><strong>quam</strong></span> <span class='ocrx_word' id='word_1_49' title='bbox 2030 874 2099 938; x_wconf 89' lang='lat' dir='ltr'><strong>oito</strong></span> 
     </span>
     <span class='ocr_line' id='line_1_6' title="bbox 433 987 2101 1080; baseline -0.011 -23"><span class='ocrx_word' id='word_1_50' title='bbox 433 993 625 1080; x_wconf 84' lang='lat' dir='ltr'><strong>poterimus,</strong></span> <span class='ocrx_word' id='word_1_51' title='bbox 647 991 690 1054; x_wconf 91' lang='lat' dir='ltr'><strong>ad</strong></span> <span class='ocrx_word' id='word_1_52' title='bbox 712 989 944 1075; x_wconf 82' lang='lat' dir='ltr'><strong>magnitudinis</strong></span> <span class='ocrx_word' id='word_1_53' title='bbox 967 996 1022 1054; x_wconf 89' lang='lat' dir='ltr'><strong>tue</strong></span> <span class='ocrx_word' id='word_1_54' title='bbox 1047 989 1246 1075; x_wconf 79' lang='lat' dir='ltr'><strong>presentiam</strong></span> <span class='ocrx_word' id='word_1_55' title='bbox 1269 995 1402 1053; x_wconf 86' lang='lat' dir='ltr'><strong>auctore</strong></span> <span class='ocrx_word' id='word_1_56' title='bbox 1419 987 1561 1053; x_wconf 92' lang='lat' dir='ltr'><strong>Domino</strong></span> <span class='ocrx_word' id='word_1_57' title='bbox 1587 987 1775 1072; x_wconf 84' lang='lat' dir='ltr'><strong>dirigemus,</strong></span> <span class='ocrx_word' id='word_1_58' title='bbox 1798 1004 1859 1071; x_wconf 91' lang='lat' dir='ltr'><strong>per</strong></span> <span class='ocrx_word' id='word_1_59' title='bbox 1882 1001 1968 1068; x_wconf 89' lang='lat' dir='ltr'><strong>quos</strong></span> <span class='ocrx_word' id='word_1_60' title='bbox 1995 997 2101 1064; x_wconf 85' lang='lat' dir='ltr'><strong>super</strong></span> 
     </span>
     <span class='ocr_line' id='line_1_7' title="bbox 434 1087 1792 1180; baseline -0.006 -21"><span class='ocrx_word' id='word_1_61' title='bbox 434 1095 487 1178; x_wconf 88' lang='lat' dir='ltr'><strong>iis,</strong></span> <span class='ocrx_word' id='word_1_62' title='bbox 511 1115 574 1180; x_wconf 93' lang='lat' dir='ltr'><strong>que</strong></span> <span class='ocrx_word' id='word_1_63' title='bbox 599 1094 791 1179; x_wconf 89' lang='lat' dir='ltr'><strong>significasti</strong></span> <span class='ocrx_word' id='word_1_64' title='bbox 814 1093 921 1174; x_wconf 89' lang='lat' dir='ltr'><strong>nobis,</strong></span> <span class='ocrx_word' id='word_1_65' title='bbox 943 1091 1116 1179; x_wconf 87' lang='lat' dir='ltr'><strong>prudentie</strong></span> <span class='ocrx_word' id='word_1_66' title='bbox 1140 1097 1195 1155; x_wconf 91' lang='lat' dir='ltr'><strong>tue</strong></span> <span class='ocrx_word' id='word_1_67' title='bbox 1220 1091 1405 1155; x_wconf 81' lang='lat' dir='ltr'><strong>curabimus</strong></span> <span class='ocrx_word' id='word_1_68' title='bbox 1427 1091 1558 1178; x_wconf 89' lang='lat' dir='ltr'><strong>plenius</strong></span> <span class='ocrx_word' id='word_1_69' title='bbox 1582 1087 1792 1177; x_wconf 90' lang='lat' dir='ltr'><strong>respondere.</strong></span> 
     </span>
    </p>
   </div>
   <div class='ocr_carea' id='block_1_3' title="bbox 544 1207 1800 1298">
    <p class='ocr_par' dir='ltr' id='par_1_3' title="bbox 544 1207 1800 1298">
     <span class='ocr_line' id='line_1_8' title="bbox 544 1207 1800 1298; baseline -0.002 -21"><span class='ocrx_word' id='word_1_70' title='bbox 544 1214 620 1279; x_wconf 89' lang='lat' dir='ltr'><strong>Dat.</strong></span> <span class='ocrx_word' id='word_1_71' title='bbox 643 1213 785 1294; x_wconf 90' lang='lat' dir='ltr'><strong>Perusii,</strong></span> <span class='ocrx_word' id='word_1_72' title='bbox 806 1211 891 1276; x_wconf 88' lang='lat' dir='ltr'><strong>XIII</strong></span> <span class='ocrx_word' id='word_1_73' title='bbox 914 1211 1055 1279; x_wconf 89' lang='lat' dir='ltr'><strong>Kalend.</strong></span> <span class='ocrx_word' id='word_1_74' title='bbox 1078 1211 1214 1298; x_wconf 85' lang='lat' dir='ltr'><strong>Aprilis,</strong></span> <span class='ocrx_word' id='word_1_75' title='bbox 1238 1213 1446 1296; x_wconf 88' lang='lat' dir='ltr'><strong>pontificatus</strong></span> <span class='ocrx_word' id='word_1_76' title='bbox 1469 1213 1574 1278; x_wconf 90' lang='lat' dir='ltr'><strong>nostri</strong></span> <span class='ocrx_word' id='word_1_77' title='bbox 1597 1232 1682 1275; x_wconf 88' lang='lat' dir='ltr'><strong>anno</strong></span> <span class='ocrx_word' id='word_1_78' title='bbox 1705 1207 1800 1274; x_wconf 85' lang='lat' dir='ltr'><strong>VIII.</strong></span> 
     </span>
    </p>
   </div>
   <div class='ocr_carea' id='block_1_4' title="bbox 1229 1432 1288 1498">
    <p class='ocr_par' dir='ltr' id='par_1_4' title="bbox 1229 1432 1288 1498">
     <span class='ocr_line' id='line_1_9' title="bbox 1229 1432 1288 1498; baseline 0.034 -2"><span class='ocrx_word' id='word_1_79' title='bbox 1229 1432 1288 1498; x_wconf 85' lang='lat' dir='ltr'><strong>IV.</strong></span> 
     </span>
    </p>
   </div>
   <div class='ocr_carea' id='block_1_5' title="bbox 389 1571 2099 2134">
    <p class='ocr_par' dir='ltr' id='par_1_5' title="bbox 389 1571 2099 2134">
     <span class='ocr_line' id='line_1_10' title="bbox 682 1571 1838 1668; baseline -0.002 -22"><span class='ocrx_word' id='word_1_80' title='bbox 682 1572 825 1646; x_wconf 91' lang='lat' dir='ltr'><strong>Nobili</strong></span> <span class='ocrx_word' id='word_1_81' title='bbox 854 1577 895 1646; x_wconf 85' lang='lat' dir='ltr'><strong>et</strong></span> <span class='ocrx_word' id='word_1_82' title='bbox 922 1574 1094 1666; x_wconf 85' lang='lat' dir='ltr'><strong>egregio</strong></span> <span class='ocrx_word' id='word_1_83' title='bbox 1122 1574 1307 1668; x_wconf 89' lang='lat' dir='ltr'><strong>principi</strong></span> <span class='ocrx_word' id='word_1_84' title='bbox 1334 1574 1523 1647; x_wconf 84' lang='lat' dir='ltr'><strong>soldano</strong></span> <span class='ocrx_word' id='word_1_85' title='bbox 1550 1571 1698 1646; x_wconf 89' lang='lat' dir='ltr'><strong>Yconii</strong></span> <span class='ocrx_word' id='word_1_86' title='bbox 1724 1571 1838 1644; x_wconf 87' lang='lat' dir='ltr'><strong>viam</strong></span> 
     </span>
     <span class='ocr_line' id='line_1_11' title="bbox 1018 1677 1927 1787; baseline 0.001 -21"><span class='ocrx_word' id='word_1_87' title='bbox 1018 1695 1219 1768; x_wconf 85' lang='lat' dir='ltr'><strong>veritatis</strong></span> <span class='ocrx_word' id='word_1_88' title='bbox 1247 1715 1499 1787; x_wconf 84' lang='lat' dir='ltr'><strong>agnoscere.</strong></span> <span class='ocrx_word' id='word_1_89' title='bbox 1923 1677 1927 1685; x_wconf 45' lang='lat'><strong>¹</strong></span> 
     </span>
     <span class='ocr_line' id='line_1_12' title="bbox 542 1838 2097 1927; baseline -0.001 -23"><span class='ocrx_word' id='word_1_90' title='bbox 542 1839 708 1907; x_wconf 88' lang='lat' dir='ltr'><strong>Dilectum</strong></span> <span class='ocrx_word' id='word_1_91' title='bbox 729 1842 833 1908; x_wconf 86' lang='lat' dir='ltr'><strong>lilium</strong></span> <span class='ocrx_word' id='word_1_92' title='bbox 856 1841 1037 1909; x_wconf 79' lang='lat' dir='ltr'><strong>iohannem</strong></span> <span class='ocrx_word' id='word_1_93' title='bbox 1060 1843 1218 1924; x_wconf 87' lang='lat' dir='ltr'><strong>Gabram,</strong></span> <span class='ocrx_word' id='word_1_94' title='bbox 1243 1842 1481 1923; x_wconf 79' lang='lat' dir='ltr'><strong>Christianum,</strong></span> <span class='ocrx_word' id='word_1_95' title='bbox 1504 1841 1610 1905; x_wconf 83' lang='lat' dir='ltr'><strong>virum</strong></span> <span class='ocrx_word' id='word_1_96' title='bbox 1633 1841 1830 1927; x_wconf 85' lang='lat' dir='ltr'><strong>sapientem,</strong></span> <span class='ocrx_word' id='word_1_97' title='bbox 1853 1838 2035 1926; x_wconf 87' lang='lat' dir='ltr'><strong>providum</strong></span> <span class='ocrx_word' id='word_1_98' title='bbox 2059 1845 2097 1903; x_wconf 88' lang='lat' dir='ltr'><strong>et</strong></span> 
     </span>
     <span class='ocr_line' id='line_1_13' title="bbox 389 1943 2097 2030; baseline 0.001 -23"><span class='ocrx_word' id='word_1_99' title='bbox 389 2005 395 2018; x_wconf 83' lang='grc'>,</span> <span class='ocrx_word' id='word_1_100' title='bbox 435 1943 630 2025; x_wconf 88' lang='lat' dir='ltr'><strong>discretum,</strong></span> <span class='ocrx_word' id='word_1_101' title='bbox 665 1947 815 2011; x_wconf 88' lang='lat' dir='ltr'><strong>nuntium</strong></span> <span class='ocrx_word' id='word_1_102' title='bbox 847 1953 953 2026; x_wconf 91' lang='lat' dir='ltr'><strong>tuum,</strong></span> <span class='ocrx_word' id='word_1_103' title='bbox 989 1967 1085 2030; x_wconf 92' lang='lat' dir='ltr'><strong>quam</strong></span> <span class='ocrx_word' id='word_1_104' title='bbox 1114 1945 1155 2009; x_wconf 93' lang='lat' dir='ltr'><strong>ad</strong></span> <span class='ocrx_word' id='word_1_105' title='bbox 1187 1967 1247 2010; x_wconf 89' lang='lat' dir='ltr'><strong>nos</strong></span> <span class='ocrx_word' id='word_1_106' title='bbox 1273 1945 1467 2009; x_wconf 88' lang='lat' dir='ltr'><strong>karissimus</strong></span> <span class='ocrx_word' id='word_1_107' title='bbox 1496 1945 1529 2008; x_wconf 90' lang='lat' dir='ltr'><strong>in</strong></span> <span class='ocrx_word' id='word_1_108' title='bbox 1554 1943 1685 2008; x_wconf 78' lang='lat' dir='ltr'><strong>Christo</strong></span> <span class='ocrx_word' id='word_1_109' title='bbox 1713 1943 1797 2007; x_wconf 91' lang='lat' dir='ltr'><strong>filius</strong></span> <span class='ocrx_word' id='word_1_110' title='bbox 1829 1950 1944 2008; x_wconf 89' lang='lat' dir='ltr'><strong>noster</strong></span> <span class='ocrx_word' id='word_1_111' title='bbox 1974 1943 2097 2009; x_wconf 77' lang='lat' dir='ltr'><strong>Fride·</strong></span> 
     </span>
     <span class='ocr_line' id='line_1_14' title="bbox 434 2047 2099 2134; baseline 0.002 -25"><span class='ocrx_word' id='word_1_112' title='bbox 434 2047 520 2112; x_wconf 91' lang='lat' dir='ltr'><strong>rious</strong></span> <span class='ocrx_word' id='word_1_113' title='bbox 537 2053 599 2112; x_wconf 87' lang='lat' dir='ltr'><strong>eto.</strong></span> <span class='ocrx_word' id='word_1_114' title='bbox 615 2049 805 2128; x_wconf 86' lang='lat' dir='ltr'><strong>transmisit,</strong></span> <span class='ocrx_word' id='word_1_115' title='bbox 829 2049 870 2113; x_wconf 90' lang='lat' dir='ltr'><strong>ad</strong></span> <span class='ocrx_word' id='word_1_116' title='bbox 886 2048 989 2134; x_wconf 91' lang='lat' dir='ltr'><strong>ipsius</strong></span> <span class='ocrx_word' id='word_1_117' title='bbox 1007 2049 1213 2134; x_wconf 84' lang='lat' dir='ltr'><strong>imperatoris</strong></span> <span class='ocrx_word' id='word_1_118' title='bbox 1230 2049 1383 2113; x_wconf 80' lang='lat' dir='ltr'><strong>duximus</strong></span> <span class='ocrx_word' id='word_1_119' title='bbox 1400 2049 1601 2134; x_wconf 88' lang='lat' dir='ltr'><strong>presentiam</strong></span> <span class='ocrx_word' id='word_1_120' title='bbox 1619 2047 1859 2127; x_wconf 90' lang='lat' dir='ltr'><strong>remittendum,</strong></span> <span class='ocrx_word' id='word_1_121' title='bbox 1882 2048 2099 2134; x_wconf 89' lang='lat' dir='ltr'><strong>imperialem</strong></span> 
     </span>
    </p>
   </div>
   <div class='ocr_carea' id='block_1_6' title="bbox 435 2151 2099 2342">
    <p class='ocr_par' dir='ltr' id='par_1_6' title="bbox 435 2151 2099 2342">
     <span class='ocr_line' id='line_1_15' title="bbox 435 2151 2099 2237; baseline -0.001 -22"><span class='ocrx_word' id='word_1_122' title='bbox 435 2151 667 2215; x_wconf 87' lang='lat' dir='ltr'><strong>excellentiam</strong></span> <span class='ocrx_word' id='word_1_123' title='bbox 694 2160 848 2237; x_wconf 89' lang='lat' dir='ltr'><strong>rogantes</strong></span> <span class='ocrx_word' id='word_1_124' title='bbox 878 2154 1035 2218; x_wconf 90' lang='lat' dir='ltr'><strong>attentius</strong></span> <span class='ocrx_word' id='word_1_125' title='bbox 1063 2160 1096 2217; x_wconf 89' lang='lat' dir='ltr'><strong>et</strong></span> <span class='ocrx_word' id='word_1_126' title='bbox 1125 2153 1312 2232; x_wconf 86' lang='lat' dir='ltr'><strong>hortantes,</strong></span> <span class='ocrx_word' id='word_1_127' title='bbox 1343 2159 1380 2215; x_wconf 90' lang='lat' dir='ltr'><strong>ut</strong></span> <span class='ocrx_word' id='word_1_128' title='bbox 1408 2172 1448 2216; x_wconf 92' lang='lat' dir='ltr'><strong>eo</strong></span> <span class='ocrx_word' id='word_1_129' title='bbox 1479 2152 1520 2215; x_wconf 93' lang='lat' dir='ltr'><strong>ad</strong></span> <span class='ocrx_word' id='word_1_130' title='bbox 1548 2151 1804 2235; x_wconf 88' lang='lat' dir='ltr'><strong>magnitudinem</strong></span> <span class='ocrx_word' id='word_1_131' title='bbox 1834 2156 1927 2215; x_wconf 89' lang='lat' dir='ltr'><strong>tuam</strong></span> <span class='ocrx_word' id='word_1_132' title='bbox 1959 2151 2099 2236; x_wconf 92' lang='lat' dir='ltr'><strong>regredi</strong></span> 
     </span>
     <span class='ocr_line' id='line_1_16' title="bbox 436 2253 1888 2342; baseline 0.002 -26"><span class='ocrx_word' id='word_1_133' title='bbox 436 2253 601 2340; x_wconf 89' lang='lat' dir='ltr'><strong>cupiente,</strong></span> <span class='ocrx_word' id='word_1_134' title='bbox 624 2254 665 2320; x_wconf 93' lang='lat' dir='ltr'><strong>de</strong></span> <span class='ocrx_word' id='word_1_135' title='bbox 690 2276 751 2338; x_wconf 34' lang='lat' dir='ltr'><strong>suo,</strong></span> <span class='ocrx_word' id='word_1_136' title='bbox 773 2257 880 2321; x_wconf 89' lang='lat' dir='ltr'><strong>reditu</strong></span> <span class='ocrx_word' id='word_1_137' title='bbox 902 2257 995 2321; x_wconf 81' lang='lat' dir='ltr'><strong>iuxta</strong></span> <span class='ocrx_word' id='word_1_138' title='bbox 1017 2255 1228 2342; x_wconf 90' lang='lat' dir='ltr'><strong>imperatorie</strong></span> <span class='ocrx_word' id='word_1_139' title='bbox 1253 2253 1460 2320; x_wconf 87' lang='lat' dir='ltr'><strong>celsitudinis</strong></span> <span class='ocrx_word' id='word_1_140' title='bbox 1484 2253 1669 2320; x_wconf 88' lang='lat' dir='ltr'><strong>decentiam</strong></span> <span class='ocrx_word' id='word_1_141' title='bbox 1691 2253 1888 2341; x_wconf 80' lang='lat' dir='ltr'><strong>provideret.</strong></span> 
     </span>
    </p>
   </div>
   <div class='ocr_carea' id='block_1_7' title="bbox 542 2374 1761 2465">
    <p class='ocr_par' dir='ltr' id='par_1_7' title="bbox 542 2374 1761 2465">
     <span class='ocr_line' id='line_1_17' title="bbox 542 2374 1761 2465; baseline 0.002 -28"><span class='ocrx_word' id='word_1_142' title='bbox 542 2374 616 2440; x_wconf 87' lang='lat' dir='ltr'><strong>Dat.</strong></span> <span class='ocrx_word' id='word_1_143' title='bbox 640 2375 780 2460; x_wconf 79' lang='lat' dir='ltr'><strong>Pemsii,</strong></span> <span class='ocrx_word' id='word_1_144' title='bbox 802 2378 888 2443; x_wconf 89' lang='lat' dir='ltr'><strong>XIII</strong></span> <span class='ocrx_word' id='word_1_145' title='bbox 910 2377 984 2443; x_wconf 90' lang='lat' dir='ltr'><strong>Kal.</strong></span> <span class='ocrx_word' id='word_1_146' title='bbox 1007 2378 1142 2465; x_wconf 89' lang='lat' dir='ltr'><strong>Aprilis,</strong></span> <span class='ocrx_word' id='word_1_147' title='bbox 1166 2378 1375 2463; x_wconf 86' lang='lat' dir='ltr'><strong>pontificatus</strong></span> <span class='ocrx_word' id='word_1_148' title='bbox 1399 2376 1503 2440; x_wconf 90' lang='lat' dir='ltr'><strong>nostri</strong></span> <span class='ocrx_word' id='word_1_149' title='bbox 1525 2397 1610 2440; x_wconf 92' lang='lat' dir='ltr'><strong>anno</strong></span> <span class='ocrx_word' id='word_1_150' title='bbox 1635 2382 1761 2439; x_wconf 82' lang='lat' dir='ltr'><strong>octavo.</strong></span> 
     </span>
    </p>
   </div>
   <div class='ocr_carea' id='block_1_8' title="bbox 544 2946 2099 3187">
    <p class='ocr_par' dir='ltr' id='par_1_8' title="bbox 544 2946 2099 3187">
     <span class='ocr_line' id='line_1_18' title="bbox 1219 2946 1305 3018; baseline 0 0"><span class='ocrx_word' id='word_1_151' title='bbox 1219 2946 1305 3018; x_wconf 85' lang='lat'><strong>635.</strong></span> 
     </span>
     <span class='ocr_line' id='line_1_19' title="bbox 544 3073 2099 3187; baseline 0.002 -21"><span class='ocrx_word' id='word_1_152' title='bbox 544 3073 747 3168; x_wconf 60' lang='lat' dir='ltr'><strong>Eliderious</strong></span> <span class='ocrx_word' id='word_1_153' title='bbox 761 3103 974 3168; x_wconf 82' lang='lat' dir='ltr'><strong>Romanorum</strong></span> <span class='ocrx_word' id='word_1_154' title='bbox 989 3104 1158 3185; x_wconf 83' lang='lat' dir='ltr'><strong>imperator</strong></span> <span class='ocrx_word' id='word_1_155' title='bbox 1175 3104 1326 3187; x_wconf 80' lang='lat' dir='ltr'><strong>Greporr&#39;o</strong></span> <span class='ocrx_word' id='word_1_156' title='bbox 1337 3104 1396 3168; x_wconf 89' lang='lat' dir='ltr'><strong>IX</strong></span> <span class='ocrx_word' id='word_1_157' title='bbox 1411 3125 1515 3184; x_wconf 83' lang='lat' dir='ltr'><strong>papae</strong></span> <span class='ocrx_word' id='word_1_158' title='bbox 1529 3104 1645 3181; x_wconf 76' lang='lat' dir='ltr'><strong>scribit,</strong></span> <span class='ocrx_word' id='word_1_159' title='bbox 1667 3123 1701 3168; x_wconf 89' lang='lat' dir='ltr'><strong>se</strong></span> <span class='ocrx_word' id='word_1_160' title='bbox 1720 3104 1790 3168; x_wconf 84' lang='lat' dir='ltr'><strong>licet</strong></span> <span class='ocrx_word' id='word_1_161' title='bbox 1804 3104 1904 3167; x_wconf 85' lang='lat' dir='ltr'><strong>multo</strong></span> <span class='ocrx_word' id='word_1_162' title='bbox 1923 3103 2099 3184; x_wconf 64' lang='lat' dir='ltr'><strong>disperdam</strong></span> 
     </span>
    </p>
   </div>
   <div class='ocr_carea' id='block_1_9' title="bbox 433 3204 2098 3698">
    <p class='ocr_par' dir='ltr' id='par_1_9' title="bbox 433 3204 2098 3698">
     <span class='ocr_line' id='line_1_20' title="bbox 436 3204 2098 3288; baseline 0.004 -22"><span class='ocrx_word' id='word_1_163' title='bbox 436 3205 472 3267; x_wconf 83' lang='lat' dir='ltr'><strong>in</strong></span> <span class='ocrx_word' id='word_1_164' title='bbox 495 3204 572 3268; x_wconf 87' lang='lat' dir='ltr'><strong>bello</strong></span> <span class='ocrx_word' id='word_1_165' title='bbox 595 3210 704 3270; x_wconf 82' lang='lat' dir='ltr'><strong>contro</strong></span> <span class='ocrx_word' id='word_1_166' title='bbox 718 3205 877 3271; x_wconf 83' lang='lat' dir='ltr'><strong>Romanos</strong></span> <span class='ocrx_word' id='word_1_167' title='bbox 894 3226 1062 3288; x_wconf 83' lang='lat' dir='ltr'><strong>perpessas</strong></span> <span class='ocrx_word' id='word_1_168' title='bbox 1083 3207 1134 3283; x_wconf 77' lang='lat' dir='ltr'><strong>sit,</strong></span> <span class='ocrx_word' id='word_1_169' title='bbox 1159 3210 1262 3269; x_wconf 83' lang='lat' dir='ltr'><strong>tamea</strong></span> <span class='ocrx_word' id='word_1_170' title='bbox 1278 3206 1363 3286; x_wconf 83' lang='lat' dir='ltr'><strong>paci,</strong></span> <span class='ocrx_word' id='word_1_171' title='bbox 1386 3206 1423 3270; x_wconf 84' lang='lat' dir='ltr'><strong>de</strong></span> <span class='ocrx_word' id='word_1_172' title='bbox 1445 3227 1508 3287; x_wconf 83' lang='lat' dir='ltr'><strong>qua</strong></span> <span class='ocrx_word' id='word_1_173' title='bbox 1530 3227 1616 3271; x_wconf 81' lang='lat' dir='ltr'><strong>mane</strong></span> <span class='ocrx_word' id='word_1_174' title='bbox 1638 3209 1722 3270; x_wconf 81' lang='lat' dir='ltr'><strong>inter</strong></span> <span class='ocrx_word' id='word_1_175' title='bbox 1738 3206 1856 3270; x_wconf 85' lang='lat' dir='ltr'><strong>eosdem</strong></span> <span class='ocrx_word' id='word_1_176' title='bbox 1877 3211 1908 3270; x_wconf 81' lang='lat' dir='ltr'><strong>et</strong></span> <span class='ocrx_word' id='word_1_177' title='bbox 1929 3208 2098 3272; x_wconf 81' lang='lat' dir='ltr'><strong>ecclesiam</strong></span> 
     </span>
     <span class='ocr_line' id='line_1_21' title="bbox 434 3309 2098 3389; baseline 0.002 -19"><span class='ocrx_word' id='word_1_178' title='bbox 434 3310 596 3386; x_wconf 79' lang='lat' dir='ltr'><strong>tractetur,</strong></span> <span class='ocrx_word' id='word_1_179' title='bbox 623 3327 687 3372; x_wconf 81' lang='lat' dir='ltr'><strong>moa</strong></span> <span class='ocrx_word' id='word_1_180' title='bbox 713 3310 827 3388; x_wconf 86' lang='lat' dir='ltr'><strong>obesse,</strong></span> <span class='ocrx_word' id='word_1_181' title='bbox 856 3311 885 3374; x_wconf 81' lang='lat' dir='ltr'><strong>si</strong></span> <span class='ocrx_word' id='word_1_182' title='bbox 913 3311 1002 3373; x_wconf 79' lang='lat' dir='ltr'><strong>utilis</strong></span> <span class='ocrx_word' id='word_1_183' title='bbox 1028 3311 1101 3389; x_wconf 76' lang='lat' dir='ltr'><strong>fieri</strong></span> <span class='ocrx_word' id='word_1_184' title='bbox 1125 3309 1243 3388; x_wconf 61' lang='lat' dir='ltr'><strong>possut·</strong></span> <span class='ocrx_word' id='word_1_185' title='bbox 1278 3312 1380 3372; x_wconf 79' lang='lat' dir='ltr'><strong>monet</strong></span> <span class='ocrx_word' id='word_1_186' title='bbox 1407 3329 1447 3372; x_wconf 78' lang='lat' dir='ltr'><strong>ree</strong></span> <span class='ocrx_word' id='word_1_187' title='bbox 1469 3313 1600 3389; x_wconf 82' lang='lat' dir='ltr'><strong>propter</strong></span> <span class='ocrx_word' id='word_1_188' title='bbox 1624 3309 1801 3373; x_wconf 83' lang='lat' dir='ltr'><strong>absentiam</strong></span> <span class='ocrx_word' id='word_1_189' title='bbox 1827 3329 1917 3373; x_wconf 74' lang='lat' dir='ltr'><strong>arom</strong></span> <span class='ocrx_word' id='word_1_190' title='bbox 1945 3310 2098 3374; x_wconf 73' lang='lat' dir='ltr'><strong>inutilem</strong></span> 
     </span>
     <span class='ocr_line' id='line_1_22' title="bbox 433 3409 2098 3491; baseline 0.004 -19"><span class='ocrx_word' id='word_1_191' title='bbox 433 3409 542 3489; x_wconf 76' lang='lat' dir='ltr'><strong>saciat,</strong></span> <span class='ocrx_word' id='word_1_192' title='bbox 565 3431 634 3475; x_wconf 85' lang='lat' dir='ltr'><strong>oum</strong></span> <span class='ocrx_word' id='word_1_193' title='bbox 655 3413 713 3476; x_wconf 82' lang='lat' dir='ltr'><strong>etsi</strong></span> <span class='ocrx_word' id='word_1_194' title='bbox 733 3412 774 3476; x_wconf 84' lang='lat' dir='ltr'><strong>ab</strong></span> <span class='ocrx_word' id='word_1_195' title='bbox 795 3415 907 3477; x_wconf 74' lang='lat' dir='ltr'><strong>ttinere</strong></span> <span class='ocrx_word' id='word_1_196' title='bbox 929 3413 1005 3476; x_wconf 84' lang='lat' dir='ltr'><strong>suo¹</strong></span> <span class='ocrx_word' id='word_1_197' title='bbox 1028 3411 1174 3474; x_wconf 80' lang='lat' dir='ltr'><strong>desistere</strong></span> <span class='ocrx_word' id='word_1_198' title='bbox 1195 3431 1258 3475; x_wconf 78' lang='lat' dir='ltr'><strong>reon</strong></span> <span class='ocrx_word' id='word_1_199' title='bbox 1278 3413 1392 3491; x_wconf 83' lang='lat' dir='ltr'><strong>possit,</strong></span> <span class='ocrx_word' id='word_1_200' title='bbox 1415 3412 1574 3478; x_wconf 83' lang='lat' dir='ltr'><strong>eccles-iam</strong></span> <span class='ocrx_word' id='word_1_201' title='bbox 1596 3411 1792 3491; x_wconf 74' lang='lat' dir='ltr'><strong>indefensam</strong></span> <span class='ocrx_word' id='word_1_202' title='bbox 1813 3411 2007 3476; x_wconf 68' lang='lat' dir='ltr'><strong>dimossarus</strong></span> <span class='ocrx_word' id='word_1_203' title='bbox 2029 3434 2098 3478; x_wconf 79' lang='lat' dir='ltr'><strong>mors</strong></span> 
     </span>
     <span class='ocr_line' id='line_1_23' title="bbox 433 3511 2097 3602; baseline 0.002 -26"><span class='ocrx_word' id='word_1_204' title='bbox 433 3511 492 3590; x_wconf 70' lang='lat' dir='ltr'><strong>sm</strong></span> <span class='ocrx_word' id='word_1_205' title='bbox 516 3513 646 3576; x_wconf 78' lang='lat' dir='ltr'><strong>nuntiat</strong></span> <span class='ocrx_word' id='word_1_206' title='bbox 671 3534 703 3578; x_wconf 90' lang='lat' dir='ltr'><strong>se</strong></span> <span class='ocrx_word' id='word_1_207' title='bbox 723 3514 983 3600; x_wconf 80' lang='lat' dir='ltr'><strong>[Hemaammrm]</strong></span> <span class='ocrx_word' id='word_1_208' title='bbox 1004 3515 1189 3597; x_wconf 74' lang='lat' dir='ltr'><strong>magistram</strong></span> <span class='ocrx_word' id='word_1_209' title='bbox 1215 3515 1454 3581; x_wconf 65' lang='lat' dir='ltr'><strong>teutonicorum</strong></span> <span class='ocrx_word' id='word_1_210' title='bbox 1476 3516 1622 3596; x_wconf 75' lang='lat' dir='ltr'><strong>proximo</strong></span> <span class='ocrx_word' id='word_1_211' title='bbox 1645 3517 1724 3596; x_wconf 82' lang='lat' dir='ltr'><strong>festo</strong></span> <span class='ocrx_word' id='word_1_212' title='bbox 1741 3515 1877 3596; x_wconf 78' lang='lat' dir='ltr'><strong>paschae</strong></span> <span class='ocrx_word' id='word_1_213' title='bbox 1898 3515 2028 3599; x_wconf 79' lang='lat' dir='ltr'><strong>[April.</strong></span> <span class='ocrx_word' id='word_1_214' title='bbox 2052 3519 2097 3602; x_wconf 87' lang='lat'><strong>8]</strong></span> 
     </span>
     <span class='ocr_line' id='line_1_24' title="bbox 433 3613 2003 3698; baseline 0.005 -20"><span class='ocrx_word' id='word_1_215' title='bbox 433 3613 597 3679; x_wconf 80' lang='lat' dir='ltr'><strong>adsedem</strong></span> <span class='ocrx_word' id='word_1_216' title='bbox 619 3619 820 3698; x_wconf 81' lang='lat' dir='ltr'><strong>apostolicam</strong></span> <span class='ocrx_word' id='word_1_217' title='bbox 842 3621 971 3683; x_wconf 83' lang='lat' dir='ltr'><strong>mittere.</strong></span> <span class='ocrx_word' id='word_1_218' title='bbox 1707 3619 1801 3695; x_wconf 81' lang='lat'><strong>1235,</strong></span> <span class='ocrx_word' id='word_1_219' title='bbox 1823 3617 1924 3682; x_wconf 79' lang='lat' dir='ltr'><strong>Mart.</strong></span> <span class='ocrx_word' id='word_1_220' title='bbox 1947 3619 2003 3686; x_wconf 73' lang='lat'><strong>27.</strong></span> 
     </span>
    </p>
   </div>
   <div class='ocr_carea' id='block_1_10' title="bbox 537 3731 1177 3893">
    <p class='ocr_par' dir='ltr' id='par_1_10' title="bbox 537 3731 1177 3893">
     <span class='ocr_line' id='line_1_25' title="bbox 537 3731 1177 3808; baseline 0.008 -21"><span class='ocrx_word' id='word_1_221' title='bbox 537 3731 618 3802; x_wconf 78' lang='lat' dir='ltr'><strong>Grep.</strong></span> <span class='ocrx_word' id='word_1_222' title='bbox 637 3737 684 3788; x_wconf 86' lang='lat' dir='ltr'><strong>IX</strong></span> <span class='ocrx_word' id='word_1_223' title='bbox 697 3737 765 3808; x_wconf 72' lang='lat' dir='ltr'><strong>sep.</strong></span> <span class='ocrx_word' id='word_1_224' title='bbox 786 3738 844 3793; x_wconf 82' lang='lat' dir='ltr'><strong>Vol.</strong></span> <span class='ocrx_word' id='word_1_225' title='bbox 870 3741 899 3805; x_wconf 86' lang='lat' dir='ltr'><strong>V,</strong></span> <span class='ocrx_word' id='word_1_226' title='bbox 916 3742 965 3804; x_wconf 87' lang='lat'><strong>13;</strong></span> <span class='ocrx_word' id='word_1_227' title='bbox 983 3738 1044 3792; x_wconf 83' lang='lat' dir='ltr'><strong>Lib.</strong></span> <span class='ocrx_word' id='word_1_228' title='bbox 1063 3737 1115 3804; x_wconf 87' lang='lat' dir='ltr'><strong>IX,</strong></span> <span class='ocrx_word' id='word_1_229' title='bbox 1132 3743 1177 3792; x_wconf 84' lang='lat'><strong>13.</strong></span> 
     </span>
     <span class='ocr_line' id='line_1_26' title="bbox 537 3821 1172 3893; baseline 0.009 -20"><span class='ocrx_word' id='word_1_230' title='bbox 537 3821 779 3892; x_wconf 77' lang='lat' dir='ltr'><strong>Bdbrner-Fr&#39;olter,</strong></span> <span class='ocrx_word' id='word_1_231' title='bbox 797 3823 865 3893; x_wconf 85' lang='lat' dir='ltr'><strong>Rep.</strong></span> <span class='ocrx_word' id='word_1_232' title='bbox 885 3824 965 3878; x_wconf 79' lang='lat' dir='ltr'><strong>Frr&#39;d.</strong></span> <span class='ocrx_word' id='word_1_233' title='bbox 984 3827 1026 3891; x_wconf 89' lang='lat' dir='ltr'><strong>II,</strong></span> <span class='ocrx_word' id='word_1_234' title='bbox 1042 3839 1069 3876; x_wconf 82' lang='lat' dir='ltr'><strong>rr.</strong></span> <span class='ocrx_word' id='word_1_235' title='bbox 1088 3827 1172 3879; x_wconf 78' lang='lat'><strong><em>2081.</em></strong></span> 
     </span>
    </p>
   </div>
   <div class='ocr_carea' id='block_1_11' title="bbox 1057 4098 1467 4109">
    <p class='ocr_par' dir='ltr' id='par_1_11' title="bbox 1057 4098 1467 4109">
     <span class='ocr_line' id='line_1_27' title="bbox 1057 4098 1467 4109; baseline 0.01 -4"><span class='ocrx_word' id='word_1_236' title='bbox 1057 4098 1467 4109; x_wconf 50' lang='grc' dir='ltr'>Ἠ</span> 
     </span>
    </p>
   </div>
   <div class='ocr_carea' id='block_1_12' title="bbox 1216 4379 1303 4450">
    <p class='ocr_par' dir='ltr' id='par_1_12' title="bbox 1216 4379 1303 4450">
     <span class='ocr_line' id='line_1_28' title="bbox 1216 4379 1303 4450; baseline 0.011 -1"><span class='ocrx_word' id='word_1_237' title='bbox 1216 4379 1303 4450; x_wconf 89' lang='grc'><strong>636.</strong></span> 
     </span>
    </p>
   </div>
   <div class='ocr_carea' id='block_1_13' title="bbox 544 4501 1999 4621">
    <p class='ocr_par' dir='ltr' id='par_1_13' title="bbox 544 4501 1999 4621">
     <span class='ocr_line' id='line_1_29' title="bbox 544 4501 1999 4621; baseline 0.009 -29"><span class='ocrx_word' id='word_1_238' title='bbox 544 4501 644 4592; x_wconf 81' lang='lat' dir='ltr'><strong>Aeta</strong></span> <span class='ocrx_word' id='word_1_239' title='bbox 664 4529 754 4608; x_wconf 80' lang='lat' dir='ltr'><strong>pacis</strong></span> <span class='ocrx_word' id='word_1_240' title='bbox 776 4531 859 4594; x_wconf 78' lang='lat' dir='ltr'><strong>inter</strong></span> <span class='ocrx_word' id='word_1_241' title='bbox 880 4533 1038 4598; x_wconf 82' lang='lat' dir='ltr'><strong>eeclesiam</strong></span> <span class='ocrx_word' id='word_1_242' title='bbox 1062 4540 1091 4598; x_wconf 87' lang='lat' dir='ltr'><strong>et</strong></span> <span class='ocrx_word' id='word_1_243' title='bbox 1111 4535 1271 4599; x_wconf 84' lang='lat' dir='ltr'><strong>Romanos</strong></span> <span class='ocrx_word' id='word_1_244' title='bbox 1293 4537 1402 4604; x_wconf 79' lang='lat' dir='ltr'><strong>initae.</strong></span> <span class='ocrx_word' id='word_1_245' title='bbox 1638 4541 1732 4618; x_wconf 82' lang='lat'><strong>1235,</strong></span> <span class='ocrx_word' id='word_1_246' title='bbox 1754 4538 1999 4621; x_wconf 66' lang='lat' dir='ltr'><strong>spat-Mai.</strong></span> 
     </span>
    </p>
   </div>
   <div class='ocr_carea' id='block_1_14' title="bbox 433 4651 2096 5083">
    <p class='ocr_par' dir='ltr' id='par_1_14' title="bbox 433 4651 2096 5083">
     <span class='ocr_line' id='line_1_30' title="bbox 540 4651 2092 4736; baseline 0.012 -31"><span class='ocrx_word' id='word_1_247' title='bbox 540 4651 623 4723; x_wconf 80' lang='lat' dir='ltr'><strong>Grep.</strong></span> <span class='ocrx_word' id='word_1_248' title='bbox 642 4654 691 4707; x_wconf 90' lang='lat' dir='ltr'><strong>IX</strong></span> <span class='ocrx_word' id='word_1_249' title='bbox 709 4655 778 4725; x_wconf 80' lang='lat' dir='ltr'><strong>Bep.</strong></span> <span class='ocrx_word' id='word_1_250' title='bbox 795 4657 853 4712; x_wconf 87' lang='lat' dir='ltr'><strong>Vol.</strong></span> <span class='ocrx_word' id='word_1_251' title='bbox 869 4658 901 4726; x_wconf 88' lang='lat' dir='ltr'><strong>V,</strong></span> <span class='ocrx_word' id='word_1_252' title='bbox 914 4678 945 4729; x_wconf 91' lang='lat' dir='ltr'><strong>p.</strong></span> <span class='ocrx_word' id='word_1_253' title='bbox 965 4666 1013 4716; x_wconf 76' lang='lat'><strong>121</strong></span> <span class='ocrx_word' id='word_1_254' title='bbox 1032 4665 1057 4716; x_wconf 85' lang='lat' dir='ltr'><strong>et</strong></span> <span class='ocrx_word' id='word_1_255' title='bbox 1076 4679 1150 4730; x_wconf 74' lang='lat' dir='ltr'><strong>sequ.</strong></span> <span class='ocrx_word' id='word_1_256' title='bbox 1186 4662 1264 4715; x_wconf 85' lang='lat' dir='ltr'><strong>Haec</strong></span> <span class='ocrx_word' id='word_1_257' title='bbox 1283 4666 1348 4718; x_wconf 86' lang='lat' dir='ltr'><strong>acta</strong></span> <span class='ocrx_word' id='word_1_258' title='bbox 1366 4666 1515 4732; x_wconf 78' lang='lat' dir='ltr'><strong>separatim</strong></span> <span class='ocrx_word' id='word_1_259' title='bbox 1533 4667 1646 4720; x_wconf 83' lang='lat' dir='ltr'><strong>collecta</strong></span> <span class='ocrx_word' id='word_1_260' title='bbox 1667 4668 1748 4735; x_wconf 81' lang='lat' dir='ltr'><strong>quasi</strong></span> <span class='ocrx_word' id='word_1_261' title='bbox 1771 4666 1912 4736; x_wconf 77' lang='lat' dir='ltr'><strong>appendia</strong></span> <span class='ocrx_word' id='word_1_262' title='bbox 1929 4667 2020 4722; x_wconf 81' lang='lat' dir='ltr'><strong>Libro</strong></span> <span class='ocrx_word' id='word_1_263' title='bbox 2039 4669 2092 4724; x_wconf 85' lang='lat' dir='ltr'><strong>IX</strong></span> 
     </span>
     <span class='ocr_line' id='line_1_31' title="bbox 435 4737 2096 4821; baseline 0.012 -32"><span class='ocrx_word' id='word_1_264' title='bbox 435 4737 526 4791; x_wconf 84' lang='lat' dir='ltr'><strong>eodem</strong></span> <span class='ocrx_word' id='word_1_265' title='bbox 543 4739 622 4792; x_wconf 87' lang='lat' dir='ltr'><strong>modo</strong></span> <span class='ocrx_word' id='word_1_266' title='bbox 640 4741 774 4796; x_wconf 78' lang='lat' dir='ltr'><strong>adiuncta</strong></span> <span class='ocrx_word' id='word_1_267' title='bbox 792 4747 866 4811; x_wconf 77' lang='lat' dir='ltr'><strong>aaut,</strong></span> <span class='ocrx_word' id='word_1_268' title='bbox 884 4762 937 4814; x_wconf 74' lang='lat' dir='ltr'><strong>quo</strong></span> <span class='ocrx_word' id='word_1_269' title='bbox 954 4748 1062 4802; x_wconf 79' lang='lat' dir='ltr'><strong>litteras</strong></span> <span class='ocrx_word' id='word_1_270' title='bbox 1081 4747 1114 4800; x_wconf 87' lang='lat' dir='ltr'><strong>de</strong></span> <span class='ocrx_word' id='word_1_271' title='bbox 1127 4748 1287 4816; x_wconf 77' lang='lat' dir='ltr'><strong>pateinter</strong></span> <span class='ocrx_word' id='word_1_272' title='bbox 1304 4751 1444 4804; x_wconf 81' lang='lat' dir='ltr'><strong>eeclesiam</strong></span> <span class='ocrx_word' id='word_1_273' title='bbox 1462 4757 1487 4805; x_wconf 87' lang='lat' dir='ltr'><strong>et</strong></span> <span class='ocrx_word' id='word_1_274' title='bbox 1504 4753 1697 4821; x_wconf 79' lang='lat' dir='ltr'><strong>imperatorem</strong></span> <span class='ocrx_word' id='word_1_275' title='bbox 1714 4753 1920 4821; x_wconf 76' lang='lat' dir='ltr'><strong>a.1230sacta</strong></span> <span class='ocrx_word' id='word_1_276' title='bbox 1933 4753 2022 4808; x_wconf 75' lang='lat' dir='ltr'><strong>labro</strong></span> <span class='ocrx_word' id='word_1_277' title='bbox 2034 4755 2096 4809; x_wconf 88' lang='grc' dir='ltr'><strong>ΙΙΙ</strong></span> 
     </span>
     <span class='ocr_line' id='line_1_32' title="bbox 435 4825 2092 4906; baseline 0.011 -30"><span class='ocrx_word' id='word_1_278' title='bbox 435 4839 561 4878; x_wconf 79' lang='lat' dir='ltr'><strong>anrreaas</strong></span> <span class='ocrx_word' id='word_1_279' title='bbox 586 4825 746 4882; x_wconf 75' lang='lat' dir='ltr'><strong>invenimus.</strong></span> <span class='ocrx_word' id='word_1_280' title='bbox 785 4829 845 4898; x_wconf 76' lang='lat' dir='ltr'><strong>Quo</strong></span> <span class='ocrx_word' id='word_1_281' title='bbox 872 4833 970 4886; x_wconf 78' lang='lat' dir='ltr'><strong>ordine</strong></span> <span class='ocrx_word' id='word_1_282' title='bbox 990 4834 1022 4886; x_wconf 82' lang='lat' dir='ltr'><strong>im</strong></span> <span class='ocrx_word' id='word_1_283' title='bbox 1039 4833 1106 4902; x_wconf 83' lang='lat' dir='ltr'><strong>Rep.</strong></span> <span class='ocrx_word' id='word_1_284' title='bbox 1126 4833 1263 4902; x_wconf 71' lang='lat' dir='ltr'><strong>teporatur,</strong></span> <span class='ocrx_word' id='word_1_285' title='bbox 1290 4851 1324 4888; x_wconf 79' lang='lat' dir='ltr'><strong>ea</strong></span> <span class='ocrx_word' id='word_1_286' title='bbox 1348 4837 1517 4906; x_wconf 70' lang='lat' dir='ltr'><strong>apographis</strong></span> <span class='ocrx_word' id='word_1_287' title='bbox 1535 4838 1642 4892; x_wconf 79' lang='lat' dir='ltr'><strong>Pertrir&#39;</strong></span> <span class='ocrx_word' id='word_1_288' title='bbox 1665 4854 1723 4892; x_wconf 83' lang='lat' dir='ltr'><strong>nom</strong></span> <span class='ocrx_word' id='word_1_289' title='bbox 1745 4842 1817 4894; x_wconf 78' lang='lat' dir='ltr'><strong>satie</strong></span> <span class='ocrx_word' id='word_1_290' title='bbox 1835 4841 1933 4903; x_wconf 85' lang='lat' dir='ltr'><strong>elucet;</strong></span> <span class='ocrx_word' id='word_1_291' title='bbox 1960 4857 2092 4895; x_wconf 74' lang='lat' dir='ltr'><strong>nummos</strong></span> 
     </span>
     <span class='ocr_line' id='line_1_33' title="bbox 434 4911 2091 4996; baseline 0.01 -31"><span class='ocrx_word' id='word_1_292' title='bbox 434 4911 598 4978; x_wconf 75' lang='lat' dir='ltr'><strong>adiecimus,</strong></span> <span class='ocrx_word' id='word_1_293' title='bbox 625 4930 696 4983; x_wconf 78' lang='lat' dir='ltr'><strong>quos</strong></span> <span class='ocrx_word' id='word_1_294' title='bbox 717 4915 870 4972; x_wconf 68' lang='lat' dir='ltr'><strong>tarentinas</strong></span> <span class='ocrx_word' id='word_1_295' title='bbox 888 4936 933 4988; x_wconf 87' lang='lat' dir='ltr'><strong>ap.</strong></span> <span class='ocrx_word' id='word_1_296' title='bbox 952 4920 1142 4988; x_wconf 83' lang='lat' dir='ltr'><strong>Paperrcordt,</strong></span> <span class='ocrx_word' id='word_1_297' title='bbox 1170 4920 1267 4976; x_wconf 71' lang='lat' dir='ltr'><strong>(lescle.</strong></span> <span class='ocrx_word' id='word_1_298' title='bbox 1292 4923 1340 4976; x_wconf 84' lang='lat' dir='ltr'><strong>der</strong></span> <span class='ocrx_word' id='word_1_299' title='bbox 1357 4923 1439 4978; x_wconf 81' lang='lat' dir='ltr'><strong>Stodt</strong></span> <span class='ocrx_word' id='word_1_300' title='bbox 1457 4925 1530 4979; x_wconf 85' lang='lat' dir='ltr'><strong>Rom</strong></span> <span class='ocrx_word' id='word_1_301' title='bbox 1547 4924 1584 4978; x_wconf 82' lang='lat' dir='ltr'><strong>im</strong></span> <span class='ocrx_word' id='word_1_302' title='bbox 1602 4926 1764 4980; x_wconf 77' lang='lat' dir='ltr'><strong>Mittelolter</strong></span> <span class='ocrx_word' id='word_1_303' title='bbox 1781 4927 1821 4980; x_wconf 82' lang='lat' dir='ltr'><strong>ed.</strong></span> <span class='ocrx_word' id='word_1_304' title='bbox 1840 4927 1950 4995; x_wconf 64' lang='lat' dir='ltr'><strong>Helice,</strong></span> <span class='ocrx_word' id='word_1_305' title='bbox 1971 4944 2004 4996; x_wconf 87' lang='lat' dir='ltr'><strong>p.</strong></span> <span class='ocrx_word' id='word_1_306' title='bbox 2022 4931 2091 4995; x_wconf 80' lang='lat'><strong>293,</strong></span> 
     </span>
     <span class='ocr_line' id='line_1_34' title="bbox 433 4997 2089 5083; baseline 0.012 -34"><span class='ocrx_word' id='word_1_307' title='bbox 433 5002 486 5051; x_wconf 84' lang='lat' dir='ltr'><strong>mot.</strong></span> <span class='ocrx_word' id='word_1_308' title='bbox 508 5001 534 5064; x_wconf 88' lang='lat'><strong>3,</strong></span> <span class='ocrx_word' id='word_1_309' title='bbox 552 4997 602 5052; x_wconf 82' lang='lat' dir='ltr'><strong>abi</strong></span> <span class='ocrx_word' id='word_1_310' title='bbox 617 4999 685 5055; x_wconf 79' lang='lat' dir='ltr'><strong>baec</strong></span> <span class='ocrx_word' id='word_1_311' title='bbox 703 5005 767 5056; x_wconf 84' lang='lat' dir='ltr'><strong>octa</strong></span> <span class='ocrx_word' id='word_1_312' title='bbox 784 5020 818 5057; x_wconf 81' lang='lat' dir='ltr'><strong>es</strong></span> <span class='ocrx_word' id='word_1_313' title='bbox 829 5004 896 5074; x_wconf 84' lang='lat' dir='ltr'><strong>Rep.</strong></span> <span class='ocrx_word' id='word_1_314' title='bbox 909 5006 1056 5073; x_wconf 85' lang='lat' dir='ltr'><strong>proposita</strong></span> <span class='ocrx_word' id='word_1_315' title='bbox 1075 5009 1146 5072; x_wconf 85' lang='lat' dir='ltr'><strong>sant,</strong></span> <span class='ocrx_word' id='word_1_316' title='bbox 1163 5007 1247 5076; x_wconf 78' lang='lat' dir='ltr'><strong>idque</strong></span> <span class='ocrx_word' id='word_1_317' title='bbox 1265 5009 1362 5063; x_wconf 81' lang='lat' dir='ltr'><strong>ordine</strong></span> <span class='ocrx_word' id='word_1_318' title='bbox 1380 5016 1435 5064; x_wconf 83' lang='lat' dir='ltr'><strong>tam</strong></span> <span class='ocrx_word' id='word_1_319' title='bbox 1453 5011 1571 5079; x_wconf 76' lang='lat' dir='ltr'><strong>consero</strong></span> <span class='ocrx_word' id='word_1_320' title='bbox 1589 5015 1620 5065; x_wconf 81' lang='lat' dir='ltr'><strong>at</strong></span> <span class='ocrx_word' id='word_1_321' title='bbox 1636 5029 1669 5066; x_wconf 85' lang='lat' dir='ltr'><strong>ea</strong></span> <span class='ocrx_word' id='word_1_322' title='bbox 1687 5011 1787 5065; x_wconf 76' lang='lat' dir='ltr'><strong>ibidem</strong></span> <span class='ocrx_word' id='word_1_323' title='bbox 1802 5013 1844 5066; x_wconf 80' lang='lat' dir='ltr'><strong>ita</strong></span> <span class='ocrx_word' id='word_1_324' title='bbox 1861 5013 1917 5083; x_wconf 85' lang='lat' dir='ltr'><strong>lepr&#39;</strong></span> <span class='ocrx_word' id='word_1_325' title='bbox 1932 5013 2089 5069; x_wconf 82' lang='lat' dir='ltr'><strong>credamus.</strong></span> 
     </span>
    </p>
   </div>
   <div class='ocr_carea' id='block_1_15' title="bbox 2146 4691 2173 4730">
    <p class='ocr_par' dir='ltr' id='par_1_15' title="bbox 2146 4691 2173 4730">
     <span class='ocr_line' id='line_1_35' title="bbox 2146 4691 2173 4730; baseline 0 0"><span class='ocrx_word' id='word_1_326' title='bbox 2146 4691 2173 4730; x_wconf 73' lang='lat'><strong>25</strong></span> 
     </span>
    </p>
   </div>
   <div class='ocr_carea' id='block_1_16' title="bbox 434 5083 2172 5169">
    <p class='ocr_par' dir='ltr' id='par_1_16' title="bbox 434 5083 2172 5169">
     <span class='ocr_line' id='line_1_36' title="bbox 434 5083 2172 5169; baseline 0.013 -33"><span class='ocrx_word' id='word_1_327' title='bbox 434 5083 531 5137; x_wconf 80' lang='lat' dir='ltr'><strong>Etiam</strong></span> <span class='ocrx_word' id='word_1_328' title='bbox 547 5087 852 5162; x_wconf 58' lang='lat' dir='ltr'><strong>accommodamus</strong></span> <span class='ocrx_word' id='word_1_329' title='bbox 870 5093 901 5144; x_wconf 79' lang='lat' dir='ltr'><strong>im</strong></span> <span class='ocrx_word' id='word_1_330' title='bbox 919 5091 1023 5145; x_wconf 81' lang='lat' dir='ltr'><strong>Pertm&#39;i</strong></span> <span class='ocrx_word' id='word_1_331' title='bbox 1040 5094 1212 5162; x_wconf 79' lang='lat' dir='ltr'><strong>apoprapbr&#39;s</strong></span> <span class='ocrx_word' id='word_1_332' title='bbox 1228 5110 1284 5148; x_wconf 80' lang='lat' dir='ltr'><strong>nore</strong></span> <span class='ocrx_word' id='word_1_333' title='bbox 1301 5097 1485 5163; x_wconf 81' lang='lat' dir='ltr'><strong>eontinentur,</strong></span> <span class='ocrx_word' id='word_1_334' title='bbox 1504 5114 1538 5150; x_wconf 79' lang='lat' dir='ltr'><strong>ex</strong></span> <span class='ocrx_word' id='word_1_335' title='bbox 1557 5097 1667 5164; x_wconf 65' lang='lat' dir='ltr'><strong>Hateri</strong></span> <span class='ocrx_word' id='word_1_336' title='bbox 1684 5098 1816 5164; x_wconf 78' lang='lat' dir='ltr'><strong>editione,</strong></span> <span class='ocrx_word' id='word_1_337' title='bbox 1834 5115 1916 5167; x_wconf 71' lang='lat' dir='ltr'><strong>meum</strong></span> <span class='ocrx_word' id='word_1_338' title='bbox 1934 5099 1971 5153; x_wconf 88' lang='grc' dir='ltr'><strong>Η.</strong></span> <span class='ocrx_word' id='word_1_339' title='bbox 1990 5101 2088 5169; x_wconf 84' lang='lat' dir='ltr'><strong>appel·</strong></span> <span class='ocrx_word' id='word_1_340' title='bbox 2144 5119 2172 5158; x_wconf 84' lang='lat' dir='ltr'><strong>so</strong></span> 
     </span>
    </p>
   </div>
   <div class='ocr_carea' id='block_1_17' title="bbox 432 5169 2091 5348">
    <p class='ocr_par' dir='ltr' id='par_1_17' title="bbox 432 5169 2091 5348">
     <span class='ocr_line' id='line_1_37' title="bbox 433 5169 2091 5254; baseline 0.011 -32"><span class='ocrx_word' id='word_1_341' title='bbox 433 5169 557 5237; x_wconf 79' lang='lat' dir='ltr'><strong>labimus,</strong></span> <span class='ocrx_word' id='word_1_342' title='bbox 575 5171 801 5243; x_wconf 70' lang='lat' dir='ltr'><strong>deprompsimus,</strong></span> <span class='ocrx_word' id='word_1_343' title='bbox 820 5176 892 5230; x_wconf 82' lang='lat' dir='ltr'><strong>sicat</strong></span> <span class='ocrx_word' id='word_1_344' title='bbox 909 5176 988 5243; x_wconf 81' lang='lat' dir='ltr'><strong>infre</strong></span> <span class='ocrx_word' id='word_1_345' title='bbox 1005 5185 1167 5232; x_wconf 83' lang='lat' dir='ltr'><strong>annotatam</strong></span> <span class='ocrx_word' id='word_1_346' title='bbox 1184 5184 1238 5247; x_wconf 79' lang='lat' dir='ltr'><strong>eel‚·</strong></span> <span class='ocrx_word' id='word_1_347' title='bbox 1255 5182 1285 5234; x_wconf 80' lang='lat' dir='ltr'><strong>irs</strong></span> <span class='ocrx_word' id='word_1_348' title='bbox 1303 5199 1357 5251; x_wconf 78' lang='lat' dir='ltr'><strong>qao</strong></span> <span class='ocrx_word' id='word_1_349' title='bbox 1374 5183 1512 5237; x_wconf 79' lang='lat' dir='ltr'><strong>interdum</strong></span> <span class='ocrx_word' id='word_1_350' title='bbox 1530 5185 1645 5252; x_wconf 74' lang='lat' dir='ltr'><strong>difficule</strong></span> <span class='ocrx_word' id='word_1_351' title='bbox 1661 5186 1720 5254; x_wconf 79' lang='lat' dir='ltr'><strong>suit</strong></span> <span class='ocrx_word' id='word_1_352' title='bbox 1732 5184 1913 5254; x_wconf 81' lang='lat' dir='ltr'><strong>Repestorum</strong></span> <span class='ocrx_word' id='word_1_353' title='bbox 1930 5189 2034 5240; x_wconf 81' lang='lat' dir='ltr'><strong>textum</strong></span> <span class='ocrx_word' id='word_1_354' title='bbox 2052 5187 2091 5241; x_wconf 81' lang='lat' dir='ltr'><strong>od</strong></span> 
     </span>
     <span class='ocr_line' id='line_1_38' title="bbox 432 5258 1981 5348; baseline 0.014 -38"><span class='ocrx_word' id='word_1_355' title='bbox 432 5258 543 5311; x_wconf 82' lang='lat' dir='ltr'><strong>verbam</strong></span> <span class='ocrx_word' id='word_1_356' title='bbox 560 5259 713 5327; x_wconf 75' lang='lat' dir='ltr'><strong>restituere,</strong></span> <span class='ocrx_word' id='word_1_357' title='bbox 731 5276 792 5315; x_wconf 87' lang='lat' dir='ltr'><strong>cam</strong></span> <span class='ocrx_word' id='word_1_358' title='bbox 810 5263 894 5316; x_wconf 80' lang='lat' dir='ltr'><strong>editio</strong></span> <span class='ocrx_word' id='word_1_359' title='bbox 913 5262 950 5315; x_wconf 88' lang='grc' dir='ltr'><strong>Η.</strong></span> <span class='ocrx_word' id='word_1_360' title='bbox 968 5265 1060 5318; x_wconf 79' lang='lat' dir='ltr'><strong>minus</strong></span> <span class='ocrx_word' id='word_1_361' title='bbox 1078 5269 1207 5320; x_wconf 81' lang='lat' dir='ltr'><strong>accurate</strong></span> <span class='ocrx_word' id='word_1_362' title='bbox 1223 5267 1304 5348; x_wconf 81' lang='lat' dir='ltr'><strong>facta</strong></span> <span class='ocrx_word' id='word_1_363' title='bbox 1321 5268 1366 5322; x_wconf 84' lang='lat' dir='ltr'><strong>sit.</strong></span> <span class='ocrx_word' id='word_1_364' title='bbox 1980 5269 1981 5272; x_wconf 28' lang='lat'>¹</span> 
     </span>
    </p>
   </div>
   <div class='ocr_carea' id='block_1_18' title="bbox 539 5533 772 5606">
    <p class='ocr_par' dir='ltr' id='par_1_18' title="bbox 539 5533 772 5606">
     <span class='ocr_line' id='line_1_39' title="bbox 539 5533 772 5606; baseline 0 -19"><span class='ocrx_word' id='word_1_365' title='bbox 539 5533 562 5600; x_wconf 84' lang='lat'><strong>⁸)</strong></span> <span class='ocrx_word' id='word_1_366' title='bbox 579 5553 669 5588; x_wconf 86' lang='lat' dir='ltr'><strong>eorum</strong></span> <span class='ocrx_word' id='word_1_367' title='bbox 687 5536 772 5606; x_wconf 79' lang='lat' dir='ltr'><strong>Rapa.</strong></span> 
     </span>
    </p>
   </div>
   <div class='ocr_carea' id='block_1_19' title="bbox 535 5669 1400 5746">
    <p class='ocr_par' dir='ltr' id='par_1_19' title="bbox 535 5669 1400 5746">
     <span class='ocr_line' id='line_1_40' title="bbox 535 5669 1400 5746; baseline 0.018 -20"><span class='ocrx_word' id='word_1_368' title='bbox 535 5669 562 5738; x_wconf 87' lang='lat'><strong>1)</strong></span> <span class='ocrx_word' id='word_1_369' title='bbox 582 5671 647 5728; x_wconf 72' lang='lat' dir='ltr'><strong>Scit.</strong></span> <span class='ocrx_word' id='word_1_370' title='bbox 665 5670 696 5728; x_wconf 80' lang='lat' dir='ltr'><strong>m</strong></span> <span class='ocrx_word' id='word_1_371' title='bbox 713 5671 907 5731; x_wconf 69' lang='lat' dir='ltr'><strong>scamoniam</strong></span> <span class='ocrx_word' id='word_1_372' title='bbox 924 5679 1022 5730; x_wconf 80' lang='lat' dir='ltr'><strong>contro</strong></span> <span class='ocrx_word' id='word_1_373' title='bbox 1034 5676 1126 5746; x_wconf 82' lang='lat' dir='ltr'><strong>filiam</strong></span> <span class='ocrx_word' id='word_1_374' title='bbox 1143 5693 1224 5736; x_wconf 83' lang='lat' dir='ltr'><strong>suam</strong></span> <span class='ocrx_word' id='word_1_375' title='bbox 1242 5681 1400 5742; x_wconf 78' lang='lat' dir='ltr'><strong>Hmrioum.</strong></span> 
     </span>
    </p>
   </div>
   <div class='ocr_carea' id='block_1_20' title="bbox 0 0 2300 6361">
    <p class='ocr_par' dir='ltr' id='par_1_20' title="bbox 0 0 2300 6361">
     <span class='ocr_line' id='line_1_41' title="bbox 0 0 2300 6361; baseline 0 0"><span class='ocrx_word' id='word_1_376' title='bbox 0 0 2300 6361; x_wconf 95' lang='lat' dir='ltr'><strong> </strong></span> 
     </span>
    </p>
   </div>
  </div>
 </body>
</html>
