4448 6420
1067 413 1115 470 EX
1133 413 1289 471 HONORII
1308 415 1349 472 Ill
1367 413 1546 472 naalsruo

1261 748 1346 820 248.

588 875 775 968 Honorius
797 904 864 969 ΙΙΙ
879 925 966 984 papa
988 904 1193 989 [Bartholdo]
1209 903 1416 985 patriarchae
1438 904 1670 986 Aquilcpicosi,
1699 901 1955 982 archiepiscopis,
1983 900 2132 981 episcopis

478 1011 507 1072 ct
528 1007 674 1073 aniverso
696 1009 776 1072 ctcro
802 1007 991 1071 Theatoaiac
1012 1007 1116 1070 cadem
1138 1007 1246 1071 scribit
1267 1007 1369 1070 corbis
1390 1008 1529 1075 mutatis.
1650 1010 1744 1084 1224,
1766 1004 1869 1073 Mart.
1883 1043 1925 1054 -
1938 1008 2047 1089 April.

582 1145 656 1199 non.
675 1145 732 1198 ΙΙΙ
747 1145 817 1215 Περ.
840 1145 897 1198 roz.
916 1145 969 1208 rr,
987 1148 1051 1209 rsa,
1071 1147 1137 1212 raa
1156 1145 1219 1200 nec.
1242 1144 1327 1210 vm,
1346 1149 1410 1200 ros.

584 1229 718 1300 Posthac,
738 1231 807 1302 aeq.
829 1235 908 1286 racc.

508 1518 517 1536 .
561 1519 569 1535 .
611 1462 862 1554 patriarche
902 1463 1217 1556 Aquilegensi,
1264 1519 1272 1536 .
1318 1519 1326 1535 .
1368 1462 1660 1554 Maguntino¹,
1704 1518 1713 1537 .
1757 1519 1765 1535 .
1807 1455 2107 1550 Trevereusi¹‚
2177 1489 2186 1526 ι

508 1639 516 1656 .
547 1639 555 1655 .
588 1579 885 1672 Coloniensi³,
919 1641 927 1657 .
957 1640 965 1656 .
998 1584 1406 1676 Magdeburgensi⁴‚
1446 1641 1454 1657 .
1484 1639 1492 1657 .
1525 1575 1884 1674 Salzburgensi⁵,
1920 1639 1928 1657 .
1960 1639 1968 1656 .
2003 1583 2108 1655 Bre-

506 1701 667 1776 mensi⁶
701 1707 742 1776 et
774 1759 782 1777 .
812 1759 820 1775 .
855 1699 1112 1776 Bisuntino⁷
1143 1704 1502 1796 archiepiscopis
1535 1709 1575 1778 et
1608 1725 1760 1776 eorum
1794 1701 2109 1794 suffraganeiS,

506 1844 680 1896 necnon
707 1823 969 1911 abbatibuS,
1002 1824 1252 1915 prioribus,
1285 1824 1547 1915 prepositis,
1575 1823 1909 1900 archidiaconis
1938 1827 1979 1896 et
2007 1821 2108 1896 aliis

618 1943 908 2018 ecclesiarum
935 1945 1123 2036 prelatis
1149 1967 1227 2037 per
1256 1967 1407 2019 eorum
1434 1945 1693 2037 provincias
1722 1950 1763 2018 et
1792 1945 1997 2017 dioceses

1055 2163 1057 2166 Ι
1167 2067 1438 2139 constitutis
2178 2081 2190 2118 ¹⁴

590 2212 671 2276 Cum
694 2213 722 2277 is
746 2214 801 2298 qui
824 2212 1002 2278 secundum
1027 2235 1084 2278 sue
1103 2213 1372 2300 omnipotentiam
1388 2213 1570 2278 maiestatis
1594 2235 1655 2277 nec
1678 2214 1750 2277 loco
1772 2219 1881 2300 potest
1904 2233 1966 2277 nec
1989 2219 2133 2300 tempore

482 2315 727 2402 comprehendi,
756 2324 870 2404 utpote
900 2319 1250 2404 incircumscriptibilis
1280 2324 1313 2382 et
1343 2319 1528 2398 inmensus,
1560 2325 1593 2381 et
1622 2317 1749 2381 stabilis
1778 2336 1914 2380 manens
1942 2316 1999 2381 dat
2022 2323 2136 2380 cuncta

481 2421 616 2500 moveri,
640 2420 739 2483 faciat
757 2421 889 2507 spiritus
913 2443 988 2486 suos
1012 2422 1148 2506 angelos
1172 2428 1205 2486 et
1221 2423 1397 2501 ministros,
1425 2427 1457 2487 et
1474 2423 1619 2486 celorum
1637 2420 1808 2486 altitudine
1825 2420 1983 2485 inclinata
2006 2441 2135 2485 carnem

330 2547 394 2622 noy.
409 2551 463 2600 sar.
481 2545 651 2588 assumens
674 2523 849 2587 humanam
872 2546 930 2610 pro
954 2547 1004 2606 eo,
1028 2524 1113 2608 quod
1135 2525 1253 2590 delicie
1277 2547 1335 2589 sne
1360 2531 1436 2590 sunt
1458 2547 1532 2589 esse
1557 2546 1630 2590 cum
1656 2525 1731 2588 filiis
1754 2524 1933 2604 hominum,
1957 2524 2134 2610 discipulos

482 2649 564 2713 quos
593 2628 739 2712 elegerat
773 2628 807 2690 in
835 2627 992 2692 mundum
1025 2627 1240 2692 destinaverit
1269 2630 1471 2710 universum,
1508 2634 1544 2692 nt
1573 2629 1660 2692 omni
1691 2627 1899 2714 predicarent
1929 2628 2135 2713 evangelium
2180 2649 2188 2684 1

483 2737 647 2809 creature,
672 2749 731 2794 suo
755 2751 814 2794 nos
839 2730 997 2795 instruxit
1021 2731 1190 2818 exemplu,
1213 2738 1250 2795 ut
1273 2732 1342 2796 eius
1368 2738 1544 2817 sequentes
1568 2732 1722 2816 vestigia,
1755 2731 2015 2816 cum'assumpti
2038 2730 2135 2794 simus

482 2833 516 2896 in
536 2830 771 2918 plenitudinem
790 2834 972 2917 potestatis,
996 2854 1057 2896 nec
1079 2854 1138 2918 per
1161 2835 1324 2919 nosipsos
1342 2835 1505 2920 possimus
1530 2835 1666 2919 singulis
1690 2835 1833 2919 negotiis
1848 2834 2031 2911 imminere,
2054 2834 2137 2896 inter

317 2953 465 3008 amaran.
484 2957 556 3016 eos,
585 2957 667 3021 quos
694 2937 726 2999 in
756 2945 883 3023 partem
908 2936 1136 3001 sollicitudinis
1161 2938 1382 3016 evocavimus,
1413 2959 1513 3002 onera
1536 2939 1629 3022 quasi
1653 2937 1777 3002 Gethro
1809 2939 1860 3001 usi
1888 2937 2026 3001 consilio
2055 2935 2136 2999 divi-

483 3039 612 3120 damus,
642 3041 816 3125 unicuique
841 3041 1020 3105 secundum
1043 3042 1196 3104 virtutem
1225 3042 1390 3126 propriam
1414 3061 1477 3125 qne
1501 3042 1599 3105 variis
1629 3041 1832 3126 temporibus
1854 3041 2028 3106 imminent
2051 3060 2137 3104 com-

483 3143 653 3208 mittendo.
697 3143 793 3209 Unde
818 3166 890 3209 cum
914 3146 999 3209 inter
1023 3129 1104 3208 alias
1122 3144 1360 3208 sollicitudines
1385 3144 1572 3208 innumeras
1597 3151 1630 3208 et
1647 3145 1822 3222 inmensas,
1846 3145 1965 3230 quibus
1989 3144 2136 3229 angimur
2179 3161 2190 3198 r

483 3247 569 3310 ultra
595 3247 696 3329 vires,
724 3249 905 3334 cogitemus
929 3248 1102 3312 instantius
1133 3254 1166 3311 et
1194 3247 1375 3312 ferventius
1400 3248 1587 3332 cupiamus,
1619 3255 1655 3313 ut
1686 3248 1853 3334 negotium
1881 3248 1983 3313 Terre
2009 3247 2136 3324 Sancte,

484 3349 569 3434 quod
603 3350 761 3416 hactenus
796 3353 1007 3437 exigentibus
1042 3353 1144 3437 culpis
1184 3352 1297 3437 populi
1332 3349 1511 3414 Christiani
1544 3352 1689 3435 graviter
1724 3359 1774 3416 est
1806 3351 1993 3432 turbatum,
2027 3357 2135 3414 actore

483 3453 624 3518 Domino
642 3455 782 3519 feliciter
796 3455 966 3540 dirigatur,
991 3457 1165 3542 presertim
1183 3476 1256 3519 cunr
1274 3455 1464 3519 carissimus
1488 3456 1521 3519 in
1539 3455 1670 3520 Christo
1693 3456 1779 3520 filius
1802 3461 1914 3518 noster
1931 3454 1979 3535 F,
2002 3453 2136 3518 illustris

482 3555 704 3623 Romanorum
727 3560 905 3645 imperator
928 3581 1059 3645 semper
1081 3565 1240 3643 augustus
1265 3566 1298 3622 et
1320 3579 1380 3622 rex
1404 3558 1526 3638 Sicilie,
1549 3557 1628 3622 illud
1652 3559 1831 3644 inspirante
1854 3557 1997 3622 Domino
2021 3556 2136 3621 devote

483 3664 668 3748 susceperit
696 3662 927 3742 relevandum,
962 3665 996 3727 in
1027 3684 1156 3727 omnem
1188 3668 1307 3726 terram
1339 3662 1408 3726 veri
1438 3661 1504 3726 Dei
1533 3662 1662 3746 signum
1693 3661 1884 3726 habentium
1914 3660 2134 3747 predicatores
2179 3676 2188 3713 ²

483 3764 710 3850 deputavimus
728 3768 900 3852 speciales,
924 3773 975 3832 set
991 3773 1111 3850 quanto
1137 3766 1177 3830 de
1194 3765 1358 3830 Teutonis
1373 3767 1479 3830 maius
1503 3765 1544 3830 ad
1567 3766 1629 3830 hoc
1645 3786 1826 3851 speramus,
1849 3771 1947 3850 prout
1969 3763 2136 3828 consuevit

482 3867 651 3950 hactenns,
674 3871 832 3935 auxilinm
855 3877 889 3934 et
905 3871 1086 3935 subsidium
1101 3871 1284 3956 provenire,
1309 3875 1398 3934 tanto
1422 3870 1499 3933 illuc
1516 3868 1790 3934 honorabiliorem
1806 3889 1981 3954 personam
1996 3867 2135 3952 dirigere

483 3972 671 4056 cupientes,
706 3993 782 4037 ecce
816 3973 1040 4039 venerabilem
1074 3973 1208 4037 fratrem
1243 3979 1391 4040 nostrum
1418 3972 1637 4036 Portuensem
1673 3973 1877 4057 episcopum,
1912 3972 1967 4054 qui
2003 3969 2136 4034 dextera

482 4072 592 4138 divina
615 4081 769 4160 tanquam
792 4075 908 4140 cedrus
929 4075 1046 4140 Libani
1068 4077 1234 4161 plantatus
1257 4077 1290 4139 in
1315 4076 1454 4140 ecclesie
1471 4074 1634 4161 paradiso,
1657 4073 1831 4138 altitudine
1855 4073 2136 4161 contemplationis

483 4185 629 4258 erectus,
661 4179 816 4242 virtutum
846 4178 946 4243 odore
979 4180 1103 4258 suavis,
1133 4180 1218 4242 fame
1243 4178 1431 4243 sinceritate
1455 4179 1585 4264 penitus
1609 4176 1836 4264 imputribilis,
1860 4197 1926 4240 non
1950 4177 2056 4241 solum
2079 4195 2135 4240 sua
2179 4187 2190 4226 ³

483 4279 672 4346 fortitudine
695 4279 736 4344 ad
759 4282 1033 4347 sustentationem
1057 4280 1172 4344 domus
1193 4280 1326 4345 Domini
1350 4288 1515 4367 operatur,
1539 4302 1653 4344 vorum
1677 4281 1776 4344 etiam
1792 4280 1975 4344 honestatis
1999 4278 2136 4343 candore

483 4383 585 4467 ipsius
610 4384 816 4470 superficiem
840 4390 1073 4463 convenustat,
1097 4383 1175 4448 illue
1197 4383 1398 4470 providimus
1422 4382 1667 4461 destinandum,
1700 4389 1737 4448 ut
1760 4383 1901 4467 fungens
1925 4405 1983 4470 pro
2007 4382 2136 4447 Christo

483 4484 673 4572 plenissime
696 4488 870 4571 legationis
894 4487 1022 4566 officio,
1054 4488 1260 4572 evangelizet
1281 4487 1412 4574 populis
1435 4487 1571 4552 verbnm
1595 4487 1716 4564 crucis,
1749 4493 1783 4551 et
1805 4486 1887 4550 alias
1910 4493 1999 4550 recte
2024 4505 2136 4570 regere

484 4609 522 4651 ac
545 4587 706 4652 indirecta
729 4588 871 4675 dirigere
894 4597 1058 4676 satagens,
1083 4611 1200 4677 aspera
1217 4597 1388 4654 convertat
1409 4591 1442 4654 in
1459 4591 1567 4675 plana,
1591 4588 1787 4676 extirpando
1810 4589 1891 4653 vitia
1914 4595 1947 4654 et
1962 4587 2137 4675 plantando

483 4691 640 4764 virtutes;
670 4691 795 4756 firmam
823 4715 914 4780 spem
943 4694 1159 4780 fiduciamque
1190 4701 1358 4775 tenentes,
1387 4693 1474 4779 qnod
1498 4693 1675 4773 Dominus,
1699 4693 1755 4778 qui
1777 4692 1923 4777 linguam
1947 4693 1979 4756 ei
2002 4691 2138 4756 contulit
2181 4704 2190 4742 Ξ

486 4792 661 4870 eruditam,
695 4795 776 4860 dans
806 4799 879 4861 voci
907 4797 978 4862 eius
1009 4819 1123 4862 vocem
1156 4798 1285 4862 virtutis
1317 4819 1392 4877 sne,
1422 4798 1456 4861 in
1487 4796 1693 4882 beneplacito
1722 4816 1780 4860 suo
1810 4794 1928 4881 dirigat
1958 4796 2027 4859 vias
2058 4795 2138 4874 aius,

485 4896 589 4982 ipsius
621 4897 772 4964 facundia
802 4906 929 4965 mentes
959 4899 1162 4964 audientium
1189 4898 1404 4965 fecundando.
1462 4897 1617 4963 Ceterum
1648 4899 1711 4963 etsi
1741 4899 1812 4964 eius
1846 4899 2015 4985 exemplo,
2048 4899 2137 4963 ouius

484 4998 640 5065 immeriti
663 5003 769 5067 vicem
792 5003 952 5087 gerimus,
984 5002 1069 5089 qnod
1092 5005 1150 5068 uni
1174 5025 1217 5068 ex
1239 5003 1381 5067 minimis
1406 5003 1526 5067 nostris
1549 5003 1601 5083 fit,
1623 5001 1718 5066 nobis
1742 5001 1813 5066 fieri
1835 5007 2042 5087 reputemus,
2066 5001 2138 5087 quia

484 5110 604 5185 tamen,
628 5105 713 5170 sicut
736 5107 833 5170 stella
856 5105 965 5170 differt
988 5128 1008 5170 a
1031 5109 1127 5172 stella
1150 5108 1182 5170 in
1207 5107 1372 5187 claritate,
1403 5107 1448 5170 ita
1472 5107 1556 5170 inter
1586 5127 1643 5170 eos
1677 5111 1728 5170 est
1750 5104 1917 5169 distinctio
1940 5106 2137 5182 meritorum,

484 5227 544 5271 nos
580 5208 749 5293 cupientes
784 5207 968 5295 predictum
1003 5210 1193 5296 episcopum
1230 5231 1269 5274 eo
1304 5209 1500 5296 propensius
1534 5207 1707 5290 honorari,
1744 5228 1808 5293 quo
1843 5229 1905 5294 per
1937 5229 2012 5273 eum
2047 5205 2138 5272 sedes

484 5309 667 5395 apostolica
690 5309 859 5375 sublimius
883 5311 1073 5394 honoratur,
1095 5313 1345 5390 universitatem
1369 5319 1511 5378 vestram
1535 5333 1701 5397 rogamus,
1723 5331 1895 5376 monemus
1919 5318 1953 5376 et
1974 5311 2137 5375 hortamur

458 5639 463 5648 ·
591 5603 617 5670 1)
635 5603 744 5670 Sifrido
762 5605 806 5658 ΙΙ,
902 5605 929 5673 2)
953 5603 1117 5659 theoderico
1135 5603 1179 5660 11.
1278 5605 1305 5674 3)
1324 5604 1500 5680 Eapetberto.
1601 5604 1628 5676 4)
1648 5604 1767 5660 Atbcrto.
1872 5603 1900 5674 5)
1919 5600 2080 5656 Eberhardo
2097 5601 2136 5654 ΙΙ.

485 5688 511 5760 6)
532 5687 678 5746 Gcrhardo
696 5690 739 5744 11.
808 5691 834 5759 7)
854 5689 1024 5747 (liettardo,
