4576 6390
134 1517 146 1554 5

122 2221 147 2258 10

727 463 730 470 .
763 397 963 456 uersroms
981 395 1170 455 senatres.
1204 399 1279 454 nas.
1787 399 1849 464 459

192 599 254 661 pro
277 577 526 644 Sarracenornm
548 573 743 640 conversione
765 572 932 638 Luceriam
954 574 1057 638 mittat
1067 576 1086 651 ¹,
1116 576 1242 654 pratum
1270 572 1432 650 sitiisse·
1462 573 1497 635 in
1523 571 1608 636 lrreoi
1629 590 1661 636 se
1683 571 1786 652 ipsuum
1808 571 1852 635 ed

196 686 303 763 parles
329 682 403 744 illas
423 678 610 743 uenlnrnm²
632 677 736 757 ibique
753 675 914 760 fratribus
937 677 1004 740 illis
1026 676 1202 754 affuturum
1223 695 1295 742 esse.
1517 678 1611 754 1233,
1632 674 1708 741 Dec.
1730 680 1761 740 3.

303 801 383 868 Gneo.
402 799 451 852 IX
467 799 535 868 Ray.
559 798 615 851 Vol.
634 796 687 863 IV,
706 799 862 864 123-124;
880 797 943 851 Lib.
967 796 1033 860 VII,
1051 800 1115 848 437.

300 885 539 951 Borma-meter,
557 884 624 952 Rea.
643 883 725 937 libid.
744 885 786 948 II,
802 899 829 936 n.
848 886 932 936 2034.

819 1110 1230 1119 —-..-.—-————--

982 1355 1068 1426 566.

306 1467 496 1578 Graccus
511 1493 567 1559 IX
576 1515 665 1575 papa
686 1495 848 1558 universos
864 1493 1030 1558 catholicoe
1050 1494 1126 1574 fidei
1142 1493 1317 1573 defensores
1336 1513 1394 1574 per
1408 1491 1680 1558 Mediolanensem
1699 1493 1852 1557 ciuitatem

198 1605 226 1666 el
247 1601 391 1664 diocesim
412 1599 593 1664 constitutos
614 1599 671 1663 snb
691 1599 877 1679 protectione
899 1617 959 1661 seur
981 1599 1120 1678 suscipit.
1497 1601 1590 1675 1233,
1612 1596 1687 1662 Dec.
1711 1601 1763 1663 10.

303 1718 385 1787 Gneo.
402 1718 452 1772 IX
468 1717 533 1788 neq.
556 1717 614 1773 Vol.
633 1718 653 1772 1
658 1718 686 1782 V,
706 1723 772 1785 lOf;
790 1718 853 1771 Ino.
879 1717 944 1786 VII,
965 1721 1030 1770 368.

293 1914 527 1989 Universis
554 1913 772 1988 catholice
799 1912 907 1992 fidei
935 1913 1249 1986 defensoribus
1276 1933 1354 2003 per
1380 1913 1758 1988 Mediolanensem

601 2035 824 2108 civitatem
853 2039 893 2106 et
919 2033 1131 2106 diocesim
1160 2033 1434 2107 constitutis.

307 2183 400 2248 Sicut
426 2183 570 2268 egressis
598 2183 717 2267 iniquis
746 2205 788 2248 ex
818 2183 922 2248 Israel
950 2189 984 2247 et
1013 2181 1223 2247 suadentibus
1253 2182 1364 2245 multis
1393 2182 1568 2268 disponere
1598 2205 1671 2248 eum
1699 2183 1852 2268 gentibus
1871 2201 2025 2254 ennean.

199 2294 447 2364 testamentum,
475 2308 612 2373 regnum
642 2288 675 2351 in
703 2293 882 2374 conspeetu
910 2285 1084 2366 Antiochi,
1117 2287 1171 2371 qui
1202 2286 1396 2372 perditionis
1426 2287 1529 2351 filium
1558 2308 1617 2374 per
1646 2285 1853 2351 concordiam

199 2397 413 2477 representat,
436 2391 557 2474 legitur
579 2396 836 2476 prosperaturus,
859 2391 906 2454 sie
930 2396 969 2454 et'
987 2390 1133 2475 presenti
1157 2395 1304 2475 tempore
1328 2389 1386 2453 filii
1403 2389 1590 2454 desertores
1614 2389 1744 2476 reprobi
1767 2390 1854 2454 eirea

198 2495 307 2574 fidem,
331 2493 371 2558 de
395 2492 512 2578 quibus
529 2491 709 2557 Iohannes:
734 2493 804 2556 ‘Ex
820 2493 932 2556 nobis'
956 2493 1003 2556 ait
1026 2494 1192 2557 ‘exierunt
1215 2499 1266 2557 set
1289 2514 1353 2556 non
1377 2500 1470 2558 erant
1493 2515 1536 2556 ex
1558 2492 1681 2572 nobis',
1704 2492 1852 2556 demoni·
1872 2518 1891 2556 ι.
1907 2510 1952 2553 rou.
1970 2515 2024 2563 aa.

198 2619 289 2663 orum
321 2595 477 2660 doctrinis
508 2602 542 2659 et
564 2596 740 2682 prophanis
764 2617 880 2660 rorum
903 2595 1104 2660 novitatibus
1128 2597 1254 2659 animas
1277 2592 1468 2660 instabilesb
1496 2594 1714 2676 abducentes,
1744 2596 1853 2659 locum

135 2759 141 2772 ,
200 2702 331 2765 diaholo
354 2706 387 2764 et
410 2701 472 2764 iter
487 2706 664 2785 preparant
680 2699 882 2778 antichristo,
907 2706 958 2763 set
982 2698 1068 2784 quod
1091 2705 1124 2763 et
1149 2700 1372 2785 apostolorum
1388 2701 1542 2786 princeps
1559 2699 1688 2763 noviter
1705 2703 1852 2762 exortam

198 2805 373 2869 ecelesiam
396 2804 576 2866 instruens:
596 2802 782 2882 ‘Fuerunt',
806 2803 921 2888 inquit,
945 2802 1247 2890 ‘pseudoprophete
1271 2803 1304 2866 in
1328 2804 1459 2889 populo,
1484 2805 1567 2867 sieut
1589 2802 1622 2866 iu
1642 2801 1734 2866 vobis
1758 2806 1853 2865 erunt
1884 2823 1904 2864 r.
1919 2819 1978 2860 eoa.
1992 2823 2013 2872 r,

198 2907 346 2992 magistri
374 2906 548 2971 mendaces
580 2905 794 2970 introducturi
822 2905 1015 2993 perditionis
1048 2913 1155 2970 sectas
1186 2912 1220 2970 et
1248 2927 1341 2984 eum,
1372 2907 1428 2992 qui
1455 2907 1535 2970 emit
1562 2927 1635 2984 aes,
1665 2904 1852 2984 Dominum,
1907 2875 1986 2915 Μ’

197 3011 359 3096 negaturi,
383 3009 532 3075 etmulti
556 3014 736 3093 sequentur
758 3030 872 3074 eorum
896 2999 1056 3090 luxurias,
1080 3030 1139 3094 per
1162 3030 1241 3093 quos
1265 3009 1318 3072 ria
1337 3008 1620 3095 blasphemabitur
1641 3007 1799 3082 ueritatis,
1823 3013 1857 3072 et

197 3114 453 3199 negotiabuntur
475 3112 515 3177 de
540 3113 633 3177 robis
658 3114 691 3176 in
713 3114 850 3177 avaritia
872 3113 957 3176 fictis
981 3113 1119 3178 uerbis’.
1165 3112 1275 3187 Tales,
1298 3119 1334 3176 ut
1357 3112 1484 3193 dieitur,
1508 3113 1592 3176 inter
1615 3132 1673 3175 vos
1696 3109 1855 3174 edificatis
1875 3132 1893 3170 1.
1904 3125 1971 3219 utria.
1984 3134 2025 3180 ι,ι.

199 3218 369 3304 ginnasiis,
394 3239 414 3280 a
436 3222 633 3281 testamento
650 3215 784 3280 Domini
801 3216 1006 3296 recedentes,
1030 3216 1218 3280 laborantes
1240 3222 1277 3279 ut
1299 3216 1496 3296 malefaciat,
1520 3223 1554 3280 et
1576 3215 1718 3300 superbe
1742 3220 1857 3278 contra
1898 3189 1911 3218 Θ
1934 3189 1995 3232 ’ψ’

199 3319 490 3385 sanctificationem
514 3326 675 3398 vestram,
707 3341 770 3405 que
795 3326 847 3384 est
870 3325 1079 3384 sacrosancta
1101 3326 1207 3382 mater
1230 3319 1384 3399 eeclesia,
1415 3318 1637 3404 disputantes,
1670 3339 1706 3382 se
1730 3316 1773 3381 ad
1795 3317 1852 3383 de-

198 3422 398 3489 moliendum
421 3422 524 3486 altare
547 3442 699 3502 aureum,
730 3421 962 3487 candelabrum
990 3423 1122 3487 luminis
1153 3429 1186 3486 et
1216 3421 1370 3486 universa
1399 3421 1561 3505 legittima
1585 3426 1696 3484 restra
1719 3441 1854 3484 eonver-

198 3534 316 3606 terant,
341 3532 374 3590 et
396 3525 576 3589 inferentes
601 3525 723 3590 bellum
746 3526 904 3608 sabathis,
931 3527 1054 3612 passim
1075 3526 1246 3589 uniuersos
1265 3525 1440 3610 simplices,
1464 3525 1496 3587 in
1513 3545 1570 3588 eos
1589 3522 1854 3587 contradictionis
1872 3549 2004 3604 cmm„

196 3629 323 3716 lapides
347 3650 412 3692 non
435 3629 603 3692 mittentes
633 3648 694 3692 nee
724 3630 910 3715 oppilantes
934 3630 1135 3693 occultorum
1159 3629 1232 3692 loca
1264 3629 1458 3706 facinorum,
1488 3626 1642 3691 letalibus
1670 3627 1854 3711 linguarum
1872 3653 1927 3696 nra.
1941 3659 1974 3699 ss.

135 3774 146 3810 r
199 3732 321 3817 gladiis
344 3730 560 3817 perimebant.
606 3729 664 3794 Set
686 3751 744 3794 vos
767 3732 860 3795 uelut
883 3731 941 3794 filii
965 3731 1100 3812 Ioarim,
1129 3731 1162 3795 id
1184 3738 1236 3796 est
1264 3730 1474 3795 exaltationis
1496 3728 1647 3802 Domini,
1679 3729 1712 3792 in
1744 3735 1853 3795 monte
1871 3753 1926 3797 rur.
1943 3762 1961 3800 1.

122 5331 149 5368 40

197 3834 319 3912 Modin,
346 3834 401 3920 qui
424 3833 614 3897 diiudicatio
637 3831 766 3912 dicitur,
795 3835 1065 3914 conscendentes,
1088 3856 1187 3920 super
1211 3835 1478 3920 interemptorum
1502 3830 1708 3897 multitudine
1732 3832 1852 3896 contri·

199 3938 274 4001 stati
295 3936 419 4001 dixisse
436 3936 609 4000 videmini:
632 3935 686 3999 ‘Si
708 3957 772 4000 non
796 3939 1049 4022 pugnaverimus
1072 3957 1131 4023 pro
1150 3936 1437 4000 iustificationibus
1456 3936 1588 4014 nostris,
1612 3936 1708 3999 eitius
1726 3934 1852 4022 disper·
1871 3961 1926 4004 nte.
1940 3967 1974 4006 40,

198 4039 339 4121 demur',
364 4046 397 4104 et
420 4040 558 4104 docente
582 4060 640 4103 ros
665 4059 724 4120 eo,
749 4039 803 4124 qui
827 4038 883 4102 dat
907 4039 1179 4123 significationem
1204 4061 1239 4104 se
1264 4039 1501 4120 metuentibus,
1524 4045 1562 4102 ut
1585 4038 1627 4102 ab
1650 4059 1745 4102 arcus
1769 4038 1852 4102 faeie
1872 4064 1931 4108 nu.
1945 4071 1999 4117 sue.

198 4143 340 4227 fugiant,
372 4142 448 4206 forti
471 4142 596 4206 viribus
620 4141 761 4206 eeclesia
791 4141 936 4206 fidelium
961 4151 1160 4228 congregata
1183 4149 1217 4207 et
1240 4143 1272 4207 ei
1296 4143 1422 4206 eunetis
1452 4144 1485 4205 in
1507 4143 1582 4226 lege
1605 4141 1797 4205 voluntariis
1821 4147 1854 4205 et
1874 4166 2027 4220 ennean

200 4249 252 4332 qui
276 4248 363 4311 mala
384 4246 535 4330 fugerant
558 4246 702 4326 sociatis,
725 4247 808 4309 mori
830 4247 941 4333 potius
966 4269 1061 4333 quam
1078 4255 1188 4332 vestre
1211 4248 1320 4332 gentis
1344 4253 1377 4311 et
1401 4253 1586 4310 sanctorum
1609 4246 1696 4309 mala
1718 4265 1853 4309 cernere
1897 4223 1920 4260 ⁰¹
1934 4231 1995 4272 Μ’

199 4352 376 4436 eligentes,
405 4357 596 4438 peccatores
625 4350 657 4414 in
689 4351 738 4413 ira
761 4357 795 4414 et
824 4351 857 4413 in
881 4349 1104 4434 indignatione
1128 4350 1347 4435 nequissimos
1372 4349 1601 4435 percussistis,
1633 4348 1851 4414 deiectionem

198 4456 244 4542 pii
267 4455 379 4542 populi
402 4455 578 4538 erigentes.
623 4452 764 4536 Propter
787 4451 872 4535 quod
895 4454 1045 4517 nolentes
1069 4475 1126 4517 ros
1150 4452 1184 4516 in
1206 4451 1348 4515 Domino
1373 4453 1566 4532 confortari,
1593 4451 1731 4515 uiriliter
1753 4471 1852 4535 agere

197 4553 233 4623 et
255 4581 274 4623 a
297 4558 381 4622 facie
405 4563 611 4621 monstruose
642 4553 860 4618 multitudinis
883 4576 948 4619 non
978 4556 1110 4636 timere,
1142 4554 1368 4620 benedicimus
1392 4555 1485 4619 vobis
1517 4555 1549 4619 iu
1577 4555 1708 4618 nomine
1732 4553 1853 4617 domini

199 4662 277 4726 Iesu
300 4661 440 4738 Christi,
470 4667 503 4724 et
525 4658 666 4723 libenter
689 4657 849 4722 auxilium
873 4665 907 4722 et
929 4659 1091 4738 favorem,
1121 4660 1272 4744 quotiens
1296 4657 1494 4744 expedierit,
1528 4680 1585 4744 pro
1609 4657 1770 4722 catholice
1794 4655 1852 4720 de-

199 4766 349 4830 fensione
379 4765 519 4830 eeclesia
552 4772 664 4828 centra
687 4765 935 4848 malignantium
959 4766 1150 4850 sinagogam
1174 4772 1207 4830 et
1229 4766 1399 4852 operarios
1423 4764 1578 4829 subdolos
1600 4763 1765 4849 largituri,
1794 4784 1852 4826 uos

199 4891 237 4934 ae
261 4892 296 4934 se
317 4868 411 4933 uobis
440 4869 590 4934 unientes
621 4868 681 4932 sub
710 4867 798 4932 beati
819 4868 910 4932 Petri
933 4875 967 4932 et
1000 4875 1113 4932 nostra
1135 4869 1338 4954 protectione
1362 4873 1425 4934 ete.
1448 4889 1568 4953 usque:
1599 4867 1853 4936 communimus;

200 4973 406 5037 remittentes
429 4973 605 5058 unicuique
629 4971 669 5035 de
692 4972 838 5036 iniuncta
861 4970 922 5034 sibi
946 4973 1128 5057 penitentia
1151 4993 1270 5036 aunum
1293 4993 1409 5050 unum,
1443 4977 1475 5034 at
1499 4971 1666 5048 omnibus,
1690 4989 1772 5054 quos
1794 4986 1852 5052 pro

200 5075 391 5140 defensione
414 5075 492 5141 fidei
517 5076 599 5140 mori
623 5075 807 5159 eontigerit,
830 5081 1039 5160 peecatorum
1064 5097 1207 5156 suorum,
1237 5075 1277 5140 dc
1301 5075 1419 5160 quibus
1444 5073 1541 5138 eorde
1566 5073 1697 5136 contriti
1720 5077 1753 5134 et
1775 5089 1853 5133 rere

200 5180 343 5245 confessi
365 5179 495 5256 fuerint,
518 5179 648 5243 reniam
670 5177 905 5262 indulgentes0.

309 5301 385 5366 Dat.
408 5301 562 5368 Lateran.
584 5300 632 5364 IV
655 5300 734 5364 Idus
758 5298 963 5377 Decembris,
987 5319 1072 5364 anno
1096 5300 1247 5386 septimo.

304 5560 327 5628 ¹)
345 5579 381 5612 an
399 5570 516 5629 paratum
536 5561 689 5627 legardam?
706 5561 739 5624 ef.
760 5565 780 5610 1.
800 5559 917 5611 ulcerat.
938 5565 999 5624 1,17.
1080 5557 1105 5624 bJ
1124 5559 1242 5610 instabile
1261 5558 1293 5608 ll.
1375 5555 1396 5620 ‘)
1416 5557 1579 5622 indulgemus
1597 5553 1628 5605 R.

304 5699 329 5768 l)
350 5695 392 5766 Cf.
404 5713 429 5751 n.
442 5701 509 5751 553,
541 5699 568 5762 2)
583 5695 693 5765 Scripta
700 5697 745 5750 ert
757 5695 824 5748 baec
838 5694 956 5765 epistola
966 5693 1100 5760 Buterae,
1113 5693 1141 5745 in
1154 5691 1246 5746 insula
1258 5691 1372 5745 Siciliae
1383 5661 1455 5744 inter
1465 5689 1644 5758 Apripentnm
1656 5689 1681 5740 rt
1691 5687 1853 5758 Syracusas.

1593 5783 1648 5838 58*
