4304 6420
629 109 830 165 EPISTOLAE
847 109 1035 167 SELECTAE.
1072 113 1148 167 1226.
1655 115 1716 176 2l5

61 292 226 360 tenentes,
256 287 300 350 nil
324 285 387 349 nisi
410 284 496 369 quod
520 283 584 348 sibi
602 284 755 370 placebat
771 284 879 348 dicere
904 287 956 350 vel
979 287 1087 350 lacere
1105 285 1287 352 audebatis.
1334 285 1483 351 Subiecit
1499 287 1608 367 etiam,
1632 285 1717 371 quod

55 398 258 474 procurator
281 389 334 453 illc
358 388 539 452 communis
561 387 732 469 Metensis,
756 389 810 472 qui
835 389 1002 454 consensit
1024 389 1058 452 in
1081 387 1192 470 vobis,
1217 388 1338 467 luerat,
1362 397 1397 453 ut
1420 389 1556 470 dicitur,
1579 391 1718 478 pecunia

53 500 198 579 recepta
228 498 415 578 corruptus,
444 513 544 576 quare
571 512 637 556 non
665 493 840 557 tenebatur
868 493 929 556 sub
957 498 1066 556 vestra
1097 493 1250 557 examine
1281 493 1420 577 litigare.
1466 493 1559 559 Idem
1587 493 1717 559 demum

49 596 152 661 aliud
175 617 353 682 gravamen
377 596 558 681 expressit,
588 596 715 660 seilicet
744 596 830 681 quod
860 618 934 660 oum
962 595 1104 680 quedam
1136 597 1364 661 attestationes
1388 597 1553 683 publieate
1577 597 1718 681 sigillata

46 701 170 764 forent
202 700 310 784 sigillo
338 706 412 776 tuo,
441 699 487 762 fili
516 698 618 762 abbas
640 699 929 784 Luxsburgensis,
952 709 1003 778 tu,
1026 701 1127 765 abbas
1150 699 1418 781 Esternacensis,
1447 723 1487 765 ea
1510 701 1653 784 sigillare
1676 700 1718 764 ob

45 805 119 868 hoc
147 803 353 868 solummodo
377 802 564 887 denegasti,
595 803 672 889 quia
702 803 880 868 advocatus
909 804 1043 890 capituli
1074 802 1280 868 contradixit.
1327 803 1436 877 Quare
1465 803 1717 891 appellationem

44 927 154 971 suam
171 906 294 970 iustam
317 929 359 972 ex
376 913 425 970 tot
441 906 548 970 causis
565 907 790 990 gravaminum
806 914 966 986 astruens,
992 907 1127 993 petebat
1143 925 1274 970 oausam
1293 907 1366 970 aliis
1382 905 1546 972 iudicibus
1561 904 1718 990 delegari.

44 1008 260 1074 Lambertus
290 1031 368 1074 vero
397 1016 589 1095 procurator
618 1010 753 1094 capituli
780 1010 871 1074 litenr
901 1008 1114 1074 contestando
1144 1008 1325 1094 respondit,
1356 1008 1441 1093 quod
1469 1031 1535 1074 non
1565 1006 1719 1073 credebat

44 1112 251 1177 huiusmodi
280 1133 396 1176 causas
423 1112 648 1196 gravaminum
672 1133 714 1176 ex
740 1119 834 1199 parte
863 1113 1043 1176 communis
1068 1133 1178 1177 coram
1201 1111 1295 1177 vobis
1324 1112 1428 1177 luisse
1457 1113 1643 1198 propositas
1666 1112 1719 1175 vel

46 1215 98 1280 ob
125 1238 187 1280 eas
211 1223 339 1301 partem
361 1217 497 1279 alteram
520 1216 717 1301 appellasse,
742 1237 803 1280 nee
827 1214 984 1280 credebat
1006 1236 1063 1279 eas
1088 1215 1289 1280 sufficientes
1314 1236 1387 1279 esse
1411 1216 1463 1279 vel
1487 1235 1593 1294 veras,
1617 1218 1668 1278 set
1691 1213 1720 1276 si

45 1339 122 1404 que
154 1316 311 1398 fuissent,
336 1324 465 1382 constat
493 1327 602 1382 tamen
631 1318 745 1383 abeis
782 1319 884 1384 luisse
907 1340 1085 1384 recessum.
1132 1318 1242 1392 Quare
1265 1317 1353 1382 idem
1374 1324 1565 1404 procurator
1586 1316 1720 1403 petebat

46 1422 188 1486 dictum
213 1442 350 1486 comune
373 1421 406 1485 in
430 1422 585 1506 expensis
607 1423 764 1508 legitimis
789 1422 1037 1508 condempnari,
1068 1431 1103 1486 et
1133 1442 1325 1508 processum
1353 1431 1500 1486 vestrum
1523 1426 1556 1486 et
1575 1421 1719 1507 priorum

47 1524 219 1602 iudicum,
235 1523 276 1587 ad
292 1545 372 1609 quos
389 1531 499 1612 partes
512 1524 705 1590 decrevistis
721 1547 781 1612 per
793 1524 1071 1589 interlocutoriam
1088 1525 1314 1605 remittendas,
1331 1524 1525 1588 auctoritate
1540 1523 1721 1613 apostolica

49 1629 260 1704 confirmari,
284 1635 317 1692 et
336 1627 567 1692 nichilominus
583 1628 616 1692 in
632 1629 765 1712 negotio
782 1628 955 1714 principali
970 1628 1104 1715 procedi
1128 1627 1306 1693 secundum
1328 1629 1472 1716 priorum
1488 1628 1720 1692 continentiam

52 1735 260 1799 litterarum.
307 1731 389 1796 Cum
413 1732 513 1816 igitur
535 1730 641 1796 dietus
665 1732 839 1796 cardinalis
869 1732 931 1796 heo
965 1740 999 1796 et
1028 1733 1107 1810 alia,
1137 1753 1201 1817 que
1225 1753 1334 1798 coram
1358 1752 1397 1796 eo
1427 1730 1520 1795 fuere
1542 1731 1720 1817 proposita,

52 1836 162 1903 nobis
186 1835 327 1900 fideliter
354 1835 536 1912 retulisset,
566 1835 658 1920 quia,
690 1835 768 1899 licet
799 1833 938 1920 quedam
967 1834 1196 1920 appellationis
1226 1856 1323 1900 cause
1352 1835 1498 1919 legitime
1521 1833 1720 1910 viderentur,

55 1940 214 2005 constitit
243 1946 353 2002 tamen
382 1938 423 2002 ab
452 1959 493 2002 ea
520 1937 622 2002 fuisse
651 1959 837 2016 recessum,
870 1958 1002 2002 causam
1037 1937 1077 2001 ad
1107 1958 1165 2002 vos
1202 1937 1354 2002 duximus
1383 1936 1628 2017 remittendam,
1662 1959 1721 2023 por

57 2043 251 2129 apostolica
273 2042 393 2127 scripta
415 2040 625 2120 mandantes,
658 2043 810 2126 quatinus
834 2042 867 2104 in
891 2040 1008 2105 eadem
1034 2061 1132 2105 causa
1154 2041 1248 2105 iuxta
1271 2041 1415 2127 priorum
1438 2040 1618 2104 litterarum
1643 2061 1720 2104 con-

59 2147 238 2212 tinentiam
262 2144 303 2208 ad
326 2166 384 2208 vos
402 2144 598 2209 directarum
620 2145 747 2209 ratione
769 2146 883 2230 previa
899 2143 1098 2231 procedatis;
1125 2144 1223 2208 nullis
1247 2145 1366 2209 litteris
1382 2142 1588 2209 obstantibus
1610 2150 1721 2230 preter

63 2269 240 2316 assensum
261 2249 401 2334 partium
424 2269 444 2311 a
467 2247 546 2313 sede
568 2249 749 2336 apostolica
772 2249 965 2336 impetratis.
1011 2246 1107 2321 Quod
1131 2248 1158 2312 si
1181 2269 1247 2312 non
1270 2268 1383 2312 omnes
1405 2283 1457 2310 —.

177 2367 253 2436 Dat.
276 2367 428 2433 Lateran.
452 2367 521 2433 XII
543 2368 616 2434 Kal.
641 2367 762 2450 Martii,
789 2366 886 2456 [anno
909 2364 1080 2454 decimo]³.

860 2838 946 2911 aab.

182 2953 369 3046 Horror-ius
385 2977 451 3042 III
465 2999 552 3058 grapa
573 2977 680 3041 abbati
702 2981 731 3042 et
754 2979 917 3043 ansatos
945 2975 1165 3042 Virailicccnsi
1187 2975 1296 3039 scribit
1316 2973 1352 3037 de
1374 2973 1516 3037 ordallis.

1356 3077 1450 3154 1226,
1472 3075 1578 3156 April.
1606 3079 1635 3140 9.

176 3168 248 3222 Hoc.
268 3170 323 3221 III
337 3167 404 3236 Κεφ.
423 3166 478 3220 Vel.
505 3169 532 3230 V,
551 3171 617 3228 m,-
634 3165 697 3219 Lib.
715 3165 752 3230 X,
773 3169 833 3218 198.

423 3434 431 3450 .
462 3434 470 3451 .
498 3377 647 3451 abbati
675 3382 716 3450 et
743 3375 981 3448 conventui
1007 3364 1367 3446 virziliacensi&

180 3525 261 3590 Cum
296 3526 541 3591 monomachie⁰
573 3547 611 3590 ac
647 3525 727 3590 ferri
763 3524 933 3590 candentis
968 3531 1002 3588 et
1036 3543 1119 3608 aque
1155 3521 1312 3586 ferventis
1346 3516 1498 3583 iuditium
1530 3521 1724 3607 reprobetur

67 3627 249 3694 secundum
272 3628 445 3693 canonicas
469 3629 666 3708 sanctiones,
690 3649 729 3691 eo
752 3626 838 3712 quod
860 3626 1013 3711 temptari
1036 3623 1128 3689 Deus
1151 3623 1185 3687 iu
1207 3619 1394 3687 huiusmodi
1416 3620 1576 3701 videatur,
1598 3631 1635 3688 ut
1657 3645 1722 3689 non

67 3733 137 3797 nisi
158 3753 217 3819 per
238 3740 342 3797 testes
364 3731 499 3796 idoneos
527 3739 560 3796 et
591 3730 672 3794 alias
701 3729 913 3817 probationes
943 3729 1108 3813 legitimas
1142 3747 1200 3813 pro
1224 3726 1277 3790 vel
1306 3731 1419 3790 contra
1441 3726 1591 3791 homines
1614 3735 1723 3792 vestre

67 3835 288 3901 iurisdictioni
310 3835 477 3900 subiectos
499 3834 623 3919 aliquid
643 3833 776 3921 probari
798 3834 925 3914 valeat,
949 3832 1143 3896 auctoritate
1168 3831 1372 3918 presentium
1394 3829 1571 3895 districtius
1595 3831 1722 3896 inhibe-

71 3959 157 4003 mus.
199 3939 290 4004 Nulli
312 3960 392 4024 ergo
415 3975 456 3985 -
479 3938 682 4003 inhibitionis
706 3973 757 4000 -.
803 3937 838 4002 si
861 3938 933 4022 quis
957 3973 1008 3999 -.

182 4060 258 4127 Dat.
278 4061 433 4128 Lateran.
455 4061 487 4126 V
507 4060 586 4126 Idus
609 4060 713 4148 April.
736 4079 821 4124 anno
844 4059 887 4123 X.

693 4304 1104 4312 0—.-....-..—-..-—.—--——.-....

856 4527 942 4602 295.

185 4643 372 4738 Haereat
401 4671 468 4736 nr
490 4692 579 4752 papa
609 4671 783 4757 [nacco]
813 4670 1041 4750 creveram
1072 4667 1306 4733 uaesanae
1339 4670 1368 4730 a
1397 4663 1561 4749 [Alaea]
1589 4661 1727 4742 apocope

86 4773 245 4842 Briaicaei
266 4775 403 4841 conemur
420 4777 602 4856 potestatem
623 4773 807 4838 remeandi
823 4793 959 4854 poenam
981 4773 1098 4837 ciuitas
1119 4769 1346 4836 Briaieasibas
1368 4769 1529 4848 inflictam.

1387 4873 1480 4950 1226,
1503 4867 1586 4934 Mat.
1610 4871 1641 4931 o'.

182 4967 253 5020 nos.
272 4966 329 5019 ιη
344 4965 411 5035 aeq.
438 4963 491 5016 vor.
513 4962 545 5031 v,
564 4967 631 5024 rra·
649 4963 710 5016 nvo.
730 4962 766 5024 x,
785 4967 849 5016 257.

183 5125 405 5134 --.—-.---—.—.

183 5243 205 5312 ¹)
223 5263 290 5298 auno
308 5245 406 5297 decimo
423 5243 491 5296 dead
508 5245 536 5295 ia
553 5243 585 5294 R.
668 5241 690 5306 ¹³)
709 5227 789 5294 Viruil
806 5242 838 5294 R.
920 5243 941 5308 θ)
960 5241 1148 5293 monomarehie
1165 5238 1197 5289 R.

182 5399 205 5467 1)
230 5397 343 5472 Vesetoy
360 5396 390 5452 in
407 5396 511 5452 diocesi
529 5396 781 5468 Aapustodaaeaai.
