4596 6406
439 385 501 445 676
1011 381 1058 435 EX
1077 380 1252 435 GREGORII
1270 381 1309 434 IX
1327 378 1508 436 REGIS'I'RO

434 554 623 619 monasterii
646 555 686 619 ad
714 553 964 640 relinquendum
996 576 1106 619 curam
1136 560 1317 619 castrorum
1345 560 1379 619 et
1409 553 1547 618 aliorum
1575 552 1735 617 bonorum
1764 553 1926 636 ciusdem,
1957 576 2022 641 que
2053 556 2095 621 ad

436 680 518 745 opus
549 661 739 724 monasterii
767 665 900 741 tenent,
928 681 970 724 33
998 680 1058 745 333
1089 659 1150 723 333
1179 658 1260 723 illud
1290 659 1431 744 aliquam
1464 658 1622 721 lesionem
1652 658 1811 738 incurrat,
1846 658 1951 724 donec
1983 659 2093 725 eidem

434 763 633 828 monasterio
657 763 698 827 de
722 762 843 828 abbate
867 762 1034 848 provisum
1063 762 1177 844 fuerit,
1206 763 1360 848 compelli
1392 761 1597 847 aliquatenus
1625 782 1690 826 non
1717 764 1901 846 permittas,
1929 764 2092 828 attentius

433 866 625 950 provisurus
649 887 691 930 ue
714 866 802 931 bona
830 866 975 932 iamdicti
1003 866 1193 930 monasterii
1224 865 1284 930 sub
1301 865 1412 930 dubio
1442 865 1510 928 litis
1543 869 1663 928 eventu
1690 863 1860 950 dilapidari
1881 867 2014 931 valeant
2037 868 2092 932 vol

434 969 592 1034 consumi.
640 968 804 1050 Ceterum,
828 991 870 1034 ne
894 968 1001 1033 dictus
1024 970 1221 1056 prepositus,
1245 989 1318 1032 cum
1341 989 1407 1031 non
1430 966 1551 1032 habeat
1573 968 1756 1053 proprium,
1780 969 1829 1032 sui
1851 970 1930 1032 iuris
1954 969 2091 1056 dispen-
2157 977 2169 1016 ⁵

433 1070 521 1134 dium
545 1073 705 1157 patiatur,
735 1073 838 1136 socias
868 1071 995 1136 duabus
1024 1093 1067 1137 ex
1095 1072 1174 1157 ipsis
1204 1071 1372 1135 monacbis
1403 1069 1589 1134 huiusmodi
1616 1071 1785 1154 negotium
1811 1073 2091 1157 prosequentibus

432 1173 590 1240 debonis
614 1175 736 1261 prefati
759 1176 947 1240 monasterii
964 1195 1129 1262 expensas
1153 1175 1356 1239 necessarias
1377 1174 1568 1249 ministrari;
1592 1173 1850 1239 contradictores
1868 1182 1946 1250 eto.;
1970 1177 2091 1240 nullis·

434 1278 555 1342 litteris
584 1278 714 1342 veritati
744 1284 777 1343 37
800 1279 924 1344 73377773
948 1277 1229 1364 preiudicantibus
1257 1299 1276 1342 a
1304 1277 1382 1342 sede
1413 1277 1593 1362 apostolica
1624 1277 1823 1363 impetratis,
1854 1281 2092 1344 constitutione

433 1380 473 1445 de
507 1371 633 1446 duabus
664 1382 760 1448 dietis
795 1385 827 1447 in
862 1385 1010 1469 generali
1047 1384 1183 1448 coneilio
1214 1382 1303 1447 edita
1338 1403 1403 1446 non
1433 1371 1601 1459 obstante,
1643 1380 1816 1445 dummodo
1844 1384 1930 1447 ultra
1956 1384 2090 1448 tertiam

432 1486 486 1549 vel
510 1493 658 1568 quartam
682 1507 758 1574 pars
781 1490 886 1553 altera
908 1495 1004 1552 extra
1027 1508 1118 1552 suam
1142 1486 1301 1551 diocesim
1331 1488 1525 1551 auctoritate
1552 1486 1754 1571 presentium
1777 1485 1818 1550 ad
1841 1486 1996 1552 iudicium
2021 1510 2089 1553 non
2145 1507 2169 1544 1⁰

432 1587 589 1654 trahatur.

541 1725 616 1789 Dat.
640 1725 805 1808 Laterani,
829 1728 878 1792 IV
899 1727 984 1794 Nou.
1008 1728 1103 1810 Iunii,
1126 1749 1211 1793 anuo
1236 1727 1489 1813 decimoquarto.

1053 2009 1465 2016 Ἣ

1216 2323 1301 2395 777.

540 2447 731 2561 Gregorius
747 2477 802 2543 IX
816 2499 906 2558 papa
923 2479 1146 2564 [Theoderico]
1168 2480 1396 2562 archiepiscopo
1418 2477 1610 2559 Ravennati,
1632 2479 1783 2560 episcopis
1804 2481 1832 2540 at
1853 2477 1929 2541 aliis
1951 2478 2093 2542 eistadcm

431 2584 568 2667 capionis
584 2583 741 2664 praelatis
762 2582 901 2659 amadat,
924 2586 960 2645 ut
981 2581 1132 2663 Iaqaintc
1153 2583 1326 2664 capellano,
1349 2604 1439 2664 qaam
1461 2587 1607 2647 rectorem
1620 2581 1753 2648 Massac
1777 2581 1951 2645 Treboniae
1974 2582 2090 2645 consti

431 2689 526 2753 tuerit
547 2691 576 2752 ct
598 2685 763 2770 legationis
785 2683 887 2769 officio
909 2686 1079 2765 3333333377,
1101 2686 1260 2751 1333717733
1282 2687 1459 2753 intendant.
1507 2685 1559 2772 Of.
1581 2706 1614 2754 a.
1638 2688 1701 2748 569
1723 2689 1752 2750 ct
1774 2685 1847 2749 570.
2145 2705 2168 2742 rs

1729 2807 1822 2883 1210,
1845 2804 1921 2870 Iao.
1945 2808 1998 2869 14.

533 2891 685 2963 (7333117
703 2889 771 2957 Rea.
792 2888 852 2944 Vol.
873 2889 942 2954 VII,
961 2893 1010 2958 19‚·
1027 2890 1090 2944 Lib.
1107 2890 1193 2959 XIV,
1213 2899 1264 2945 111.

505 3213 544 3232 ..
573 3154 852 3248 archiepiscopo
879 3154 1104 3245 Ravennati,
1132 3213 1173 3231 ..
1201 3156 1387 3248 Aretino¹,
1416 3212 1456 3231 ..
1484 3153 1728 3245 Castellanol,
1757 3210 1796 3229 ..
1825 3155 2007 3245 Urbioati,

430 3336 468 3355 ..
497 3277 735 3367 Ariminensi,
765 3331 804 3350 ..
832 3277 1068 3367 Ferctran0³,
1097 3334 1136 3353 ..
1166 3277 1372 3369 Bobiensi⁴,
1401 3334 1440 3353 ..
1468 3277 1672 3368 Cesenati⁵,
1701 3276 2087 3368 ..Foropopuliensi

430 3458 469 3476 ..
497 3398 689 3490 Liviensi⁶,
723 3455 732 3474 .
761 3456 770 3473 .
798 3396 1034 3487 7333377337,
1068 3455 1112 3473 ..
1142 3399 1362 3490 7333133378,
1397 3456 1441 3474 ..
1475 3395 1684 3474 71333733379
1713 3403 1819 3472 37..
1848 3397 2087 3472 Comaclensi
2141 3430 2168 3470 3

429 3523 613 3616 337333373
640 3527 678 3598 37
704 3521 926 3609 333377333,
961 3519 1168 3612 prioribus,
1195 3520 1365 3611 plebanis
1393 3525 1430 3594 et
1457 3520 1540 3595 31773
1567 3518 1809 3593 ecclesiarum
1836 3519 1989 3611 prelatis
2016 3540 2089 3610 per·

776 3641 944 3715 civitates
970 3641 1072 3732 73333
1100 3647 1137 3715 37
1164 3663 1295 3715 earum
1322 3642 1489 3717 dioceses
1516 3641 1736 3715 constitutis.

537 3793 621 3858 Cum
643 3792 684 3857 de
709 3796 796 3855 statu
821 3797 854 3854 et
876 3790 1112 3875 tranquillitate
1135 3789 1329 3855 dilectorum
1352 3791 1496 3857 fidelium
1519 3797 1704 3855 nostrorum
1727 3789 1767 3854 de
1790 3789 1902 3854 1113333
1924 3789 2087 3854 Trabaria

426 3905 563 3986 paterna
586 3892 804 3961 sollicitudine
829 3894 1011 3980 cogitantes
1036 3893 1190 3958 dilectum
1214 3894 1316 3959 filium
1338 3896 1525 3981 laquintum
1548 3896 1752 3981 capellanum
1783 3900 1944 3976 nostrum,
1974 3895 2084 3958 virum

425 4001 597 4090 providum
621 4007 654 4064 37
677 3998 871 4079 (1733337333,
905 3998 1000 4062 33373
1030 4004 1064 4062 37
1090 3998 1244 4063 fratribus
1273 4002 1393 4065 nostris
1418 4001 1458 4065 ob
1482 4022 1540 4065 sue
1564 4002 1680 4066 merita
1702 3997 1873 4086 probitatis
1896 4005 2083 4084 acceptum,
2138 4027 2165 4066 aa

426 4105 599 4170 commisso
631 4103 694 4167 sibi
724 4103 821 4188 plene
849 4102 1025 4186 legationis
1058 4102 1182 4184 officio,
1215 4104 1261 4168 eis
1290 4103 1527 4190 providerimus
1554 4107 1587 4169 in
1617 4110 1798 4182 rectorem,
1831 4103 2083 4168 universitatem

424 4217 568 4274 vestram
591 4207 754 4293 rogandos
778 4204 931 4270 duximus
956 4206 1112 4270 attentius
1136 4212 1169 4269 et
1192 4207 1389 4289 monendos,
1421 4229 1480 4294 per
1502 4209 1685 4294 apostolica
1713 4206 1806 4272 vobis
1836 4207 1957 4291 scripta
1987 4228 2083 4271 nran-

425 4312 557 4392 dantes,
581 4312 734 4397 quatinus
757 4310 863 4396 ipsum
888 4309 930 4373 ob
953 4310 1171 4374 reverentiam
1195 4312 1376 4397 apostolice
1400 4312 1488 4377 sedis
1512 4320 1545 4377 37
1568 4321 1713 4378 nostram
1735 4312 1931 4397 recipientes
1954 4311 2084 4376 ilariter

426 4423 459 4480 et
482 4417 620 4480 honesto
643 4420 833 4494 tractantes,
857 4412 964 4477 cidem
986 4418 1141 4498 tanquam
1165 4416 1274 4499 legato
1297 4421 1407 4480 vestra
1431 4415 1597 4480 humiliter
1616 4415 1805 4496 intendatis,
1829 4416 1875 4478 ita
1897 4415 1984 4501 quad
2006 4415 2081 4500 ipse

423 4526 559 4606 propter
589 4518 651 4582 hoc
687 4516 728 4582 ad
762 4516 971 4582 dilectionem
1006 4523 1148 4581 vestram
1184 4519 1285 4583 artius
1321 4519 1500 4604 obligetur,
1535 4527 1569 4585 37
1601 4540 1661 4584 333
1696 4519 1904 4584 devotionem
1932 4527 2079 4583 vestram
2134 4543 2163 4582 aa

427 4623 607 4688 debeamus
631 4620 750 4685 exinde
774 4621 889 4685 merito
914 4621 1152 4688 commendare.
1202 4621 1359 4708 Alioquin
1390 4625 1603 4704 sententiam,
1634 4645 1729 4709 qnam
1759 4623 1846 4687 idem
1874 4623 1935 4686 3773
1963 4624 2082 4691 7313377

422 4725 456 4789 73
487 4725 645 4806 33331133,
674 4730 777 4788 ratam
807 4723 1000 4789 habebimus
1030 4731 1063 4790 et
1095 4727 1252 4790 iaciemus
1283 4733 1416 4792 auctore
1439 4728 1581 4793 Domino
1610 4749 1714 4814 usque
1745 4727 1786 4791 ad
1817 4725 2080 4794 satisfactionem

423 4828 618 4913 condignam
642 4829 873 4893 iuviolabiliter
896 4829 1074 4895 observari.

528 4966 605 5031 Dat.
628 4967 781 5032 Lateran.
804 4965 922 5031 XVIII
944 4967 1020 5033 Kal.
1043 4967 1126 5048 Iulii,
1150 4987 1234 5032 anno
1258 4966 1351 5032 XIV.

524 5261 548 5326 ⁸)
565 5262 593 5314 ia
611 5281 700 5330 33333.
719 5271 820 5314 nostro.-
837 5263 921 5314 Nullis
938 5263 969 5313 lit
980 5279 997 5312 v
1009 5269 1035 5313 37
1047 5262 1074 5313 iu
1086 5279 1131 5328 pre
1149 5279 1164 5312 a
1181 5279 1209 5314 se
1226 5279 1242 5314 a
1259 5263 1326 5330 impe
1344 5265 1427 5316 333377
1444 5267 1475 5317 de
1493 5267 1528 5318 du
1546 5267 1572 5317 di
1589 5267 1616 5318 in
1633 5285 1651 5334 g
1668 5269 1741 5318 conci
1759 5268 1867 5318 edinen
1885 5268 1918 5318 33
1935 5267 2075 5320 dummodo
2130 5284 2159 5325 33

418 5348 460 5399 rel
481 5348 537 5414 (sic)
558 5359 597 5401 ter
614 5352 656 5402 331
674 5368 739 5418 quar
756 5367 814 5417 pars
832 5351 857 5401 nl
875 5357 947 5401 extra
964 5365 1037 5400 suom
1054 5349 1175 5401 diocesim
1192 5367 1241 5401 auc
1259 5367 1303 5417 pra
1320 5353 1353 5402 ad
1369 5353 1424 5403 indi
1441 5371 1493 5404 non
1510 5355 1634 5406 trabatur.

522 5502 549 5570 1)
570 5500 743 5554 Marcelliao.
836 5500 863 5567 2)
881 5499 906 5554 1.
926 5516 948 5554 e.
967 5500 1000 5554 de
1021 5499 1094 5557 07773
1116 5501 1147 5556 di
1170 5501 1298 5567 Castalio,
1324 5503 1438 5558 Aesoni.
1524 5505 1551 5571 3)
1570 5505 1595 5559 I.
1613 5519 1635 5558 c.
1658 5503 1692 5558 de
1710 5504 1898 5573 Montefellrc,
1922 5505 2075 5574 Hayola'ao.

416 5587 445 5654 4)
465 5587 489 5640 1.
500 5585 727 5652 3833733733εὲ,
743 5584 792 5654 qai
805 5585 942 5641 interdum
959 5589 984 5642 ct
995 5589 1142 5644 Rodiensis
1161 5589 1327 5657 vocatotar;
1346 5589 1473 5658 episcopo
1482 5589 1586 5657 Rufino
1596 5592 1635 5643 ΙΙ
1641 5606 1736 5646 nomen
1753 5597 1821 5646 crat.
1893 5589 2074 5658 [albinasico.

417 5672 445 5740 6)
465 5672 594 5726 Henrr'cc.
654 5674 681 5741 7)
700 5672 810 5727 Iacobo.
880 5675 908 5744 8)
928 5675 1117 5731 1113733νά733.
1179 5678 1206 5744 9)
1225 5675 1346 5730 Iohanni
1364 5675 1425 5730 111.
