4560 6420
134 5683 162 5726 18

785 377 986 437 uelsrousu
1003 380 1193 438 SELEC'I'AE.
1227 382 1304 436 1241.

1006 734 1093 807 816.

197 862 199 865 ’
327 843 518 955 (inoperire
546 872 604 938 IX
624 893 714 954 papa
743 873 860 937 Belem
888 893 989 955 repom
1017 873 1177 956 Unpariac
1203 873 1240 937 de
1268 873 1430 938 invasione
1460 873 1668 940 Tartaream
1697 876 1875 940 consolator

217 974 305 1056 eiam
326 974 442 1057 offieaa
464 976 629 1040 amcitiam
651 979 680 1039 et
700 976 861 1041 ancilium
876 977 1049 1056 promittit;
1076 977 1120 1042 ad
1139 977 1214 1042 haec
1235 978 1364 1041 nnntmt
1379 998 1491 1058 pacem
1512 999 1581 1044 enm
1603 979 1768 1046 Friderieo
1794 979 1875 1043 dicto

218 1080 402 1160 imperatore
430 1078 603 1160 refornmre
625 1084 779 1160 paratum
799 1099 832 1144 se
858 1099 937 1159 esse,
958 1081 989 1145 si
1009 1081 1091 1146 idern
1116 1086 1291 1146 reverenter
1312 1081 1357 1146 ad
1381 1083 1565 1148 mandatnm
1591 1084 1734 1150 eeclesiae
1759 1082 1874 1149 redeat.

221 1181 269 1267 Os.
292 1201 326 1247 n.
349 1185 424 1247 821.
1550 1189 1644 1266 1241,
1667 1186 1732 1251 Ial.
1756 1190 1787 1252 1.

325 1301 406 1370 Grec.
424 1302 474 1355 IX
491 1301 559 1371 Rea.
578 1301 642 1356 In‘t.
660 1301 726 1368 XV,
743 1307 807 1357 108.
844 1301 964 1357 Edimns
984 1302 1056 1358 hane
1079 1305 1224 1374 epistolam
1242 1321 1277 1359 ere
1295 1304 1389 1376 Rayn.
1406 1306 1480 1360 Ann.
1497 1307 1558 1360 eccl.
1576 1323 1601 1360 a.
1621 1309 1700 1370 1:241,
1722 1309 1875 1372 §et—28,

215 1387 342 1442 collatam
358 1404 420 1442 cnm
440 1389 564 1454 Theiner,
582 1389 660 1444 Mon.
679 1389 773 1457 Hune.
792 1395 812 1444 1.
831 1390 858 1456 1,
872 1406 902 1459 p.
920 1395 983 1455 185,
1001 1406 1028 1445 n.
1048 1394 1110 1459 342,
1128 1391 1177 1461 qni
1194 1391 1261 1461 Rea.
1278 1391 1433 1461 aasmipeit.

321 1474 460 1542 Potttast,
476 1474 543 1543 Rea.
561 1478 659 1530 11043.

719 1618 821 1693 Β919
847 1619 1014 1694 illustri
1041 1621 1135 1713 regi
1162 1620 1366 1714 ngarie.

331 1769 414 1834 Cum
436 1767 478 1834 ad
501 1767 643 1833 archana
665 1769 808 1853 pectoris
832 1768 950 1834 faciem
972 1772 1092 1835 mentis
1116 1772 1354 1854 convertimus,
1385 1773 1471 1837 inter
1492 1772 1572 1855 alia,
1601 1793 1664 1858 que
1687 1772 1728 1838 de
1752 1772 1874 1838 Christi

222 1871 373 1938 fidelibus
412 1873 473 1937 sub
508 1872 699 1937 diversitate
739 1879 923 1961 temporum
963 1875 1121 1960 elegimus
1158 1876 1416 1941 commendanda
1456 1877 1627 1958 memorie,
1665 1877 1875 1942 immaculate

217 1983 347 2040 tuorum
370 1977 617 2064 progenitorum
639 1975 721 2040 fides
745 1983 779 2042 et
802 1977 931 2042 sincera
959 1977 1092 2044 devotio
1122 1979 1218 2044 nobis
1242 1985 1417 2044 occurrunt
1439 1978 1546 2064 dignis
1570 1979 1721 2045 laudibus
1745 1980 1872 2067 specia-

217 2081 294 2145 liter
315 2080 508 2161 recolende,
537 2080 711 2167 presertim
741 2101 814 2144 cnm
841 2080 1104 2167 progenitoribus
1134 2083 1214 2168 ipsis
1246 2104 1312 2147 non
1344 2083 1450 2146 solum
1480 2082 1682 2148 derivatione
1706 2083 1873 2168 sanguinis

217 2190 269 2248 set
290 2184 420 2249 illorum
443 2184 680 2271 propagatione
704 2183 903 2266 succedens,
937 2206 976 2250 eo
1001 2185 1147 2250 crebrius
1170 2187 1205 2250 in
1228 2186 1324 2251 nobis
1347 2186 1478 2251 illorum
1508 2187 1699 2252 memoriam
1728 2186 1872 2266 refrices,

217 2308 280 2372 quo
304 2286 482 2353 eorundem
506 2287 653 2352 imitatus
676 2288 818 2373 vestigia
841 2288 931 2374 19999
954 2289 1159 2374 frequentius
1183 2296 1405 2376 representas.
1459 2289 1530 2355 Tun
1553 2312 1682 2376 quoque
1713 2291 1873 2355 serenitas

219 2391 264 2454 919
295 2413 427 2477 semper
454 2391 542 2455 circa
569 2392 742 2457 ecclesiam
771 2394 946 2458 affectione
977 2415 1059 2481 pura
1087 2400 1120 2458 et
1147 2395 1343 2458 inconcussa
1374 2395 1557 2458 constantia
1586 2395 1718 2476 claruit,
1745 2401 1782 2457 ut
1805 2395 1885 2458 suis,

216 2494 383 2580 obsequiis
418 2495 646 2582 oportunitatis
680 2503 829 2583 tempore
858 2518 894 2560 se
927 2497 1069 2562 offerens
1099 2504 1302 2578 reverenter,
1341 2497 1499 2562 honorem
1527 2497 1598 2562 eius
1630 2497 1716 2564 inter
1745 2504 1873 2563 eeteros

216 2597 305 2662 orbis
332 2597 497 2685 principes
524 2597 691 2663 ferventer
723 2601 859 2686 optarit,
894 2619 1035 2685 eumque
1063 2600 1239 2681 studuerit,
1274 2600 1426 2687 exposito
1462 2598 1504 2664 ad
1537 2601 1599 2666 hoe
1634 2623 1692 2666 sue
1727 2601 1873 2689 potentie

216 2701 360 2784 brachio,
385 2701 784 2768 indelessasollicitudine
800 2724 987 2788 procurare.
1025 2702 1134 2790 Digne
1159 2704 1268 2789 itaque
1292 2704 1357 2768 tuis
1380 2703 1607 2789 dictorumque
1627 2705 1871 2792 progenitorum

217 2807 428 2892 exigentibus
452 2806 577 2872 meritis
593 2805 742 2871 Romana
764 2808 916 2889 ccclesia,
937 2815 970 2872 te
988 2814 1079 2872 tante
1095 2807 1280 2872 devotionis
1304 2808 1398 2872 111919
1415 2807 1605 2893 insignitum
1628 2809 1713 2873 intra
1729 2809 1873 2872 claustra

219 2910 326 2974 cordis
350 2911 523 2975 9119911999
547 2911 705 2997 precipua
727 2911 878 2977 baiulans
909 2919 943 2976 et
971 2911 1056 2977 inira
1077 2913 1198 2978 mentis
1222 2911 1324 2977 ubera
1353 2911 1495 2977 brachiis
1526 2912 1725 2976 sinceritatis
1753 2910 1871 2975 astrin-

215 3034 308 3098 gens,
331 3015 389 3078 illo
412 3020 501 3078 tuam
523 3014 711 3100 privilegiet
733 3037 843 3080 amore
866 3036 1053 3102 personam,
1077 3022 1114 3080 ut
1137 3037 1209 3080 eam
1232 3015 1319 3080 inter
1341 3037 1437 3101 reges
1461 3015 1544 3080 91199
1568 3015 1690 3079 favoris
1714 3021 1748 3079 91
1767 3015 1872 3100 gratie

215 3117 424 3203 prerogativa
447 3119 564 3184 efferat
587 3119 758 3204 specialis,
791 3120 933 3185 maxime
962 3140 1038 3184 cum
1064 3120 1099 3184 in
1121 3127 1154 3184 te
1178 3119 1326 3184 derivata
1355 3127 1485 3190 tuorum
1509 3119 1672 3206 probitate
1698 3126 1872 3204 parentum

216 3220 424 3287 secundiores
447 3222 602 3286 virtutum
625 3222 750 3287 fructus
774 3244 816 3286 ex
839 3244 879 3288 ea
902 3223 1034 3308 colligat
1056 3225 1090 3288 19
1112 3226 1292 3312 propagine
1315 3224 1392 3304 filii,
1416 3245 1514 3309 quam
1537 3223 1711 3289 deradice
1734 3229 1873 3309 patema

217 3324 438 3408 provenirent.
482 3323 527 3388 Et
550 3325 680 3410 quidem
704 3327 751 3390 sic
774 3325 907 3408 honoris
931 3327 1012 3411 regii
1036 3327 1198 3392 zelatores
1222 3327 1404 3406 existimus,
1429 3328 1476 3391 sic
1492 3327 1586 3412 regni
1603 3327 1651 3390 tui
1667 3326 1872 3391 commodum

219 3427 325 3513 plenis
342 3427 516 3492 desideriis
534 3428 737 3510 affectamus,
760 3429 846 3515 quod
869 3429 910 3494 ad
934 3452 974 3496 ea
989 3430 1082 3516 vigili
1105 3430 1213 3496 studio
1236 3429 1369 3496 assidue
1385 3430 1604 3511 intendentes,
1628 3429 1721 3516 quasi
1739 3450 1871 3494 succes·

217 3552 309 3595 suum
334 3539 463 3597 tuorum
484 3531 677 3618 participes,
701 3533 843 3599 letamur
865 3535 1040 3621 plurimum
1062 3534 1103 3600 de
1126 3542 1182 3600 tue
1207 3533 1434 3623 prosperitatis
1461 3540 1637 3618 augmento
1668 3539 1701 3600 et
1729 3533 1873 3618 graviter

218 3632 259 3698 de
282 3634 490 3700 adversitatis
513 3636 709 3702 detrimento
733 3638 909 3703 tristamur.
954 3637 1069 3724 Nuper
1092 3646 1202 3705 autem
1226 3638 1352 3721 audito,
1383 3636 1469 3724 quod
1492 3659 1573 3723 gens
1597 3636 1808 3701 Tartarorum
1831 3635 1872 3700 ad

215 3761 352 3825 regnum
377 3740 524 3826 Ungarie
547 3762 664 3804 manus
686 3741 951 3828 depopulatrices
976 3743 1159 3809 extendens
1181 3742 1263 3808 adeo
1286 3744 1318 3806 in
1341 3745 1447 3830 ipsum
1471 3740 1652 3806 desolatrix
1674 3739 1813 3820 insevit,
1836 3745 1872 3802 91

216 3843 326 3929 gladio
350 3845 421 3909 eius
445 3843 666 3909 habitatorum
688 3845 777 3910 illius
800 3846 960 3931 sanguine
984 3849 1173 3912 continuata
1197 3846 1277 3912 cede
1300 3845 1465 3927 madente,
1487 3845 1558 3910 diro
1579 3843 1660 3908 illud
1678 3843 1871 3908 exterminio

218 3947 410 4030 devastarit,
437 3949 546 4034 gravis
575 3947 697 4012 doloris
725 3950 892 4015 extitimus
921 3952 1043 4037 sagitta
1073 3951 1217 4037 perculsi
1245 3956 1401 4035 tantaque
1432 3947 1656 4013 amaritudinis
1685 3947 1789 4033 991911
1813 3947 1872 4010 ab·

216 4050 355 4134 sinthio,
386 4058 422 4116 ut
444 4053 529 4118 oculi
551 4053 701 4139 protinus
724 4055 866 4140 copiosis
899 4055 1122 4142 exprimerent
1145 4053 1288 4119 lacrimis
1312 4052 1419 4117 cordis
1443 4053 1610 4116 tristitiam
1631 4049 1872 4116 vehementem.

215 4153 259 4217 Et
287 4176 327 4219 eo
357 4156 488 4221 maioris
522 4156 718 4222 turbationis
749 4158 839 4224 nube
873 4159 1111 4247 respergimur,
1146 4179 1210 4244 quo
1242 4165 1276 4225 tc
1304 4157 1406 4223 nobili
1436 4157 1575 4222 ecclesie
1601 4154 1750 4221 membro
1782 4159 1873 4218 tanta

216 4263 344 4324 tuorum
376 4265 486 4345 strage
515 4259 658 4325 fidelium
688 4267 757 4325 tarn
788 4262 964 4328 crudeliter
981 4263 1180 4344 vulnerato,
1213 4262 1387 4327 ecelesiam
1411 4261 1515 4347 ipsam
1539 4259 1717 4324 sauciatam
1740 4257 1872 4342 gravius

216 4360 436 4450 deploramus.
481 4363 606 4429 Verum
629 4373 927 4453 quantumcumque
951 4367 994 4431 sit
1017 4388 1112 4432 casus
1136 4367 1198 4432 iste
1215 4367 1415 4455 dampnosus
1439 4371 1473 4430 ct
1496 4361 1693 4449 gemendum
1711 4360 1868 4426 Christia-

216 4486 331 4531 norum
354 4465 519 4532 excidium
541 4467 630 4532 illius
654 4469 761 4553 gentis
784 4469 915 4534 feritate
938 4476 1117 4556 patratum,
1149 4467 1190 4534 ad
1219 4490 1293 4535 cum
1323 4477 1434 4533 tamen
1457 4468 1571 4533 oculos
1595 4465 1714 4531 mentis
1737 4465 1871 4530 elevans

214 4571 308 4635 etin
334 4571 406 4657 1999
434 4571 534 4635 191199
567 4572 638 4659 9991
672 4569 803 4637 ordiens
837 4573 1100 4655 fundamentum,
1135 4574 1190 4660 qui
1223 4575 1285 4638 etsi
1319 4572 1514 4658 quandoque
1550 4571 1583 4635 in
1614 4569 1771 4657 populum
1800 4569 1871 4634 eius

214 4673 379 4758 flagellum
413 4675 534 4740 iaculet
566 4675 698 4740 ultionis
736 4676 938 4741 immanitate
974 4676 1136 4742 scelerum
1170 4676 1370 4741 intolerabili
1404 4675 1604 4762 expetitum,
1646 4672 1870 4738 misericordie

214 4783 323 4842 tamen
345 4800 471 4844 memor
493 4785 570 4866 post
596 4777 771 4867 discipline
802 4781 945 4867 rigorem
971 4781 1141 4846 lenitatem
1169 4779 1303 4846 adhibet
1328 4779 1460 4864 pietatis
1488 4785 1522 4844 91
1550 4784 1626 4864 9991
1656 4777 1871 4864 correptionis

214 4881 340 4966 virgam
361 4903 495 4948 manum
519 4883 751 4954 consolationis
775 4885 935 4967 extendit,
961 4885 1018 4950 illo
1041 4885 1157 4950 ardore
1180 4880 1258 4947 fidei
1282 4887 1395 4946 contra
1410 4880 1558 4947 eiusdem
1574 4880 1682 4966 gentis
1699 4879 1871 4966 perfidiam

214 4984 405 5049 accendaris
429 5008 533 5074 eaque
557 4991 742 5054 constantia
769 4989 877 5054 cordis
907 4988 1064 5053 adversus
1097 4993 1234 5052 conatus
1262 4985 1420 5050 muniaris
1450 4983 1558 5064 illius,
1587 4982 1739 5046 invocato
1767 4981 1870 5046 unde-

214 5109 342 5174 cunque
366 5095 462 5175 potes
479 5093 612 5172 auxilio,
636 5101 673 5155 ut
695 5093 765 5156 eius
790 5091 987 5178 tyrampnidi
1009 5092 1138 5156 divine·
1159 5091 1219 5154 tibi
1242 5089 1379 5154 dextere
1401 5087 1547 5175 potentie
1570 5085 1747 5150 assistente
1763 5085 1871 5149 resisti

214 5213 359 5277 suusque
382 5215 558 5281 processus
582 5194 623 5259 ab
647 5195 784 5259 aliamvm
808 5195 980 5280 regionum
1004 5195 1199 5260 exterminio
1221 5191 1389 5278 prohiberi
1410 5190 1529 5255 valeat.
1567 5188 1638 5254 Nos
1661 5189 1749 5253 enim
1772 5210 1872 5275 super

213 5296 277 5360 hiis
301 5295 451 5380 diligenti
479 5296 700 5364 sollicitudine
724 5299 899 5385 vigilantes
923 5301 1122 5366 excellentie
1145 5307 1202 5364 tue
1225 5299 1258 5362 in
1281 5303 1371 5362 tante
1395 5295 1605 5361 necessitatis
1628 5295 1767 5359 articulo
1790 5315 1869 5358 eon-

214 5402 322 5467 silium
346 5409 380 5466 et
402 5402 571 5485 auxilium,
593 5411 690 5490 prout
710 5407 889 5492 poterimus
898 5403 924 5487 b,
947 5405 1066 5470 efficax
1088 5401 1326 5491 impendemus,
1349 5407 1382 5466 19
1406 5420 1537 5487 semper
1559 5405 1713 5484 tanquam
1737 5396 1868 5460 carissi-

318 5663 343 5728 Ι1)
368 5662 410 5722 Tu·
423 5682 476 5732 pro
493 5664 581 5714 divine
598 5681 641 5729 “p-
660 5663 745 5730 Romi·
763 5667 855 5732 valeat,
874 5669 942 5734 pamel
960 5667 1055 5719 ideireo
1073 5665 1101 5716 in
1112 5667 1168 5732 fine
1186 5665 1305 5715 onomaton
1323 5673 1367 5715 cvl.
1455 5660 1481 5728 ⁵)
1505 5661 1548 5720 T.,·
1566 5660 1724 5728 potuerimus
1743 5656 1827 5726 Rapa.
