4596 6406
441 413 504 474 670
1052 402 1099 456 Ex
1118 398 1293 456 ennoean
1311 398 1350 454 lX
1369 396 1550 454 REGISTRO

439 580 585 646 omnium
608 585 825 666 proventuum
847 582 881 642 et
903 581 1008 641 toturn
1030 575 1129 656 lueri,
1160 595 1222 660 que
1252 573 1295 638 ad
1321 574 1425 659 ipsam
1455 573 1703 639 universitatem
1727 596 1786 639 seu
1814 575 1855 640 ad
1886 581 2096 646 consulatum

439 706 552 750 eorum
580 680 818 770 perveniebant
844 702 864 745 a
893 679 1065 745 duodecim
1095 678 1238 744 denariis
1270 699 1383 764 supra,
1419 677 1642 744 succedebant
1674 681 1704 744 ei
1736 680 1789 745 vel
1816 683 1881 764 eis,
1910 705 1993 770 quos
2023 689 2097 754 sine

438 787 561 853 herede
584 785 745 852 decedere
777 784 1002 870 contingebat,
1030 781 1236 869 accipiebant
1261 782 1349 846 bona
1375 783 1526 846 vacantia
1552 788 1619 846 tarn
1646 783 1680 846 in
1709 785 1825 850 eodem
1856 795 1964 854 castro
1996 813 2096 876 quarn

439 891 603 971 incuria,
632 896 666 954 et
689 888 902 974 imponebant
924 885 1109 952 hominibus
1139 886 1242 972 ipsius
1273 885 1370 949 castri
1398 884 1591 970 quandoque
1619 888 1807 969 collectam,
1836 889 2096 976 honorabantur,

440 995 667 1060 salutabantur
690 999 723 1057 et
745 990 1022 1078 presentabantur
1044 996 1209 1074 tamquam
1231 988 1353 1052 domini
1376 986 1418 1051 ab
1442 987 1578 1068 eisdem,
1599 988 1764 1054 habebant
1786 991 1820 1055 in
1843 995 1959 1060 eodem
1984 1006 2095 1064 castro

439 1098 596 1184 palatium
619 1103 653 1162 et
675 1097 747 1162 eius
769 1101 893 1160 turrem
917 1094 969 1159 vel
994 1112 1161 1157 caesarum
1183 1089 1388 1156 detinebant:
1413 1090 1476 1176 ipsi
1500 1091 1686 1156 huiusmodi
1702 1096 1913 1179 possessione
1929 1101 1983 1164 vel
2000 1103 2097 1187 quasi

440 1203 584 1266 omnium
607 1200 828 1286 predictorum
843 1200 896 1264 vel
913 1198 1115 1282 singulorum
1133 1194 1271 1260 cundem
1287 1194 1509 1259 marchionem
1528 1201 1653 1260 temere
1670 1198 1861 1281 spoliantes,
1884 1204 2099 1269 venientem·

440 1305 661 1369 marchionem
685 1311 718 1369 et
739 1304 871 1368 nuntios
895 1323 954 1366 seu
982 1306 1212 1389 procuratores
1236 1319 1323 1379 suos,
1347 1305 1383 1362 ut
1405 1304 1577 1363 uterentur
1598 1302 1808 1384 possessione
1825 1306 1876 1369 vel
1900 1309 1995 1392 quasi
2018 1331 2097 1395 pre-

441 1408 601 1473 dictorum
617 1409 671 1472 vel
695 1407 908 1493 singulorum,
931 1427 997 1470 ncn
1013 1403 1214 1468 admiserunt
1238 1407 1271 1466 et
1292 1402 1442 1466 volentes
1463 1401 1510 1465 uti
1525 1401 1771 1487 prohibuerunt,
1796 1414 1829 1471 et
1852 1420 2099 1496 occupaverunt

441 1519 475 1576 et
495 1517 726 1598 perceperunt,
751 1532 809 1574 seu
832 1510 1069 1574 mandaverunt
1090 1504 1276 1572 hominibus
1299 1505 1402 1593 ipsius
1426 1506 1540 1583 castri,
1569 1527 1610 1570 ne
1634 1506 1675 1572 de
1698 1509 1854 1594 predictis
1877 1514 1931 1577 vel
1954 1515 2095 1601 singulis

444 1616 601 1702 predictis
624 1614 806 1679 marchioni
838 1621 871 1679 et
894 1613 962 1677 suis
984 1612 1107 1677 nuntiis
1131 1631 1190 1675 seu
1218 1608 1483 1696 procuratoribus
1513 1609 1759 1695 responderent.
1812 1613 1897 1679 Item
1927 1640 1992 1684 non
2021 1642 2099 1708 per-

441 1719 575 1784 mittunt
598 1719 766 1800 consules,
801 1716 980 1783 consiliarii
1009 1722 1043 1781 et
1064 1715 1261 1780 universitas
1284 1715 1373 1800 ipsos
1397 1713 1619 1778 marchionem
1642 1722 1676 1780 et
1698 1717 1830 1781 nuntios
1854 1741 1914 1784 seu
1937 1743 2096 1808 procura-

441 1828 530 1886 tores
555 1843 633 1886 suos
667 1821 852 1907 predictum
885 1827 1028 1885 castrum
1058 1818 1182 1883 intrare
1209 1816 1252 1882 ad
1279 1816 1491 1903 percipienda
1518 1815 1683 1903 predicta:
1714 1826 1781 1884 tam
1808 1824 1976 1908 palatium.
1998 1849 2099 1913 quam

443 1946 608 1990 cassanum
644 1932 677 1990 et
707 1932 830 1990 turrem
861 1943 927 1988 non
960 1923 1031 1988 sine
1063 1943 1182 2006 magno
1215 1920 1354 2007 dampno
1385 1926 1418 1985 et
1448 1921 1539 2005 gravi
1569 1920 1718 1986 eiusdem
1746 1926 1944 1993 marchionis
1977 1931 2099 1997 iniuria

441 2028 684 2093 destruxerunt.
733 2028 829 2094 Unde
860 2034 938 2112 peto
966 2026 1008 2091 ab
1036 2025 1152 2090 eodem
1181 2030 1307 2104 actore,
1343 2024 1468 2088 sindico
1497 2045 1555 2088 seu
1586 2033 1796 2110 procuratore
1824 2032 1957 2097 nomine
1989 2034 2096 2120 ipsius

441 2133 663 2197 universitatis
693 2132 771 2196 mihi
806 2132 933 2197 restitui
966 2130 1097 2194 nornine
1129 2128 1326 2193 marchionis
1364 2127 1507 2191 omnium
1540 2128 1774 2213 premissorum
1802 2133 1855 2197 vel
1890 2136 2097 2221 singulorum

442 2237 689 2322 possessionem
717 2236 770 2300 vel
799 2236 893 2321 quasi
921 2256 993 2300 eum
1024 2232 1184 2298 fructibus
1216 2232 1292 2296 inde
1322 2231 1488 2317 perceptis
1523 2237 1556 2295 et
1591 2232 1645 2315 qui
1679 2234 1805 2320 percipi
1835 2244 2027 2321 potuerunt,
2063 2248 2098 2305 et

442 2339 673 2405 nichilominus
695 2338 795 2404 michi
818 2339 969 2404 resarciri
992 2337 1081 2402 dicta
1103 2336 1244 2422 dampna
1267 2341 1301 2400 et
1324 2334 1475 2400 satisfieri
1503 2333 1543 2400 de
1574 2335 1701 2400 iniuriis
1726 2337 1771 2402 sie
1794 2340 1894 2405 illatis
1915 2350 1949 2406 et
1971 2343 2012 2408 de
2035 2365 2098 2408 ex-

442 2445 555 2531 pensis
578 2445 672 2508 sectis
697 2450 729 2508 ot
751 2443 908 2509 faciendis
932 2444 966 2507 in
989 2443 1065 2517 lite;
1087 2442 1213 2506 fructus
1236 2445 1411 2526 perceptos
1428 2444 1462 2503 et
1480 2439 1535 2524 qui
1555 2440 1681 2526 percipi
1701 2448 1877 2527 potuerunt
1900 2451 1933 2509 et
1955 2446 2100 2534 dampna

443 2554 476 2612 et
499 2547 633 2612 iniurias
656 2547 780 2612 extimo
803 2549 892 2612 mille
909 2568 1035 2612 marcas
1049 2547 1187 2631 argenti,
1210 2546 1300 2609 salvo
1319 2544 1389 2608 iure
1406 2542 1545 2608 addendi
1566 2543 1655 2625 etci’,
1679 2547 1778 2610 salvis
1794 2549 1945 2615 omnibus
1963 2553 2099 2617 rationi-

443 2652 506 2716 bus
534 2658 568 2716 et
601 2650 847 2716 defensionibus
877 2651 1098 2716 universitatis
1127 2650 1225 2714 castri
1247 2648 1358 2733 Pregii
1386 2646 1666 2733 competentibus.’
1723 2648 1926 2719 Deutesalve
1955 2655 2102 2721 sindicus

443 2762 477 2820 et
499 2761 693 2841 procurator
721 2755 945 2821 universitatis
969 2755 1069 2820 castri
1091 2755 1203 2839 Pregii
1226 2754 1317 2818 litem
1341 2752 1554 2818 contestando
1583 2757 1683 2837 negat
1709 2761 1841 2821 narrata
1863 2779 1942 2822 vera
1964 2761 2045 2827 esse'
2064 2770 2103 2827 ut

443 2865 631 2939 narrantur,
660 2865 694 2923 et
716 2858 795 2923 dicit
816 2859 922 2946 petita
944 2859 1014 2924 fieri
1036 2880 1101 2923 non
1126 2857 1258 2922 debere.
1304 2855 1497 2943 Superque
1521 2876 1595 2919 cum
1618 2876 1677 2941 per
1707 2857 1867 2924 sindicum
1897 2863 2102 2930 antedictum

443 2962 485 3025 lis
508 2961 627 3026 fuisset
649 2962 810 3046 legittime
835 2967 1020 3026 contestata
1043 2969 1077 3027 et
1099 2961 1322 3026 confessiones
1346 2981 1384 3024 ac
1406 2957 1614 3046 probationes
1638 2959 1702 3023 alie
1730 2959 1806 3026 binc
1829 2963 1905 3030 inde
1928 2967 2101 3052 producte,

442 3066 504 3129 tuit
528 3066 713 3152 superbiis
736 3066 822 3131 inter
844 3072 954 3152 partes
978 3066 1099 3131 diutius
1122 3065 1351 3151 disceptatum.
1407 3061 1494 3127 Sane
1523 3061 1669 3147 predicto
1698 3064 1886 3133 marchione
1909 3070 1995 3134 viam
2025 3073 2100 3137 uni-

444 3189 542 3233 verse
566 3169 673 3233 carnis
696 3169 864 3254 ingresso,
888 3168 995 3234 Guido
1019 3176 1052 3235 et
1074 3169 1259 3254 Huguicio,
1282 3168 1340 3231 filii
1362 3187 1400 3230 ac
1424 3186 1634 3230 successores
1658 3167 1821 3251 eiusdem,
1845 3191 1884 3235 ac
1907 3181 2102 3259 procurator

444 3271 590 3357 ipsorum
617 3271 802 3336 huiusmodi
829 3274 999 3357 negotium
1026 3279 1265 3359 prosequentes
1293 3271 1501 3357 questionem
1529 3269 1722 3354 premissam
1750 3275 1917 3339 terminari
1947 3297 2021 3340 cum
2050 3279 2102 3344 in-

445 3374 566 3438 stantia
587 3375 762 3461 petierunt.
808 3376 867 3441 Set
889 3377 1019 3442 domino
1044 3377 1165 3441 Ottone
1189 3397 1289 3441 causa
1315 3373 1490 3459 legationis
1514 3373 1547 3436 in
1570 3372 1691 3458 Anglia
1721 3373 1762 3439 de
1792 3378 1882 3441 curia
1911 3380 2102 3464 recedente,

446 3476 596 3543 dominus
625 3499 711 3565 papa
740 3479 879 3545 eandem
911 3501 1042 3545 eausam
1070 3481 1200 3545 domino
1223 3478 1342 3564 Egilio
1367 3478 1560 3542 Sanctorum
1584 3475 1703 3542 Cosme
1727 3484 1761 3543 et
1783 3479 1936 3546 Damiani
1959 3483 2102 3550 diacono

446 3580 603 3645 cardinali
627 3582 822 3649 audiendam
846 3585 1024 3658 commisit;
1054 3604 1163 3649 coram
1187 3605 1250 3668 quc
1274 3603 1347 3647 cum
1371 3588 1461 3647 esset
1483 3580 1605 3645 diutius
1629 3581 1848 3667 disputatum,
1872 3587 1945 3672 ipso
1969 3588 2102 3655 domino

444 3685 485 3750 E.
510 3707 545 3750 se
575 3685 615 3751 de
647 3688 736 3752 ouria
759 3689 972 3771 absentante,
1002 3688 1151 3753 dominus
1182 3709 1270 3774 papa
1291 3686 1387 3752 nobis
1415 3685 1456 3752 R.
1479 3684 1624 3749 Ostiensi
1653 3693 1687 3750 et
1708 3686 1910 3753 Velletrensi
1942 3692 2103 3778 episcopo

445 3788 626 3876 predictam
665 3811 799 3856 causam
836 3792 1032 3857 audiendam
1072 3792 1244 3857 commisit.
1308 3790 1377 3854 Nos
1414 3790 1513 3874 igitur
1541 3789 1580 3855 R.
1611 3789 1777 3856 Ostiensis
1812 3800 1846 3858 et
1879 3793 2103 3862 Velletrensis

446 3894 631 3981 episcopus,
655 3917 727 3960 cum
752 3897 868 3962 eadem
891 3919 991 3962 causa
1013 3899 1173 3962 instructa
1194 3896 1341 3982 plenarie
1365 3894 1481 3959 fuisset
1503 3893 1544 3958 ad
1568 3893 1769 3960 audientiam
1792 3904 1938 3962 nostram
1961 3900 2102 3986 perlata,

445 3999 526 4063 visis
550 3999 700 4064 omnibus
724 4001 806 4064 actis
828 4001 938 4065 iudicii
961 4008 994 4067 et
1026 4000 1288 4066 confessionibus
1316 4019 1355 4063 ac
1383 3998 1632 4084 probationibus
1663 3999 1735 4063 aliis
1767 4022 1809 4064 ox
1838 4009 1975 4088 utraque
2005 4011 2102 4090 parte

445 4101 629 4188 productis,
662 4103 781 4168 auditis
810 4105 1041 4170 nichilominus
1064 4103 1334 4190 allegationibus,
1367 4101 1546 4167 rationibus
1570 4102 1645 4166 hinc
1670 4103 1801 4169 atinde
1826 4111 1860 4169 et
1881 4106 2033 4171 omnibus
2057 4109 2100 4172 ab

445 4210 583 4291 utraque
611 4212 705 4290 parte
737 4207 932 4295 propositis,
965 4214 1140 4295 postquam
1173 4207 1235 4272 fuit
1271 4207 1321 4272 ab,
1341 4211 1478 4289 utraque
1509 4210 1602 4291 parte
1634 4207 1857 4272 renuntiatum
1887 4215 1921 4273 et
1948 4211 1982 4273 in
2013 4210 2104 4276 diota

447 4329 546 4373 causa
568 4309 768 4391 conclusum,
792 4310 922 4376 dominc
946 4333 1031 4398 pape
1055 4319 1088 4376 et
1110 4311 1265 4376 iratribus
1289 4309 1411 4396 pluries
1435 4307 1579 4373 fideliter
1601 4310 1761 4391 recitatis,
1785 4311 1825 4376 de
1849 4313 1952 4399 ipsius
1976 4313 2103 4380 domini

445 4432 531 4498 pape
567 4412 704 4497 speciali
735 4415 887 4479 mandato
917 4415 1083 4501 predictos
1107 4413 1289 4479 Guidonem
1319 4418 1352 4478 et
1380 4413 1622 4497 Huguicionem
1653 4421 1686 4477 et
1714 4423 1958 4500 procuratorem
1987 4440 2102 4484 eorum

446 4515 480 4579 in
503 4515 747 4600 possessionem
769 4519 824 4582 vol
847 4519 941 4604 quasi
964 4540 1088 4600 eorum,
1112 4540 1174 4604 que
1197 4519 1231 4582 in
1251 4516 1365 4582 libello
1389 4524 1557 4602 petuntur,
1581 4517 1802 4583 restituendos
1826 4520 2042 4604 decernimus,
2068 4529 2103 4588 et

448 4617 713 4683 communitatem
737 4625 771 4684 et
793 4620 942 4686 homines
966 4622 1064 4685 castri
1078 4622 1216 4708 predicti
1233 4627 1267 4686 et
1284 4620 1446 4685 sindicum
1462 4642 1574 4686 eorum
1590 4622 1631 4686 ad
1647 4623 1887 4688 restitutionem
1903 4623 2101 4706 faciendam,

447 4719 489 4784 ad
518 4719 737 4786 obediendum
772 4730 805 4788 et
840 4726 1020 4811 parendum
1052 4725 1178 4791 eisdem
1208 4725 1242 4788 in
1270 4725 1442 4811 premissis
1472 4747 1532 4811 per
1558 4725 1765 4791 diffinitivam
1796 4728 1993 4793 sententiam
2022 4751 2101 4795 cou-

448 4822 673 4907 dempnamus.
717 4825 782 4889 Pro
806 4823 954 4911 dampnis
976 4849 1055 4893 vero
1079 4827 1164 4892 datis
1188 4832 1221 4892 et
1244 4826 1464 4892 destructione
1488 4829 1600 4914 palatii
1632 4836 1665 4894 et
1693 4831 1790 4895 turris
1821 4837 1854 4896 et
1884 4833 2007 4898 cassari
2038 4855 2101 4899 nec

446 4947 512 4990 non
534 4946 593 5011 pro
616 4925 774 4992 fructibus
799 4927 874 4993 inde
897 4931 1061 5018 perceptis
1086 4936 1119 4995 et
1141 4930 1197 5016 qui
1224 4931 1349 5017 percipi
1380 4937 1574 5017 potuerunt,
1604 4935 1764 5018 partiumc
1787 4935 1999 5002 extimatione
2023 4958 2101 5023 pre-

447 5030 550 5094 missa
571 5035 604 5094 et
626 5031 804 5096 taxationis
828 5031 1052 5100 moderatione
1077 5039 1204 5116 secuta,
1233 5035 1414 5099 iuramento
1439 5057 1538 5122 super
1568 5037 1684 5102 eadem
1715 5040 1929 5105 extimatione
1958 5041 2100 5106 nichilo-

447 5136 555 5199 minus
577 5136 715 5220 prestito
739 5157 759 5199 a
780 5134 911 5202 domino
938 5137 1083 5203 Henricc
1106 5138 1295 5204 marchione
1326 5145 1476 5205 curatore
1500 5138 1660 5206 Guidonis
1681 5148 1715 5206 et
1737 5149 1844 5208 tutore
1866 5143 2099 5229 Huguicionis,
2170 5168 2182 5206 s

447 5259 468 5302 a
490 5235 585 5302 nobis
608 5236 763 5323 predictis
793 5239 974 5306 minoribus
1004 5241 1079 5306 dato
1109 5242 1151 5306 ad
1180 5243 1286 5324 litem,
1318 5244 1584 5309 communitatem
1614 5252 1648 5310 et
1676 5245 1826 5311 homines
1856 5248 2038 5313 antedictos
2068 5257 2102 5315 et

448 5340 609 5406 sindicum
636 5362 748 5406 eorum
775 5341 921 5428 ipsorum
950 5345 1081 5410 nomine
1112 5345 1153 5410 sd
1185 5347 1381 5412 solutionem
1411 5354 1445 5413 et
1471 5349 1710 5416 restitutionem
1738 5351 1990 5436 quingentarum
2013 5375 2102 5419 mar-

552 5602 574 5667 ΙΙ)
593 5605 653 5670 quia
671 5605 816 5657 venientem
835 5605 867 5658 R.
983 5606 1006 5671 Ι’)
1025 5608 1046 5658 si
1064 5611 1159 5661 maiora
1182 5611 1279 5662 luerint
1299 5611 1408 5678 dampna
1430 5621 1457 5663 ct
1478 5628 1601 5680 expense,
1626 5615 1667 5664 sel
1691 5615 1786 5664 ancilis
1807 5617 1884 5666 verba
1908 5617 1936 5667 ia
1958 5616 2103 5670 arsfflmtico

447 5696 533 5739 remla
551 5706 603 5738 ease
619 5690 753 5752 radam,-
771 5693 805 5758 cf.
819 5711 849 5758 p.
869 5695 928 5756 621,
944 5701 996 5743 not.
1015 5695 1037 5745 b.
1135 5695 1157 5760 ⁰)
1176 5705 1259 5762 partos
1278 5698 1309 5748 Ii.
