4524 6412
433 401 494 465 324
1011 391 1059 454 ux
1078 391 1252 456 uuuuouss
1270 401 1308 456 IX
1327 399 1507 458 REGIS'PRO

431 573 670 638 fraternitatem
693 579 782 638 tuam
805 594 972 658 rogamus,
1005 594 1175 639 monemus
1199 580 1233 638 et
1255 574 1423 640 hortamur
1445 581 1586 656 attente,
1617 595 1677 661 per
1699 577 1880 663 apostolica
1903 575 2025 664 scripta
2046 577 2081 642 in

431 676 552 742 virtute
579 674 769 741 obedientie
803 682 837 741 et
868 675 936 740 sub'
964 674 1075 742 debito
1109 676 1284 742 iuramenti
1316 675 1462 742 districte
1493 677 1703 763 precipiendo
1733 678 1942 762 mandantes,
1974 701 2013 745 ao
2047 680 2081 744 in

432 768 659 843 remissionem
679 779 913 865 peccaminum,
937 785 1003 843 tam
1026 785 1156 845 tuorum
1173 799 1270 865 quam
1286 799 1398 844 eorum
1421 779 1476 865 qui
1499 780 1532 843 in
1551 780 1744 866 obsequium
1764 782 1903 848 ecclesie
1920 782 2079 862 venerint,

431 882 650 966 iniungentes,
674 887 835 967 quatenus
859 883 944 946 sicut
965 881 1108 948 divinam
1131 890 1165 948 et
1187 890 1333 948 nostram
1355 884 1494 968 gratiam
1517 904 1625 947 caram
1649 883 1766 964 habes,
1789 906 1914 950 memor
1928 884 2023 970 quod
2045 885 2080 948 in

431 984 630 1049 necessitate
663 984 871 1050 necessitudo
905 987 1077 1071 probatur,
1112 985 1153 1051 ad
1188 1007 1248 1052 uos
1277 987 1495 1073 personaliter
1523 987 1635 1052 venire
1665 1007 1738 1051 cunr
1768 1007 1910 1072 congruo
1939 987 2080 1053 exfortio
2162 1001 2169 1009 '

431 1086 625 1152 bellatorum
650 1088 702 1152 vel
730 1087 860 1153 mittere
880 1089 962 1166 ,sine
985 1089 1157 1176 dispendio
1187 1111 1278 1155 more
1301 1111 1474 1176 procures,
1504 1090 1645 1154 ecclesie
1668 1089 1814 1155 Romane
1837 1091 1884 1155 ita
1906 1111 1949 1155 ex
1972 1091 2081 1154 animo

432 1183 627 1271 serviturus,
656 1189 742 1275 quod
770 1212 813 1256 ex
843 1189 955 1256 debito
971 1193 1133 1257 meritum
1165 1193 1225 1257 tibi
1254 1214 1440 1278 compares,
1469 1199 1513 1257 et
1532 1213 1593 1256 nos
1622 1190 1829 1257 devotionem
1855 1199 1944 1256 tuam
1972 1191 2082 1276 dignis

432 1290 611 1357 debeamus
634 1294 787 1378 prosequi
810 1293 1079 1360 retributionibus
1103 1296 1291 1381 gratiarum.
1325 1303 1333 1310 '
1849 1279 1850 1284 ἵ

539 1409 616 1492 Dat
639 1427 778 1509 Perusii,
801 1428 836 1492 11
858 1403 933 1497 Kal.
957 1429 1073 1496 Octob.
1097 1433 1306 1518 pontificatus
1328 1432 1432 1497 nostri
1454 1385 1549 1496 antrox
1562 1429 1622 1495 ΙΙΙ.

1052 1742 1462 1752 ..m-ffl-

1213 2039 1301 2123 405.

545 2180 735 2291 Gregorius
757 2207 808 2271 IX
829 2227 917 2288 popa
937 2205 1111 2290 [Heurtco]
1131 2206 1359 2288 archiepiscopo
1380 2203 1614 2270 Mediolanensi
1635 2207 1665 2268 ct
1688 2204 1812 2270 &alu
1831 2202 1935 2288 fratri
1956 2151 2081 2271 udicis

432 2311 689 2376 Praedicatorum
702 2309 842 2387 maudut,
864 2312 900 2372 ut
914 2308 1105 2373 Lombardos
1119 2309 1260 2386 excitem,
1282 2312 1318 2384 ut
1327 2308 1481 2389 wopuoe
1495 2306 1593 2371 solun
1610 2305 1802 2372 amaricatos
1823 2306 1891 2370 siae
1913 2326 2002 2372 mora
2022 2308 2085 2373 siti
2168 2363 2172 2372 .

431 2417 627 2478 emarcuerat.
675 2410 724 2495 Os.
747 2430 780 2475 u.
802 2413 875 2489 385,
898 2412 961 2475 395
984 2415 1012 2475 et
1034 2411 1107 2474 396.
1763 2409 1856 2487 1229,
1880 2407 1944 2474 Oct.
1967 2411 1996 2474 9.

535 2547 616 2617 (ἔτερ.
629 2547 679 2600 IX
689 2547 755 2616 Req.
768 2546 831 2601 Isiu.
845 2549 904 2610 ΙΙΙ,
918 2549 962 2600 86.
998 2546 1117 2601 Edimus
1135 2547 1204 2601 tuuc
1216 2548 1359 2617 epistolum
1377 2565 1412 2602 ea
1425 2547 1514 2618 Rapo.
1529 2549 1600 2600 Aua.
1619 2545 1681 2600 eccl.
1700 2561 1726 2598 a.
1739 2549 1818 2613 1229,
1835 2548 1852 2610 ἕ
1865 2548 1910 2624 33,
1930 2548 2085 2616 suppletam

432 2652 467 2689 cx
483 2634 596 2702 Suuiots‘,
618 2635 686 2688 Aua.
705 2631 801 2701 Belou.
820 2637 838 2687 t.
860 2634 918 2696 ΙΙΙ,
937 2636 963 2695 2,
980 2649 1008 2685 u.
1028 2636 1073 2686 85.

535 2719 673 2783 Poteras,
692 2716 761 2786 Bag.
780 2719 862 2772 8459.

612 2945 960 3038 Arehiepiseopo
987 2946 1315 3024 Mediolanensi
1342 2955 1383 3024 et
1409 2949 1540 3024 fratri
1568 2947 1705 3021 Guale
1734 2945 1902 3019 ordinis

978 3075 1165 3150 fratrum
1193 3077 1542 3152 Predicatorum.

540 3234 674 3298 Utinam
698 3227 864 3316 nunqu'am
886 3230 1064 3295 Lombardi
1087 3253 1122 3297 se
1145 3234 1266 3299 nostris
1290 3233 1455 3319 obsequiis
1478 3233 1685 3313 obtulissent,
1707 3231 1832 3296 utinam
1855 3253 2019 3318 nunquam
2041 3234 2083 3299 ab

433 3338 515 3424 ipsis
544 3335 675 3421 aliquod
707 3333 865 3399 auxilium
898 3355 1138 3420 sperassemus,
1171 3336 1324 3421 quoniam
1358 3338 1437 3402 satis
1472 3337 1554 3401 alias
1588 3335 1703 3400 honori
1737 3335 1877 3400 ecclesie
1909 3337 2082 3401 consulere

433 3447 637 3527 poteramus,
660 3437 724 3501 nisi
746 3437 823 3520 quia
845 3436 996 3502 nolentes
1020 3437 1068 3501 eis
1091 3437 1284 3504 subtrahere
1307 3439 1478 3505 dexteram
1501 3437 1710 3517 adiutricem,
1733 3438 2025 3524 supplicationibus
2049 3445 2083 3504 et

432 3542 703 3631 promissionibus
735 3541 978 3625 acquievimust
1010 3539 1198 3606 eorundem.
1257 3542 1323 3608 Sed
1350 3542 1427 3607 dum
1455 3563 1587 3607 causam
1615 3561 1728 3606 eorum
1755 3541 1789 3604 in
1819 3539 1935 3606 alienis
1963 3541 2083 3606 finibus

432 3648 559 3712 utiliter
589 3665 778 3731 ageremus,
814 3643 891 3708 dum
924 3641 1163 3708 refrenaremus
1192 3646 1349 3732 impetum
1376 3645 1502 3709 inimici
1527 3645 1702 3731 aspirantis
1730 3643 1772 3708 ad
1798 3643 1944 3729 ipsorum
1971 3651 2083 3710 exter-

432 3751 568 3816 minium
598 3749 792 3829 inhianter,
810 3768 887 3812 ecce
910 3746 1088 3811 Lombardi
1110 3749 1306 3833 promissum
1329 3748 1488 3813 auxilium
1512 3746 1593 3812 adeo
1617 3746 1831 3827 distulerunt,
1858 3753 1894 3811 ut
1915 3753 2083 3812 taceamus

432 3854 571 3938 qualiter
598 3850 771 3918 servierint
798 3849 847 3913 illi
870 3869 952 3935 quos
979 3849 1014 3913 iu
1037 3850 1179 3916 ecclesie
1209 3853 1377 3916 servitium
1400 3849 1616 3931 destinarant,
1647 3847 1734 3934 quod
1762 3849 1912 3914 inimicus
1935 3850 2083 3916 collectis

432 3957 555 4022 viribus
585 3955 771 4035 invalescit,
800 3953 866 4017 nisi
894 3953 927 4016 in
955 3975 1055 4018 manu
1084 3954 1256 4019 valida'et
1284 3953 1411 4040 potenti
1438 3953 1510 4017 eius
1540 3952 1711 4017 conatibus
1740 3952 1892 4016 celeriter
1920 3951 2080 4033 obvietur,

433 4060 508 4145 quia
530 4059 631 4144 iguis,
661 4058 714 4123 cui
736 4077 801 4121 non
824 4055 1011 4137 obsistitur,
1039 4057 1136 4124 facile
1160 4059 1193 4122 in
1215 4056 1402 4123 incendium
1425 4055 1678 4140 inextinguibile
1701 4055 1863 4120 dilatatur.
1908 4053 1959 4120 Ne
1983 4055 2083 4140 igitur

277 4173 419 4244 recusus.
434 4161 513 4226 dicti
534 4161 710 4250 Lombardi
731 4181 846 4224 manus
877 4180 967 4236 suas,
982 4145 984 4158 ³
997 4177 1078 4245 quas
1102 4161 1285 4240 debuerant
1306 4159 1348 4225 ad
1370 4155 1466 4225 fortia
1493 4144 1642 4240 ini'ttere,
1672 4157 1843 4240 videantur
1869 4179 1992 4244 ponere
2021 4158 2082 4223 sub

430 4263 569 4328 ascellas
592 4264 625 4326 in
649 4283 706 4352 sue
730 4259 930 4351 confusionis
953 4259 1164 4349 opprobrium
1188 4263 1439 4349 sempiternum,
1470 4281 1532 4346 nec
1562 4282 1617 4326 eas
1642 4255 1809 4347 explicare
1831 4255 1978 4339 valeant,
2008 4282 2082 4342 cum
2139 4273 2141 4280 ’

430 4365 602 4446 voluerint,
625 4366 652 4429 si
675 4386 760 4430 nuno
784 4386 857 4430 cum
872 4366 982 4431 valent
999 4365 1085 4431 velle
1101 4364 1269 4448 desierint,
1293 4361 1545 4454 discretionemb
1576 4370 1719 4428 uestram
1734 4367 1888 4450 rogamus
1912 4372 1945 4428 et
1967 4359 2084 4429 mone·'

432 4489 504 4532 mus
527 4471 667 4549 attente,
696 4489 755 4554 per
783 4468 965 4554 apostolica
992 4469 1113 4555 scripta
1140 4468 1349 4549 mandantes,
1380 4467 1531 4554 quatinus
1560 4486 1617 4531 eos
1644 4463 1725 4551 quos
1752 4461 1908 4552 expedire
1931 4464 2079 4530 videritis
2131 4507 2156 4546 ,0

432 4569 536 4634 modis
560 4570 709 4635 omnibus
732 4570 851 4655 quibus
874 4571 1023 4656 poteritis
1047 4571 1199 4635 excitetis
1223 4575 1257 4637 et
1287 4569 1524 4635 instantissime
1552 4567 1706 4634 inducere
1738 4570 1913 4654 satagatis,
1943 4569 2024 4656 ipsis
2047 4569 2081 4632 in

433 4672 658 4737 remissionem
685 4673 911 4758 peccaminum
939 4672 1176 4758 iniungentes0,
1209 4679 1246 4738 ut
1278 4678 1516 4759 prosequentes
1545 4670 1684 4736 viriliter
1718 4672 1884 4758 proprium
1918 4671 2080 4736 interesse

432 4776 527 4841 nobis
557 4777 627 4842 sine
658 4777 803 4861 qualibet
831 4796 922 4840 mora
956 4783 1147 4841 succurrant
1175 4798 1248 4841 cum
1276 4783 1527 4863 quantocunque
1550 4782 1688 4861 possunt
1712 4775 1851 4840 exfortio
1873 4774 2081 4856 bellatorum,

432 4880 509 4965 quia
535 4881 564 4944 si
591 4880 695 4945 adhuc
727 4878 807 4944 illud
832 4879 1041 4944 habuerimus
1064 4887 1212 4966 tempore
1235 4887 1433 4968 opportuno,
1465 4899 1635 4964 speramus
1662 4879 1695 4942 in
1716 4877 1874 4957 Domino,
1907 4876 1993 4962 quod
2016 4899 2081 4942 uon

432 4983 614 5069 prevalebit
642 4982 701 5048 sed
729 4981 859 5047 deficiet
887 4982 1047 5049 inimicus.
1091 4981 1248 5069 Alioquin
1271 5005 1385 5049 secure
1414 4982 1479 5046 illis
1504 4981 1678 5067 protestari
1705 4983 1861 5067 potestis,
1894 4980 1981 5066 quod
2004 4980 2079 5063 sibi,
2130 5021 2155 5061 ³,

432 5105 496 5148 uon
518 5084 613 5149 uobis
636 5091 790 5171 poterunt
812 5085 989 5170 imputare,
1018 5085 1046 5150 si
1068 5084 1208 5152 desertis
1233 5085 1456 5153 desertoribus
1478 5084 1595 5150 honori
1618 5085 1758 5149 ecclesie
1781 5085 1877 5149 aliter
1899 5085 2079 5149 auxiliante

431 5188 572 5252 Domino
597 5188 819 5253 curaverimus
842 5187 1025 5274 providere.

538 5325 614 5391 Dat.
637 5325 776 5407 Perusii,
799 5323 865 5389 VII
888 5324 935 5392 ld.
959 5325 1075 5392 Octob.
1098 5327 1305 5412 pontificatus
1327 5326 1430 5392 nostri
1452 5347 1537 5390 anno
1560 5323 1622 5390 111.
1703 5415 1707 5422 Ι

536 5653 558 5721 “)
575 5656 760 5722 acquiescimus
778 5655 862 5722 Rapsa.
945 5653 967 5720 Ι’)
986 5655 1163 5706 discretionem
1182 5683 1214 5692 -
1232 5656 1354 5722 Alioquin
1372 5672 1402 5704 ar
1420 5653 1481 5706 Sao.
1563 5653 1583 5717 ⁰)
1602 5651 1765 5718 indulgentes
1784 5651 1845 5702 Sao.
