4524 6412
795 359 994 413 briareum-3
1012 359 1201 414 SELECTAE.
1239 359 1314 412 1230.
1819 367 1881 429 329

228 531 308 610 suis,
332 539 365 596 et
387 533 526 616 quedam
549 534 615 597 alia
637 541 745 598 castra
767 535 799 596 in
822 532 1041 597 I'rutcnorum
1066 533 1218 604 confinio,
1242 533 1352 596 domui
1376 540 1481 598 vestre
1505 536 1559 622 pia
1580 535 1779 600 liberalitate
1804 559 1880 600 con-

228 636 346 714 cessit,
380 635 525 700 adiciens
555 625 708 722 quicquid
741 637 781 701 dc
816 643 904 701 terra
936 637 1064 700 illorum
1097 657 1155 721 per
1185 658 1243 699 vos
1276 644 1309 701 ct
1338 637 1542 702 coadiutorcs
1572 646 1698 705 vestros
1731 640 1880 726 poteritis

230 739 396 810 obtinere,
431 739 517 825 quod
546 742 658 826 utique
687 747 816 825 gratum
843 760 908 804 non
935 739 1100 803 modicum
1129 741 1274 823 gerimus
1304 747 1336 805 ct
1366 746 1553 826 acceptum,
1589 749 1760 828 sperantes
1794 742 1880 828 quod

230 843 345 909 fideles
369 845 551 910 existentes
576 847 669 910 iuxta
691 846 772 910 lines
795 851 882 910 terre
910 844 1057 930 predicte
1081 843 1200 908 cotidie
1230 844 1377 928 periculo
1410 845 1524 909 mortis
1554 846 1709 932 expositi,
1740 868 1800 932 per
1822 867 1880 910 vos

231 949 377 1033 recipere
395 949 550 1014 'debeant
577 948 757 1013 subsidium
788 954 995 1035 oportunum.
1040 948 1125 1022 Quia
1148 969 1224 1012 vero
1249 948 1295 1012 ibi
1326 954 1399 1012 sunt
1421 949 1553 1033 pietatis
1577 950 1685 1015 studia
1708 951 1879 1016 sollicitius

228 1050 424 1130 exercenda,
448 1051 505 1116 ubi
529 1051 649 1116 exinde
672 1058 783 1137 potest
804 1051 982 1116 maioribus
1005 1050 1228 1136 impietatibus
1252 1052 1387 1128 obviari,
1411 1053 1581 1117 caritatem
1603 1060 1744 1118 vestram
1766 1075 1879 1118 mone-

228 1173 300 1216 mus
332 1159 365 1217 et
394 1153 561 1218 hortamur
590 1155 622 1218 in
650 1154 808 1234 Domino,
840 1155 933 1219 vobis
963 1162 996 1219 et
1026 1155 1176 1219 omnibus
1207 1154 1409 1219 adiutoribus
1438 1157 1557 1220 vestris
1588 1156 1621 1221 in
1652 1147 1879 1222 remissionem

228 1257 473 1341 peccaminuma
504 1259 727 1342 iniungentes,
762 1259 916 1342 quatinus
950 1257 991 1321 ad
1023 1257 1227 1344 eripiendum
1255 1257 1295 1322 de
1324 1259 1542 1323 Prutenorum
1577 1260 1727 1324 manibus
1763 1268 1881 1326 terram

227 1359 346 1446 ipsam,
374 1361 541 1426 adextris
573 1368 648 1425 eta
675 1362 815 1425 sinistris
838 1361 901 1425 Dei
930 1368 1093 1425 armatura
1124 1361 1254 1434 muniti,
1282 1361 1420 1425 viriliter
1454 1357 1723 1448 procedebant
1749 1363 1880 1428 favento

225 1462 335 1536 divina
361 1465 467 1549 gratia
495 1471 529 1530 et
550 1472 658 1530 vestro
681 1464 863 1530 ministerio
887 1471 1096 1529 sacrosancta
1124 1466 1281 1545 ecelesia,
1312 1462 1446 1528 dilatato
1476 1466 1509 1528 in
1537 1467 1683 1550 partibus
1713 1467 1778 1530 illis
1807 1468 1879 1532 loco

227 1568 358 1631 tentorii
375 1569 476 1634 suist
496 1568 627 1633 funibus
643 1568 927 1633 tabernaculorum
944 1569 1014 1632 eius
1031 1569 1187 1646 extensis,
1211 1588 1346 1632 numero
1365 1575 1398 1632 et
1414 1569 1530 1634 meritc
1546 1568 1691 1635 fidelium
1708 1577 1879 1656 augeatur,
1892 1578 1930 1620 Er·
1945 1585 1999 1628 Μ·

228 1689 350 1755 vosque
380 1673 565 1759 centuplum
594 1673 628 1736 in
651 1672 704 1735 via
732 1678 766 1736 ct
788 1672 888 1735 vitam
918 1677 1065 1736 eternam
1093 1672 1126 1734 in
1153 1671 1259 1756 patria
1288 1672 1458 1758 percipere
1482 1671 1645 1748 debeatis;
1675 1674 1807 1759 proviso
1838 1695 1879 1739 ne

228 1779 342 1838 contra
371 1781 491 1839 terram
524 1777 644 1850 illam¹,
677 1797 739 1861 que
763 1774 986 1840 venerabilem
1014 1774 1148 1839 fratrem
1181 1781 1326 1839 nostrum
1351 1825 1359 1838 .
1384 1825 1391 1840 .
1416 1777 1636 1842 Mutinensem
1667 1776 1880 1863 episcopum²

227 1874 408 1941 dinoscitur
431 1879 607 1965 recepisse,
632 1879 802 1945 occasione
825 1877 1013 1943 huiusmodi
1035 1878 1240 1965 procedatur.

336 1997 425 2064 Data
447 2001 588 2082 Perusii,
611 2001 646 2066 ΙΙ
667 2000 745 2066 Idus
768 2001 897 2068 Ianuar.
921 2000 1128 2087 pontificatus
1152 1999 1255 2064 nostri
1277 2021 1361 2064 anno
1384 2001 1482 2064 tortio
1491 2001 1513 2066 ³.

846 2241 1256 2252 ——a—-ffi-——ss

1007 2489 1094 2561 lta.

335 2598 526 2708 Garrporius
548 2629 604 2693 IX
619 2651 710 2710 prope
731 2630 906 2715 [Hearice]
928 2609 1035 2694 abbati
1057 2629 1168 2694 Sancti-
1183 2629 1311 2692 Nicoloi
1325 2629 1505 2692 Frcraensis
1526 2631 1555 2690 et
1576 2627 1753 2706 increpes-ito
1776 2625 1812 2686 de
1834 2625 1878 2688 Le

224 2734 253 2792 et
274 2729 390 2794 ‹tecum›
412 2732 577 2796 Farecasi
604 2732 648 2796 ad
675 2733 852 2812 petitionem
882 2733 1081 2796 scabinorum
1103 2732 1285 2812 Iprensium
1315 2731 1461 2807 rrrrradut,
1490 2734 1526 2792 at
1547 2729 1588 2792 B.
1611 2729 1738 2792 statiis
1759 2727 1879 2792 clericis

123 2913 127 2922 1
226 2832 424 2897 Meriaensis
444 2835 573 2900 diocesis
594 2836 766 2913 inhibeant,
789 2857 828 2900 ae
851 2837 986 2901 actiones
1009 2837 1113 2900 litium
1135 2840 1248 2901 meant.
1415 2854 1419 2860 ’
1524 2835 1617 2910 1230,
1642 2832 1726 2897 loa·
1738 2833 1791 2894 28.

330 2949 413 3023 arey.
431 2954 481 3007 lx
497 2941 566 3022 aab.
591 2955 647 3010 Vol.
666 2955 691 3020 Ι,
713 2959 778 3009 152.-
796 2956 858 3010 aru
878 2959 936 3020 ΠΙ,
955 2961 1018 3011 107.

328 3038 464 3104 Pottbact,
482 3040 550 3110 Bcp.
569 3044 654 3095 9580.

606 3293 615 3310 .
645 3294 653 3310 .
681 3237 837 3311 abbati
864 3236 1015 3311 Sancti
1042 3236 1209 3310 Nicolai
1237 3235 1497 3308 Furnensis⁴

297 3355 732 3432 Premonstratensis
758 3356 945 3445 ordinis,
975 3413 984 3429 .
1015 3411 1023 3429 .
1052 3355 1281 3448 preposito
1309 3355 1360 3427 de
1386 3355 1460 3427 Le⁵
1488 3361 1529 3430 et
1557 3413 1565 3430 .
1595 3412 1604 3430 .
1632 3357 1800 3430 decano

672 3477 895 3552 Furnensi
921 3475 1191 3551 Moriuensis
1218 3474 1422 3549 diocesis.

332 3621 386 3686 Ex
414 3629 506 3710 parte
538 3625 744 3690 scabinorum
777 3631 810 3689 et
837 3625 984 3689 comunis
1015 3623 1161 3710 Iprensis
1189 3624 1251 3688 fuit
1278 3624 1481 3710 propositum
1510 3643 1619 3686 coram
1648 3622 1759 3700 nobis,
1790 3622 1876 3709 quod

148 3746 160 3784 a
227 3726 313 3791 inter
342 3727 443 3792 laicos
479 3736 593 3794 contra
627 3730 729 3794 laicos
768 3728 916 3793 eiusdem
949 3729 1014 3792 loci
1047 3727 1275 3811 questionibus
1310 3725 1554 3811 emergentibus
1587 3724 1778 3789 dirimendis
1817 3748 1877 3811 per

226 3828 380 3894 iudicium
404 3831 563 3908 seculare,
586 3832 625 3896 B.
642 3839 675 3897 et
699 3831 830 3917 quidam
851 3832 909 3896 alii
933 3830 1045 3894 clerici
1067 3830 1131 3893 loci
1155 3828 1303 3895 eiusdem
1320 3829 1518 3894 Morinensis
1541 3827 1683 3892 diocesis
1706 3828 1768 3892 sibi
1791 3826 1877 3892 dono

225 3932 278 3996 vel
310 3933 417 4018 pretio
450 3934 492 3998 ab
524 3934 686 4021 aliquibus
716 3935 873 3999 laieorum
902 3935 1046 4020 ipsorum
1076 3932 1148 3998 cedi
1176 3932 1299 3997 faciunt
1330 3934 1493 4006 actiones,
1527 3937 1563 3996 ut
1595 3930 1801 3996 adversarios
1835 3930 1877 3994 ad

227 4036 487 4102 ecclesiasticum
510 4037 617 4101 forum
640 4038 770 4102 trahant
793 4044 827 4103 et
849 4037 985 4123 predam
1009 4058 1051 4102 ex
1074 4035 1260 4101 huiusmodi
1286 4037 1444 4101 comertio
1468 4041 1694 4120 assequantur,
1717 4054 1791 4097 cum
1813 4033 1877 4120 ipsi

225 4138 316 4218 laici,
339 4139 469 4224 fatigati
491 4161 550 4226 per
573 4140 707 4206 eosdem
730 4142 868 4206 clericos
891 4141 1058 4206 laboribus
1082 4146 1116 4205 et
1138 4140 1309 4226 expensis,
1333 4160 1406 4204 cum
1429 4139 1478 4204 eis
1501 4144 1658 4224 cogantur
1680 4157 1877 4223 componere

224 4242 278 4306 vel
301 4240 419 4307 cedere
441 4243 503 4307 iuri
526 4265 595 4308 suo.
640 4242 736 4308 Unde
753 4265 827 4308 cum
850 4265 909 4332 per
931 4245 993 4309 hoc
1009 4245 1155 4330 ipsorum
1176 4241 1340 4309 alludatur
1354 4241 1515 4308 iurisditio
1536 4241 1753 4321 scabinorum,
1776 4238 1876 4305 iidem

225 4345 321 4409 nobis
348 4345 516 4412 humiliter
542 4348 781 4435 supplicarunt,
811 4354 848 4412 ut
875 4346 1048 4435 providere
1077 4367 1176 4433 super
1204 4345 1267 4411 hoc
1295 4347 1343 4411 cis
1372 4343 1664 4430 circumspectione
1695 4343 1878 4431 apostoliea

224 4447 444 4534 dignaremur.
490 4449 572 4516 Oum
595 4451 695 4536 igitur
710 4452 878 4517 cessiones
903 4458 936 4516 et
959 4450 1141 4537 emptiones
1164 4449 1269 4513 litium
1291 4449 1452 4533 legittime
1468 4445 1664 4533 prohibeant
1680 4446 1877 4516 sanctiones.

225 4558 260 4617 et
286 4573 329 4617 ex
358 4575 397 4619 eo
427 4553 492 4618 sint
520 4554 619 4620 etiam
649 4553 762 4619 odiose
792 4553 878 4639 quod
906 4575 950 4619 ex
979 4553 1070 4618 fonte
1099 4551 1287 4639 cupiditatis
1317 4550 1469 4617 videntur
1498 4549 1695 4635 procedere,
1729 4549 1876 4614 districte

225 4654 319 4719 vobis
342 4676 402 4741 per
423 4657 605 4742 apostoliea
628 4657 751 4743 scripta
773 4656 982 4732 mandamus,
1011 4655 1163 4740 quatinus
1193 4654 1388 4720 auctoritate
1411 4658 1525 4718 nostra
1546 4653 1723 4719 inhibeatis
1746 4653 1876 4718 clericis

162 4803 165 4812 ·
227 4758 430 4838 memoratis,
463 4779 505 4822 ne
539 4759 728 4824 huiusmodi
761 4760 908 4825 actiones
939 4759 1047 4823 litium
1084 4765 1195 4824 emant
1227 4759 1280 4824 rel
1315 4759 1476 4844 recipiant
1510 4758 1697 4830 cessiones;
1731 4755 1817 4842 quod
1849 4757 1876 4819 si

225 4863 494 4950 presumpserint,
519 4885 577 4928 eos
600 4885 620 4927 a
641 4864 889 4950 presumptione
905 4861 1092 4928 huiusmodi
1114 4884 1174 4949 per
1191 4883 1364 4928 censuram
1379 4861 1639 4927 ecclesiasticam
1654 4859 1875 4944 appellatione

224 4971 350 5030 remota
371 4967 510 5031 veritate
534 4967 666 5051 cognita
688 4967 916 5052 compescatis.
961 4965 1057 5040 Quod
1079 4966 1107 5030 si
1131 4986 1196 5031 non
1219 4987 1334 5030 omncs
1357 4972 1430 5044 etc,
1454 4963 1518 5028 duo
1541 4967 1686 5027 vestrum
1709 4997 1761 5026 -.

334 5083 423 5148 Data
445 5083 585 5164 Perusii,
607 5083 640 5148 V
661 5082 829 5149 Kalendas
852 5083 1009 5152 Februar.
1031 5086 1240 5173 pontificatus
1263 5084 1367 5149 nostri
1391 5104 1475 5149 anuo
1498 5081 1605 5148 tertio.

329 5343 352 5408 ⁸)
370 5344 544 5396 remissionem
561 5344 635 5396 vobis
652 5345 827 5412 peccaminum
845 5344 877 5398 Β.

148 5499 175 5538 a)
329 5479 354 5546 1)
371 5477 429 5532 seit.
447 5477 602 5532 Maeniam.
657 5477 685 5546 2)
708 5477 885 5534 Wsibebaam.
937 5479 966 5548 3)
985 5478 1121 5534 Eiusdem
1139 5479 1242 5534 tarmis
1260 5479 1404 5549 epistolam
1420 5479 1514 5532 dotans
1531 5477 1592 5532 XV
1607 5477 1671 5531 Kal.
1691 5476 1773 5532 Febr.
1792 5476 1877 5530 edidit

225 5581 259 5619 ea
277 5563 412 5636 cripimli
428 5565 471 5618 10.
490 5563 574 5633 Voipt,
596 5563 661 5619 eoa.
678 5564 745 5636 dipl.
764 5565 862 5620 Prusa
882 5570 900 5619 t.
914 5565 939 5628 I,
954 5582 985 5635 p.
997 5569 1039 5626 21.
1057 5580 1084 5618 n.
1099 5567 1145 5619 23.
1209 5565 1237 5632 4)
1255 5565 1368 5619 hanes
1386 5563 1523 5634 [reuma]
1542 5564 1573 5618 ia
1590 5563 1731 5620 nimina
1748 5562 1877 5618 madar.

222 5665 311 5721 prope
329 5650 476 5719 Nieapmt.
545 5651 573 5719 5)
591 5649 718 5720 sortasse
734 5651 778 5705 Lo
796 5650 884 5720 [Leo]
905 5649 964 5704 ord.
983 5667 1005 5704 s.
1026 5650 1177 5719 depretiat
1193 5651 1386 5705 amieriam
1403 5667 1418 5704 a
1433 5649 1546 5705 madia
1563 5649 1660 5720 oppidi
1679 5647 1841 5704 Bbmmsia

327 5749 389 5800 Bas.
407 5749 488 5801 Ponr.
506 5749 526 5800 L
770 5795 775 5806 ,
1636 5743 1671 5798 42
