4596 6406
1008 371 1055 428 EX
1074 371 1249 429 aasabim
1267 371 1306 426 IX
1325 367 1506 425 nuetsrno

531 675 866 764 Potestatibus,
894 673 1175 762 rectoribuS,
1212 671 1480 746 consulibus
1509 676 1552 745 et
1579 669 1983 745 communitatibus

799 794 1038 868 societatis
1065 792 1332 866 Lombardie
1360 813 1408 866 ac
1434 790 1715 864 Romaniole.

537 945 602 1010 Pro
631 944 877 1010 imminentibus
907 942 1048 1008 ecclesie
1077 942 1225 1006 Romane
1259 941 1402 1026 negotiis
1434 939 1577 1004 feliciter
1608 939 1838 1004 consumendis
1872 940 1913 1004 de
1949 940 2092 1004 fratrum

428 1056 616 1114 nostrorum
640 1048 776 1113 consilio
800 1045 959 1132 quosdam
981 1046 1125 1132 prelatos
1149 1045 1291 1110 ecclesie
1314 1066 1352 1110 ae
1377 1045 1481 1110 seculi
1503 1044 1669 1130 principes
1685 1044 1892 1126 advocamus,
1915 1067 1977 1132 per
2000 1045 2091 1130 quod

429 1153 551 1217 nullius
563 1173 622 1216 vos
646 1152 778 1216 sinistra
800 1150 1028 1238 interpretatio
1044 1155 1186 1230 moveat,
1209 1170 1284 1213 eum
1298 1170 1364 1213 non
1381 1147 1469 1213 aliud
1492 1147 1699 1212 intendamus
1722 1169 1818 1234 quam
1841 1169 1914 1212 cum
1937 1149 2089 1236 ipsorum
2154 1169 2166 1207 s

430 1257 567 1321 consilio
589 1263 746 1341 urgentes
771 1277 888 1320 causas
912 1255 1053 1319 ecclesie
1077 1254 1217 1319 feliciter
1240 1251 1408 1339 expedire.

537 1375 614 1444 Dat.
637 1375 724 1462 apud
740 1376 887 1463 Oriptem
910 1375 1093 1456 Ferratam,
1115 1373 1186 1438 1111
1208 1372 1288 1438 Idus
1310 1373 1464 1458 Augusti,
1487 1373 1695 1460 pontificatus
1717 1373 1819 1436 nostri
1841 1393 1927 1436 anno
1951 1379 2091 1458 quarto·

431 1479 569 1546 decimo.

1216 1848 1302 1922 783.

540 1941 732 2053 Grcporias
754 1970 812 2034 IX
825 1992 915 2052 papa
932 1970 1095 2051 potestati,
1124 1969 1254 2034 consilio
1280 1974 1309 2034 et
1329 1968 1638 2070 populoSpoletuno
1659 1968 1808 2051 quosdam
1826 1969 1984 2048 redditas,
2013 1989 2095 2051 prees

432 2072 559 2136 ccclesia
581 2073 729 2138 Romana
751 2075 788 2137 in
809 2074 923 2139 diocesi
944 2072 1116 2154 Spotctana
1138 2073 1284 2152 obtineat,
1306 2075 1450 2141 conccdit.
1744 2076 1838 2153 1240,
1861 2073 1945 2154 Sept.
1970 2078 2000 2142 1.
2146 2083 2169 2120 1⁰

539 2193 622 2264 Grep.
641 2196 692 2249 IX
708 2195 778 2266 Rep.
804 2195 860 2251 Vol.
881 2195 1018 2262 V11‚27.·
1037 2195 1098 2249 Lib.
1118 2194 1202 2262 XIV,
1221 2199 1282 2250 155.

534 2280 674 2346 Pottbast,
693 2280 761 2352 Rep.
781 2285 882 2336 10936.

719 2552 729 2570 .
758 2551 767 2570 .
797 2496 1029 2587 potestati,
1057 2495 1245 2570 consilio
1274 2500 1316 2568 et
1341 2439 1509 2586 populo
1538 2493 1802 2584 spoletano.

544 2645 735 2711 Gaudemus
760 2646 792 2709 in
809 2645 963 2726 Domino,
987 2645 1073 2731 quod
1089 2667 1148 2710 vos
1173 2647 1206 2709 in
1230 2644 1404 2709 devotione
1429 2645 1570 2709 ecclesie
1595 2645 1708 2707 matris
1732 2650 1842 2709 vestre
1865 2645 1978 2709 firmos
2003 2645 2091 2709 sieut

434 2749 609 2837 columpna
630 2748 806 2814 immobilis
831 2749 1047 2834 persistentes
1072 2750 1163 2813 nulla
1183 2749 1388 2835 persecutio,
1418 2749 1509 2812 nulla
1530 2747 1713 2812 adversitas
1736 2747 1777 2811 ab
1800 2747 1904 2834 ipsius
1927 2747 2092 2812 fidelitate
2146 2754 2170 2791 ¹⁵

437 2858 470 2916 et
494 2852 651 2938 obsequio
675 2853 782 2940 potuit
807 2873 972 2938 separare,
996 2853 1142 2938 rapinam
1167 2858 1200 2915 et
1222 2851 1375 2915 incendia
1395 2851 1556 2916 bonorum
1576 2859 1758 2916 vestrorum
1782 2873 1840 2938 pro
1864 2851 2094 2916 conservando

436 2957 540 3042 ipsius
564 2956 689 3020 honore
712 2956 930 3040 equanimiter
953 2956 1175 3036 sustinentes,
1205 2976 1247 3019 ex
1275 2976 1339 3041 quo
1361 2955 1456 3020 vobis
1484 2953 1570 3042 apud
1593 2954 1701 3019 Deum
1729 2960 1841 3020 eterne
1864 2955 2093 3021 retributionis

436 3062 598 3144 premium
634 3066 667 3126 et
700 3057 789 3145 apud
822 3058 974 3123 homines
1007 3065 1170 3145 perpetue
1204 3058 1310 3123 laudis
1333 3059 1463 3123 titulum
1488 3058 1698 3144 comparatis,
1723 3065 1757 3122 et
1778 3079 1849 3139 nos,
1872 3059 1950 3144 quia
1973 3058 2006 3123 id
2031 3081 2093 3124 nec

435 3161 537 3228 debet
559 3185 620 3229 uec
643 3170 753 3251 potest
777 3162 818 3227 ab
844 3162 949 3226 oculis
979 3163 1160 3248 apostolice
1192 3163 1280 3226 sedis
1304 3160 1475 3244 excidere,
1506 3168 1596 3226 tante
1627 3160 1810 3226 devotionis
1833 3161 1989 3226 affectum
2013 3185 2093 3228 con-

437 3265 533 3351 digne
558 3268 782 3332 retributionis
806 3268 928 3332 elfectu
951 3287 1206 3352 recompensare
1222 3267 1434 3354 proponimus
1458 3273 1492 3330 et
1514 3264 1555 3330 ad
1571 3265 1805 3331 exaltationem
1820 3265 1962 3330 civitatis
1978 3275 2091 3332 vestre
2146 3279 2172 3318 ²⁰

436 3378 587 3458 prompto
620 3377 653 3436 et
675 3379 835 3458 perpetuo
861 3369 1028 3436 desiderio
1057 3371 1252 3456 aspiramus.
1296 3371 1421 3435 Verum
1449 3369 1526 3456 quia
1553 3369 1693 3454 gratiam
1721 3390 1817 3454 quam
1848 3391 2027 3456 possumus
2051 3371 2094 3435 ad

437 3495 574 3560 presens
602 3475 709 3540 eidem
738 3476 850 3540 facere
880 3475 1029 3560 cupimus
1053 3475 1192 3555 civitati,
1223 3481 1260 3538 ut
1283 3473 1470 3539 devotiores
1494 3473 1684 3539 efficiamini
1707 3494 1750 3538 ex
1773 3474 1915 3555 devotis,
1939 3473 2035 3538 vobis
2059 3476 2093 3538 in

436 3577 612 3644 devotione
637 3579 778 3644 ecclesie
803 3578 1059 3665 persistentibus
1083 3578 1244 3660 redditus,
1274 3599 1355 3663 quos
1378 3579 1411 3642 in
1434 3577 1560 3642 diocesi
1576 3578 1755 3665 Spoletana
1779 3577 1919 3642 ecclesia
1941 3576 2096 3642 Romana

437 3681 573 3762 obtinet,
597 3683 748 3768 exceptis
772 3682 954 3747 redditibus
978 3681 1020 3746 ad
1042 3689 1226 3746 nostrarum
1250 3683 1466 3747 munitionum
1496 3682 1678 3746 custodiam
1708 3681 1889 3766 deputatis,
1920 3701 2026 3765 usque
2050 3682 2093 3746 ad

436 3793 547 3850 nostre
570 3786 819 3874 beneplacitum
841 3787 1020 3852 voluntatis
1043 3785 1195 3850 duximus
1220 3785 1459 3851 concedendos.
2147 3794 2173 3834 ²⁵

544 3908 620 3973 Dat.
645 3907 733 3994 apud
758 3908 904 3996 Criptam
927 3909 1108 3991 Ferratam,
1132 3908 1208 3976 Kal.
1232 3907 1324 3996 Sept.
1347 3930 1431 3974 auno
1454 3907 1568 3971 XIIII.

1216 4380 1302 4454 784.

547 4475 706 4569 Litterae
736 4501 884 4586 Greporii
910 4502 967 4568 IX
988 4523 1093 4584 papae
1120 4503 1158 4567 de
1185 4502 1311 4586 naaipio
1338 4522 1398 4584 pro
1417 4502 1576 4583 praelatis
1604 4500 1649 4565 ad
1670 4500 1833 4566 concilium
1861 4501 2041 4581 deferendis
2067 4509 2099 4569 ct

442 4604 627 4669 reducendis
648 4604 773 4669 Ianuae
789 4605 1026 4688 praeparando.
1743 4607 1837 4684 1240,
1862 4604 1926 4674 Oct.
1949 4611 2002 4672 13.

543 4724 624 4793 orep.
643 4727 691 4778 IX
704 4724 769 4794 ch.
790 4725 849 4781 Vol.
871 4726 944 4794 VII,
967 4730 1018 4794 5⁶3
1039 4725 1070 4780 in
1091 4725 1242 4796 appendice
1259 4725 1340 4780 Libri
1357 4724 1437 4780 XIV
1454 4723 1504 4779 aab
1526 4740 1553 4778 n.
1574 4728 1627 4779 781
1647 4730 1862 4780 commemorata.
1900 4725 1965 4780 Hae
1982 4728 2096 4785 litterae

440 4815 465 4863 et
484 4825 512 4863 n.
532 4812 600 4876 792,
619 4813 674 4864 793
692 4816 718 4864 et
737 4814 802 4878 791,
828 4829 900 4881 quae
916 4813 947 4867 in
964 4812 1029 4882 ch.
1048 4814 1176 4866 continuo
1193 4816 1353 4881 sequuntur,
1372 4828 1431 4866 una
1447 4810 1630 4880 inscriptione
1646 4817 1761 4866 mantne
1779 4815 1857 4866 eunt:
1883 4811 1990 4866 Littera
2008 4833 2096 4886 super
2151 4831 2179 4872 m

444 4899 585 4966 apparatu
601 4896 719 4967 navigii.
756 4897 830 4953 Ordo
848 4898 918 4970 Rep.
937 4905 1063 4956 servatus
1082 4904 1132 4962 est,
1146 4904 1260 4966 praeter
1277 4897 1309 4952 in
1326 4915 1367 4968 ep.
1388 4897 1439 4962 VI,
1456 4912 1528 4966 quae
1545 4895 1644 4950 ibidem
1660 4900 1726 4966 post
1743 4915 1784 4968 ep.
1809 4901 1866 4951 VII
1880 4899 1989 4969 lepitur.

1251 5091 1278 5156 Ι.

547 5206 719 5289 Greporius
740 5205 797 5271 IX
814 5227 902 5288 papa
919 5209 1142 5296 G[reporimn]
1163 5211 1200 5275 de
1216 5209 1376 5276 Rauenna
1391 5209 1623 5288 subdiaconum,
1645 5209 1927 5290 apostolicaesedis
1948 5211 2096 5294 lepatum,

436 5328 506 5374 cum
534 5309 693 5394 [chrr'co
719 5309 757 5373 de
783 5309 962 5398 Modoetia]
985 5317 1137 5394 potestate
1166 5319 1195 5378 ct
1221 5315 1351 5380 censitio
1378 5315 1537 5380 lennensi
1564 5313 1712 5378 ordinare
1740 5313 1837 5395 iubet,
1865 5318 1902 5378 ut
1927 5315 2037 5394 paleae
2064 5322 2096 5382 et

435 5433 550 5492 naves,
578 5413 613 5476 in
643 5413 757 5495 quibus
779 5416 924 5494 praelati
949 5417 993 5481 ad
1022 5419 1187 5483 concilium
1208 5419 1364 5484 uenientes
1390 5418 1509 5499 deferri
1529 5421 1558 5482 ct
1581 5417 1686 5482 reduci
1701 5418 1839 5499 possint,
1867 5423 1979 5482 secrete
1994 5439 2095 5500 prae-

433 5520 610 5600 parentur;
629 5517 763 5598 fratrem
785 5515 989 5604 NlicoluumJ
1013 5521 1229 5588 Oisterciensis
1250 5523 1373 5586 ordinis
1395 5522 1523 5586 latorem
1545 5521 1692 5602 epistolae
1713 5522 1742 5585 ci
1763 5521 1961 5588 commendat.
2151 5548 2179 5589 rs

541 5673 678 5736 Potinae,
697 5671 763 5742 nep.
784 5676 871 5727 rosae
888 5676 914 5728 er
931 5674 1004 5728 Aac.
1023 5676 1049 5730 1.
1746 5628 1840 5704 1240,
1865 5624 1928 5690 0⁶2·
1951 5629 2002 5691 13.
