4524 6412
736 411 934 472 EPISTOLAE
953 411 1142 473 sanaem.
1180 417 1254 475 lare.
1758 427 1821 490 315

169 594 254 658 sicut
286 593 387 679 quieti
422 598 456 658 et
489 591 605 656 honori
632 591 829 654 Lombardie
859 590 978 676 cupitis
1007 592 1198 677 providere,
1233 597 1416 678 procuretis
1445 597 1594 679 omnino,
1627 604 1664 662 ut
1692 605 1823 686 tempus

168 697 308 762 militum
331 695 553 783 predictorum
575 716 640 757 non
664 695 853 758 continuum
877 701 928 758 set
950 694 1030 758 utile
1054 695 1149 759 nobis
1173 704 1296 776 currat,
1326 699 1374 762 eis
1403 700 1463 763 sub
1488 701 1576 765 omui
1598 721 1662 786 qua
1684 703 1823 787 potestis

169 800 374 864 districtione
398 820 436 864 ac
468 797 869 894 celeritate-mandantes,
901 805 938 860 ut
969 797 1086 861 saltem
1115 798 1221 862 tribus
1249 801 1418 866 mensibus
1449 803 1482 865 in
1510 803 1651 868 ecclesie
1674 803 1822 869 Romane

170 904 304 968 servitio
320 902 463 967 fideliter
477 908 701 988 perseverent,
725 899 889 986 stipendia
911 900 973 964 sibi
991 907 1024 965 et
1040 901 1104 964 alia
1120 904 1307 968 necessaria
1323 903 1527 985 destinando,
1551 926 1625 970 cum
1643 927 1824 992 speremus,

104 1032 114 1066 ,ι
170 1006 256 1092 quod
284 1007 317 1070 in
347 1005 497 1092 proximo
519 1003 680 1068 Dominus
711 1003 851 1068 ecclesie
880 1003 1037 1066 iustitiam
1069 1003 1263 1086 declarabit,
1295 1028 1446 1093 represso
1474 1008 1606 1073 inimico
1636 1007 1760 1073 Christi
1791 1015 1825 1074 et

168 1110 280 1197 populi
305 1109 492 1174 Christiani.
538 1107 658 1172 Cetera
681 1127 769 1184 vero,
795 1129 857 1192 que
882 1105 1021 1170 dilectus
1045 1107 1132 1171 filius
1156 1108 1257 1173 irater
1280 1109 1387 1174 Guala
1410 1111 1504 1176 vobis
1528 1133 1571 1177 ex
1593 1118 1687 1198 parte
1710 1119 1824 1176 nostra

168 1220 343 1300 proponet,
372 1213 442 1276 sine
465 1211 668 1276 dubitatione
692 1210 881 1289 credentes,
913 1231 954 1274 ea
977 1211 1136 1275 studeatis
1161 1213 1340 1278 efficaciter
1361 1214 1556 1301 adimplere,
1587 1217 1634 1280 ita
1664 1215 1750 1300 quod
1782 1215 1823 1280 de

168 1316 287 1380 vestris
318 1314 442 1380 meritis
472 1314 558 1400 apud
589 1336 649 1378 nos
677 1315 860 1378 certissime
894 1314 1057 1378 confidere
1089 1314 1236 1379 valeatis.
1282 1317 1437 1402 Alioquin
1470 1318 1590 1383 dilecto
1614 1319 1681 1383 filio
1711 1325 1823 1383 nostro

170 1416 355 1505 G[uilredo]
390 1419 477 1482 tituli
507 1418 620 1482 Sancti
649 1417 753 1483 Marci
781 1418 974 1503 presbytero
1005 1417 1179 1496 cardinali,
1213 1420 1394 1504 apostolice
1428 1421 1516 1485 sedis
1545 1422 1671 1506 legato,
1702 1421 1823 1485 nostris

170 1523 284 1587 damus
312 1522 430 1586 litteris
459 1522 492 1585 in
522 1521 700 1596 mandatis,
733 1527 768 1585 ut
798 1543 857 1586 vos
889 1521 930 1584 ad
958 1521 991 1585 id
1021 1543 1080 1607 per
1108 1543 1280 1586 censuram
1313 1524 1572 1589 ecclesiasticam
1603 1524 1823 1611 appellatione

170 1630 295 1690 remota
318 1625 504 1710 compellat.

277 1745 365 1809 Data
387 1745 525 1826 Perusii,
549 1744 602 1809 ΙΙΙ
625 1743 703 1808 Idus
726 1743 814 1825 Iulii,
838 1745 1047 1830 pontificatus
1071 1747 1173 1810 nostri
1195 1767 1281 1811 anuo
1305 1747 1419 1814 tercio.

792 2005 1203 2012 ..---—-—.--.—-..--

954 2249 1040 2324 397.

277 2361 467 2473 Gregorius
482 2387 537 2454 IX
554 2410 642 2470 papa
663 2387 837 2473 [liupoldo
859 2389 923 2474 Vl]
945 2389 1017 2455 duci
1039 2391 1193 2455 Aestriac
1214 2388 1331 2467 scribit,
1354 2388 1502 2470 qumaodc
1516 2389 1703 2457 Fridcrieuc
1724 2391 1826 2458 dietus

169 2497 339 2576 imperator
354 2497 484 2574 pactum
505 2493 676 2557 execrabile
698 2495 735 2557 ia
752 2493 851 2558 Terra
868 2493 988 2560 Sancta
1003 2515 1072 2558 cum
1088 2493 1277 2560 sarracenis
1291 2493 1401 2557 irvierc't
1422 2497 1451 2557 ct
1468 2494 1660 2575 postmodum
1672 2497 1825 2562 Aaronem

169 2616 312 2663 resersus
332 2597 521 2680 superserit,
543 2616 613 2660 eum
634 2596 804 2661 colluctans
824 2597 869 2662 ed
889 2596 1113 2662 vindicandum
1135 2596 1291 2661 interirem
1313 2595 1499 2662 Salvatoris.

1481 2703 1575 2781 1229,
1597 2702 1663 2768 lut.
1686 2705 1737 2768 18.

274 2786 355 2854 Grep.
373 2785 422 2837 IX
439 2783 507 2852 Rea.
532 2783 588 2838 Vol.
607 2783 715 2853 1,130‚
735 2790 800 2850 131,·
819 2783 881 2838 ΖΜ).
900 2784 963 2854 III,
985 2789 1029 2839 38.

273 2871 407 2933 Potitest,
426 2869 496 2940 Rey.
517 2874 598 2924 8431.

645 3049 790 3123 Nobili
820 3049 911 3122 viro
942 3107 949 3122 .
980 3105 989 3123 .
1017 3050 1119 3124 duci
1146 3050 1340 3128 Austris.

277 3200 369 3265 Inter
391 3199 456 3263 alia
477 3199 615 3283 flagitia,
645 3198 763 3282 quibus
786 3197 974 3262 Friderieus
1004 3196 1111 3263 dietus
1141 3199 1319 3286 imperator
1348 3200 1445 3266 fidem
1475 3201 1616 3268 nominis
1646 3199 1824 3266 Christiani

170 3302 315 3368 confudit
335 3309 368 3368 ct
391 3300 548 3388 prodidit,
578 3309 716 3387 quatuor
745 3302 902 3387 precipue
931 3309 1046 3368 notare
1077 3300 1179 3368 debes
1207 3303 1351 3368 alfabeto
1382 3303 1585 3391 quadruplici
1613 3303 1824 3390 deploranda,

169 3427 231 3493 que
267 3427 327 3492 per
359 3406 486 3471 litteras
520 3405 718 3470 venerabilia
748 3405 858 3469 fratris
894 3407 996 3470 nostri
1025 3457 1032 3472 .
1065 3455 1072 3470 .
1101 3407 1284 3491 patriarche
1321 3404 1607 3488 lerosolimitani1,
1640 3407 1822 3494 apostolice

170 3510 257 3574 sedis
287 3511 405 3595 legati,
440 3509 535 3573 nobis
570 3515 645 3572 sunt
679 3507 821 3573 fideliter
854 3509 1005 3574 intimata
1036 3517 1069 3574 et
1101 3511 1134 3573 in
1164 3510 1269 3573 iorma
1300 3517 1437 3594 treugue
1467 3511 1546 3576 inite
1579 3533 1653 3576 eum
1687 3510 1824 3596 paganis

169 3613 434 3699 perpenduntur⁸
455 3613 638 3677 manifeste.
684 3613 829 3677 Primum
853 3613 939 3698 quod
962 3635 1052 3677 arma
1076 3613 1260 3678 Christiane
1283 3613 1410 3692 militie,
1433 3613 1535 3697 gladii
1558 3620 1758 3700 potestatem
1783 3612 1824 3677 de

105 3745 117 3781 ι
170 3718 267 3783 altari
296 3717 385 3782 beati
414 3716 505 3782 Petri
541 3717 678 3803 sumpti,
714 3715 756 3780 ad
792 3716 968 3782 vindictam
1002 3717 1249 3781 malefactorum
1283 3715 1479 3801 laudemque
1513 3715 1674 3780 bonorum
1709 3715 1772 3779 sibi
1805 3735 1825 3778 a

171 3821 301 3886 Christo
325 3841 500 3907 persuum
523 3820 681 3884 vicarium
704 3819 874 3904 assignati,
898 3841 962 3904 quo
986 3840 1101 3905 pacem
1126 3818 1266 3900 Christi,
1290 3819 1387 3884 fidem
1411 3819 1553 3883 ecclesie
1577 3817 1768 3882 defenderet
1792 3823 1824 3881 et

169 3925 326 4004 muniret,
362 3922 497 3988 soldano
531 3923 723 4002 Babilonie,
758 3924 888 3987 inimico
924 3923 1020 4000 fidei,
1054 3922 1242 3987 adversario
1277 3923 1355 3989 lesu
1383 3920 1520 4000 Christi,
1556 3920 1673 3985 cultori
1705 3917 1825 4006 perditi

169 4028 378 4106 Machameti,
402 4027 684 4114 impudentissime
701 4028 891 4113 resignavit,
915 4027 1110 4091 denuntians
1135 4027 1166 4090 ei
1189 4033 1225 4090 ut
1247 4026 1288 4090 de
1312 4027 1383 4112 ipso
1402 4027 1526 4091 faceret
1543 4022 1697 4109 quicquid
1713 4023 1824 4103 vellet,

171 4139 205 4197 et
226 4132 391 4196 affirmans
415 4152 450 4195 se
473 4131 561 4194 nolle
584 4152 675 4194 arma
697 4130 738 4195 de
762 4137 872 4195 cetero
900 4151 1069 4195 assumere
1093 4137 1206 4194 contra
1229 4131 1353 4215 ipsum,
1385 4151 1482 4216 quem
1505 4136 1541 4192 ut
1564 4127 1824 4213 impugnatorem

170 4235 247 4301 fidei
263 4235 405 4300 fideliter
425 4235 642 4322 impugnaret,
665 4243 837 4319 acceperat
857 4234 1038 4320 imperialis
1055 4234 1205 4298 culminis
1228 4232 1431 4317 dignitatem.
1477 4232 1542 4297 Per
1565 4229 1651 4317 quod
1673 4235 1825 4316 patenter

169 4340 327 4424 arguitur,
350 4338 436 4422 quod
451 4337 603 4422 dignitati
621 4336 748 4424 imperii
765 4339 901 4422 eiusque
919 4347 1119 4423 spontaneus
1139 4337 1339 4402 renuntiavit
1354 4336 1480 4416 honori,
1504 4356 1578 4400 eum
1595 4333 1825 4399 executionem

169 4441 271 4528 gladii
291 4449 403 4506 contra
419 4441 531 4506 hostes
547 4440 623 4504 fidei
647 4449 743 4526 pacto
763 4441 940 4505 execrabili
966 4447 999 4505 et
1022 4440 1168 4504 inaudita
1182 4440 1427 4526 presumptione
1446 4439 1626 4518 remittens,
1649 4435 1824 4523 potestatis

171 4553 204 4611 et
225 4545 395 4630 diguitatis
429 4565 486 4608 sue
511 4566 546 4609 se
571 4545 724 4630 spoliavit
746 4543 870 4618 olficio,
905 4565 1004 4608 eausa
1027 4566 1061 4609 se
1085 4545 1247 4628 privatum
1271 4543 1457 4620 insinuans,
1488 4540 1581 4605 cuius
1606 4540 1726 4605 effectu
1748 4559 1824 4624 pro-

170 4649 258 4714 misit
281 4655 314 4713 et
337 4647 457 4712 iuravit
480 4668 515 4711 se
539 4645 580 4711 de
604 4660 714 4712 cetero
737 4648 929 4720 cariturum;
953 4647 1161 4732 privilegium
1185 4646 1272 4710 enim
1295 4645 1415 4709 meruit
1436 4644 1605 4730 dignitatis
1629 4643 1824 4722 ammittere,

94 4785 99 4794 ·
172 4755 227 4840 qui
263 4773 421 4818 concessa
452 4751 516 4816 sibi
548 4750 670 4816 abusus
706 4757 757 4816 est
790 4758 965 4838 potestate.
1033 4749 1219 4814 Secundum
1258 4749 1362 4832 magis
1399 4748 1585 4813 execrabile
1621 4754 1654 4811 ct
1688 4744 1824 4809 inauditi

169 4858 395 4923 ammiratione
420 4856 562 4942 stuporis
586 4854 800 4934 horrendum,
823 4854 910 4940 quod
933 4854 974 4918 de
998 4854 1120 4940 templo
1143 4853 1219 4932 Dei,
1244 4853 1277 4916 in
1301 4872 1364 4938 quo
1388 4851 1539 4915 Christus
1563 4850 1693 4914 oblatus
1718 4856 1769 4912 est
1792 4855 1826 4912 et

170 4961 282 5027 sedem
305 4960 368 5025 sibi
390 4960 528 5047 primam
552 4957 772 5024 cathedralem
795 4958 974 5036 constituit,
997 4955 1126 5042 quando
1150 4957 1184 5020 in
1207 4955 1314 5021 medio
1335 4953 1504 5019 doctorum
1528 4952 1614 5017 sedit
1632 4951 1768 5016 audiens
1792 4957 1826 5015 et

170 5065 390 5152 respondens,
427 5065 533 5150 ipsum
562 5061 768 5149 impudenter
800 5069 833 5126 et
866 5062 1086 5126 irreverenter
1116 5060 1214 5125 eiecit
1245 5066 1278 5124 et
1309 5059 1342 5123 in
1376 5055 1454 5122 sede
1490 5075 1550 5120 sua
1582 5055 1825 5119 Machametum

170 5168 332 5256 perditum
348 5167 532 5247 collocavit,
556 5186 630 5230 eum
646 5158 827 5230 doctrinam
843 5155 1050 5252 nephandam
1074 5171 1108 5228 et
1130 5165 1237 5247 legem
1262 5161 1366 5247 ipsius
1389 5161 1422 5226 in
1443 5159 1565 5245 templo
1582 5157 1645 5221 Dei
1662 5155 1825 5242 predicari

93 5299 119 5336 rc
172 5281 205 5336 et
233 5271 366 5336 clamari
393 5269 593 5350 concedens,
624 5271 790 5336 silentium
821 5270 976 5357 preconio
1007 5268 1196 5353 evangelice
1228 5265 1376 5330 veritatis
1408 5263 1579 5350 imposuit,
1611 5260 1825 5346 eiusdemque

277 5563 301 5631 ⁸)
320 5567 485 5634 perpenditur
502 5565 534 5616 R.

275 5703 301 5772 1)
321 5699 450 5766 Geroldi,·
467 5701 505 5769 cf.
524 5717 551 5753 u.
571 5701 626 5752 384
646 5706 672 5754 et
692 5704 757 5752 380.
