4596 6406
126 4075 151 4114 to

765 357 965 420 EPISTOLAE
983 357 1172 421 saumana.
1208 364 1284 420 1236.
1780 367 1843 432 605

201 535 363 609 beneficia
398 537 609 607 conferuntur
642 545 832 627 reputantes
866 539 1034 624 indignos,
1067 537 1109 605 de
1140 545 1196 604 tuo
1232 537 1379 605 ridemur
1418 536 1538 604 iudicio
1561 535 1744 626 disputare,
1779 560 1844 605 non

204 645 376 712 attendens
410 643 497 730 quod
530 644 715 710 sacerdotes
751 643 873 708 Christi
903 665 1015 728 regum
1048 650 1081 708 et
1109 644 1291 730 principum
1322 645 1465 708 omnium
1495 643 1640 709 fidelium
1669 651 1778 731 patres
1809 650 1842 711 et

203 749 351 836 magistri
385 755 569 815 censentur.
624 747 740 812 Nonne
772 746 969 812 miserabilis
1003 748 1130 811 insanie
1165 769 1239 812 esse
1274 747 1500 832 cognoscitur,
1535 748 1564 812 si
1590 747 1676 813 filius
1704 755 1841 836 patrem,

203 852 381 940 discipulus
405 851 597 936 magistrum
620 858 756 916 conetur
778 871 932 936 arguere,
955 873 975 915 a
997 851 1114 936 quibus
1137 872 1202 916 non
1225 852 1331 917 solum
1353 852 1387 915 in
1409 851 1505 916 torris
1530 858 1580 915 set
1608 852 1641 916 in
1665 853 1744 916 celis
1769 873 1843 918 sese

203 958 299 1043 ligari
333 977 431 1043 posse
465 955 668 1020 institutione
705 954 813 1018 divina
847 954 1004 1020 docetur?
1056 954 1179 1034 Omnes
1208 955 1309 1036 enim,
1338 955 1403 1019 nisi
1429 974 1565 1039 quorum
1594 957 1707 1021 oculus
1735 957 1844 1042 aliquo

203 1060 322 1126 erroris
345 1061 480 1146 pulvere
504 1061 688 1139 obturatur,
711 1066 909 1144 agnoscunt,
933 1058 1018 1144 quod
1041 1081 1114 1124 cum
1136 1066 1173 1123 tu
1195 1059 1265 1145 ipse
1288 1059 1469 1144 apostolice
1493 1059 1737 1142 examinationi,
1761 1061 1845 1125 sicut

201 1170 365 1228 testantur
380 1163 551 1250 premissa,
568 1163 751 1242 subiaceas,
767 1164 870 1227 multo
893 1163 1007 1229 fortius
1026 1163 1067 1230 de
1083 1165 1213 1228 illorum
1229 1186 1400 1250 possumus
1422 1163 1615 1249 indignitate
1632 1186 1842 1252 cognoscere,

203 1269 258 1354 qui
280 1268 321 1332 de
346 1288 443 1332 manu
466 1275 522 1332 tua
543 1274 723 1332 noscuntur
745 1266 937 1352 dignitatem
960 1268 1102 1352 aliquam
1126 1268 1332 1353 suscepisse,
1363 1287 1402 1332 eo
1431 1266 1518 1352 quod
1541 1268 1697 1354 quidquid
1721 1270 1844 1356 speciei

205 1372 376 1452 subicitur,
408 1371 448 1436 de
479 1372 536 1436 illo
559 1393 662 1458 genus
684 1371 872 1437 necessario
895 1371 1091 1457 predicatur.
1143 1373 1217 1437 Hoc
1244 1373 1278 1437 in
1300 1373 1449 1459 personis
1473 1374 1707 1438 ecclesiasticis
1728 1374 1843 1460 negari

203 1498 270 1542 non
291 1483 409 1563 potest,
432 1477 548 1561 quibus
571 1497 630 1540 nos
654 1497 696 1541 ex
719 1477 950 1540 constitutione
973 1475 1083 1540 divina
1105 1477 1305 1562 preficimur;
1328 1477 1507 1564 imperialis
1529 1497 1608 1542 raro
1630 1478 1778 1564 potentia
1801 1499 1845 1544 ex

204 1582 274 1645 sola
296 1581 507 1666 usurpatione
530 1581 564 1644 in
586 1579 771 1644 huiusmodi
794 1581 827 1643 in
850 1580 1000 1645 iniuriam
1028 1580 1128 1646 divini
1159 1582 1298 1646 nominis
1321 1581 1494 1667 aliquoties
1523 1579 1716 1662 dominatur,
1745 1583 1780 1647 in
1804 1603 1844 1648 eo

203 1684 364 1749 rhetorico
387 1683 498 1746 fucata
520 1684 629 1748 colore
653 1682 739 1768 quod
762 1682 848 1769 apud
871 1705 968 1769 reges
991 1691 1150 1748 terrarum
1175 1691 1207 1749 et
1230 1685 1394 1770 principes
1418 1683 1626 1766 deecclesia,
1650 1706 1712 1771 que
1738 1707 1844 1772 usque

202 1787 299 1853 modo
322 1808 387 1852 non
410 1786 571 1850 modicum
594 1787 757 1873 imperiali
779 1789 929 1874 pepercit
959 1788 1091 1869 honori,
1123 1795 1155 1852 te
1184 1787 1408 1874 depositurum
1435 1789 1585 1874 querelas
1597 1791 1618 1871 ¹,
1650 1789 1846 1875 quibusdam

204 1891 290 1978 apud
313 1911 370 1955 eos
393 1889 458 1954 iam
481 1889 640 1976 depositis
653 1891 675 1970 ²,
700 1891 915 1955 comminaris.
960 1890 1126 1956 Premissa
1148 1911 1286 1976 quoque,
1310 1897 1605 1978 quantumcumque
1634 1893 1698 1956 sint
1721 1895 1845 1978 gravia,

204 2002 499 2082 quantumcumque
530 2015 549 2057 a
579 1995 658 2058 iuris
680 1995 810 2059 tramite
835 1995 898 2058 sint
920 2001 1061 2074 remota,
1083 1994 1210 2058 minora
1232 2000 1342 2059 tamen
1366 1995 1399 2058 in
1423 1995 1525 2058 oculis
1549 1996 1669 2060 nostris
1692 2005 1844 2084 respectu

202 2100 288 2163 illius
317 2098 432 2162 iniuria
464 2105 672 2184 reputantur,
696 2119 758 2182 que
787 2099 924 2163 creatori
947 2106 1058 2162 nostro
1081 2099 1115 2162 in
1137 2098 1199 2162 hoc
1223 2097 1403 2163 evidentius
1426 2099 1604 2184 irrogatur,
1634 2101 1720 2186 quod
1742 2103 1845 2167 turbis

203 2201 429 2288 undecumque
454 2202 598 2266 collectis
622 2201 775 2265 Crucifixi
797 2200 894 2266 fidem
917 2208 950 2266 et
972 2223 1091 2267 nomen
1121 2202 1252 2288 publice
1283 2202 1458 2287 predicari,
1490 2223 1531 2267 ne
1555 2224 1619 2288 qua
1640 2226 1683 2269 ex
1705 2204 1767 2268 hoc
1789 2211 1845 2268 tuo

204 2307 393 2391 contingant
423 2325 525 2389 regno
558 2304 739 2392 dispendia,
770 2326 835 2369 non
857 2305 1060 2391 permittens,
1093 2306 1374 2391 recuperationem
1401 2305 1502 2371 Terre
1532 2305 1651 2371 Sancte
1680 2315 1713 2372 et
1742 2309 1846 2372 crucis

203 2411 370 2496 negotium
393 2409 541 2496 impedis,
564 2409 605 2472 ad
629 2410 719 2473 euius
743 2410 1054 2474 consummationem
1079 2417 1191 2472 contra
1215 2409 1383 2472 consilium
1410 2416 1502 2472 tuum
1530 2409 1571 2474 de
1598 2410 1693 2474 bonis
1715 2418 1845 2475 tuorum

204 2515 342 2580 conferri
358 2514 502 2578 fidelium
524 2513 698 2579 interdicis.
738 2513 898 2587 Quocirca
914 2512 1141 2578 celsitudinem
1164 2519 1253 2576 tuam
1275 2510 1453 2597 rogandam
1476 2512 1627 2577 duximus
1653 2520 1687 2579 et
1709 2535 1845 2579 monen-

203 2620 292 2699 dam,
326 2625 487 2705 quatenns
522 2618 582 2682 sub
616 2620 740 2704 potenti
774 2638 872 2682 manu
900 2616 980 2698 Dei,
1016 2617 1067 2681 cui
1097 2618 1183 2681 clara
1221 2624 1295 2681 sunt
1332 2616 1523 2681 abscondita
1550 2617 1775 2696 tenebrarum,
1801 2619 1846 2683 sic

203 2722 364 2787 humiliari
392 2743 566 2808 procures,
601 2723 646 2785 sic
681 2743 793 2786 omnes
817 2742 936 2807 sponso
966 2741 1023 2784 suc
1047 2721 1180 2784 iniurias
1203 2719 1335 2784 studeas
1360 2719 1550 2800 emendare,
1574 2719 1660 2806 quod
1682 2727 1715 2785 te
1737 2721 1847 2786 taliter

203 2829 368 2892 exaltasse
396 2848 469 2892 eum
497 2846 701 2911 nequaquam
732 2825 880 2910 peniteat
912 2831 945 2890 et
978 2844 1036 2889 sue
1064 2824 1243 2888 maiestatis
1272 2825 1384 2887 oculos
1416 2845 1436 2886 a
1464 2824 1527 2887 tuis
1550 2824 1759 2910 processibus
1782 2846 1848 2890 non

203 2938 337 3012 avertat,
357 2951 481 3016 nosque
499 2930 539 2994 dc
556 2928 777 3015 imperialibus
798 2928 998 3015 profectibus
1016 2928 1177 3014 possimus
1192 2949 1256 2992 non
1275 2929 1435 2994 immerito
1451 2929 1484 2992 in
1499 2927 1640 2992 Domino
1657 2930 1846 3015 gratulari³.

310 3051 386 3117 Dat.
409 3050 524 3131 Reate,
547 3049 580 3114 X
602 3049 678 3115 Kal.
701 3049 861 3116 Novemb.
886 3071 970 3114 anno
994 3047 1131 3117 decimo.

984 3488 1069 3562 704.

309 3601 498 3713 (ismarius
520 3629 576 3694 IX
593 3649 679 3710 papa
697 3627 854 3708 praetatis
869 3627 1085 3706 Lenitardraa
1107 3628 1266 3692 marchiae
1283 3626 1464 3691 Terciniaco
1484 3631 1514 3691 at
1527 3625 1733 3692 Ronraaiotae
1756 3624 1847 3711 infra

203 3735 392 3799 eaamaatis
423 3733 568 3811 arandat,
604 3737 640 3796 at
673 3732 913 3819 [Rayaaldam]
945 3735 1119 3815 episcopum
1154 3729 1324 3797 Ostiensem
1357 3737 1387 3797 et
1422 3731 1606 3817 illamam]
1633 3732 1849 3818 presbyteram

203 3839 404 3916 cardinalem,
426 3859 515 3920 qaam
536 3857 594 3918 pra
616 3837 803 3902 incremento
826 3838 980 3903 libertatis
1001 3838 1231 3915 ecclesiasticae,
1254 3840 1339 3901 stata
1359 3837 1486 3919 imperii
1506 3834 1721 3920 reformanda,
1738 3835 1849 3916 praci-

203 3944 265 4005 tate
297 3941 451 4006 haeretica
483 3939 635 4006 abelcada
667 3945 698 4004 ct
726 3943 845 4025 aepotte
882 3942 997 4007 Terrae
1031 3943 1166 4008 Sanctae
1193 3941 1394 4022 procurando
1426 3939 1470 4005 ad
1501 3958 1551 4004 cos
1579 3941 1697 4017 mittat,
1720 3939 1849 4023 barcae

202 4046 366 4126 recepiant.
1490 4045 1584 4122 1236,
1606 4042 1684 4106 Noc.
1706 4045 1760 4111 29.

308 4165 390 4234 Grec.
408 4167 454 4218 IX
469 4165 537 4234 Rea.
562 4165 618 4220 Vct.
640 4164 672 4235 V,
690 4169 749 4220 206
753 4185 763 4234 ;
781 4165 843 4220 Lib.
861 4166 899 4230 X,
917 4171 981 4220 276.

307 4252 444 4319 Pcttlrast,
463 4250 532 4321 Req.
551 4255 651 4306 10268.

254 4439 516 4537 Aquilegensi³
544 4452 581 4520 et
609 4436 863 4520 ..Gradensi⁴
890 4446 1121 4539 patriarchia,
1149 4501 1158 4519 .
1180 4439 1504 4534 ,Mediolanensi⁵,
1533 4500 1571 4518 ..
1593 4443 1798 4520 Ravenati⁸

206 4572 242 4640 et
280 4624 289 4640 .
323 4623 332 4640 .
368 4558 564 4642 Ianuerrsi⁷
601 4568 888 4660 archiepiscopis
923 4588 1130 4660 eorumque
1167 4566 1412 4658 suffraganeis
1449 4587 1493 4640 aa
1525 4621 1573 4640 ..
1611 4557 1849 4640 Placentino⁸

129 4712 154 4751 ³⁵
208 4694 245 4762 et
272 4744 280 4761 .
310 4744 320 4764 .
347 4681 598 4762 Ferrariensi⁸
625 4689 826 4782 episcopia,
854 4689 1064 4778 abbatibus
1092 4686 1255 4774 decania,
1283 4685 1565 4776 archidiaconis,
1593 4686 1848 4780 archipresby·

125 5462 152 5502 4⁰

204 4809 293 4883 teris
329 4815 365 4882 et
400 4810 481 4883 aliis
517 4810 756 4884 ecclesiarum
788 4811 940 4902 prelatis
971 4831 1038 4902 per
1069 4807 1353 4895 Lombardiam‚
1380 4807 1584 4882 marchiam
1615 4807 1846 4882 Tarvisinam

739 4936 777 5004 et
802 4930 1067 5004 Romaniolarn
1095 4928 1316 5004 constitutis,

310 5075 374 5142 Dei
402 5084 435 5143 et
464 5079 631 5144 hominum
659 5080 817 5145 mediator
844 5080 994 5145 dominus
1017 5080 1112 5145 Iesus
1137 5079 1303 5158 Christus,
1327 5077 1380 5162 qui
1409 5097 1482 5140 cum
1506 5083 1594 5140 esset
1616 5075 1649 5138 in
1672 5075 1767 5140 terris
1790 5095 1849 5160 pro

204 5181 337 5246 humani
359 5183 464 5247 salute
488 5185 616 5269 generis
641 5187 845 5266 constitutus,
868 5185 1045 5249 innumeris
1068 5184 1313 5248 miserationum
1339 5180 1491 5266 operibus
1518 5179 1711 5265 populorum
1740 5178 1849 5242 multi·

301 5445 326 5509 ¹)
343 5444 387 5507 P.;
403 5447 506 5514 gloriari
525 5447 609 5514 Rapa,
628 5455 651 5497 et
669 5445 741 5498 H.B.

299 5584 325 5650 1)
346 5581 407 5636 Hoc
419 5597 525 5651 quaque
537 5581 566 5634 ta
577 5580 691 5649 epistold
699 5599 730 5651 p.
739 5585 794 5636 598
804 5581 896 5634 ῑίκ.28
905 5582 1109 5635 commmorata
1122 5573 1242 5632 rasitare
1254 5577 1369 5632 videtur.
1422 5577 1449 5646 2)
1462 5576 1530 5632 Vide
1541 5592 1628 5647 supra
1640 5592 1670 5645 p.
1685 5578 1749 5640 602,
1759 5579 1816 5628 aot.
1826 5576 1851 5628 6.

202 5669 231 5739 3)
250 5668 406 5724 Bcrtlrclda
459 5669 486 5734 4)
504 5669 618 5739 Aayela.
671 5669 699 5738 5)
726 5669 873 5723 ll'r'ltrlmo.
920 5671 947 5736 G)
971 5667 1142 5720 llaoderica.
1186 5667 1212 5734 ’1)
1234 5667 1326 5720 Ottaar'
1343 5665 1406 5719 111.
1450 5666 1478 5734 8)
1496 5663 1623 5734 Arps'dr'o.
1671 5663 1696 5730 9)
1715 5660 1851 5716 Retanda.
