4576 6390
803 392 1003 450 urrsrouln
1021 393 1211 450 sanderus.
1247 396 1323 451 1234.

773 641 943 715 Illustri
970 643 1059 734 regi
1085 641 1348 733 Portugalie.

346 785 428 850 Cum
460 792 565 850 mater
593 789 736 853 ecclesia
764 790 875 853 multis
900 790 1065 855 excitetur
1089 797 1154 855 etc.
1178 797 1215 855 ut
1246 813 1345 879 supra
1377 793 1411 856 in
1434 791 1670 858 COGXXXIII
1699 796 1894 880 litteraque

239 889 392 976 dirigitur
415 941 422 955 .
447 937 455 952 .
479 889 553 954 duci
576 892 724 956 Austris.
848 951 856 961 .
1249 888 1251 892 ¹

343 992 383 1056 In
407 993 548 1058 eundem
570 995 702 1059 modum
727 998 848 1082 ..regi
872 996 1062 1082 Aregonum
1074 999 1095 1061 ¹.

344 1096 385 1160 In
408 1096 548 1162 eundem
571 1097 703 1162 modum
727 1100 847 1183 ..regi
870 1086 1055 1167 Navarra&

344 1199 384 1264 In
407 1201 548 1266 eundem
570 1201 704 1265 modum
729 1203 847 1287 ..regi
872 1201 1017 1268 Castelle
1043 1209 1076 1268 et
1098 1201 1330 1289 Legionensi³.

343 1302 382 1368 In
408 1304 548 1368 eundem
571 1304 702 1368 modum
726 1306 888 1389 ..regine
913 1305 1058 1372 Oastelle
1082 1313 1117 1371 et
1137 1305 1372 1393 Legionensi⁴.

344 1407 385 1471 In
409 1407 550 1474 eundem
573 1407 704 1472 modum
728 1409 891 1494 ..regine
914 1409 1055 1476 Toleti⁵.

344 1510 384 1574 In
408 1510 550 1576 eundem
572 1510 704 1574 modum
726 1510 893 1575 Ferrando
916 1512 1035 1576 infanti
1057 1512 1179 1577 Montis
1201 1513 1420 1599 Aragonie⁸⁸.

345 1613 386 1678 In
410 1612 550 1679 eundem
573 1612 705 1677 modurn
728 1660 735 1676 .
755 1662 762 1678 .
779 1615 891 1678 comiti
913 1613 954 1680 de
978 1616 1235 1683 Roisellionebl

344 1715 384 1780 In
407 1715 549 1782 eundem
570 1715 703 1782 modum
728 1765 760 1783 ..
778 1717 890 1781 comiti
912 1717 1182 1784 Barchinonensi.

858 2025 1269 2033 ψ*

1019 2338 1106 2412 614.

344 2467 534 2577 Greyorius
563 2491 619 2560 IX
642 2515 732 2575 papa
762 2494 1001 2575 archiepiscopis
1031 2499 1061 2559 ct
1088 2496 1165 2560 aliis
1193 2497 1392 2562 calcatorum
1418 2497 1576 2578 praelatis
1604 2501 1634 2562 ot
1661 2499 1809 2580 capitulis
1830 2519 1892 2580 per

234 2619 366 2684 rconnm
387 2598 547 2663 Franciac
568 2599 744 2663 constitutis
764 2599 910 2676 nnandat,
937 2603 973 2662 at
994 2600 1155 2665 nnionsos
1176 2599 1331 2678 roddens,
1354 2620 1431 2682 qnos
1452 2601 1557 2666 olcrici
1584 2601 1678 2668 Urbis
1699 2603 1736 2666 in
1757 2603 1891 2668 codcsiis

234 2703 374 2784 iptorum
395 2702 567 2781 obtineant,
592 2701 740 2783 magistro
762 2696 886 2768 Simoni
912 2702 1059 2783 scriptori
1084 2722 1140 2766 sno
1164 2704 1339 2786 magnoni,
1368 2703 1584 2784 expendendos
1604 2707 1714 2768 contra
1734 2705 1890 2770 maiitiam

236 2805 460 2870 Ronmnonnm.
1556 2810 1651 2888 1234,
1672 2805 1748 2874 Dec.
1772 2811 1802 2874 9.

341 2923 422 2994 (trop.
440 2925 490 2978 IX
506 2926 576 2995 Ray.
599 2925 656 2979 Vol.
674 2926 696 2978 1
700 2925 729 2993 V,
746 2929 905 2988 oro-24&
923 2925 985 2980 Lib.
1007 2925 1093 2991 VIII,
1112 2928 1177 2980 356.

439 3135 801 3229 Archiepisoopis
828 3142 871 3212 et
899 3138 1135 3230 episeopis,
1165 3136 1422 3227 abbatibus
1449 3139 1693 3230 prioribus,

283 3256 543 3347 prepositis,
570 3258 768 3346 decaniS,
796 3257 1116 3332 archidiaconis
1143 3262 1184 3332 et
1215 3257 1317 3332 eliis
1345 3258 1632 3334 ecelesiarum
1658 3262 1844 3351 prelatis

519 3382 559 3450 et
585 3377 791 3469 capitulis
817 3399 894 3470 per
919 3399 1101 3470 regnum
1128 3377 1312 3452 Francis
1340 3379 1602 3453 constitutis.

344 3524 426 3590 (lum
450 3525 605 3611 exigente
628 3527 753 3591 malitis
766 3526 988 3592 Romanorum
1012 3548 1125 3592 omnes
1148 3526 1294 3593 redditus
1315 3527 1558 3592 ecclesiasticos
1580 3528 1773 3594 clericomm
1788 3525 1888 3592 Urbis

234 3627 276 3692 ad
299 3635 410 3694 nostre
433 3630 611 3694 voluntatis
634 3629 877 3716 beneplacitum
899 3628 1162 3694 mandaverimus
1186 3629 1330 3710 retineri,
1353 3629 1556 3716 presentium
1576 3631 1670 3696 robis
1693 3631 1888 3696 auctoritate

234 3731 435 3812 mandamus,
458 3733 610 3818 quatinus
633 3733 778 3798 redditus
799 3733 983 3813 universos,
1006 3754 1088 3819 quos
1112 3734 1145 3798 in
1168 3733 1317 3798 ecclesiis
1339 3733 1458 3798 vestris
1481 3732 1581 3798 iidem
1604 3734 1714 3799 elerici
1738 3733 1887 3799 obtinere

234 3841 426 3916 noscuntur,
458 3837 607 3923 exeeptis
639 3835 821 3901 redditibus
852 3837 1096 3923 capellanorum
1124 3842 1311 3901 nostrorum
1340 3841 1373 3900 et
1400 3856 1513 3902 eorum
1536 3837 1591 3922 qui
1616 3833 1830 3902 residentiam
1852 3836 1887 3900 in

234 3937 359 4002 eisdem
383 3940 534 4004 ecclesiis
555 3939 680 4004 faciunt
699 3940 918 4026 personalem,
942 3939 1062 4004 dilecto
1086 3940 1153 4004 filio
1173 3940 1330 4025 magistro
1347 3938 1483 4023 Symoni
1507 3939 1658 4026 scriptori
1679 3946 1791 4004 nostro
1815 3940 1886 4004 sine

236 4039 450 4108 diminutione
474 4063 511 4106 ao
527 4040 720 4107 difficultate
739 4041 887 4127 qualibet
909 4047 1021 4106 nostro
1044 4043 1175 4107 nomine
1195 4043 1381 4128 assignetis.
1422 4043 1579 4128 Alioquin
1594 4042 1775 4108 venerabili
1794 4041 1887 4107 fratri

233 4151 346 4209 nostro
371 4195 398 4211 ..
415 4145 597 4211 Perisiensi
620 4145 800 4232 episcopo8
821 4146 943 4210 nostris
960 4145 1075 4209 damus
1098 4145 1216 4210 litteris
1239 4145 1273 4209 in
1291 4145 1463 4226 mandatis,
1486 4153 1523 4210 ut
1545 4166 1604 4210 vos
1627 4145 1669 4209 ad
1691 4145 1724 4210 id
1743 4145 1885 4210 auotori-

234 4253 301 4313 tate
324 4254 438 4312 nostra
460 4248 588 4312 sublato
612 4248 844 4335 appellationis
866 4247 1101 4334 impedimento
1125 4248 1311 4336 compellat.

341 4368 417 4435 Dat.
441 4370 582 4451 Perusii‚
603 4369 636 4433 V
655 4368 734 4434 Idus
756 4369 915 4435 Decemb.
937 4390 1022 4434 anno
1045 4368 1156 4434 V1110.

342 4491 383 4556 In
407 4489 545 4556 eundem
569 4489 701 4554 modum
726 4491 882 4577 scriptum
912 4497 963 4556 est
986 4540 994 4557 .
1018 4542 1026 4557 .
1050 4489 1301 4555 (lantuariensi‘
1333 4495 1429 4556 et..
1453 4487 1698 4554 Eboracensi¹⁰
1720 4488 1884 4576 archiepi-

236 4595 362 4681 scopis,
391 4601 427 4658 ut
450 4600 569 4677 cogant
591 4594 736 4680 prelatos
760 4601 794 4658 et
826 4594 974 4660 subditos
998 4613 1091 4673 suos,
1122 4594 1177 4679 qui
1205 4615 1304 4680 super
1331 4593 1393 4657 hoc
1416 4592 1604 4656 mandatum
1628 4592 1765 4671 habent,
1794 4593 1884 4679 ipsos

235 4697 382 4762 redditus
405 4698 573 4782 assignare
596 4697 752 4781 magistro
775 4681 904 4774 Boetia,
936 4698 987 4762 oui
1010 4699 1166 4784 scriptum
1189 4703 1255 4778 est,
1287 4702 1323 4761 nt
1346 4695 1481 4780 colligat
1503 4702 1538 4760 et
1560 4696 1672 4781 colligi
1693 4695 1793 4761 faciat
1815 4717 1885 4776 eos,

235 4801 447 4889 deponendos
467 4799 553 4887 apud
577 4798 708 4864 domum
730 4801 847 4866 militie
870 4801 999 4889 Templi
1020 4801 1230 4867 Parisiensis.

336 5100 360 5168 ·)
378 5105 483 5172 uagos
500 5103 532 5156 n.
612 5101 636 5170 b)
652 5093 748 5156 matu
764 5103 798 5155 n.

339 5240 365 5305 l)
382 5237 526 5291 [scobol.
586 5237 614 5304 2)
639 5237 800 5291 nectardo.
860 5237 888 5304 3)
906 5235 1085 5290 Fordinondo
1105 5237 1163 5290 III.
1223 5235 1252 5303 4)
1270 5234 1405 5289 Beatsici.
1467 5233 1495 5302 5)
1515 5231 1672 5300 Mafaldac,
1690 5230 1792 5285 viduae
1808 5231 1885 5284 Hen-

42 5385 43 5388 )
96 5387 117 5400 ·
157 5337 182 5378 ιι
234 5325 288 5379 rici
305 5324 412 5391 Inepte
432 5323 581 5378 Castelloni
599 5329 624 5377 ot
647 5323 777 5388 Toletani,
792 5323 1020 5394 praemonente
1038 5321 1214 5378 Fertinandi
1230 5319 1306 5374 111?
1369 5322 1396 5387 6)
1416 5319 1499 5374 Mona
1516 5319 1675 5388 Aroponiae
1691 5317 1886 5372 monasterinm

231 5427 321 5480 prope
344 5409 456 5464 Hneoca
482 5415 535 5473 est,
559 5410 639 5464 cuins
665 5409 752 5464 obbas
770 5410 934 5464 Ferrandas
955 5409 1047 5477 frater
1072 5409 1151 5462 Petri
1169 5410 1207 5460 II
1229 5407 1303 5474 repis
1332 5407 1491 5474 Asaponiae
1514 5422 1539 5460 a.
1563 5409 1636 5460 1205
1657 5405 1752 5472 sactus
1778 5403 1886 5472 suetan

235 5497 310 5551 Hist.
328 5496 361 5550 dc
378 5495 555 5564 Lanpnedoc,
574 5495 615 5549 ed.
637 5495 773 5551 Tolosona
791 5514 818 5551 a.
836 5500 917 5565 1879,
936 5501 955 5551 t.
979 5495 1026 5563 VI,
1041 5511 1072 5564 p.
1090 5497 1154 5548 239.
1191 5493 1275 5546 Hanc
1289 5509 1370 5562 papa
1387 5491 1493 5562 altoon
1509 5491 1624 5560 ideoque
1640 5467 1885 5558 abbau'suppten·

234 5581 299 5636 dnm
316 5580 431 5634 videtur.
485 5581 511 5648 7)
530 5580 567 5635 1o
584 5586 626 5636 est
643 5581 853 5648 sonnonem,
872 5582 905 5638 do
923 5581 1091 5646 Rousillos,
1109 5579 1226 5634 Nnnoni
1244 5578 1367 5634 Sanctio.
1419 5579 1447 5647 8)
1471 5577 1620 5632 Willelmo.
1683 5576 1711 5646 9)
1729 5575 1885 5630 Edmundo.

235 5669 278 5735 10)
304 5667 430 5722 Waltero.
