4596 6406
769 417 969 472 EPISTOLAE
987 418 1176 492 SELEC'IAE.
1214 419 1289 474 1239.
1791 421 1850 482 641

202 591 318 670 armis,
342 591 501 654 auxilium
525 592 729 676 prostiterint
752 599 785 655 ct
808 590 971 664 farorem;
1004 591 1192 655 mandatum
1216 599 1366 656 nostrum
1390 593 1500 657 taliter
1522 593 1716 680 impleturus
1725 603 1749 674 ⁸,
1771 591 1857 678 quod

204 695 408 780 diligentiam
432 703 521 763 tuam
545 694 773 760 commendare
797 695 914 759 merito
937 693 1127 760 debeamus.

311 806 387 871 Dat.
411 814 447 871 ut
471 829 577 893 supra.

309 918 349 983 In
372 918 512 984 cundem
535 920 604 984 sero
629 919 760 984 modum
784 918 885 982 nobili
909 919 978 981 viro
994 914 1184 1004 Blalduiuo]
1209 918 1323 984 heredi
1347 919 1475 1005 imperii
1502 919 1858 1007 Constantinopolitani

204 1033 238 1088 et
260 1007 333 1087 aliis
358 1023 543 1103 comitibus,
565 1011 742 1088 baronibus
766 1030 800 1087 ct
822 1021 986 1086 nobilibus
1010 1042 1133 1105 usque:
1157 1023 1322 1103 astrictus,
1346 1021 1550 1087 nobilitatem
1574 1031 1717 1108 vestram
1742 1044 1856 1088 mone-

202 1149 275 1191 mus
300 1136 332 1192 ct
355 1127 524 1191 hortamur
545 1127 702 1191 attentius
726 1127 759 1188 in
783 1124 914 1188 domina
946 1122 1024 1188 Iesu
1048 1123 1196 1204 Christo,
1227 1127 1378 1211 quatinus
1402 1127 1510 1213 ipsum
1538 1126 1603 1190 iam
1632 1127 1856 1190 excommuni-

203 1240 310 1294 catum
341 1253 360 1294 a
388 1230 480 1294 nobis
511 1238 545 1294 et
567 1235 754 1314 separatum
787 1226 828 1290 ab
862 1226 1004 1292 ecclesie
1027 1227 1153 1292 unitate
1178 1229 1299 1294 curetis
1323 1229 1356 1293 in
1380 1229 1534 1294 omnibus
1558 1229 1699 1309 evitare,
1731 1231 1856 1294 nullum

204 1335 266 1399 sibi
290 1340 476 1419 prestantes
506 1333 688 1410 consilium,
712 1331 870 1396 auxilium
894 1330 947 1395 vel
978 1330 1140 1411 favorem,
1176 1331 1222 1394 ita
1245 1332 1331 1417 quod
1355 1333 1518 1412 allectum,
1542 1353 1640 1417 quem
1663 1331 1792 1397 habetis
1815 1332 1856 1396 ad

204 1437 379 1502 ecclesiam
402 1445 538 1500 matrem
562 1445 717 1516 vostram,
739 1435 903 1522 possimus
927 1455 1126 1518 cognoscere
1149 1457 1210 1521 por
1232 1437 1396 1517 effoetum,
1421 1444 1455 1503 et
1478 1459 1537 1502 nos
1560 1437 1593 1501 in
1616 1437 1735 1502 vestris
1759 1458 1855 1524 opor-

204 1541 397 1605 tunitatibus
421 1541 595 1605 inveniatis
619 1541 817 1604 favorabiles
841 1547 875 1604 et
897 1538 1069 1624 benignos.

311 1662 386 1727 Dat.
409 1669 445 1728 ut
469 1685 577 1750 supra.

310 2043 500 2152 Gesocrias
521 2067 576 2131 IX
591 2087 680 2146 papa
702 2065 876 2149 [Hearico]
897 2065 1036 2145 episcopo
1057 2064 1266 2141 Soccowiensi,
1288 2064 1395 2128 abbati
1416 2064 1453 2128 cle
1480 2064 1685 2131 Wolrlcrbocla
1706 2069 1734 2128 et
1754 2065 1858 2144 priori

204 2173 461 2239 Pracrlicatorrnn
498 2170 534 2234 dc
568 2169 700 2235 Frisaco
739 2188 866 2233 raason
899 2169 1043 2252 [Ottoais
1073 2169 1133 2253 ΙΙ]
1166 2168 1255 2232 drwr's
1287 2168 1460 2232 Bastar-iae
1498 2172 1606 2232 anat-ra
1638 2168 1857 2253 [Commium]

202 2279 378 2359 episcopam
399 2275 648 2357 Frisiapcasom,
675 2274 730 2354 qai
756 2273 792 2335 in
822 2271 924 2352 ipsam
953 2271 1280 2336 eacoounaaicotieais
1307 2275 1336 2335 ct
1364 2271 1523 2336 'iamdicti
1550 2271 1720 2337 sententias
1748 2272 1857 2334 contra

203 2380 357 2446 lautitiam
373 2379 552 2460 protulerit,
575 2377 806 2441 tcrnrinandom
828 2376 998 2441 corrsmsttit.
1469 2379 1564 2454 1239,
1585 2375 1694 2457 April.
1718 2375 1768 2441 15.

307 2497 389 2567 (ἔτερ.
407 2497 457 2552 IX
473 2497 542 2567 Ray.
568 2495 624 2549 Vol.
650 2498 781 2560 VI,1⁰;’;
801 2497 862 2550 Lio.
883 2495 972 2560 XIII,
991 2500 1035 2550 17.

306 2585 441 2648 Pottboat,
459 2583 531 2653 Ery.
550 2587 651 2637 10730.
1058 2601 1059 2606 “

439 2820 447 2837 .
477 2817 484 2832 .
514 2763 719 2855 episeopo
747 2762 1016 2850 Secowensi,
1045 2818 1053 2834 .
1082 2817 1091 2835 .
1120 2761 1275 2836 abbati
1302 2763 1353 2835 de
1381 2761 1622 2836 Waltobac¹

205 2886 518 2962 Cisterciensis
554 2884 725 2958 ordinis
761 2890 802 2958 et
837 2884 975 2976 priori
1011 2883 1182 2956 ordinis
1216 2882 1406 2956 fratrum
1439 2883 1771 2956 Predieatorum
1804 2879 1855 2950 de

385 3005 587 3081 arisae&
618 3006 965 3099 Ratisponensis
996 3011 1037 3080 et
1063 3004 1406 3097 Salzburgensis
1439 3004 1673 3079 diocesunr.

311 3141 440 3206 Nobilis
465 3143 544 3205 vir.
569 3189 576 3204 .
600 3139 668 3205 dux
691 3139 842 3205 Bawarie
866 3140 1060 3204 transmissa
1082 3139 1177 3204 nobis
1200 3139 1359 3225 petitione
1383 3139 1533 3218 innotuit,
1557 3138 1644 3224 quod
1665 3160 1739 3202 cum
1754 3160 1855 3204 vene-

204 3245 316 3309 rabilis
339 3245 440 3309 frater
461 3243 861 3328 nostor..F1·isingensis
885 3245 1060 3331 opiscopus
1083 3245 1115 3307 in
1138 3244 1245 3330 ipsum
1262 3243 1610 3308 excommunicationis
1635 3251 1669 3308 et
1685 3244 1718 3308 in
1735 3251 1855 3309 terram

204 3348 352 3413 eiusdem
375 3348 540 3412 interdicti
564 3349 745 3413 sententias
769 3348 965 3412 auctoritato
989 3347 1154 3412 ordinaria
1179 3355 1292 3412 contra
1314 3347 1472 3411 iustitiam
1492 3347 1700 3432 protulisset,
1723 3347 1856 3412 tandem

203 3459 279 3539 post
301 3450 448 3516 diversas
472 3453 599 3516 litteras
622 3458 758 3537 propter
780 3451 842 3516 hoc
865 3451 941 3516 hinc
965 3451 1040 3516 inde
1065 3450 1106 3515 ad
1129 3451 1255 3516 iudices
1279 3451 1426 3516 diversos
1450 3471 1470 3514 a
1491 3450 1587 3516 nobis
1611 3451 1762 3516 obtentas
1779 3473 1855 3538 prc-

204 3558 291 3621 fatus
308 3556 483 3642 episcopus
500 3577 599 3641 super
615 3554 677 3620 hac
695 3563 728 3620 et
744 3554 938 3641 quibusdam
955 3556 1029 3619 aliis
1047 3556 1193 3620 articulis
1210 3554 1252 3619 ad
1268 3553 1490 3620 venerabilem
1507 3555 1641 3620 fratrem
1657 3561 1805 3619 nostrum
1822 3603 1830 3619 .
1847 3606 1854 3620 .

205 3659 414 3724 Chimensem
440 3658 654 3745 episeopum³
684 3667 718 3723 et
741 3667 791 3739 te,
821 3659 923 3723 frater
946 3659 1118 3745 episcope,
1150 3680 1188 3723 ac
1213 3707 1220 3722 .
1245 3709 1251 3722 .
1276 3657 1429 3722 abbatem
1462 3657 1502 3723 de
1534 3658 1731 3743 Agmunde⁴
1763 3659 1855 3726 Sala.-

203 3763 378 3847 burgensis
413 3761 553 3826 diocesis
592 3769 722 3827 nostras
761 3762 949 3848 impetravit
981 3763 1123 3842 litteras,
1163 3763 1370 3827 continentes
1408 3769 1445 3826 ut
1478 3768 1513 3826 tu
1549 3770 1582 3827 et
1614 3761 1693 3827 dieti
1728 3763 1855 3846 college

205 3865 364 3930 facientes
388 3867 481 3931 vobis
506 3866 639 3931 easdem
663 3867 791 3932 litteras
815 3873 848 3931 et
870 3887 1045 3952 processus
1068 3889 1128 3953 per
1151 3889 1208 3932 aas
1230 3865 1360 3931 habitos
1383 3865 1578 3951 presentari,
1602 3863 1791 3930 detentores
1814 3865 1855 3930 ad

205 3969 443 4034 exhibitionem
467 3991 581 4034 eorum
604 3992 663 4056 por
687 3991 859 4035 censuram
883 3971 1142 4036 ecclesiasticam
1167 3971 1410 4058 compellendo,
1435 3993 1577 4052 causam,
1602 3971 1629 4034 si
1651 3970 1691 4035 de
1715 3971 1855 4056 partium

205 4074 372 4137 voluntate
395 4073 609 4158 procederet,
642 4074 763 4139 iudicio
792 4075 950 4138 curaretis
979 4075 1032 4139 vel
1064 4074 1240 4138 eoncordia
1270 4075 1463 4150 terminare;
1497 4074 1652 4160 alioquin
1675 4075 1780 4160 ipsam
1814 4073 1855 4137 ad

205 4196 265 4239 nos
290 4176 502 4242 remitteretis
534 4178 734 4242 sufficienter
757 4177 965 4257 instructam,
997 4177 1197 4264 prefigentes
1224 4177 1373 4265 partibus
1401 4178 1575 4242 terminum
1603 4184 1855 4265 competentem,

204 4301 267 4364 qua
292 4301 350 4364 per
374 4301 409 4344 se
432 4281 485 4344 vel
508 4289 734 4366 procuratores
759 4281 895 4346 idoneos
918 4289 1029 4346 nostro
1054 4303 1089 4346 se
1114 4281 1273 4346 deberent
1289 4282 1478 4368 conspectui
1500 4289 1701 4368 presentare.
1746 4280 1855 4354 Quare

203 4383 351 4469 prolatus
373 4382 440 4447 dux
463 4384 557 4448 nobis
580 4384 744 4448 humiliter
768 4385 975 4472 supplicavit,
999 4392 1035 4450 ut
1058 4407 1131 4449 oum
1155 4386 1270 4450 eedem
1292 4386 1399 4451 littere
1424 4386 1487 4449 sint
1509 4384 1655 4466 obtento,
1679 4383 1756 4449 dum
1779 4405 1855 4471 pro-

206 4493 335 4551 curator
356 4487 458 4574 ipsius
482 4495 572 4553 esset
595 4488 627 4551 in
651 4489 766 4553 itinere
790 4491 985 4553 constitutus
1009 4496 1143 4576 propter
1165 4488 1226 4552 hoe
1250 4489 1291 4554 ad
1314 4496 1458 4553 nostram
1481 4490 1677 4574 presentiam
1692 4489 1855 4568 veniendi,

206 4611 247 4654 ne
270 4612 328 4676 per
352 4591 508 4654 cavillosa
530 4590 666 4676 diffugia
697 4593 863 4678 contingat
895 4593 1062 4678 negotium
1092 4593 1258 4678 prorogari
1286 4601 1320 4657 et
1347 4601 1384 4658 ut
1405 4593 1559 4658 iudicium
1584 4595 1653 4659 sine
1678 4594 1854 4680 suspitione

204 4694 374 4781 procedat,
403 4695 484 4759 duos
508 4717 550 4761 cx
573 4694 727 4781 predictis
751 4696 910 4762 iudicibus
940 4702 1150 4774 amoventes,
1184 4717 1285 4760 unum
1316 4697 1452 4762 obtentu
1479 4698 1581 4784 ipsius
1612 4704 1645 4762 ot
1677 4719 1719 4763 cx
1748 4697 1854 4761 officio

203 4806 315 4863 nostro
339 4798 517 4884 subrogare
541 4800 640 4863 alium
664 4821 863 4865 curaremus.
907 4800 977 4866 Nos
1000 4802 1098 4886 igitur
1121 4801 1223 4886 ipsius
1247 4799 1338 4863 ducis
1361 4801 1514 4886 precibus
1542 4801 1702 4881 inclinati,
1731 4800 1854 4865 oisdcm

205 4903 360 4990 episcopo
384 4911 417 4966 et
440 4905 558 4968 abbate
582 4906 726 4985 remotis,
751 4926 819 4984 vos,
843 4906 899 4969 filii
923 4905 1038 4986 abbas,
1062 4903 1103 4969 ad
1126 4905 1318 4990 petitionem
1340 4903 1432 4968 ducis
1456 4904 1614 4980 ciusdem,
1637 4912 1670 4969 ct
1691 4905 1788 4990 prior,
1813 4925 1855 4967 ox

205 5007 312 5070 officio
336 5013 446 5070 nostro
470 5007 543 5071 loco
567 5008 783 5094 subrogantes
807 5008 962 5094 ipsorum,
986 5006 1188 5089 mandamus,
1212 5008 1362 5093 quatinus
1385 5008 1418 5071 in
1441 5029 1540 5072 causa
1562 5009 1643 5093 ipsa,
1668 5008 1729 5071 nisi
1753 5008 1793 5074 sit
1814 5005 1854 5069 ad

126 5135 153 5175 ro
205 5111 271 5175 litis
308 5111 581 5176 contestationem
611 5133 817 5198 processum,
853 5113 947 5176 iuxta
976 5113 1119 5199 priorum
1156 5111 1388 5176 continentiam
1422 5111 1601 5175 litterarum
1633 5109 1854 5196 appellatione

206 5223 332 5279 remota
353 5215 479 5280 ratione
503 5214 616 5300 previa
638 5215 835 5302 procedatis.
881 5215 977 5289 Quod
1001 5216 1028 5280 si
1050 5236 1115 5280 non
1139 5237 1253 5280 omncs
1277 5253 1328 5297 -,
1352 5213 1415 5279 duo
1439 5223 1501 5280 ote.

311 5333 387 5399 Dat.
409 5334 564 5403 Lateran.
586 5335 686 5402 XVII
708 5336 784 5402 Kal.
806 5337 896 5418 Maii,
920 5359 1005 5403 anno
1028 5337 1265 5403 tertiodecimo.

311 5526 333 5592 ⁸)
351 5529 404 5578 iana
418 5546 446 5594 p.
468 5531 529 5592 639,
546 5535 597 5579 not
616 5529 635 5580 d
652 5529 832 5582 adtractiorem
849 5529 1033 5580 assertam
1050 5528 1167 5584 radimur.

308 5629 334 5694 1)
352 5628 378 5681 A
396 5627 447 5682 cie.
465 5629 644 5701 Reyesstory
661 5628 700 5684 ad
721 5629 849 5684 orientem
876 5635 901 5684 et
924 5628 1140 5698 septentrionem.
1245 5629 1272 5697 2)
1290 5630 1328 5684 In
1354 5628 1513 5697 Corinthia,
1539 5646 1574 5684 ea
1600 5628 1781 5699 repressione
1804 5628 1855 5681 eia.

126 5742 152 5784 μ
205 5715 382 5784 Klaperrfart.
469 5717 497 5784 3)
515 5715 665 5770 Acbatana
752 5717 779 5783 4)
797 5715 861 5774 scd.
879 5715 912 5771 de
929 5715 1049 5772 sanant
1067 5717 1098 5770 in
1115 5715 1212 5782 Stiria,
1232 5717 1389 5772 Comadm
1408 5719 1521 5772 sosiae.

307 5815 369 5866 Rea.
386 5815 467 5866 Posr.
486 5815 506 5866 1.
1616 5815 1649 5868 sl
