4604 6420
757 399 957 459 emenonis
974 397 1164 456 SELEC'PAE.
1201 399 1276 456 1233.
1781 405 1844 468 419

191 578 373 646 venerabili
401 577 493 643 fratri
520 585 632 644 nostro
658 577 867 642 ..Lunensi
896 577 1051 663 episcopo
1080 597 1154 641 cum
1179 580 1291 640 nostra
1318 575 1424 660 gratia
1453 573 1605 641 redeunti
1627 574 1668 641 de
1696 574 1845 641 omnibus

192 684 318 749 iuribus
353 683 421 746 suis
452 681 599 769 plenarie
628 680 831 758 intendatis,
850 681 1069 746 reverentiam
1100 681 1131 745 ei
1158 679 1310 745 devotam
1333 685 1367 744 et
1389 677 1533 744 debitam
1556 677 1769 762 exhibentes,
1800 680 1846 743 ita

192 786 278 874 quod
301 787 407 872 ipsum
430 784 645 849 favorabilem
669 790 702 848 et
724 803 784 848 nos
808 784 841 846 in
864 782 1140 869 oportunitatibus
1163 783 1283 847 vestris
1307 783 1467 868 propitios
1490 781 1648 847 sentiatis.

299 904 552 970 DatLateran.
576 903 643 970 VH
665 903 743 969 Idus
766 902 902 990 Aprilis,
925 921 1010 966 anno
1034 902 1183 988 septimo.

815 1215 1210 1224 ...ψ’-Ἥ...-
1217 1215 1225 1221 -

976 1503 1062 1577 bid.

302 1634 493 1746 Gregorius
515 1661 571 1728 IX
591 1681 682 1743 papa
708 1659 879 1725 rectoribus
907 1658 1001 1724 Urbis
1022 1661 1165 1739 ararat,
1197 1681 1230 1725 se
1246 1660 1484 1745 fraternitates,
1507 1677 1587 1741 quos
1609 1659 1684 1726 laici
1704 1661 1741 1724 ia
1761 1660 1848 1724 dero

193 1766 347 1848 omanem
369 1766 550 1832 cloacarum
567 1763 788 1852 fraternitatis
816 1763 910 1830 Urbis
931 1764 1160 1843 ari-ravenate,
1178 1765 1311 1845 penitas
1332 1784 1484 1830 revocare.
1532 1763 1584 1848 Of.
1607 1783 1639 1828 a.
1662 1765 1735 1828 487.

1482 1886 1576 1964 1233,
1597 1867 1707 1966 Aper.
1731 1885 1761 1951 a.
1815 1861 1818 1870 “

188 1963 191 1970 ’
298 1972 381 2044 croy.
400 1972 449 2027 rx
466 1971 537 2043 neq.
557 1969 690 2040 voa1v,
709 1969 822 2039 e,·sa.
848 1969 914 2034 νη,
934 1973 980 2025 aa.
1079 1935 1080 1938 ‘

805 2214 1074 2290 Rectoribus
1099 2212 1242 2289 Urbis

303 2367 436 2433 Dudum
459 2367 555 2432 nobis
578 2372 735 2451 suggesto
758 2364 845 2450 quod
866 2365 943 2429 laici
965 2362 1097 2449 quidam
1120 2362 1161 2428 de
1185 2363 1287 2444 Urbe,
1310 2362 1471 2430 habentes
1495 2363 1642 2430 sednon
1665 2363 1845 2430 secundum
1858 2373 1920 2416 Rom·
1938 2379 1990 2427 1⁰³·

195 2472 366 2536 scientiam
389 2472 495 2536 zelum
518 2470 597 2552 Dei,
628 2470 699 2534 sine
730 2469 911 2556 apostolice
947 2467 1034 2532 sedis
1061 2467 1196 2534 licentia
1218 2467 1375 2553 quasdam
1404 2467 1626 2534 fraternitates
1656 2468 1845 2534 adinvenire

196 2575 259 2639 sibi
282 2575 414 2661 propria
436 2574 620 2639 temeritate
644 2579 927 2661 presumpserant,
959 2579 1071 2659 preter
1103 2573 1293 2658 generalem
1315 2572 1585 2638 consuetudinem
1608 2573 1767 2639 hactenus
1790 2574 1849 2639 ob-

196 2685 358 2744 servatam
391 2677 547 2763 quasdam
584 2678 743 2743 facientes
778 2677 1027 2763 solempnitates
1065 2676 1152 2740 circa
1186 2697 1322 2761 corpora
1355 2675 1597 2757 defunctorum,
1633 2679 1753 2744 creatis
1787 2677 1851 2743 sibi

196 2781 409 2847 thesaurariis
434 2788 467 2847 et
496 2781 678 2847 rectoribus
701 2781 845 2868 propriis
869 2778 989 2866 quibus
1013 2800 1114 2866 super
1137 2778 1324 2844 huiusmodi
1346 2778 1576 2862 intendebant,
1606 2788 1640 2846 et
1662 2781 1852 2866 frequenter

122 2919 145 2956 15
199 2887 432 2952 convenientes
460 2891 497 2950 ut
529 2891 652 2949 statuta
681 2892 851 2950 servarent
880 2905 1010 2962 eorum,
1051 2884 1200 2952 convivia
1230 2884 1327 2948 certis
1357 2884 1560 2970 temporibus
1589 2883 1785 2952 celebrando
1817 2884 1850 2948 in

197 2987 444 3074 derogationem
479 2989 673 3054 clericorum
704 2989 920 3055 fraternitatis
954 2988 1054 3053 Urbis
1090 3009 1110 3052 a
1147 2987 1254 3072 longis
1295 2993 1382 3052 retro
1418 2988 1621 3076 temporibus
1656 2989 1851 3076 approbate:

196 3114 268 3172 nos,
290 3092 479 3158 dubitantes
503 3114 544 3158 ne
561 3093 621 3157 sub
639 3114 753 3158 eorum
774 3098 928 3178 pretextu
944 3091 1090 3178 pertrahi
1107 3091 1254 3156 valerent
1276 3091 1442 3178 simplices
1465 3092 1499 3157 in
1521 3113 1676 3174 errorem,
1697 3091 1851 3158 fraterni-

198 3202 283 3260 tates
308 3197 397 3282 ipsas
420 3195 649 3262 mandavimus
672 3219 737 3262 non
761 3198 900 3278 servari,
932 3196 1036 3261 donec
1060 3196 1184 3280 negotii
1208 3196 1460 3261 circumstantiis
1483 3195 1645 3282 indagatis
1669 3218 1769 3284 super
1789 3197 1853 3262 hoc

199 3299 393 3364 duceremus
425 3300 521 3364 aliter
549 3299 799 3387 disponendum.
853 3300 1008 3365 Ceterum
1037 3295 1155 3364 dilecto
1182 3298 1249 3363 filio
1278 3299 1381 3364 nobili
1408 3299 1477 3364 viro
1505 3299 1625 3364 Pand.¹
1653 3298 1693 3364 de
1725 3299 1853 3364 Subura

200 3407 234 3466 et
256 3401 451 3486 quibusdam
473 3402 547 3468 aliis
571 3403 696 3468 civibus
718 3403 876 3469 Romanis
899 3403 1003 3468 multa
1024 3424 1084 3488 pro
1114 3401 1276 3466 iamdictis
1299 3402 1558 3469 fraternitatibus
1582 3395 1797 3469 observandis
1819 3403 1853 3466 in

198 3511 309 3570 nostra
324 3504 582 3591 proponentibus
599 3507 765 3593 presentia
781 3507 980 3586 constitutis,
1003 3527 1075 3583 nos,
1100 3506 1249 3571 volentes
1272 3506 1306 3569 in
1329 3505 1462 3590 negotio
1486 3506 1559 3593 ipso
1576 3528 1649 3572 cum
1666 3507 1853 3572 maturitate

198 3608 388 3696 procedere,
412 3609 540 3675 dilectis
564 3610 640 3674 filiis
666 3658 697 3676 ..
721 3611 909 3697 primicerio
932 3608 1033 3674 Urbis
1057 3615 1091 3673 et
1113 3609 1249 3694 collegis
1273 3609 1340 3672 suia
1363 3609 1483 3673 nostris
1505 3607 1655 3674 dedimus
1678 3609 1796 3675 litteris
1819 3609 1854 3673 in

199 3713 371 3790 mandatis,
395 3719 431 3777 ut
454 3713 611 3799 inspeetis
634 3715 859 3780 instrumentis
884 3734 992 3779 coram
1016 3713 1111 3778 nobis
1127 3711 1295 3793 exhibitis,
1319 3733 1381 3797 que
1403 3712 1484 3799 ipsis
1509 3711 1569 3776 sub
1592 3713 1684 3778 bulla
1705 3713 1853 3777 misimus

199 3817 392 3897 interclusa,
415 3816 536 3881 auditis
560 3817 659 3881 etiam
681 3818 858 3903 propositis
882 3837 992 3881 eoram
1015 3817 1063 3881 eis
1087 3823 1121 3881 et
1143 3815 1300 3901 inquisita
1323 3836 1422 3902 super
1444 3815 1545 3881 totius
1567 3816 1692 3902 negotii
1715 3815 1852 3880 circum-

202 3919 330 3984 stantiis
346 3920 495 4001 veritate,
517 3940 581 4005 que
605 3919 790 3985 invenirent
805 3919 975 3985 studerent
997 3919 1092 3985 nobis
1116 3920 1184 3984 suis
1206 3920 1327 3985 litteris
1345 3919 1506 3984 intimare.
1550 3918 1620 4006 Ipsi
1635 3940 1713 3985 vero
1729 3918 1854 3984 voeatis

200 4029 335 4109 propter
358 4021 421 4087 hoc
445 4022 632 4103 evocandis,
655 4023 798 4109 receptis
821 4024 1046 4088 instrumentis
1063 4044 1174 4088 coram
1197 4023 1245 4086 eis
1268 4022 1436 4104 exhibitis,
1458 4021 1579 4087 auditis
1602 4042 1732 4108 quoque
1755 4042 1855 4108 super

201 4126 264 4192 hoc
286 4126 432 4191 consiliis
456 4125 676 4201 diversorum,
709 4128 1010 4214 negotiumipsum
1038 4127 1240 4192 sufficienter
1266 4127 1459 4192 instructum
1482 4125 1523 4190 ad
1546 4147 1686 4192 examen
1707 4130 1855 4190 nostrum

202 4250 276 4294 cum
310 4229 470 4295 relatione
505 4251 565 4294 sua
599 4228 742 4295 fideliter
774 4232 1035 4297 transmiserunt.
1089 4230 1158 4296 Nos
1196 4231 1306 4315 itaque
1344 4231 1467 4316 scripte
1502 4229 1597 4295 nobis
1636 4227 1784 4294 exhibita
1821 4232 1855 4292 et

201 4333 379 4420 scripturas
403 4332 579 4420 quasdam,
608 4354 690 4419 quas
713 4334 776 4421 ipsi
799 4337 949 4420 regulam
971 4334 1200 4415 nominabant,
1231 4355 1291 4398 nec
1318 4353 1384 4397 non
1407 4339 1440 4398 et
1468 4333 1595 4399 litteras
1618 4333 1688 4400 fere
1711 4331 1855 4398 omnium

202 4437 403 4521 prelatorum
443 4442 477 4501 ct
515 4438 731 4522 capitulorum
764 4437 865 4503 Urbis
900 4460 999 4525 super
1038 4439 1103 4503 hoc
1136 4437 1232 4501 nobis
1273 4437 1483 4501 transmissas
1523 4435 1700 4522 diligenter
1737 4435 1855 4520 inspici

201 4539 371 4620 facientes,
395 4546 608 4606 asserentes
631 4562 673 4606 ne
697 4541 893 4607 fermentum
917 4541 1003 4628 quod
1025 4541 1114 4607 absit
1135 4540 1305 4628 pravitatis
1329 4539 1506 4606 cuiuslibet
1529 4539 1727 4605 sinceritatis
1750 4539 1856 4603 azima

201 4642 428 4724 fermentaret,
460 4664 534 4708 cum
561 4643 717 4709 fratribus
744 4645 865 4710 nostris
889 4644 1126 4709 deliberatione
1149 4642 1260 4708 habita
1283 4643 1457 4728 diligente,
1486 4642 1527 4708 dc
1550 4643 1695 4730 ipsorum
1718 4641 1856 4707 consilio

201 4745 423 4812 fraternitates
451 4746 584 4813 easdem
619 4748 749 4834 penitus
783 4748 947 4813 irritamus
978 4753 1012 4812 et
1045 4768 1102 4812 cas
1134 4746 1333 4833 precipimus
1367 4745 1523 4834 deinceps
1553 4748 1760 4832 aliquatenus
1790 4766 1856 4809 non

202 4849 341 4930 servari,
374 4850 567 4915 clericorum
598 4849 803 4917 fraternitate
835 4853 869 4915 in
901 4871 961 4915 suo
990 4850 1106 4915 robore
1136 4849 1309 4925 duratura;
1343 4856 1527 4916 statuentes
1561 4857 1597 4917 ut
1627 4851 1718 4915 nulla
1747 4855 1857 4935 preter

205 4952 384 5041 predictam
414 4953 607 5020 elericorum
634 4953 872 5020 fraternitatem
902 4954 967 5018 alia
995 4954 1029 5018 in
1056 4953 1147 5020 Urbe
1177 4951 1219 5019 de
1247 4961 1356 5020 cetero
1384 4961 1607 5042 presumatur;
1643 4954 1773 5020 clericis
1801 4953 1858 5038 qui

202 5065 315 5124 contra
341 5058 617 5145 presumpserint,
651 5063 685 5122 ct
713 5057 863 5123 ecclesiis
894 5059 927 5123 in
957 5058 1076 5143 quibus
1104 5060 1235 5146 sepulta
1263 5059 1386 5124 fuerint
1416 5057 1601 5124 huiusmodi
1630 5077 1769 5144 corpora
1797 5055 1856 5121 de-

202 5162 399 5243 functorum,
424 5161 603 5247 suppositis
625 5161 696 5246 ipso
720 5160 806 5226 facto
830 5162 993 5226 sententie
1016 5162 1193 5244 interdicti,
1216 5183 1279 5248 que
1303 5163 1374 5228 sine
1397 5163 1533 5250 speciali
1549 5161 1701 5228 mandato
1717 5160 1858 5226 Romani

203 5266 366 5354 pontificis
390 5265 577 5331 nullatenus
600 5265 709 5330 valeat
730 5265 884 5332 relaxari.
928 5263 1020 5330 Nulli
1043 5287 1122 5352 ergo
1146 5273 1208 5332 etc.
1256 5265 1291 5330 Si
1314 5267 1387 5352 quis
1409 5272 1520 5333 autem
1542 5271 1607 5332 eto.

311 5385 387 5451 Dat.
411 5385 564 5453 Lateran.
587 5385 638 5451 VI
659 5385 738 5452 Idus
762 5387 897 5475 Aprilis,
920 5409 1006 5453 anno
1030 5388 1178 5474 septimo.

312 5563 434 5569 ——-——
836 5563 1122 5571 ——ss—

126 5704 153 5744 40
309 5681 334 5748 l)
354 5679 516 5749 Pandulso?
