4604 6420
131 3344 158 3383 20

135 4883 160 4923 ³5

772 396 972 452 EPISTOLAE
990 397 1179 455 SELECTAE.
1215 402 1291 458 1233.
1799 413 1862 477 409

207 570 372 656 sequaris,
405 575 441 633 ut
477 576 532 633 tue
564 568 747 635 devotionis
780 571 952 637 sinceritas
982 572 1101 637 elarius
1133 574 1309 656 enitescat,
1342 582 1376 641 et
1407 598 1467 641 nos
1499 578 1564 642 tuis
1597 580 1799 664 profectibus
1829 590 1863 649 et

207 673 333 754 honori,
358 680 512 757 quantum
534 695 605 738 curn
620 673 692 739 Deo
712 675 902 760 poterimus,
925 676 1138 760 spiritualiter
1159 684 1193 742 et
1211 680 1435 766 temporaliter
1457 681 1676 746 intendamus.
1715 683 1761 748 Ut
1783 706 1862 769 ergo

207 783 264 839 tue
296 775 480 840 devotionis
511 777 632 857 zelum,
667 798 764 862 quem
795 776 836 841 ad
866 778 1004 842 eandem
1031 780 1207 845 ecclesiam
1238 780 1359 848 habere
1393 790 1426 849 te
1459 785 1600 865 asseris,
1638 807 1773 871 operum
1803 809 1862 852 ex-

208 879 367 944 hibitione
398 878 617 958 domonstres,
647 880 734 945 eirca
763 880 825 945 hoe
857 881 957 944 animi
987 882 1034 945 tui
1066 890 1189 948 motum
1217 885 1312 949 nobis
1340 887 1449 971 potius
1480 886 1576 951 lactis
1612 909 1709 973 quam
1741 890 1862 954 litteris

208 981 340 1048 studeas
363 983 523 1048 intimare.

316 1107 392 1174 Dat.
416 1110 580 1196 Anagnie,
602 1111 651 1177 Iv
674 1112 753 1178 Idus
775 1113 958 1196 Februarii,
981 1115 1191 1201 pontificatus
1214 1117 1317 1182 nostri
1341 1139 1426 1183 auno
1447 1118 1507 1184 VI.

827 1393 1239 1404 m

993 1668 1078 1741 511.

316 1792 505 1905 Grepcrtus
532 1823 587 1887 IX
602 1844 692 1904 pepe
712 1825 958 1904 conpositionem
981 1825 1063 1888 ieter
1080 1827 1220 1905 priorem
1242 1832 1271 1890 et
1290 1828 1413 1907 [ratres
1435 1827 1692 1893 Praedicatoram
1721 1830 1863 1896 Worma-
1953 1915 1958 1932 x

208 1927 355 1991 ticrrsr'am
376 1947 415 1989 ex
431 1930 524 2005 porte
547 1946 615 1990 una
636 1929 665 1988 et
686 1927 878 2010 [Henricum
894 1929 952 2012 ΙΙ]
966 1929 1141 2009 episcopum
1158 1930 1414 1995 Wormotienserrr
1436 1953 1475 1994 ec
1500 1932 1603 1996 alwro
1624 1951 1718 2012 super
1734 1935 1862 2015 quibas·

208 2031 281 2094 dore
302 2031 387 2094 areis
408 2031 545 2095 cirritetis
566 2031 656 2094 itlius
678 2030 790 2096 irritum
811 2033 984 2114 confirmet.
1033 2032 1080 2112 Os.
1104 2053 1136 2097 e.
1159 2038 1233 2102 437.

1489 2139 1585 2214 1233,
1606 2136 1701 2202 Febr.
1725 2141 1776 2206 10.

312 2217 394 2288 Grep.
414 2218 463 2271 IX
480 2217 548 2286 Rea.
570 2218 628 2273 Vol.
645 2218 708 2284 111,
728 2217 861 2286 87511512.
884 2218 934 2282 VI,
952 2222 1016 2273 290.

312 2303 444 2368 Pottbast,
463 2303 529 2390 Περ.
548 2307 633 2360 9087.

384 2592 393 2609 .
423 2591 431 2609 .
460 2535 601 2628 priori
628 2541 670 2610 et
695 2533 910 2609 fratribus
937 2535 1108 2608 ordinis
1134 2535 1323 2609 fratrum
1351 2534 1686 2611 Predicatorum

832 2656 1237 2730 Warmecieusium.

318 2805 370 2871 Ad
393 2805 555 2896 tollendas
578 2805 669 2887 lites,
698 2826 779 2890 quas
801 2804 981 2870 tratemuru
1004 2806 1199 2892 plerumque
1222 2803 1333 2870 odium
1356 2805 1547 2888 comitatur,
1580 2829 1639 2894 per
1660 2828 1741 2893 quas
1764 2810 1863 2874 etiam

209 2910 301 2996 quies
331 2910 560 2996 proiectusque
590 2907 789 2993 regularium
812 2908 1002 2995 impeditur,
1033 2908 1168 2995 speciali
1197 2908 1417 2974 sollieitudine
1444 2908 1613 2975 intendere
1642 2932 1701 2976 nos
1724 2921 1863 3000 oportet,

209 3033 406 3098 quamquam
428 3012 627 3097 generaliter
650 3011 792 3076 omnium
819 3011 965 3077 fidelium
987 3012 1141 3098 amplecti
1170 3033 1286 3097 pacem
1309 3017 1344 3076 et
1368 3033 1506 3098 querere
1531 3033 1575 3077 ex
1596 3013 1743 3080 iniunete
1766 3016 1861 3081 nobis

209 3115 510 3181 amministrationis
540 3115 646 3180 officio
676 3121 855 3180 teneamur.
901 3114 954 3179 Ex
980 3122 1075 3203 parte
1105 3115 1266 3201 siquidem
1289 3122 1401 3180 vestra
1428 3115 1491 3178 suit
1519 3115 1725 3202 propositum
1753 3140 1863 3184 coram

166 3239 170 3249 ·
209 3218 319 3298 nobis,
348 3219 435 3304 quod
459 3219 537 3284 olim
560 3218 645 3283 inter
668 3239 726 3283 vos
755 3239 798 3282 ex
819 3225 914 3305 parte
937 3240 1003 3283 una
1026 3225 1059 3284 et
1081 3218 1304 3284 venerabilem
1330 3218 1465 3282 fratrem
1494 3224 1642 3283 nostrum
1672 3221 1863 3308 episcopum

210 3328 245 3386 et
267 3319 406 3387 dilectos
435 3322 519 3387 filios
549 3323 727 3408 capitulum
750 3319 999 3387 Warmaoiense
1029 3343 1071 3387 ex
1101 3322 1205 3386 altera
1235 3343 1335 3408 super
1367 3318 1563 3406 quibusdam
1592 3322 1694 3402 areis,
1726 3324 1863 3409 quasin

208 3424 340 3489 civitate
364 3423 605 3490 Wermaciensi
631 3422 672 3488 ad
696 3423 911 3490 edificandum
935 3431 968 3489 et
998 3424 1210 3488 habitandum
1233 3423 1375 3503 emistis,
1410 3422 1581 3507 questione
1610 3422 1759 3506 suborta,
1789 3432 1865 3511 post

209 3528 479 3613 compositionem
513 3527 674 3614 quandam
710 3529 795 3592 inter
828 3549 886 3592 vos
923 3527 1043 3591 laetam
1075 3547 1135 3613 per
1168 3527 1324 3591 dilectum
1359 3525 1460 3589 tilium
1495 3530 1642 3590 nostrum
1676 3523 1862 3614 O[ttonem]

212 3631 323 3696 Sancti
339 3632 369 3695 N
372 3632 468 3696 icolai
492 3633 524 3697 in
541 3632 681 3698 Carcerc
698 3631 849 3697 Tulliano
867 3631 1039 3696 diaconum
1056 3629 1264 3711 cardinalem,
1287 3634 1365 3694 tunc
1388 3628 1570 3714 apostolico
1594 3627 1681 3693 sedis
1705 3629 1862 3714 legatum,

210 3740 244 3799 et
269 3735 523 3813 ordinationem,
559 3756 656 3820 quam
688 3784 720 3800 ..
751 3732 895 3799 decanus
926 3733 1141 3799 Trevereusis
1176 3739 1210 3798 et
1239 3731 1426 3798 coniudices
1463 3732 1513 3796 sui
1546 3729 1690 3817 delegati
1721 3753 1740 3798 a
1768 3734 1863 3799 nobis

210 3837 376 3914 fecerunt,
405 3837 538 3904 tandem
567 3838 643 3902 talis
670 3838 756 3902 inter
783 3858 841 3902 vos
873 3844 905 3902 et
936 3835 1078 3902 eundem
1107 3837 1300 3923 episcopum
1329 3833 1510 3899 amicabilis
1535 3834 1728 3919 compositio
1761 3835 1862 3901 inter·

209 3941 314 4021 venit,
344 3940 499 4006 videlicet
520 3938 607 4026 quod
629 3939 776 4026 prefatus
800 3941 975 4026 episcopus
999 3939 1092 4004 robis
1124 3944 1158 4003 et
1189 3937 1435 4002 successoribus
1458 3936 1576 4002 vostris
1600 3935 1731 4001 emendi
1754 3959 1863 4003 aream

211 4043 280 4109 sive
316 4044 424 4108 locum
464 4042 505 4107 arl
543 4043 717 4108 eeclesiam
754 4041 1006 4108 construendam
1044 4049 1077 4106 et
1115 4043 1292 4106 claustrum
1329 4045 1363 4105 et
1404 4038 1626 4118 inhabitandi,
1662 4039 1861 4126 ubicumque

210 4147 379 4211 volueritis
416 4147 499 4210 infra
535 4166 645 4210 muros
681 4146 822 4210 civitatis
861 4145 1028 4226 eiusdem,
1066 4151 1206 4230 excepto
1244 4144 1300 4208 illo
1334 4143 1407 4208 loco
1442 4143 1612 4208 dumtaxat
1644 4143 1702 4208 ubi
1736 4143 1863 4230 priores

211 4249 400 4314 habueratis
423 4270 534 4329 areas,
559 4250 649 4313 salva
671 4248 704 4312 iu
727 4249 800 4313 aliis
824 4247 1029 4313 ordinatione
1051 4246 1215 4334 predicta,
1238 4246 1467 4310 auctoritatem
1490 4245 1604 4310 tribuit
1626 4252 1659 4311 et
1681 4266 1863 4324 assensum,

213 4374 313 4418 censu
337 4351 400 4416 sibi
424 4351 535 4417 debito
559 4352 592 4416 in
615 4351 732 4416 eodem
754 4353 827 4416 loeo
852 4372 948 4438 quom
972 4350 1146 4416 emendum
1169 4356 1203 4415 et
1226 4348 1480 4414 construendum
1503 4346 1662 4413 duxeritis
1684 4355 1863 4428 reservato,

130 4507 133 4512 r
210 4460 308 4541 prout
337 4455 370 4519 in
399 4455 518 4519 litteris
548 4455 706 4519 coniectis
735 4454 854 4519 exinde
882 4455 1012 4541 plenius
1041 4455 1236 4518 continetur.
1282 4450 1389 4524 Quare
1418 4451 1514 4516 nobis
1543 4450 1710 4517 humiliter
1738 4451 1863 4538 suppli-

212 4559 324 4638 castis,
347 4563 382 4622 ut
405 4558 674 4644 compositionem
697 4557 802 4642 ipsam
826 4557 1006 4642 apostolico
1030 4556 1240 4641 dignaremur
1264 4555 1442 4620 munimine
1465 4555 1633 4620 roborare.
1671 4554 1740 4620 Nos
1765 4555 1865 4640 igitur

211 4661 331 4725 restris
354 4658 483 4726 devotis
505 4661 659 4747 precibus
681 4661 844 4740 inclinati,
877 4661 1068 4746 supplentes
1099 4661 1126 4724 si
1155 4661 1228 4745 quis
1259 4665 1312 4724 est
1341 4679 1385 4724 ex
1416 4678 1456 4723 eo
1480 4656 1644 4738 deiectus,
1675 4658 1762 4743 quod
1785 4680 1863 4724 con-

213 4785 329 4829 sensus
361 4763 500 4849 predicti
532 4763 666 4851 capituli
699 4765 732 4828 in
767 4764 927 4851 premissa
958 4763 1197 4849 compositione
1232 4763 1346 4827 ultima
1381 4781 1448 4827 non
1483 4761 1640 4841 accessit,
1677 4758 1717 4826 de
1752 4768 1863 4827 nostre

212 4865 417 4951 plenitudine
444 4868 618 4953 potestatis
648 4868 918 4955 compositionem
946 4864 1099 4948 eandem,
1129 4866 1214 4931 sicut
1244 4867 1316 4932 siue
1346 4865 1507 4952 pravitate
1538 4861 1674 4950 provide
1705 4862 1791 4929 tacta
1813 4871 1865 4930 est

214 4975 248 5035 et
264 4976 392 5056 sponte
423 4970 464 5034 ab
495 4977 632 5057 utreque
663 4977 756 5058 parte
783 4977 929 5058 recepta,
963 4970 1158 5036 auctoritate
1186 4968 1368 5054 apostolica
1397 4966 1623 5033 confirmamus
1654 4971 1716 5030 etc.
1744 4987 1862 5051 usque:

213 5074 459 5140 communimus.
504 5075 594 5140 Nulli
617 5096 696 5161 crgo
718 5081 830 5142 nostre
854 5113 894 5123 —
919 5072 1173 5138 confirmationis
1198 5077 1260 5136 etc.
1307 5069 1342 5136 si
1365 5071 1438 5156 quis
1461 5073 1572 5135 autem
1596 5074 1657 5132 otc.

319 5200 396 5267 Dat.
418 5202 581 5288 Anagnia,
603 5203 653 5269 IV
675 5202 755 5270 Idus
776 5203 958 5284 Februarii,
981 5223 1066 5267 auno
1091 5207 1197 5266 sexto.

837 5479 879 5486 .--
889 5477 1245 5486 -.—--—--.-——--—--
