4524 6412
801 363 1002 419 EPISTOLAE
1021 365 1209 420 Sannorum
1248 366 1321 420 1227.
1826 371 1889 432 249

234 535 396 601 duxeritis
419 536 659 602 destinandum.
705 536 965 602 Constitutiones
993 560 1086 619 vero,
1117 539 1209 622 leges
1240 545 1274 603 et
1306 545 1430 603 statuta
1456 538 1497 603 ab
1521 541 1663 605 ecclesia
1685 539 1832 604 Romana
1855 547 1889 606 et

235 639 392 704 Romanis
408 639 662 726 imperatoribus
680 662 718 705 ao
734 642 922 727 specialiter
936 663 956 706 a
971 649 1081 706 vestra
1103 642 1299 706 celsitudine
1323 649 1436 707 contra
1457 643 1632 723 hereticos,
1656 649 1889 730 receptatores,

235 741 438 822 defensores,
462 742 633 809 credentes
657 751 689 808 et
712 745 856 809 fautores
880 767 993 810 eorum
1016 746 1176 810 hactenus
1200 747 1406 832 promulgata
1422 748 1475 812 vel
1498 747 1532 810 in
1553 753 1720 834 posterum
1743 746 1887 833 promul-

234 845 342 931 ganda
363 847 559 932 recipiamus
584 853 617 912 et
638 847 851 914 observemus
871 849 1103 915 inviolabiliter
1120 856 1152 914 et
1173 849 1351 913 efficaciter
1367 871 1578 935 exequamur,
1602 849 1888 915 constitutionibus

233 949 485 1034 municipalibus
525 949 622 1015 editi’s
658 957 770 1016 contra
809 954 892 1018 tales
927 953 1158 1017 nichilominus
1194 953 1228 1016 in
1262 952 1329 1016 suis
1369 953 1450 1017 locis
1489 952 1627 1018 firmiter
1663 952 1888 1018 observandis.

233 1050 409 1116 Civitatum
442 1059 552 1118 autern
586 1055 789 1142 aliorumque
823 1057 970 1120 locorum
997 1062 1196 1142 potestates,
1235 1057 1388 1121 consules
1421 1062 1454 1121 et
1485 1065 1646 1138 rectores,
1685 1077 1887 1143 quocumque

232 1157 363 1221 nomine
386 1164 598 1238 censeantur,
629 1159 754 1238 iurent,
787 1160 872 1244 quod
895 1160 953 1223 illa
975 1159 1118 1224 fideliter
1140 1158 1378 1237 observabunt,
1409 1157 1506 1244 idque
1530 1181 1607 1224 suos
1636 1159 1744 1226 iurare
1767 1159 1889 1225 faciant

233 1279 453 1337 successores,
475 1269 636 1347 ponentes
660 1283 700 1326 ea
722 1264 754 1328 in
778 1263 909 1327 statutis
930 1263 1097 1327 civitatum
1118 1263 1320 1348 aliorumque
1343 1263 1498 1342 locorum,
1523 1284 1563 1328 ea
1585 1261 1659 1329 iude
1682 1283 1888 1349 nequaquam

234 1361 446 1448 imposterum
474 1363 624 1432 deleturi.
670 1365 800 1431 Statuta
827 1367 936 1431 omnia
966 1366 1150 1431 communia
1179 1373 1212 1430 et
1240 1367 1451 1452 particularia
1476 1368 1564 1440 facta
1594 1373 1707 1432 contra
1730 1367 1887 1433 ecelesias

234 1469 269 1528 et
291 1465 548 1530 ecclesiasticam
578 1467 766 1534 libertatem
795 1470 926 1555 penitus
950 1475 1121 1548 revocent,
1154 1469 1194 1534 de
1219 1470 1287 1533 suis
1311 1470 1597 1535 constitutionibus
1619 1469 1765 1547 deleant,
1792 1475 1826 1534 et
1849 1490 1888 1534 ea

231 1568 284 1632 vel
307 1568 356 1633 eis
380 1569 504 1634 similia
522 1570 676 1637 decetero
700 1593 765 1636 non
792 1579 969 1638 resumant.
1015 1573 1067 1638 Ad
1090 1574 1151 1638 hec
1176 1579 1298 1639 statuta
1319 1574 1552 1640 Lateraueusis
1576 1573 1727 1638 conciliil
1751 1579 1785 1638 et
1807 1594 1885 1637 cou-

233 1672 423 1737 stitutioues
451 1672 493 1737 ab
522 1674 594 1760 ipso
623 1674 753 1740 domino
783 1698 868 1762 papa
897 1683 931 1741 et
958 1698 978 1740 a
1009 1676 1102 1741 vobis
1132 1698 1232 1763 super
1261 1677 1324 1741 hiis
1356 1677 1461 1742 editas
1492 1676 1681 1757 observent,
1716 1682 1750 1741 et
1779 1676 1888 1740 iurent

233 1774 448 1860 imposterum
465 1774 650 1854 observare,
673 1799 815 1864 suosque
831 1780 939 1843 iurare
956 1780 1078 1844 faciant
1095 1801 1314 1844 successores.
1361 1778 1547 1865 Supradicti
1562 1799 1639 1844 vero
1656 1777 1885 1864 quadringenti

232 1877 354 1941 milites
384 1884 558 1944 teneantur
584 1880 630 1944 ire
663 1881 696 1944 in
726 1889 835 1946 vestro
863 1883 1035 1968 passagio,
1067 1882 1154 1968 quod
1186 1904 1206 1946 a
1233 1881 1326 1946 vobis
1360 1889 1516 1948 statutum
1546 1887 1598 1948 est
1624 1887 1659 1947 et
1691 1903 1711 1945 a
1741 1879 1889 1946 Romana

233 1981 376 2046 ecclesia
409 1982 636 2068 approbatum.
681 1983 750 2050 Nos
781 1986 881 2070 igitur
914 1987 1038 2066 omnia,
1072 2007 1135 2071 que
1170 2007 1269 2072 super
1302 1985 1364 2051 hiis
1396 1986 1437 2050 ab
1471 1986 1542 2072 ipso
1574 1985 1704 2051 domino
1736 2006 1823 2072 papa
1853 1991 1887 2051 et

232 2085 386 2150 fratribus
411 2086 479 2150 suis
503 2085 651 2150 ordinata
673 2093 749 2152 sunt
772 2094 806 2152 et
837 2094 973 2165 statuta,
1002 2090 1151 2154 volentes
1181 2090 1377 2155 inconcussa
1404 2110 1552 2170 servare,
1583 2089 1801 2176 promittimus
1828 2109 1887 2153 nos

233 2209 273 2254 ea
295 2189 414 2268 omnia,
438 2190 522 2254 sicut
545 2191 696 2276 superius
712 2192 841 2277 plenius
866 2200 941 2256 sunt
963 2213 1132 2278 expressa,
1156 2192 1323 2258 humiliter
1347 2199 1381 2258 et
1401 2192 1543 2258 fideliter
1558 2193 1790 2279 completuros.
1834 2189 1887 2256 Ad

232 2293 364 2380 plenam
390 2299 501 2359 autem
532 2295 580 2359 rei
607 2292 834 2360 certitudinem
864 2302 1035 2381 presentes
1064 2295 1192 2360 litteras
1227 2296 1321 2360 iuxta
1346 2295 1495 2361 eiusdem
1524 2295 1647 2361 domini
1673 2315 1759 2382 pape
1785 2294 1887 2360 bene·

232 2396 389 2483 placitum
419 2403 452 2462 et
478 2404 671 2484 preceptum
702 2419 763 2485 per
791 2419 922 2464 manum
952 2385 1117 2486 publicam
1148 2398 1247 2464 scribi
1270 2399 1408 2465 fecimus
1437 2405 1471 2464 et
1498 2399 1681 2486 sigillorum
1703 2404 1887 2464 nostrorum

233 2499 435 2587 appensione
457 2501 587 2565 muniri.

340 2619 380 2686 In
403 2619 543 2687 eundem
566 2620 698 2687 modum
721 2622 821 2689 debet
844 2623 942 2688 scribi
964 2623 1095 2689 domino
1118 2645 1203 2710 pape
1227 2623 1337 2690 verbis
1360 2629 1585 2711 competenter
1606 2621 1750 2687 mutatis.

853 2870 1262 2877 -υ--ῌ-μ---ῌ-ω-

1019 3093 1105 3166 3n9.

343 3205 531 3299 Honorias
561 3231 629 3296 ΙΙΙ
659 3253 749 3314 papa
782 3233 947 3299 Frlderieo
979 3233 1195 3298 maranorum
1233 3234 1415 3314 iniperotort
1450 3231 1555 3297 eodem
1592 3233 1685 3313 idque
1720 3231 1890 3295 rectortbas

231 3336 386 3403 societatis
411 3334 621 3400 Lornbardiae
646 3335 684 3399 dc
708 3356 785 3416 poce
815 3335 1021 3421 reformanda
1047 3336 1154 3401 scribit
1161 3357 1172 3415 ,·
1201 3339 1290 3418 repat
1318 3356 1403 3414 earn,
1436 3338 1472 3399 at
1500 3333 1562 3399 sibi
1589 3351 1684 3415 super
1713 3331 1769 3398 boc
1797 3333 1889 3397 iaxta

233 3444 383 3518 maweu,
423 3459 512 3521 quon
546 3441 576 3504 ei
607 3440 818 3518 transmittat,
856 3459 953 3521 rosque
984 3439 1029 3504 ad
1053 3439 1196 3521 mnsam
1228 3436 1416 3503 dominicam
1448 3436 1600 3502 inswntis
1632 3435 1888 3518 quadrupcsimoe

232 3543 343 3629 [Febr.
364 3543 427 3628 28]
448 3543 570 3608 litteras
591 3563 667 3608 suaa
689 3543 861 3608 maiestatis
883 3543 1008 3626 typario
1028 3543 1200 3626 inmeritos
1221 3543 1334 3606 mitat.
1556 3541 1651 3618 1227,
1674 3537 1748 3605 Ion.
1771 3537 1800 3601 5.

336 3660 410 3716 aaa
429 3665 484 3716 ιιι
497 3661 561 3731 neq.
583 3661 642 3717 Vor.
663 3662 694 3728 V,
713 3668 779 3729 rsa·
798 3663 860 3718 nso.
880 3663 936 3731 xr,
956 3667 1018 3716 rte.

336 3747 473 3814 raanan,
491 3747 562 3819 aeq.
581 3752 662 3804 roro.

320 3926 563 4017 Friderico,
590 3927 762 4003 illustri
789 3929 1092 4002 Romanorum
1120 3925 1382 4020 imperatori
1409 3943 1583 4016 semper
1609 3925 1803 4015 augusto

885 4055 927 4123 et
952 4049 1047 4141 regi
1073 4047 1238 4122 Sicilie.

342 4180 424 4246 Eius
451 4183 560 4246 locum
594 4181 672 4245 licet
706 4180 862 4245 immeriti
888 4181 1077 4246 obtinentes
1106 4186 1168 4246 etc.
1195 4185 1232 4244 ut
1260 4200 1360 4264 supra
1388 4198 1506 4263 usque:
1541 4177 1644 4264 pacis.
1690 4175 1774 4242 Cum
1808 4197 1887 4261 ergo

234 4307 340 4372 nuper
354 4285 440 4350 inter
463 4292 495 4350 te
518 4307 557 4350 ac
573 4283 767 4349 societatem
782 4283 990 4365 Lombardie,
1014 4283 1209 4349 Romaniole
1231 4287 1329 4367 atque
1345 4280 1492 4346 biarchis
1508 4279 1672 4347 discordia
1692 4285 1765 4346 orta
1786 4285 1887 4360 esset,

233 4410 294 4453 nos
317 4388 524 4455 attendentes
548 4390 635 4476 quod
657 4411 727 4470 res,
750 4389 815 4454 nisi
837 4389 1055 4454 obsisteretur
1076 4387 1252 4476 principiis,
1276 4385 1437 4452 afferebat
1459 4385 1730 4473 impedimentum
1752 4384 1886 4469 negotio

234 4492 336 4558 Teme
365 4492 500 4574 Sancte,
531 4515 590 4581 pro
623 4514 686 4579 quo
713 4499 765 4559 est
794 4501 884 4558 tanto
913 4500 1061 4580 tempore
1090 4491 1289 4572 laboratum,
1325 4487 1458 4575 dignum
1495 4489 1649 4556 duximus
1678 4487 1887 4576 interponere

234 4599 345 4680 partes
372 4602 512 4664 nostras.
563 4596 612 4662 Te
640 4597 741 4682 igitur
767 4602 800 4662 et
827 4595 984 4684 predictis
1014 4601 1118 4660 totum
1148 4594 1254 4681 ipsum
1284 4593 1451 4679 negotium
1480 4599 1542 4660 etc.
1573 4598 1610 4657 ut
1638 4613 1737 4680 snpra
1764 4611 1886 4678 usque:

234 4699 426 4780 destinatos,
449 4721 523 4766 oum
538 4701 625 4766 inter
647 4707 758 4766 cetera
772 4700 889 4765 fuisset
912 4721 955 4765 ex
978 4706 1069 4785 parte
1094 4705 1150 4762 tua
1170 4697 1384 4784 propositum,
1403 4694 1490 4782 quod
1512 4694 1710 4783 impediente
1728 4695 1886 4760 societate

233 4802 382 4888 predicta
403 4803 598 4890 nequiveras
621 4805 713 4869 iuxta
733 4804 937 4890 propositum
960 4809 1051 4867 tuum
1074 4800 1251 4889 procedere
1268 4806 1382 4865 contra
1403 4800 1599 4886 pravitatem
1621 4797 1800 4865 hereticam
1823 4803 1886 4863 etc.

233 4912 271 4971 ut
300 4927 399 4993 supra
425 4927 545 4992 usque:
582 4905 805 4986 statuendum,
836 4912 873 4970 ut
901 4912 936 4970 tu
963 4904 1119 4970 videlicet
1154 4925 1212 4990 pro
1240 4904 1428 4970 reverentia
1457 4903 1605 4969 crucifixi
1633 4909 1695 4968 etc.
1725 4907 1762 4966 ut
1790 4921 1889 4986 supra

234 5028 354 5094 usque:
384 5011 616 5097 approbatum,
639 5009 750 5076 verbis
774 5015 1000 5095 competenter
1022 5007 1165 5073 mutatis.
1208 5006 1260 5072 Τιι
1283 5028 1379 5093 ergo,
1407 5007 1454 5072 fili
1480 5006 1671 5086 karissime,
1702 5002 1889 5090 supradicta

234 5112 344 5177 omnia
366 5134 424 5200 pro
447 5119 542 5200 parta
564 5119 622 5178 tua
643 5134 772 5192 serves,
796 5111 880 5177 sicut
902 5111 1106 5198 imperialem
1129 5109 1226 5176 decet
1248 5111 1474 5190 constantiam,
1496 5109 1702 5188 inconcussa,
1725 5129 1764 5172 ac
1787 5126 1887 5192 super

158 5235 185 5274 so
236 5213 408 5296 hocnobis
425 5215 518 5279 iuxta
533 5221 689 5296 tenorem,
714 5236 810 5301 quem
832 5215 893 5280 tibi
901 5214 1183 5292 transmittimus&
1206 5219 1279 5278 tuas
1293 5219 1444 5300 patentes
1460 5232 1556 5277 cures
1571 5230 1675 5297 usqua
1693 5208 1738 5276 ad'
1749 5208 1888 5296 primam

235 5318 433 5383 dominicam
451 5319 603 5384 instantis
625 5319 875 5406 quadragesime
892 5318 1115 5384 transmittere
1131 5317 1268 5398 litteras,
1288 5322 1345 5381 tue
1366 5314 1548 5381 maiestatis
1564 5312 1691 5402 typario
1705 5313 1888 5400 insignitas.

342 5437 419 5503 Dat.
441 5445 478 5503 ut
501 5459 607 5525 supra.

338 5663 360 5729 ¹)
377 5665 486 5716 concilis
503 5665 534 5716 Β.
1063 5662 1090 5731 l)
1107 5677 1134 5716 a.
1153 5663 1220 5715 330.

336 5777 397 5828 Rso.
416 5777 494 5828 Pons.
514 5779 533 5829 1.
