4524 6412
717 419 917 474 EPISTOLAE
934 421 1122 476 SELECTAE.
1160 425 1234 477 1227.
1742 431 1803 493 287

151 589 192 654 ad
216 591 348 655 honoris
373 591 420 655 tui
442 599 653 676 augmentum
676 594 881 680 proveniunt,
905 615 1001 678 quem
1025 594 1166 659 libenter
1188 596 1221 658 in
1243 596 1361 680 quibus
1386 599 1539 662 convenit
1561 621 1801 685 promovemus,

150 695 322 758 serenitati
345 701 401 760 tue
432 716 497 758 non
521 695 699 759 desinimus
725 695 873 760 suadere.
920 695 1064 783 Ideoque
1095 699 1300 783 imperialem
1330 700 1612 766 mansuetudinem
1640 725 1803 788 rogamus,

151 817 320 861 nroucmus
351 804 384 861 et
415 797 581 862 hortamur
608 806 750 878 attente,
780 799 990 864 obsecrantes
1023 821 1082 885 per
1110 802 1335 886 aspersionem
1365 803 1533 888 sanguinis
1560 803 1638 870 Iesu
1670 805 1802 886 Christi,

150 899 303 984 quatinus
326 922 385 978 ne,
417 901 501 986 quod
525 902 624 976 absit,
657 902 698 967 de
721 924 856 967 numero
881 904 925 967 sis
950 903 1097 980 illorum,
1128 902 1168 968 de
1191 904 1308 989 quibus
1331 904 1491 970 Dominus
1514 908 1722 992 conqueritur
1743 932 1803 995 per

150 1003 344 1104 prophetam
377 1003 505 1069 dicens:
544 1005 713 1070 ‘Percussi
751 1027 808 1070 eos
844 1013 877 1070 et
911 1026 976 1069 non
1007 1005 1197 1086 doluerunt,
1231 1015 1265 1071 et
1297 1009 1400 1072 attriti
1436 1017 1614 1075 renuerunt
1649 1013 1799 1099 accipere
1818 1040 1947 1090 romana.

148 1106 378 1192 disciplinam',
412 1115 462 1173 set
490 1109 601 1195 potius
633 1116 803 1195 correptus
833 1109 867 1171 in
895 1109 1120 1173 misericordia
1144 1111 1382 1197 correptionem
1405 1113 1545 1200 recipias
1570 1121 1603 1179 et
1625 1118 1798 1196 medelam,

147 1209 188 1275 ad
212 1210 368 1275 solvenda
391 1213 480 1276 varia
503 1213 649 1292 vincula,
672 1213 789 1296 quibus
812 1212 936 1277 teneris
960 1212 1123 1290 astrictus,
1146 1213 1307 1278 instanter
1328 1215 1496 1296 intendas,
1520 1225 1553 1281 et
1575 1217 1616 1282 ad
1640 1220 1798 1304 gremium

148 1314 260 1378 matris
284 1315 424 1379 ecclesie
448 1321 480 1379 te
504 1313 769 1380 desiderabiliter
784 1316 991 1402 expectantis
1008 1337 1080 1380 eum
1098 1317 1186 1379 omni
1210 1318 1378 1383 celeritate
1395 1319 1543 1401 lestines,
1568 1322 1798 1388 satisfaciendo

147 1415 235 1496 Deo,
269 1417 324 1502 qui
348 1417 409 1481 tibi
431 1418 544 1503 utique
568 1419 648 1482 satis
672 1419 767 1495 fecit,
798 1425 832 1483 et
853 1417 1039 1482 hominibus
1063 1419 1220 1482 iustitiam
1244 1420 1440 1485 exhibendo.
1491 1421 1583 1488 Sicut
1605 1424 1691 1488 enim
1714 1427 1799 1491 scire

150 1529 182 1586 te
219 1521 401 1600 credimus,
440 1527 553 1585 contra
589 1543 649 1585 nos
687 1527 904 1585 murmuratur
941 1522 1039 1584 immo
1078 1523 1254 1594 clamatur,
1292 1522 1377 1607 quod
1415 1525 1616 1610 prelatorum
1653 1529 1799 1608 exilium,

149 1624 376 1703 ecclesiarum,
415 1623 641 1710 hospitalium,
682 1625 899 1710 orphanorum
934 1631 968 1687 et
1002 1623 1172 1688 viduarum
1209 1645 1269 1688 nec
1305 1646 1369 1689 non
1402 1626 1540 1690 aliomm
1572 1630 1799 1714 religiosorum

149 1729 361 1816 spoliationes
385 1736 418 1793 et
440 1731 522 1793 alias
545 1734 672 1792 atroces
705 1727 839 1791 iniurias
862 1727 924 1790 visi
955 1721 1065 1790 sunius
1093 1726 1253 1792 hactenus
1282 1727 1342 1791 sub
1366 1727 1625 1796 dissimulatione
1649 1736 1799 1800 transire.

147 1832 233 1897 Illud
268 1853 396 1918 quoque
431 1831 526 1896 nobis
556 1833 667 1918 sepius
696 1832 926 1917 exprobratur,
962 1831 1048 1916 quod
1080 1852 1153 1895 cum
1189 1833 1330 1896 ecclesia
1357 1834 1506 1898 Romana
1533 1857 1569 1900 se
1597 1836 1638 1900 ad
1667 1859 1800 1922 precum

148 1943 277 2000 tuarum
299 1935 498 2014 instantiam,
522 1941 618 2021 prout
641 1957 684 1999 ex
706 1935 823 1999 litteris
847 1935 912 1998 tuis
935 1941 1081 2019 apparet,
1110 1935 1315 2000 fideiussoris
1339 1936 1494 2022 obligarit
1517 1960 1616 2024 super
1639 1941 1799 2006 servanda

149 2040 385 2126 compositione
413 2039 499 2102 inter
526 2045 558 2102 te
586 2060 623 2103 ae
652 2039 790 2102 comites
821 2037 1037 2102 Celanensem
1066 2044 1099 2102 et
1125 2037 1328 2123 Raynaldum
1361 2039 1401 2104 de
1423 2040 1553 2104 Aversa
1576 2043 1800 2130 sollempniter

148 2143 345 2219 celebrata¹,
375 2143 422 2206 ita
451 2149 507 2206 tue
529 2141 724 2205 sublimitati
753 2140 946 2220 detulimus,
978 2138 1064 2224 quod
1093 2140 1222 2204 illorum
1251 2141 1399 2206 videmur
1430 2143 1586 2208 iustitiam
1616 2147 1798 2225 sustulisse,

147 2247 203 2331 qui
230 2265 406 2330 numquam
435 2242 637 2330 disponimus
669 2245 819 2330 cuiquam
853 2245 885 2308 in
916 2265 975 2308 suo
1006 2243 1077 2306 iure
1108 2243 1235 2308 deesse.
1290 2245 1360 2309 Nee
1392 2246 1521 2310 illorum
1548 2248 1798 2315 vociferationes

147 2373 321 2438 possumus
356 2346 530 2424 obaudire,
567 2348 622 2432 qui
650 2348 828 2412 clamantes
858 2347 944 2432 quod
978 2347 1018 2410 ad
1046 2368 1160 2432 preces
1196 2348 1250 2432 pie
1277 2348 1514 2414 reeordationis
1542 2350 1682 2416 Honorii
1713 2375 1797 2439 pape

148 2452 393 2539 predecessoris
423 2452 525 2516 nostri
552 2449 708 2514 dilectum
738 2450 839 2514 lilium
868 2450 1012 2514 nobilem
1039 2451 1145 2514 virum
1175 2499 1182 2513 .
1208 2499 1215 2512 .
1239 2452 1390 2516 comitem
1417 2451 1621 2538 Rogerium²
1646 2457 1680 2520 in
1708 2463 1798 2521 tuam

149 2556 313 2642 recipiens
341 2556 480 2640 gratiam
510 2561 543 2619 et
570 2553 716 2617 favorem
749 2554 961 2639 promiseras,
993 2551 1081 2636 quod
1107 2553 1215 2638 ipsum
1243 2553 1275 2618 in
1305 2555 1394 2618 nullo
1421 2555 1587 2621 minueres
1611 2565 1663 2623 set
1689 2560 1797 2645 potius

146 2666 392 2744 augmentares,
427 2656 634 2723 convitiando
665 2655 879 2732 concludunt,
915 2655 1001 2740 quod
1035 2656 1138 2741 ipsius
1168 2656 1318 2736 exilium,
1353 2678 1450 2741 quem
1478 2661 1548 2746 ipse
1577 2662 1798 2746 crucesignati

146 2763 268 2838 fecisti,
302 2769 335 2826 et
364 2761 587 2847 captivitatem
614 2761 671 2823 filii
701 2760 794 2844 quasi
822 2759 1071 2824 conniventibus
1099 2760 1202 2823 oculis
1235 2761 1487 2846 pertransimus,
1520 2762 1576 2845 qui
1605 2763 1734 2828 afflictis
1764 2772 1798 2830 ct

147 2865 285 2951 captivis
317 2865 506 2951 specialiter
533 2869 684 2928 tenemur
711 2861 839 2927 adesse.
883 2861 936 2926 Ad
965 2863 1027 2927 hec
1058 2884 1131 2926 cum
1158 2864 1304 2927 universi
1329 2865 1547 2949 crucesignati
1577 2867 1637 2930 sub
1661 2868 1797 2953 speciali

147 2968 236 3034 sedis
274 2968 453 3055 apostolice
486 2967 689 3053 protectione
728 2967 926 3046 consistant,
963 2968 1058 3030 multi
1093 2967 1312 3058 subsanniant¹
1339 2970 1554 3033 convitiantes
1588 2970 1721 3054 yronica
1759 2991 1797 3034 ac

67 3085 86 3124 2·
147 3072 309 3136 dicentes:
345 3069 508 3134 ‘Haecine
539 3070 678 3153 qualiter
705 3076 781 3133 sunt
809 3070 970 3155 protecti,
1005 3070 1060 3154 qui
1094 3092 1168 3134 oum
1196 3092 1325 3136 crucem
1353 3078 1560 3136 assumerent
1585 3077 1737 3157 potentes
1765 3079 1799 3136 et

147 3175 277 3251 divites,
299 3194 385 3238 nunc
408 3195 428 3237 a
451 3180 482 3237 tc
506 3171 626 3236 deiecti
650 3174 786 3237 exulant
809 3179 842 3236 et
864 3171 1082 3237 mendicant!’
1128 3173 1285 3238 Preterca
1308 3195 1381 3238 cum
1403 3195 1542 3259 regnum
1566 3174 1676 3238 Sicilie
1699 3174 1798 3261 pleno

147 3277 356 3364 proprietatis
379 3276 449 3340 iure
473 3274 514 3339 ad
529 3274 709 3339 Romanam
733 3281 861 3360 spectet
883 3275 1068 3354 ecclesiam,
1092 3296 1158 3339 uon
1181 3277 1287 3340 solum
1303 3277 1544 3342 calamitatibus
1566 3299 1797 3364 oppressorum

146 3379 382 3465 compassionis
417 3378 537 3442 affeetu
575 3376 796 3454 confodimur,
835 3378 1038 3461 gementium
1071 3376 1158 3461 quod
1198 3378 1272 3442 illos
1308 3379 1341 3441 in
1377 3380 1425 3445 ais
1462 3381 1662 3444 sustinemus
1698 3381 1796 3465 impie

146 3482 312 3574 servitutis
343 3482 483 3560 abusus,
518 3501 599 3565 quos
629 3480 685 3543 vix
713 3479 872 3545 debemus
900 3481 934 3543 in
958 3481 1068 3565 regnis
1096 3481 1169 3544 aliis
1197 3489 1418 3567 comportare,
1455 3491 1507 3547 set
1529 3481 1756 3547 confundimur
1777 3504 1798 3546 a

148 3586 282 3650 vocibus
306 3584 575 3670 exprobrantium
598 3590 631 3648 et
653 3583 919 3668 obloquentium,
941 3584 1027 3668 quod
1050 3584 1133 3648 talos
1157 3584 1357 3649 afflictiones
1380 3586 1414 3649 iu
1436 3586 1518 3666 hiis,
1542 3586 1597 3670 qui
1619 3585 1661 3649 ad
1684 3583 1796 3648 sedam

146 3688 361 3774 apostolicam
384 3695 417 3752 te
441 3687 603 3751 medianto
632 3687 813 3771 pertineat,
841 3689 1033 3768 toleramus,
1063 3689 1177 3773 quales
1204 3689 1275 3774 ipse
1302 3689 1336 3751 in
1358 3688 1422 3752 hiis
1445 3688 1500 3773 qui
1523 3688 1565 3752 ad
1588 3695 1621 3753 te
1645 3694 1796 3774 spectant

149 3792 257 3877 aliquo
280 3789 388 3855 medio
412 3790 598 3854 nullatenus
622 3790 790 3870 tolerares,
815 3813 888 3855 oum
911 3792 1041 3856 intersit
1063 3799 1175 3856 nostra
1193 3793 1363 3878 potissima
1379 3791 1539 3857 beneficio
1563 3791 1795 3856 consolationis

145 3894 262 3960 adesse
296 3893 499 3980 quibuslibet
533 3892 708 3958 tribulatis.
753 3894 863 3968 Quare
898 3917 958 3960 nec
993 3895 1121 3959 illorum
1156 3918 1257 3981 penas
1290 3918 1350 3962 nee
1381 3902 1453 3960 tuas
1482 3895 1594 3980 culpas
1623 3914 1796 3980 possumus

146 3997 283 4061 ulterius
308 3997 400 4060 salva
422 3995 623 4060 conscientia
646 4003 866 4082 comportare,
905 3999 1080 4083 presertim
1108 4019 1182 4062 cum
1211 4020 1311 4084 super
1340 3999 1402 4062 hiis
1432 3999 1497 4063 iam
1527 3997 1668 4062 monitus
1695 3995 1797 4060 fueris

146 4100 331 4184 diligenter.
375 4098 422 4162 Ut
448 4099 548 4184 igitur
576 4100 782 4164 consciencie
812 4122 850 4165 ae
880 4101 966 4164 fame
994 4107 1061 4164 tam
1090 4107 1145 4165 tue
1174 4122 1270 4186 quam
1297 4109 1407 4167 nostre
1438 4099 1608 4188 propitiari
1636 4099 1797 4189 proberis,

146 4223 333 4279 monemus,
357 4223 508 4287 rogamus
531 4209 565 4266 et
587 4203 756 4266 hortamur
778 4211 811 4267 et
833 4225 891 4290 pro
916 4202 1000 4268 dono
1024 4205 1161 4289 speciali
1183 4205 1410 4292 deposcimus,
1433 4211 1471 4270 ut
1494 4226 1619 4270 memor
1641 4206 1728 4292 quod
1750 4207 1795 4270 nil

145 4309 234 4372 valet
261 4307 385 4370 homini
412 4307 440 4370 si
462 4306 651 4370 universum
681 4306 837 4372 mundum
860 4307 1020 4388 lucratur,
1051 4308 1157 4372 anime
1181 4329 1258 4372 vero
1290 4330 1348 4374 sue
1372 4309 1533 4373 sustineat
1554 4308 1794 4391 detrimentum,
1811 4333 1967 4384 ratumena.

145 4411 256 4475 taliter
278 4431 377 4495 super
397 4407 461 4472 hiis
484 4407 675 4493 provideas,
699 4409 787 4494 quod
810 4410 880 4473 solo
905 4410 1035 4474 virtutis
1058 4430 1169 4474 amore
1192 4431 1255 4495 qua
1279 4410 1391 4475 debita
1414 4416 1490 4474 sunt
1512 4410 1653 4477 videaris
1676 4435 1794 4500 cupere

146 4511 335 4598 adimplere,
358 4531 483 4595 nosque
507 4511 608 4574 facias
632 4510 673 4576 dc
697 4518 754 4576 tua
769 4513 983 4576 conversione
1001 4513 1099 4577 immo
1115 4513 1265 4599 profectu
1288 4513 1397 4588 letari;
1421 4514 1561 4578 sciturus
1583 4515 1669 4600 quod
1691 4518 1796 4602 parati

147 4637 259 4681 sumus
283 4615 325 4679 ad
348 4614 496 4698 gratiam,
519 4613 575 4677 ubi
598 4623 708 4679 tamea
732 4615 853 4679 scimus
877 4616 1035 4680 iustitiam
1059 4638 1124 4680 non
1147 4617 1267 4702 perire.
1311 4616 1477 4702 Alioquin,
1501 4625 1796 4705 quantumcumque

145 4719 206 4783 tibi
236 4716 365 4783 deferre
394 4717 551 4794 velimus,
587 4716 776 4801 supradicta
807 4739 1011 4803 nequaquam
1041 4719 1251 4784 dissimulare
1279 4720 1476 4806 poterimus,
1510 4721 1587 4806 quin
1617 4721 1795 4787 seeundum

145 4822 254 4889 Deum
277 4827 311 4886 et
333 4821 493 4885 iustitiam
515 4819 743 4906 procedamus.

253 4941 341 5006 Data
363 4939 532 5006 Lateran.³

250 5269 275 5334 l)
292 5266 330 5334 cs.
346 5283 375 5320 a.
393 5271 453 5330 221,
471 5269 534 5330 222,
551 5269 616 5320 223.
686 5267 712 5332 2)
730 5266 767 5334 cf.
782 5284 812 5336 p.
830 5270 890 5330 221,
908 5269 964 5320 nat.
981 5271 1007 5320 2.
1077 5267 1104 5333 3)
1122 5265 1240 5320 Addidit
1258 5265 1387 5321 Pertaiaa
1403 5267 1435 5320 in
1452 5266 1546 5336 capia:
1566 5267 1669 5336 [mense
1688 5266 1795 5336 Dec.’l];

146 5358 172 5407 ct
188 5367 239 5407 naa
260 5368 367 5422 qaoque
390 5352 525 5406 credimus
549 5353 620 5406 hanc
641 5352 784 5421 epistolam
808 5352 980 5422 aliquantum
999 5358 1067 5421 past
1089 5368 1117 5404 n.
1141 5353 1200 5404 368
1220 5351 1314 5406 Mam
1337 5367 1407 5416 aare,
1430 5368 1493 5405 nam
1514 5353 1545 5406 in
1568 5369 1601 5406 ea
1622 5352 1732 5422 aliquae
1750 5367 1796 5406 ea·

146 5437 398 5492 communicationis
416 5453 525 5502 causac,
543 5453 589 5492 raa
607 5439 732 5491 comitam
752 5436 909 5493 velenensis
928 5444 954 5492 ct
972 5438 1090 5509 Raperii
1108 5437 1226 5506 aliaque,
1246 5437 1387 5501 merdant,
1405 5454 1476 5506 qaae
1492 5454 1520 5492 n.
1540 5441 1597 5490 368
1613 5453 1668 5492 nan
1685 5453 1796 5492 camme·

144 5527 287 5578 martur
308 5529 334 5578 et
356 5540 383 5578 n.
402 5527 454 5578 371
475 5528 644 5592 repetantur,
668 5528 693 5577 ct
712 5541 820 5594 papam
832 5525 891 5594 fiae
908 5540 935 5578 a.
954 5528 1026 5577 1227
1043 5539 1117 5592 apem
1137 5521 1371 5577 reconciliationis
1391 5522 1511 5576 marn
1529 5523 1660 5578 adiemase
1676 5521 1798 5577 aidanus

145 5625 180 5664 ea·
197 5609 329 5680 haatim
351 5608 466 5663 mnae
483 5615 508 5663 et
527 5608 652 5664 Oddonia
669 5608 853 5664 cardinalium
870 5609 911 5678 [n.
931 5613 993 5678 371,
1015 5614 1071 5663 nat.
1088 5610 1130 5677 2],
1152 5609 1202 5678 qai
1219 5608 1342 5677 sonasse
1360 5609 1462 5664 arara
1480 5609 1613 5678 optimine
1630 5615 1716 5664 mant.
1753 5607 1796 5676 δι’.

144 5695 225 5749 dmm
242 5710 269 5748 a.
289 5697 351 5748 372.
