4604 6420
393 371 456 432 358
974 364 1021 418 EX
1040 364 1214 419 GREGORII
1233 363 1271 417 IX
1289 361 1469 418 REGIS'I'RO

394 538 590 621 amussim,
619 537 728 624 potius
751 537 882 604 silentio
906 536 1120 623 intelligenda
1141 557 1240 623 quam
1261 536 1377 602 verbo:
1407 556 1470 621 que
1498 536 1623 601 utinam
1645 557 1667 600 a
1693 542 1727 602 te
1757 537 1855 603 tacite
1878 536 2048 602 intellecta

394 640 511 707 fortius
533 641 567 704 in
590 641 725 706 auribus
748 639 856 706 cordis
879 647 1005 718 sonent,
1029 640 1181 724 quatinus
1199 639 1301 726 quieti
1323 646 1379 704 tue
1403 659 1442 704 ac
1464 637 1551 704 fame
1573 645 1685 705 nostre
1708 637 1844 726 provide
1861 640 2047 720 consulens,

252 757 312 800 Pal·
326 760 381 809 ⁷11³-
396 750 568 829 utrumque
599 744 641 809 ab
675 743 953 831 increpationibus
987 743 1102 830 populi
1136 763 1249 809 serves
1282 742 1477 808 immunem!
1533 742 1616 808 (lum
1650 742 1737 807 enim
1769 748 1898 808 montes
1930 762 2046 830 pacem

395 847 615 934 susceperint,
645 868 703 912 cur
728 869 890 934 pauperes
922 847 1034 934 populi
1066 846 1189 912 debent
1216 867 1290 912 esse
1321 846 1412 932 pacis
1443 852 1614 931 expertes,
1645 852 1682 911 ut
1704 846 1738 910 in
1760 867 1843 932 paee
1864 845 2046 913 amaritudo

394 952 599 1018 amarissima
629 951 672 1015 sit
700 956 837 1015 eorum?
882 949 951 1015 Aut
973 951 1046 1035 quis
1069 957 1183 1036 posset
1205 950 1355 1016 indurato
1379 948 1478 1015 corde
1502 949 1662 1031 ululatus,
1694 970 1776 1036 quos
1806 949 2046 1036 quodammodo

394 1053 613 1143 providemus,
636 1061 685 1120 tot
707 1055 854 1120 flentium
877 1054 1055 1120 obaudire?
1078 1055 1161 1121 ees.

501 1175 577 1244 Dat.
601 1175 717 1258 Reate,
740 1174 794 1241 III
815 1175 898 1241 Non.
922 1174 1009 1257 Iulii,
1032 1175 1241 1261 pontificatus
1263 1175 1366 1240 nostri
1387 1195 1472 1242 anno
1494 1175 1536 1242 V.

1016 1453 1428 1463 --—-——--——-—

1170 1728 1258 1802 444.

506 1842 697 1953 &reportes
724 1869 780 1936 IX
801 1890 892 1952 papo
924 1869 1045 1936 OErrlsti
1072 1869 1180 1951 fideles
1208 1889 1267 1950 per
1294 1867 1516 1934 Pomceuaium
1547 1871 1577 1933 ct
1603 1866 1839 1933 Poeoluoensan
1867 1866 2051 1949 prodamus

396 1975 520 2054 laudm,
543 1974 626 2057 quod
641 1973 765 2058 fratros
786 1973 1044 2039 Praedicatorum
1065 1973 1168 2039 devote
1189 1973 1392 2054 susceperint,
1414 1993 1523 2054 eosque
1544 1977 1659 2051 monet,
1680 1992 1720 2036 oe
1740 1972 1888 2054 &ficiunt
1909 1973 2048 2055 ipsorum

395 2078 569 2144 doctrinam
590 2077 842 2143 desiderabiliter
862 2078 1051 2160 amplexari.
1725 2078 1819 2153 1231,
1843 2076 1907 2140 Iul.
1930 2078 1960 2143 9.

500 2199 583 2268 Grey.
602 2198 651 2252 IX
667 2197 733 2266 roeo.
756 2198 814 2252 Vol.
833 2199 875 2263 II,
895 2201 964 2254 109.-
982 2196 1046 2251 llo.
1070 2197 1100 2262 V,
1120 2200 1164 2251 97.
1201 2195 1322 2250 Edimus
1339 2197 1411 2250 bunc
1428 2195 1570 2264 epistolum
1586 2211 1621 2249 ea
1639 2195 1732 2266 Repu.
1751 2199 1824 2250 Areu.
1842 2195 1903 2250 ecel.
1923 2211 1949 2248 a.
1971 2198 2049 2262 1231,

394 2288 471 2350 §42,
488 2284 642 2355 suppletum
659 2299 693 2338 ea
714 2283 837 2347 Tleiner,
856 2283 935 2338 Mon.
955 2283 1015 2337 Pol.
1035 2289 1053 2337 t.
1072 2285 1096 2351 1,
1112 2300 1142 2352 p.
1161 2287 1202 2347 21,
1220 2299 1247 2336 a.
1267 2285 1304 2335 43
1323 2281 1394 2351 [11].

499 2369 635 2436 Potttost,
654 2368 723 2439 Ray.
742 2372 827 2425 8763.

395 2583 631 2659 Universis
666 2582 836 2657 Christi
868 2582 1084 2658 fidelihus
1118 2603 1195 2675 per
1231 2580 1564 2655 Pomezanianra
1599 2585 1643 2654 et
1679 2579 2050 2655 Pozolucensem²

941 2703 1199 2795 provincias
1226 2700 1502 2776 constitutis,

504 2851 635 2917 Gratias
659 2850 786 2936 agimus
810 2851 988 2936 gratiarnm
1008 2852 1152 2917 omnium
1174 2851 1333 2937 largitori,
1357 2850 1413 2935 qui
1435 2849 1477 2915 de
1500 2849 1646 2914 tenebris
1668 2871 1813 2915 errorum
1836 2870 1895 2915 vos
1919 2871 2049 2931 eruens,

395 2955 543 3021 veritatis
577 2977 635 3021 sue
667 2954 761 3020 vobis
795 2955 906 3020 lumen
938 2956 1097 3037 ostendit,
1136 2957 1169 3020 in
1203 2955 1404 3041 agnitionem
1438 2953 1560 3019 domini
1594 2954 1698 3018 nostri
1732 2953 1809 3018 Iesu
1841 2952 1962 3018 Christi
1992 2975 2050 3018 vos

395 3057 654 3123 misericorditer
675 3055 900 3143 perducendo,
932 3080 1043 3144 quem,
1072 3060 1157 3124 siout
1188 3059 1221 3123 in
1253 3059 1325 3145 ipso
1349 3057 1559 3140 confidimus,
1589 3057 1737 3142 agnitum
1758 3057 1894 3143 diligitis
1918 3062 1952 3122 et
1974 3077 2050 3143 per-

396 3162 514 3227 fectius
545 3160 706 3247 diligetis,
736 3160 840 3240 cumb,
873 3161 957 3228 siout
983 3164 1170 3249 accepimus
1195 3169 1228 3228 et
1253 3163 1366 3247 utique
1396 3167 1619 3249 acceptamus,
1652 3160 1791 3226 dilectos
1818 3160 1903 3224 filios
1931 3159 2051 3224 iratres

397 3264 519 3329 ordinis
549 3264 795 3330 Pradicatorum
828 3265 921 3330 vobis
952 3266 1127 3332 salubriter
1158 3267 1423 3351 evangelizantes
1452 3265 1606 3345 eundem,
1638 3264 1855 3349 suscipientes
1882 3263 2051 3328 humiliter
2102 3282 2130 3321 eo

398 3375 432 3432 et
458 3367 576 3434 devote
606 3388 644 3433 ac
674 3369 817 3454 benigne
845 3376 1043 3446 tractantes,
1074 3371 1220 3457 ipsorum
1243 3369 1376 3434 monitis
1400 3373 1434 3434 et
1457 3357 1760 3448 exhortationibus,
1790 3367 1845 3452 qui
1868 3373 2051 3432 vestrarum

396 3472 536 3537 salutem
559 3471 672 3537 sitiunt
694 3472 891 3553 animarum,
913 3473 1037 3538 intimis
1061 3472 1235 3538 affectibus
1258 3471 1451 3553 intendatis,
1482 3470 1571 3558 quod
1593 3477 1643 3536 eet
1665 3471 1778 3556 utique
1803 3469 1917 3536 salutis
1939 3475 2051 3535 vestre

396 3575 554 3660 optimum
587 3580 835 3660 argumentum,
869 3575 946 3660 quia
980 3596 1071 3640 sacre
1107 3574 1342 3662 predicationis
1377 3573 1532 3638 alimento
1568 3593 1648 3658 sepe
1681 3572 1812 3655 refecti,
1846 3593 2051 3659 nequaquam

270 3692 316 3736 Ich.
331 3699 385 3746 ssa.
400 3678 539 3764 potestis
562 3685 675 3744 eterne
697 3679 765 3744 vite
787 3678 963 3744 formidare
986 3679 1164 3760 defectum,
1188 3699 1262 3743 cnm
1285 3679 1417 3743 illorum
1431 3678 1534 3743 verba
1556 3675 1713 3742 divinitus
1735 3677 1895 3769 inspirata
1917 3678 2051 3764 spiritus

398 3783 464 3847 sint
486 3789 519 3847 et
540 3783 619 3849 vita.
664 3781 750 3855 Quia
771 3793 868 3848 vero⁰
891 3782 1015 3848 Christi
1038 3783 1150 3848 vicarii
1173 3783 1250 3848 licet
1273 3782 1547 3848 insufficientibus
1570 3782 1695 3848 meritis
1719 3782 1905 3864 constituti,
1935 3782 2049 3850 fideles
2102 3807 2129 3846 as

398 3885 469 3951 eius
492 3885 621 3950 sincera
637 3886 884 3971 complectimur
901 3887 1048 3968 caritate,
1071 3886 1320 3951 universitatem
1335 3891 1477 3950 vestram
1492 3906 1657 3971 rogamus,
1680 3907 1861 3968 monemus,
1883 3886 2051 3952 hortamur

397 3992 431 4052 ct
454 3986 664 4053 obsecramus
686 3989 721 4052 in
736 3986 866 4054 domino
883 3988 971 4070 Iesu,
994 4010 1053 4074 per
1071 3988 1253 4074 apostolica
1268 3986 1362 4052 vobis
1379 3988 1500 4074 scripta
1522 3989 1556 4052 in
1578 3988 1807 4054 remissionem
1822 3990 2049 4075 peccaminum

397 4091 625 4177 iniungentes‚
662 4092 836 4178 quatinus,
872 4093 957 4158 sieut
993 4093 1201 4159 laudabiliter
1237 4092 1433 4174 inchoastis,
1471 4099 1649 4178 sequentes
1682 4092 1821 4178 gratiam
1856 4098 2050 4180 preeuntem

398 4194 557 4260 studeatis
587 4192 717 4260 Christo
751 4195 976 4260 inflexibiliter
1010 4194 1185 4277 adherere,
1219 4194 1540 4281 irreprehensibilem
1574 4197 1683 4282 legem
1715 4196 1787 4261 eius
1816 4197 1942 4260 animas
1971 4217 2048 4261 con-

397 4303 579 4363 vertentem
602 4297 779 4383 satagendo
802 4297 944 4364 fideliter
966 4298 1141 4364 custodire.
1185 4297 1301 4363 Dictus
1330 4319 1458 4385 quoque
1481 4298 1618 4380 iratres,
1646 4298 1893 4364 inconfusibiles
1915 4298 2050 4364 Domini
2101 4329 2128 4367 ao

398 4399 567 4487 operarios
596 4406 630 4464 et
658 4407 888 4487 cooperatores
910 4408 1019 4468 vestre
1051 4403 1183 4482 salutis,
1213 4403 1268 4489 pio
1296 4423 1407 4468 amore
1436 4402 1672 4468 venerabiliter
1701 4402 1954 4488 amplectentes,
1984 4424 2051 4469 non

399 4502 558 4568 deficiatis
581 4503 726 4589 ipsorum
749 4525 861 4570 sanem
877 4505 1058 4571 doctrinam
1081 4504 1345 4572 desiderabiliter
1367 4506 1558 4594 amplexari,
1582 4526 1694 4572 eorum
1717 4506 1850 4571 monitis
1873 4505 2051 4571 efficaciter

398 4604 622 4691 obsequendo.
673 4605 720 4670 Ut
748 4613 858 4674 autem
886 4610 1025 4694 gratiam
1054 4616 1200 4674 nostram
1230 4629 1310 4696 erga
1340 4629 1399 4675 vos
1430 4609 1596 4676 efficacius
1629 4609 1797 4691 sentiatis,
1828 4629 1987 4695 personas
2017 4615 2050 4674 et

398 4710 464 4774 alia
482 4710 570 4776 bona
584 4717 695 4776 vestra
717 4712 778 4777 sub
800 4711 890 4779 beati
909 4713 1002 4778 Petri
1024 4719 1059 4778 et
1080 4720 1194 4778 nostra
1212 4715 1416 4800 protectione
1435 4714 1632 4800 suscipimus
1651 4713 1789 4801 speciali
1811 4710 1863 4778 et‘¹
1886 4713 2050 4798 presentis

398 4813 512 4900 scripti
528 4812 710 4900 patrocinio
726 4816 972 4882 communimus.
1017 4814 1109 4881 Nulli
1132 4838 1210 4903 ergo
1234 4825 1297 4884 etc.
1320 4823 1431 4884 nostre
1451 4816 1664 4903 protectionis
1684 4816 1874 4901 infringere.
1919 4816 2050 4902 Siquis
2101 4841 2127 4880 as

398 4922 508 4982 autem
531 4924 595 4985 ete.

505 5037 582 5106 Dat.
604 5037 719 5122 Reate,
742 5039 810 5105 VII
831 5038 911 5106 Idus
934 5040 1020 5123 Iulii,
1044 5041 1252 5126 pontifioatus
1274 5041 1378 5108 nostri
1399 5060 1485 5105 anno
1507 5039 1550 5104 V.

501 5333 523 5398 ⁸)
540 5335 578 5385 ito
592 5333 632 5397 Τ.,·
643 5336 819 5389 Pomeraniam
831 5336 916 5406 Boyu.
967 5337 990 5403 ¹²)
1009 5355 1068 5391 cum
1078 5366 1110 5376 -
1120 5341 1173 5392 vita
1184 5355 1215 5392 aa
1232 5337 1258 5389 Τ.
1311 5336 1333 5404 ⁰)
1351 5353 1413 5389 vero
1424 5335 1492 5389 deest
1503 5353 1546 5403 op.
1558 5335 1644 5405 Repo.
1694 5333 1719 5402 d)
1737 5344 1806 5389 et—
1815 5343 1901 5388 autam
1912 5345 1959 5389 eto.
1972 5353 2004 5388 er
2022 5335 2050 5390 Τ.

501 5485 527 5550 1)
545 5485 652 5542 Eoderu
669 5487 714 5542 die
726 5489 827 5544 Iacobo
844 5489 1054 5561 archiepiscopo
1068 5489 1202 5559 Capuae
1219 5489 1339 5555 modat,
1356 5505 1391 5544 ac
1407 5489 1569 5558 r'ruperolorr¹
1586 5487 1720 5544 abuma
1734 5491 1943 5546 constitutiones
1961 5489 2051 5545 edenti
2106 5543 2109 5558 ,

395 5587 482 5642 oeque
499 5572 529 5627 iu
548 5573 678 5629 dictando
695 5591 780 5645 neque
796 5576 827 5631 iu
846 5578 991 5632 amicalo
1009 5577 1184 5646 obsequatur.
1220 5577 1325 5647 Hdfler,
1343 5576 1449 5632 Kaisar
1466 5575 1661 5647 orscamp.
1681 5576 2004 5647 macomariam.
2024 5579 2049 5631 7.
2100 5597 2128 5638 ω

395 5659 425 5729 2)
443 5659 534 5714 Hodie
552 5659 663 5716 Preuss.
685 5661 815 5716 Hellond.
