4596 6406
446 369 508 431 646
1025 368 1072 422 EX
1091 365 1266 423 causeam
1285 368 1323 424 IX
1342 367 1521 424 auslsrao

445 537 489 602 ad
517 539 658 620 capitula
684 539 874 622 remandetis
899 541 1149 624 calumniasque,
1180 559 1260 623 qnos
1280 540 1393 606 ibidem
1415 541 1473 606 istc
1501 541 1663 625 comparsit,
1692 539 1730 604 ia
1758 539 1980 606 messoriam
2000 543 2104 606 retor-

445 662 552 724 queas.
1777 646 1870 723 1239,
1892 643 1958 708 Inl.
1984 647 2014 711 1.

549 762 631 830 area.
643 762 694 816 IX
705 763 774 833 Rep.
788 764 846 818 Vol.
856 764 905 828 VI,
918 769 1078 834 150-153,·
1095 766 1126 820 in
1135 765 1287 836 appendice
1297 765 1361 821 Lib.
1371 767 1453 820 XIII
1460 765 1511 822 sub
1522 782 1549 823 n.
1561 769 1610 820 mr
1620 770 1834 820 commemorata.
1855 763 2103 834 Hancepistolarn,

444 860 505 899 cuns
524 845 556 900 in
568 847 670 902 Mottb.
682 849 775 903 Paris.
798 849 893 904 Geron.
913 851 1008 905 rnoior.
1026 869 1052 905 o.
1071 855 1143 905 1239
1161 858 1186 906 ct
1202 851 1272 906 alibi
1290 869 1323 906 ca
1341 852 1456 920 topatus,
1479 852 1606 906 Perteias
1620 866 1679 906 non
1694 850 1850 920 descripsit,
1865 851 1938 904 aitis
1959 857 2103 906 annotans

442 933 499 986 nisi
515 934 733 1004 inscriptionem,
758 939 851 989 notam
871 937 1087 1007 chronologicam
1106 940 1131 992 et
1152 936 1339 1007 appendicem,
1363 954 1433 1006 qaae
1450 937 1561 1008 incipit:
1588 938 1621 992 In
1643 936 1763 991 eundern
1780 937 1901 990 modum.
1939 937 2015 1006 Quia
2034 952 2101 992 vcro
2167 939 2179 975 ⁵

443 1021 537 1088 nropni
553 1020 639 1089 refert
653 1021 773 1090 primam
792 1025 816 1076 et
834 1024 964 1093 optimam
981 1024 1099 1093 sormam
1116 1025 1200 1078 baius
1221 1023 1353 1092 epistotae
1372 1024 1486 1092 penitus
1509 1039 1599 1091 nasse,
1619 1023 1651 1077 V.
1671 1023 1708 1077 Oi.
1730 1026 1764 1078 A.
1783 1023 1854 1077 Man
1871 1024 2047 1092 reporimus,
2073 1028 2105 1079 ut
2171 1037 2193 1082 st

443 1108 574 1172 tenorem,
600 1123 679 1175 qinon
697 1107 796 1161 Mettis.
815 1109 900 1163 Paris
916 1109 1076 1179 proposuit,
1099 1125 1159 1162 curn
1177 1108 1245 1178 Rep.
1264 1108 1403 1177 conseram
1430 1111 1480 1178 qai
1497 1109 1704 1164 accuratissime
1725 1108 1755 1162 id
1772 1109 1925 1178 conficiens,
1946 1112 2105 1179 permultas

444 1191 689 1247 Matth‘lcctioncs
707 1194 851 1249 mendara
865 1197 968 1265 potnit.

547 1278 684 1349 Pottliast,
702 1279 770 1348 Rep.
788 1285 895 1350 107665
912 1281 963 1336 aab
982 1284 1045 1336 Ian.
1063 1286 1114 1344 20,·
1131 1282 1192 1336 cide
1208 1281 1282 1350 quod
1299 1281 1331 1334 in
1343 1280 1402 1349 fine
1420 1299 1438 1336 o
1456 1281 1535 1336 nobis
1552 1287 1714 1337 annotatum
1731 1288 1777 1337 cst.

664 1552 672 1570 .
703 1553 711 1570 .
740 1496 1091 1589 archiepiscopo
1119 1495 1335 1570 Remensi
1362 1501 1405 1569 et
1431 1495 1741 1594 suffraganeis
1768 1495 1876 1570 eius

300 1642 428 1745 Afflffil
550 1643 710 1709 Ascendit
731 1643 772 1711 de
795 1647 878 1712 mari
902 1646 1007 1711 bestia
1028 1644 1233 1732 blasphemie
1254 1646 1354 1732 plens
1376 1644 1572 1726 nominibus,
1595 1666 1657 1731 que
1681 1646 1822 1732 pedibus
1845 1648 1911 1711 ursi
1935 1655 1968 1712 et
1990 1650 2100 1714 leonis

443 1768 499 1811 ore
522 1746 695 1813 deseviens
719 1769 757 1812 ac
780 1749 936 1813 membris
959 1749 1098 1813 formata
1122 1749 1240 1813 ceteris
1265 1749 1349 1812 sicut
1367 1748 1497 1832 pardus,
1521 1770 1670 1812 ossuum
1693 1750 1726 1812 in
1750 1750 1973 1837 blasphemias
1996 1753 2100 1819 divini

440 1839 579 1915 nominis
603 1852 725 1938 aperit,
753 1852 1002 1916 tabernaculum
1026 1852 1097 1916 eius
1118 1858 1150 1916 et
1173 1857 1305 1916 sanctos
1329 1852 1384 1936 qui
1408 1852 1440 1914 in
1464 1852 1544 1915 celis
1574 1851 1723 1916 habitant
1750 1853 1908 1918 similibus
1935 1857 2099 1943 impetere

440 1954 554 2018 iaculis
583 1976 649 2018 non
680 1956 807 2020 omittit.
863 1955 937 2021 Hec
971 1956 1136 2040 unguibus
1168 1962 1201 2020 et
1234 1955 1388 2019 dentibus
1424 1954 1538 2020 ferreis
1571 1963 1688 2020 cuncta
1722 1956 1927 2041 confringere
1964 1969 1999 2023 et
2028 1961 2098 2026 suis

439 2056 578 2142 pedibus
601 2059 756 2123 universa
778 2058 970 2124 desiderans
994 2060 1203 2140 conculcare,
1233 2059 1275 2122 ad
1298 2057 1491 2123 diruendum
1515 2080 1642 2123 murum
1666 2060 1825 2124 catholice
1849 2061 1925 2126 fidei
1948 2066 2098 2130 occultos

314 2154 415 2257 iffi&
444 2162 519 2224 olim
542 2164 670 2247 paravit
692 2164 825 2242 arietes,
848 2171 881 2227 at
904 2185 990 2228 uunc
1014 2170 1145 2250 apertas
1168 2161 1337 2227 machinas
1360 2163 1507 2244 instruit,
1534 2161 1775 2228 Ismaelitarum
1798 2165 1948 2250 ginnasia
1970 2169 2098 2233 animas

441 2264 662 2330 interimentia
685 2268 860 2348 construit,
886 2273 920 2332 et
942 2268 974 2330 in
999 2266 1176 2346 Christum,
1202 2266 1335 2330 humani
1360 2266 1490 2350 generis
1514 2265 1770 2351 redemptorem,
1794 2270 1884 2333 cuius
1907 2275 2098 2338 testamenti

441 2367 570 2434 tabulas
594 2371 669 2434 stilo
693 2371 863 2457 pravitatis
887 2371 1034 2436 heretice
1057 2371 1171 2435 nititur
1193 2371 1340 2450 abolere,
1363 2370 1451 2434 fama
1466 2376 1610 2434 testante
1627 2372 1807 2457 consurgit.
1850 2371 1957 2458 Igitur
1979 2379 2098 2440 ammi-

440 2473 505 2536 rari
529 2472 670 2538 desinite
695 2496 820 2554 omnes,
844 2475 886 2539 ad
909 2497 990 2561 quos
1015 2475 1055 2540 ab
1080 2475 1141 2540 hae
1165 2475 1273 2540 bestia
1296 2480 1410 2538 contra
1433 2495 1493 2537 nos
1518 2473 1607 2539 edita
1622 2477 1819 2561 perveniunt
1836 2477 1990 2563 obloquia
2006 2480 2097 2544 blas-

440 2576 582 2662 phemie,
607 2579 634 2642 si
657 2599 717 2642 nos
741 2579 828 2643 omni
850 2578 924 2644 Deo
948 2580 1106 2644 servitute
1132 2579 1272 2644 subiecti
1296 2577 1534 2643 detractionum
1557 2578 1685 2663 sagittis
1708 2579 1909 2665 impetimur,
1934 2605 2007 2647 cum
2032 2606 2094 2650 nec

440 2681 481 2746 ab
506 2681 568 2745 hiis
593 2682 779 2767 obprobriis
802 2683 954 2748 immunis
977 2684 1139 2748 Dominus
1162 2684 1374 2766 relinquatur.
1419 2680 1597 2746 Ammirari
1620 2681 1775 2762 desinite,
1801 2685 1829 2747 si
1849 2684 2039 2750 iniuriarum
2064 2690 2098 2752 in

440 2805 500 2849 nos
523 2806 713 2850 mucronem
741 2786 864 2866 exerit,
892 2787 946 2871 qui
976 2787 1017 2851 ad
1040 2785 1240 2874 perdendum
1270 2784 1311 2849 de
1340 2791 1429 2850 terra
1450 2806 1571 2850 nomen
1594 2784 1728 2849 Domini
1749 2786 1814 2850 iam
1836 2790 1990 2873 assurgit.
2037 2789 2099 2856 Set

440 2889 549 2978 potius
572 2895 608 2952 ut
632 2889 703 2953 eius
727 2890 882 2954 resistere
906 2897 1021 2975 aperta
1043 2892 1181 2956 veritate
1205 2889 1384 2954 mendaciis
1406 2911 1445 2954 aa
1468 2889 1556 2953 illius
1580 2889 1749 2954 confutare
1773 2888 1918 2954 fallacias
1942 2895 2098 2977 puritatis

439 2997 631 3076 argumento
655 2993 807 3078 possitis,
839 3001 951 3078 caput,
979 2992 1124 3059 medium
1158 3000 1191 3058 et
1218 2994 1316 3058 finem
1343 2992 1440 3057 huius
1464 2993 1571 3058 bestie
1595 2991 1649 3057 Fr.
1673 2992 1752 3056 dicti
1782 2994 1988 3080 imperatoris
2018 2997 2096 3062 dili-

440 3102 557 3179 genter
578 3097 741 3182 inspicite,
766 3103 800 3161 et
822 3097 856 3160 in
879 3097 927 3161 eis
950 3097 1212 3162 abominationes
1235 3095 1406 3161 dumtaxat
1428 3098 1634 3162 invenientes
1652 3102 1684 3162 et
1701 3095 1837 3177 scelera,
1861 3105 1973 3163 contra
1989 3101 2096 3186 ipsius

439 3196 532 3262 dolos
557 3199 702 3264 sinceros
725 3199 850 3264 animos
874 3207 966 3265 scuto
990 3202 1138 3266 veritatis
1163 3205 1299 3280 armate,
1321 3199 1534 3264 attendentes
1551 3201 1693 3285 qualiter
1715 3200 1938 3266 sinceritatem
1961 3210 2097 3289 aposto-

438 3303 501 3366 lice
532 3303 618 3368 sedis
648 3309 681 3368 et
711 3311 874 3378 nostram,
905 3305 1023 3369 litteris
1053 3326 1113 3392 per
1139 3303 1269 3368 diversa
1297 3303 1429 3367 climata
1457 3303 1569 3367 mundi
1597 3303 1813 3384 transmissis,
1844 3305 1979 3389 pollutis
2001 3307 2097 3372 nisus

438 3407 601 3472 maculare
626 3408 825 3491 narratibus,
849 3409 954 3474 dictus
977 3409 1024 3488 F,
1048 3407 1168 3494 figulus
1191 3407 1362 3488 falsitatis,
1393 3407 1554 3472 modestis
1578 3407 1709 3472 nescius
1737 3413 1771 3472 et
1793 3408 1925 3493 pudoris
1948 3410 2097 3494 ignarus,

438 3532 499 3578 nec
523 3512 660 3577 veritate
691 3513 844 3579 contusus
876 3535 936 3578 uec
965 3513 1075 3598 aliquo
1104 3513 1257 3598 perfusus
1288 3510 1407 3575 rubore
1437 3511 1609 3592 mentitur,
1640 3511 1727 3597 quod
1755 3532 1815 3575 nos
1843 3511 1968 3597 ipsum,
1999 3516 2097 3582 nobis

437 3614 471 3678 in
495 3615 612 3686 minori
635 3616 741 3682 officio
766 3618 951 3683 constitutis
975 3617 1127 3695 amicum,
1150 3616 1306 3702 pristinos
1329 3614 1426 3679 fidem
1445 3621 1478 3679 et
1493 3636 1602 3679 mores
1618 3614 1738 3700 adepto
1762 3617 1965 3701 apostolatus
1981 3618 2093 3684 officio
2151 3640 2178 3678 so

437 3719 673 3804 relinquentes,
696 3722 782 3806 quia,
807 3722 893 3787 sicut
915 3727 1119 3785 sacramento
1143 3719 1282 3806 prestito
1307 3724 1341 3782 et
1363 3718 1431 3782 lata
1453 3718 1487 3782 in
1509 3716 1617 3803 ipsum
1641 3719 1990 3784 excommunicationis
2015 3745 2094 3788 sen·

437 3823 541 3886 tentia
571 3823 755 3904 tenebatur,
786 3825 911 3912 prefixa
944 3831 1091 3909 tempore
1115 3824 1149 3887 in
1171 3823 1273 3888 Terre
1298 3821 1418 3886 Sancte
1448 3843 1640 3886 succursum
1670 3821 1857 3887 infirmitate
1887 3845 1953 3889 non
1984 3829 2095 3912 potuit

436 3924 634 4009 prohibente
657 3928 807 4007 transire,
832 3928 962 3994 vinculo
986 3925 1334 3992 excommunicationis
1358 3924 1552 4008 astringere,
1576 3925 1776 4010 postulatum
1798 3925 1925 4014 abipso
1950 3930 2094 3998 sanitato

437 4035 607 4115 resumpta
629 4029 845 4095 absolutionis
868 4029 1066 4095 beneficium
1081 4028 1257 4115 denegare,
1281 4029 1454 4114 ipsumque
1471 4026 1642 4091 indictum
1659 4033 1884 4093 transeuntem
1899 4032 2093 4116 subsidium,

435 4152 495 4216 per
510 4133 640 4196 nuntios
658 4141 692 4198 et
706 4135 834 4220 legatos
848 4140 977 4199 nostros
993 4135 1120 4198 litteras
1136 4133 1307 4220 processui
1323 4130 1503 4195 contrarias
1520 4177 1549 4197 ..
1566 4129 1724 4194 soldano¹
1740 4133 1918 4213 mittentes,
1930 4135 2091 4221 impedire

436 4235 631 4317 curavimus,
646 4243 683 4301 ut
699 4238 744 4302 sic
761 4244 850 4303 esset
865 4238 905 4302 dc
928 4239 1022 4323 regni
1035 4235 1291 4303 Ierosolimitani
1307 4234 1555 4320 recuperatione
1571 4240 1729 4319 concepta
1743 4233 1929 4316 frustratus,
1951 4260 2092 4324 regnum

436 4337 557 4418 Sicilie,
581 4361 640 4426 pro
665 4362 703 4404 eo
728 4342 813 4427 quod
835 4342 1016 4407 Rainaldus
1040 4343 1117 4406 olim
1139 4343 1227 4406 filius
1250 4392 1279 4407 ..
1302 4339 1395 4405 ducis
1418 4338 1569 4425 Spoleti²
1591 4345 1702 4425 preter
1724 4339 1827 4424 ipsius
1852 4341 2089 4408 conscientiam

434 4448 554 4507 terram
579 4445 698 4508 invasit
722 4445 872 4526 ecclesie,
895 4466 955 4510 nos
980 4446 1101 4510 iniuste
1127 4452 1160 4510 et
1182 4445 1345 4509 violenter
1367 4443 1507 4507 intrasse
1531 4463 1569 4507 ac
1592 4442 1694 4529 ipsius
1716 4441 1866 4508 homines
1889 4465 2090 4528 provocasse

434 4544 476 4607 ad
504 4546 683 4630 periurium
713 4547 795 4611 falso
826 4548 1049 4632 conqueritur,
1078 4570 1179 4634 seque
1206 4547 1247 4611 de
1277 4546 1362 4610 Siris
1389 4547 1422 4610 in
1444 4544 1600 4632 Apuliam
1631 4544 1822 4610 redeuntem
1850 4547 1939 4611 illata
1969 4548 2090 4614 iniurie

435 4649 583 4714 omisisse
606 4649 800 4729 vindictam,
834 4658 1025 4737 acceptasse
1049 4650 1257 4716 concordiam
1281 4655 1315 4714 et
1337 4650 1463 4714 redisse
1487 4649 1528 4714 ad
1550 4657 1687 4714 matrem
1720 4652 1893 4716 ecclesiam
1917 4653 2087 4737 gloriatur.
2143 4684 2174 4722 co

432 4751 528 4816 Licet
556 4759 665 4818 autem
696 4755 758 4819 hec
789 4754 946 4838 figmenta
972 4756 1106 4840 publica
1132 4754 1249 4819 notitia
1278 4753 1450 4840 reprobet,
1482 4753 1558 4838 quia
1588 4759 1697 4818 tamen
1728 4775 1959 4841 nonnunquam
1986 4757 2089 4821 recti-

432 4856 553 4921 tudinis
578 4857 690 4922 sedem
713 4858 856 4922 velatum
880 4867 1019 4944 occupat
1042 4859 1075 4922 in
1099 4878 1177 4922 aure
1201 4859 1329 4922 sincera
1351 4857 1568 4936 mendacium,
1591 4857 1677 4942 apud
1701 4878 1798 4942 quam
1821 4881 1879 4946 pro
1904 4862 2087 4926 severitas

431 4981 496 5024 non
520 4961 645 5024 invenit
669 4960 877 5026 advocatum:
902 4985 943 5028 ne
967 4964 1000 5026 in
1025 4961 1250 5026 cordavestra
1273 4960 1400 5026 falsitas
1425 4982 1617 5046 quacunque
1640 4963 1745 5048 possit
1764 4962 1877 5028 fraude
1895 4965 2086 5051 subrepere,

431 5063 565 5149 dignum
590 5073 641 5130 est
664 5087 720 5130 voe
744 5087 858 5131 rerum
881 5067 929 5131 rei
951 5088 1011 5153 per
1033 5087 1092 5130 nos
1116 5071 1211 5150 geste
1234 5066 1367 5131 modum
1394 5071 1428 5130 et
1455 5065 1602 5130 ordinem
1631 5086 1696 5129 non
1724 5066 1843 5146 latere,
1877 5068 1932 5153 qui
1962 5068 2085 5132 dictum

430 5168 483 5250 R,
514 5175 590 5233 ante
609 5177 658 5234 =et
689 5177 863 5256 postquam
893 5170 1075 5254 apostolice
1109 5177 1238 5234 nostros
1275 5170 1475 5235 subiecimus
1509 5170 1663 5235 humeros
1693 5170 1858 5250 servituti,
1894 5170 1954 5234 sub
1985 5172 2084 5258 vulpe
2139 5201 2168 5242 a

430 5272 586 5338 latentem
610 5275 698 5338 omni
722 5275 905 5339 curavimus
929 5274 1034 5358 gratia
1056 5275 1228 5359 prosequi,
1256 5274 1360 5340 donec
1388 5297 1447 5361 spe
1474 5296 1537 5361 que
1567 5276 1652 5361 patri
1680 5272 1721 5339 de
1748 5274 1815 5339 filio
1845 5275 1929 5340 solet
1957 5277 2084 5342 innasci

431 5379 569 5460 sublata,
593 5379 679 5443 idem
695 5379 731 5444 F.
749 5379 891 5444 tremens
915 5378 948 5441 in
971 5378 1197 5463 magnitudine
1220 5398 1281 5444 sua
1304 5385 1337 5443 et
1360 5401 1402 5444 ex
1425 5379 1545 5466 adepta
1567 5378 1756 5444 fortitudine
1779 5379 1963 5458 infronitus,
1986 5383 2083 5446 matri

532 5673 557 5740 l)
577 5672 642 5725 Scil.
661 5671 845 5742 Babyloniae,
864 5673 1009 5726 El-Kamtt
1025 5673 1139 5727 nostine.
1209 5674 1237 5742 2)
1259 5670 1387 5730 conradi.
