4560 6420
992 404 1040 459 EX
1059 404 1236 460 GRIIGORII
1256 405 1295 459 IX
1314 403 1496 460 naclsruo

612 708 621 726 .
651 706 660 725 .
689 650 901 742 cpiScopo
928 650 1134 740 Aretino,
1162 652 1357 726 marchio
1386 651 1665 727 Anconitene
1693 648 1875 724 rectori.

524 784 606 850 Cum
629 784 714 849 sieut
736 782 776 848 de
806 781 977 846 intimante
1006 783 1213 868 percepimus
1242 785 1391 850 nonnulli
1418 785 1452 848 in
1476 784 1684 849 Anconitana
1714 783 1861 847 marchia
1892 780 2080 858 constituti,

415 891 470 976 qui
500 896 636 976 propter
663 888 810 953 favorem
837 885 1006 952 Friderioo
1034 886 1121 952 dicto
1151 888 1341 974 imperatori
1373 889 1557 955 exhibitum
1582 889 1712 954 vinculo
1744 894 1819 952 sunt
1846 882 2079 951 excommuni-

417 991 555 1058 cationis
579 991 722 1072 astricti,
746 989 787 1054 ad
812 990 918 1055 sinum
942 991 1057 1056 matris
1081 993 1223 1058 ecclesie
1247 992 1354 1058 redire
1378 993 1581 1059 desiderent:
1611 991 1808 1058 fraternitati
1831 996 1887 1054 tue
1911 1010 1974 1075 per
1996 1009 2079 1073 apo-

417 1098 533 1162 stolica
556 1096 679 1182 scripta
702 1093 911 1176 mandamus,
939 1098 1091 1181 quatinus
1115 1119 1176 1183 per
1197 1104 1230 1162 te
1253 1119 1292 1162 ac
1315 1097 1411 1180 alios,
1435 1119 1516 1183 quos
1541 1096 1581 1160 ad
1605 1097 1667 1161 hoo
1691 1095 1828 1160 idoneos
1851 1114 1927 1158 essa
1952 1111 2079 1175 cogno·
2145 1107 2157 1144 ι

416 1201 512 1282 veris,
536 1199 576 1264 de
600 1199 745 1286 paremio
770 1221 870 1286 super
890 1199 954 1263 hiis
977 1199 1141 1265 mandatis
1158 1202 1298 1266 ecclesie
1316 1208 1349 1266 et
1369 1201 1456 1288 quod
1472 1202 1505 1266 in
1521 1207 1649 1288 partem
1666 1199 1745 1264 dicti
1759 1196 1919 1264 Fridcrioi
1936 1194 2081 1259 ulterius

417 1325 482 1369 non
506 1302 659 1368 redibunt
676 1303 863 1368 sufficienti
893 1302 934 1367 ab
964 1303 1013 1369 cis
1044 1304 1195 1370 cautione
1225 1313 1375 1391 recepta,
1404 1305 1485 1392 ipsis
1516 1305 1610 1370 iuxta
1635 1304 1771 1370 lormam
1801 1301 1943 1368 ecclesie
1971 1299 2079 1363 bene-

417 1409 527 1472 ficium
550 1407 767 1472 absolutionis
791 1406 974 1493 impendas.

526 1526 602 1591 Dat.
625 1526 780 1591 Lateran.
802 1525 867 1590 XV
889 1524 964 1590 Kal.
989 1527 1146 1594 Februar.
1170 1550 1256 1593 anno
1279 1527 1390 1592 XIIII.

1040 1755 1450 1764 -—--——-—-——--——-...

526 2055 716 2168 Graecas
746 2084 804 2150 IX
827 2107 916 2167 papa
945 2087 1096 2168 Greporio
1123 2085 1160 2149 ale
1186 2086 1388 2170 Manteionpo
1413 2088 1615 2166 subdiacone,
1642 2087 1829 2168 apostalicae
1858 2087 1941 2152 seriis
1969 2087 2081 2166 lepata
2135 2110 2158 2147 a

420 2189 570 2267 mandat,
603 2192 638 2252 nt
663 2189 876 2270 personaliter
905 2188 1049 2253 Venutius
1078 2189 1124 2252 acl
1155 2189 1312 2255 Torcellas
1337 2191 1483 2256 amiens
1510 2191 1716 2276 [Bartholalo]
1739 2191 1946 2272 patriarchae
1976 2186 2083 2269 Aqui-

420 2294 563 2378 iepiensi,
590 2296 758 2375 postquam
788 2292 832 2358 ad
858 2291 957 2357 sedern
993 2293 1196 2373 apostolicam
1225 2294 1284 2358 iter
1312 2295 1501 2375 arrc'pmcrit,
1534 2315 1649 2360 rannus
1680 2294 1886 2359 absolutionis
1919 2289 2084 2372 impendat

319 2473 333 2498 ο
420 2397 582 2463 bismiliter
600 2396 786 2478 postulanti.
835 2394 884 2474 Of.
907 2414 939 2458 n.
964 2399 1035 2459 763.
1722 2399 1815 2475 1241,
1839 2396 1913 2460 Ian.
1936 2397 1991 2458 28.

526 2514 608 2583 arey.
625 2514 676 2568 IX
693 2513 762 2583 aea.
780 2511 842 2568 Iao.
862 2511 946 2581 XIV,
967 2518 1024 2566 212.
1064 2512 1181 2568 Edimus
1200 2531 1235 2567 ea
1253 2513 1344 2585 Rapa.
1363 2516 1434 2570 Anu.
1454 2516 1516 2570 eccl.
1535 2533 1561 2570 a.
1584 2521 1657 2585 1241,
1674 2521 1690 2583 5
1708 2521 1749 2570 44.

524 2601 660 2668 Patttaat,
677 2599 747 2671 Bep.
766 2603 869 2653 10980.
2132 2619 2155 2658 ,5

422 2795 637 2890 Gregorio
665 2796 717 2868 de
736 2794 1024 2886 Monielongo
1051 2793 1326 2868 subdiacono
1354 2803 1396 2871 et
1423 2800 1601 2874 noterio
1630 2802 1800 2886 nostro,
1826 2791 2081 2888 apostolice

1095 2917 1215 2990 sedis
1244 2918 1407 3010 legato.

531 3050 614 3115 Cum
641 3047 827 3135 patriarcha
850 3045 1100 3132 Aquilegensls,
1130 3071 1188 3135 pro
1221 3072 1260 3115 eo
1284 3050 1372 3135 qnod
1393 3051 1563 3117 Friderico
1594 3050 1681 3116 dicto
1709 3048 1929 3137 imperatori⁸,
1957 3046 2022 3111 Dei
2048 3051 2081 3110 et

423 3154 566 3222 ecclesie
589 3153 740 3232 inimico,
772 3152 858 3216 iusta
882 3172 903 3216 a
923 3151 1020 3216 nobis
1052 3152 1165 3218 multis
1196 3175 1239 3218 ex
1268 3155 1376 3220 causis
1406 3155 1510 3241 culpis
1540 3155 1608 3219 suis
1631 3153 1841 3240 exigentibus
1864 3150 1995 3215 vinculo
2019 3169 2081 3214 ex·

424 3255 728 3324 communicationis
759 3255 909 3333 astrIoto,
947 3257 1188 3321 communicare
1217 3258 1417 3344 presumpsit
1449 3265 1516 3322 tam
1549 3258 1582 3322 in
1615 3257 1734 3322 divinis
1768 3254 1886 3320 officiis
1920 3273 2018 3339 quam
2047 3252 2082 3316 ln
2131 3274 2156 3314 aa

425 3364 539 3428 osculo
564 3367 597 3426 et
620 3361 654 3424 in
678 3380 803 3438 mensa,
826 3365 859 3423 et
881 3359 958 3444 quia
974 3359 1116 3424 eundem
1134 3362 1418 3426 excommunicare
1434 3361 1565 3447 publice
1589 3360 1801 3447 pretermisit,
1824 3364 1921 3444 prout
1943 3378 1964 3420 a
1986 3355 2083 3420 nobis

423 3471 596 3552 receperat
618 3464 652 3529 in
676 3461 849 3542 mandatis,
874 3483 1059 3546 quanquam
1075 3463 1139 3528 hoc
1155 3484 1263 3528 coram
1280 3465 1428 3550 pluribus
1452 3465 1584 3530 duxerit
1606 3463 1848 3550 exequendum,
1871 3461 1911 3526 ad
1934 3466 2082 3525 nostram

424 3570 525 3635 etiam
548 3567 762 3654 presentiam,
785 3564 871 3629 siout
894 3563 957 3628 sibi
980 3587 1023 3629 ex
1045 3571 1138 3651 parte
1162 3573 1274 3631 nostra
1295 3568 1485 3633 mandatum
1507 3569 1625 3649 fuerat,
1650 3568 1797 3654 protinus
1820 3587 1886 3632 ιιοιι
1908 3563 2084 3640 accedens,

423 3671 621 3737 auctoritate
644 3677 757 3735 nostra
779 3668 879 3733 fuerit
901 3669 1251 3736 excommunicationis
1274 3674 1438 3738 sententia
1454 3672 1644 3737 innodatus:
1669 3672 1746 3757 quia
1767 3691 1926 3757 personas
1950 3668 2083 3734 carissi·

423 3798 549 3841 morum
578 3775 718 3839 filiorum
747 3779 935 3837 nostrorum
958 3771 1041 3838 Bele
1065 3773 1209 3858 Ungarie
1244 3795 1282 3838 ae
1314 3775 1485 3841 Colonrani
1506 3775 1731 3840 Ruthenorum
1754 3795 1869 3858 regum
1892 3773 2081 3846 illustrium,
2131 3797 2157 3837 a

423 3883 579 3963 nepotum
613 3878 716 3964 ipsius
751 3878 953 3964 patriarche,
991 3877 1244 3963 supplicantium
1281 3900 1340 3963 pro
1374 3878 1490 3943 eodem
1525 3879 1660 3964 speciali
1694 3877 1834 3963 quadam
1871 3875 2084 3962 prerogativa

401 4059 403 4064 Ι
423 3981 608 4047 dilectionis
633 3987 667 4046 et
690 3983 798 4068 gratia
820 3983 1062 4069 amplexamur,
1095 4002 1210 4046 eorum
1238 3982 1533 4070 supplicationibus
1556 3987 1738 4046 annuentes
1761 3978 1969 4060 mandamus,
2001 3999 2082 4064 qua-

423 4092 520 4151 tenus
543 4085 736 4172 postpositis
765 4086 916 4151 omnibus
940 4085 1159 4172 personaliter
1191 4086 1351 4150 accedens
1374 4086 1535 4152 Venetiae
1558 4086 1613 4150 vel
1635 4084 1825 4150 Torcellas¹
1849 4083 1957 4148 eidem
1980 4083 2082 4169 patri·

423 4188 539 4270 arche,
570 4194 742 4274 postquam
771 4188 813 4252 ad
836 4188 1036 4276 presentiam
1068 4193 1214 4252 nostram
1246 4189 1309 4253 iter
1341 4189 1514 4276 arripuerit
1541 4187 1711 4270 veniendi,
1746 4187 1941 4253 auctoritate
1968 4195 2085 4252 nostra

423 4292 516 4355 iuxta
537 4289 675 4354 formam
699 4292 840 4357 ecclesie
864 4313 982 4356 munus
1006 4290 1222 4355 absolutionis
1245 4291 1415 4380 impendas
1438 4293 1606 4358 humiliter
1627 4290 1816 4379 postulanti.
1973 4293 1975 4298 ‘
2133 4315 2158 4356 ιο

535 4409 612 4475 Dat.
636 4410 746 4478 Later.
770 4413 802 4477 V
824 4411 899 4477 Kal.
923 4411 1020 4477 Febr.
1044 4433 1129 4476 anno
1152 4412 1244 4477 XIV.

1049 4642 1459 4650 ψ’*-

1210 4847 1297 4920 801.

531 4938 723 5052 Greporius
742 4969 800 5034 IX
822 4991 909 5052 papa
931 4972 1072 5037 Iohanni
1096 4971 1134 5035 de
1160 4971 1307 5038 Ciuitella
1334 4972 1522 5038 subdauono
1549 4969 1759 5038 commutandi
1788 4973 1859 5034 uota
1885 4970 2086 5053 auraema-

426 5077 529 5138 tornm
557 5072 716 5156 Unpariae
738 5074 775 5138 in
796 5074 1004 5156 defensionem
1026 5075 1169 5141 acclamo
1191 5079 1300 5141 contra
1315 5075 1515 5142 Frictcricnm
1531 5075 1647 5140 dictum
1663 5077 1878 5155 imperatorem
1899 5070 2086 5152 faedatam

423 5177 570 5243 aaaar.
1706 5180 1800 5255 1241,
1822 5176 1917 5242 aea.
1942 5179 1995 5241 12.

529 5293 613 5365 Grep.
631 5297 678 5348 IX
692 5294 758 5364 Rep.
780 5294 839 5349 Vol.
863 5297 927 5363 VII,
945 5298 998 5360 37,·
1020 5295 1083 5350 Lib.
1102 5299 1181 5364 XIV,
1197 5302 1259 5353 217.
2138 5309 2163 5349 sa

527 5379 666 5448 Potttast,
684 5381 755 5453 Rep.
775 5385 878 5436 10088.

536 5507 905 5517 ὴ-,,-,,,.,,.-.,,-,,,Ψ-
915 5511 1028 5519 ψωηᾷ,
1048 5515 1070 5519 ,.-
1084 5514 1089 5518 ,
1099 5515 1125 5519 -,
1146 5508 1978 5520 mmm—*⁶

527 5589 553 5655 ὓ)
571 5591 722 5658 imperatore
740 5590 843 5670 Itapn.¹

531 5695 559 5763 1)
581 5694 702 5748 Torcelto
720 5710 754 5750 ea
772 5693 953 5767 septentrione
974 5693 1111 5752 Venetiae.
