4576 6390
1029 391 1077 446 EX
1095 389 1270 447 anscosn
1288 387 1326 444 IX
1345 387 1525 446 REGISTRO
1586 432 1589 438 .

1236 761 1322 833 567.

560 885 750 996 (deoperire
765 912 821 979 IX
828 935 918 995 popo
933 913 1085 998 [Iacobo]¹
1097 916 1278 996 praeposito
1300 919 1328 980 et
1343 917 1480 997 capitulo
1494 915 1776 998 Brondcburpeusi
1791 917 1872 981 bono
1894 923 1923 982 et
1948 919 2023 982 iura
2047 923 2112 984 lam

449 1037 471 1078 a
494 1015 655 1102 Sipefrido
677 1017 723 1082 H
746 1018 885 1098 episcopo
913 1021 943 1080 et
963 1017 1251 1097 praedecessoribus
1281 1020 1349 1082 eius
1371 1041 1466 1100 quovm
1493 1019 1772 1084 marchionibus
1800 1023 1831 1082 ct
1857 1021 1936 1085 aliis
1965 1023 2111 1086 ecclcsiae

450 1139 557 1182 eoram
579 1119 691 1184 colluto
714 1121 891 1200 confirmat,
918 1120 1036 1183 inserto
1058 1123 1161 1184 terme
1183 1120 1362 1201 diplomatis
1383 1143 1405 1186 a
1424 1121 1573 1208 praefato
1595 1121 1755 1206 Sipefrido
1776 1122 1822 1186 11
1838 1123 1935 1186 cidem
1964 1125 2112 1190 eeclesiae

448 1223 591 1290 concessi.
1749 1227 1842 1303 1233,
1865 1224 1941 1290 Dec.
1967 1233 2019 1292 14.

553 1339 635 1409 Grec.
654 1341 703 1393 IX
720 1340 790 1409 Rep.
815 1340 868 1393 Vol.
890 1339 943 1404 IV,
960 1344 1112 1407 117-119;
1129 1341 1192 1396 Lib.
1216 1342 1282 1411 VH,
1301 1347 1361 1397 419.

553 1426 688 1496 Potlbast,
705 1427 771 1494 ch.
791 1430 869 1480 9341.

642 1715 650 1731 .
680 1716 689 1732 .
718 1660 945 1751 preposito
974 1665 1017 1733 et
1043 1661 1241 1753 capitulo
1268 1661 1686 1754 Brandeburgensis
1713 1661 1912 1734 ecclesie.

555 1806 655 1871 Iustis
679 1809 861 1894 petentium
885 1815 946 1873 etc.
970 1831 1088 1894 usque:
1118 1831 1271 1890 assensu,
1300 1811 1412 1890 villas,
1443 1809 1579 1886 allodia,
1610 1812 1855 1896 possessiones,
1887 1810 1959 1873 iura
1982 1817 2016 1874 et
2041 1811 2107 1874 alia

452 1909 548 1990 bona,
572 1918 638 1975 tam
661 1933 681 1976 a
702 1913 884 1977 venerabili
907 1914 1006 1978 fratre
1030 1921 1142 1978 nostro
1166 1914 1506 1998 ..Brandeburgensi
1529 1916 1683 2001 episcopo
1707 1923 1741 1980 et
1764 1914 1831 1977 suis
1855 1912 2105 1999 predecessori-

449 2011 520 2092 bus,
544 2021 641 2099 prout
663 2016 695 2079 in
720 2016 823 2102 ipsius
848 2017 995 2102 episcopi
1019 2018 1137 2081 litteris
1161 2019 1289 2103 plenius
1307 2019 1502 2096 continetur,
1525 2039 1621 2102 quam
1644 2041 1664 2082 a
1685 2017 1849 2081 nobilibus
1865 2016 1944 2080 viris
1961 2017 2104 2081 marchi·
2160 2043 2184 2080 ιο

449 2116 566 2180 onibus
598 2118 950 2204 Brandeburgensibus
986 2127 1019 2184 et
1053 2122 1126 2184 aliis
1156 2121 1279 2185 Christi
1309 2121 1461 2186 fidelibus
1495 2124 1635 2187 ecclesie
1666 2128 1775 2186 vestre
1809 2121 1863 2206 pia
1897 2128 1930 2184 et
1967 2119 2108 2206 provida

447 2220 647 2286 liberalitate
672 2243 843 2304 concessa,
875 2245 1003 2288 necnon
1030 2224 1200 2289 libertates
1224 2234 1258 2289 et
1287 2226 1509 2290 immunitates
1534 2227 1627 2291 vobis
1652 2223 1888 2289 rationabiliter
1911 2222 1953 2286 ab
1978 2222 2107 2286 eisdem

448 2322 600 2405 indultas,
624 2347 661 2390 ac
684 2327 835 2411 antiquas
860 2335 893 2392 et
916 2328 1129 2392 rationabiles
1146 2328 1288 2396 ecclesie
1305 2328 1451 2414 predicte
1470 2328 1724 2393 consuetudines
1749 2333 1782 2391 et
1804 2327 1963 2390 hactenus
1988 2325 2106 2389 obser-

446 2433 555 2507 vatas,
586 2428 670 2493 sieut
694 2451 733 2494 ea
757 2433 865 2495 omnis
894 2431 979 2495 iuste
1010 2452 1048 2495 ac
1076 2432 1212 2516 pacifice
1235 2432 1429 2518 possidetis,
1461 2433 1554 2497 vobis
1583 2439 1616 2496 et
1643 2453 1704 2518 per
1733 2451 1792 2493 vos
1823 2430 1928 2494 eidem
1959 2429 2105 2493 ecclesie

447 2531 641 2596 auctoritate
676 2535 857 2618 apostoliea
889 2535 1117 2598 confirmamus
1152 2541 1213 2599 etc.
1245 2555 1365 2619 usque:
1405 2535 1651 2599 communimus.
1710 2532 1763 2597 nd
1796 2534 1953 2596 maiorem
1987 2539 2104 2596 autem
2158 2558 2182 2594 ιε

447 2634 587 2698 ecclesie
612 2636 736 2720 prefate
760 2639 920 2702 cautelam
943 2638 1126 2702 litterarum
1150 2638 1295 2725 ipsarum
1319 2644 1468 2703 tenorem
1492 2638 1533 2702 de
1556 2637 1656 2702 verbo
1680 2635 1722 2700 ad
1740 2636 1875 2700 verbum
1891 2635 2104 2722 presentibus

448 2734 601 2800 duximus
625 2739 846 2804 inserendum.
891 2740 955 2814 Qui
977 2741 1051 2805 talis
1076 2748 1139 2804 est:
2004 2753 2005 2756 ’

553 2840 615 2904 In²
643 2844 773 2908 nomine
803 2851 915 2908 sancta
945 2850 978 2909 et
1007 2844 1173 2909 individue
1203 2844 1382 2908 Trinitatis.
1438 2844 1510 2928 Ego
1540 2842 1679 2907 uiuidus
1709 2840 1871 2906 secundus
1900 2840 1965 2905 Dei
1995 2843 2105 2926 gratia

446 2941 753 3030 Braudeburgensis
788 2949 929 3011 ecclesie
963 2949 1148 3035 episcopus.
1205 2947 1418 3013 Ordinatione
1455 2947 1565 3011 divina
1593 2945 1801 3011 venerabiles
1837 2951 1870 3009 et
1900 2943 1974 3009 Deo
2009 2946 2104 3030 digni

447 3044 699 3130 predecessores
722 3051 825 3113 nostri
842 3050 1032 3122 Wilmarus,
1050 3050 1199 3130 sifridus,
1217 3049 1476 3130 Balderammus‚
1492 3050 1642 3128 Alexius,
1657 3048 1855 3128 Nobertuss,
1877 3048 2103 3130 Baldewinus,
2158 3071 2184 3110 ro

447 3147 762 3235 Brandeburgenses
786 3154 944 3241 episcopi,
968 3163 1114 3220 sanctam
1131 3155 1419 3239 congregationem
1436 3154 1632 3238 regularium
1650 3153 1878 3216 canonicorum
1902 3151 1962 3215 sub
1986 3154 2105 3237 regula

447 3251 536 3316 beati
559 3253 738 3340 Augustini
766 3265 798 3322 et
828 3259 1033 3324 institutione
1062 3259 1321 3323 reverentissimi
1345 3258 1468 3322 domini
1491 3257 1647 3322 Norberti
1670 3254 1968 3339 Magdeburgensis
1991 3253 2103 3319 arehi-

448 3356 595 3442 episcopi
618 3358 652 3421 in
674 3359 755 3425 urbe
771 3359 983 3427 Brandcburc
1007 3363 1041 3425 in
1065 3361 1177 3426 sedem
1202 3361 1433 3447 episcopalem,
1457 3381 1553 3444 quam
1577 3359 1630 3444 pie
1654 3358 1810 3422 mensoria
1827 3357 1905 3422 Otto
1921 3358 2105 3444 imperator

447 3457 626 3540 fundavit²‚
649 3462 690 3525 ad
714 3464 884 3528 servitium
907 3464 972 3528 Dei
995 3462 1180 3544 adunatam,
1204 3470 1351 3549 tempore
1375 3468 1486 3526 nostre
1510 3460 1719 3525 mortalitatis
1742 3481 1802 3546 per
1823 3481 1884 3524 nos
1907 3461 1941 3523 in
1965 3461 2019 3524 via
2035 3459 2103 3526 Dei
2132 3483 2134 3486 ·

447 3560 667 3648 dirigendam,
708 3568 803 3632 nobis
844 3569 937 3653 quasi
972 3566 1172 3632 hereditaria
1212 3567 1421 3631 successione
1463 3566 1675 3650 reliquerunt.
1731 3561 1800 3627 Nos
1836 3563 1946 3647 itaque
1983 3585 2101 3628 eorum
2157 3593 2182 3632 rs

448 3664 616 3732 devotioni
645 3691 703 3755 pro
732 3672 892 3757 parvitate
915 3678 1029 3735 nostra
1051 3670 1192 3735 Domino
1217 3676 1382 3734 annuente
1406 3668 1668 3747 subservientes,
1700 3667 1827 3753 prefate
1851 3668 2102 3751 congregationi

447 3772 668 3836 omnimodum
691 3776 843 3840 affectum
867 3782 1014 3839 nostrum
1037 3774 1281 3846 inclinavimus,
1312 3780 1345 3838 et
1368 3779 1403 3836 ut
1426 3773 1555 3836 interna
1577 3771 1720 3835 Domino
1745 3770 1855 3855 quiete
1878 3777 2013 3848 vacent,
2039 3791 2100 3834 ex·

442 3875 601 3940 terionem
631 3877 672 3942 ab
703 3880 751 3942 eis
782 3878 1039 3964 inquietudinem
1073 3877 1225 3941 duximus
1257 3877 1480 3940 amovendam.
1532 3875 1614 3939 Inde
1651 3880 1701 3940 est
1736 3873 1822 3959 quod
1858 3895 1971 3937 eorum
2002 3875 2101 3938 iustis

444 3977 598 4063 precibus
622 3981 674 4066 pie
690 3989 885 4062 annuentes,
909 3982 980 4045 iura
1003 3987 1036 4044 et
1060 3981 1313 4045 eonsuetudines
1336 3981 1492 4044 honestas
1515 4000 1576 4042 nec
1599 4000 1664 4042 non
1687 3983 1720 4042 et
1743 3977 1838 4058 bona,
1862 3997 1924 4061 que
1948 3978 1997 4041 eis
2022 3999 2100 4062 pre-

444 4080 638 4148 decessores
673 4087 791 4166 nostri,
824 4084 972 4149 eiusdem
1005 4085 1146 4149 ecclesie
1178 4084 1343 4170 episcopi,
1380 4104 1438 4146 seu
1468 4082 1633 4169 principes
1663 4081 1828 4145 seculares
1858 4101 1917 4144 seu
1950 4081 2101 4165 quelibet
2157 4116 2184 4154 ω

444 4184 675 4250 honoratorum
700 4189 752 4253 vel
775 4190 975 4276 privatorum
999 4210 1139 4274 persone
1162 4189 1249 4252 iusto
1273 4189 1338 4251 iam
1354 4185 1539 4250 donationis
1564 4186 1659 4249 titulo
1684 4183 1891 4248 contulerunt
1913 4183 1966 4247 vel
1990 4183 2099 4250 adhuc

445 4289 603 4354 collatura
635 4298 726 4372 sunt,
750 4314 816 4368 nos
848 4294 1042 4358 auctoritate
1072 4293 1135 4358 Dei
1165 4291 1399 4379 omnipotentis
1429 4296 1462 4355 et
1492 4289 1664 4354 beatorum
1693 4287 1915 4374 apostolorum
1942 4286 2035 4350 Petri
2065 4295 2100 4353 et

443 4391 553 4471 Pauli,
589 4393 622 4456 in
657 4416 793 4479 quorum
828 4397 951 4462 honore
983 4397 1098 4462 eadem
1131 4395 1272 4462 ecclesia
1300 4401 1486 4459 constructa
1516 4399 1581 4472 est,
1617 4391 1740 4455 domini
1771 4390 1910 4454 Honorii
1944 4411 2030 4475 pape
2065 4398 2099 4455 et

443 4500 570 4574 nostra,
602 4517 698 4580 quam
722 4520 742 4562 a
763 4499 836 4564 Deo
860 4500 1292 4580 habemus,-coufirmamus
1316 4506 1350 4563 et
1371 4497 1533 4584 presentis
1555 4495 1674 4582 pagine
1699 4493 1876 4557 munimine
1900 4492 2097 4558 stabilimus.

443 4597 482 4660 In
505 4597 617 4683 primis
641 4600 802 4684 siquidem
826 4610 1020 4684 statuentes,
1042 4610 1079 4667 ut
1103 4603 1217 4668 eadem
1242 4603 1383 4667 ecclesia
1405 4603 1498 4665 iuxta
1520 4601 1656 4687 primam
1681 4598 1731 4661 sui
1748 4597 1987 4660 institutionem
2009 4604 2096 4660 tam·
2153 4629 2180 4666 ss

444 4720 539 4784 quam
567 4703 708 4767 ecelesia
731 4705 926 4771 cathedralis
949 4709 1055 4773 libera
1078 4707 1121 4770 sit
1144 4713 1177 4772 et
1200 4706 1368 4793 perpetuis
1393 4711 1583 4791 permaneat
1605 4700 1824 4787 temporibus,
1855 4700 2010 4785 nullaque
2036 4722 2096 4765 seu

443 4805 601 4869 secularis
631 4813 689 4870 seu
715 4809 873 4894 regularis
896 4812 1038 4876 ecclesia
1066 4810 1167 4875 nichil
1197 4811 1327 4875 omnino
1351 4829 1553 4895 quacumque
1577 4807 1749 4872 occasione
1774 4802 2007 4868 iurisdictionis
2032 4803 2096 4867 sibi

544 5102 672 5167 aran.

546 5239 572 5304 l)
592 5238 688 5292 Huius
707 5239 821 5294 obortae
839 5239 894 5294 duo
913 5239 1070 5293 authentico
1088 5244 1195 5293 estant:
1214 5241 1238 5298 1)
1258 5239 1398 5307 culpatum
1414 5254 1461 5307 op.
1480 5237 1585 5304 Riedet
1605 5236 1668 5290 Cod.
1687 5236 1754 5305 dipl.
1767 5235 1927 5290 Brundenb.
1947 5242 1969 5288 1.
1980 5234 2094 5305 Haupt·

429 5322 512 5397 ¹tlreil,
530 5329 548 5376 t.
563 5321 650 5388 VIII,
664 5331 769 5393 p.132,
787 5329 815 5388 2)
834 5344 880 5396 op.
895 5325 1027 5390 Gcrcbeo,
1046 5325 1191 5393 Aussttrt.
1204 5323 1377 5392 beista-Hier.
1395 5341 1420 5379 o.
1439 5323 1546 5378 Brund.
1561 5341 1592 5393 p.
1604 5329 1663 5377 412.
1705 5323 1853 5390 Utrumque
1869 5339 1896 5374 α.
1910 5320 2095 5392 MCCXVII,
2151 5333 2180 5372 so

442 5409 630 5470 verulan..
648 5411 696 5464 sed
712 5428 739 5464 n.
758 5417 773 5465 1
791 5412 1206 5482 Brundenbarclr,a.21esere
1224 5411 1317 5465 dotum
1335 5417 1382 5465 est.
1424 5411 1462 5464 Ia
1480 5410 1581 5480 quibus
1595 5413 1742 5479 praetcrea
1760 5411 1831 5462 inter
1847 5423 1876 5461 se
1894 5407 2028 5474 disfecerit
2046 5426 2094 5478 up.

440 5495 544 5563 Riedel,
564 5495 581 5550 l.
600 5511 622 5550 c.
641 5500 803 5551 annotatum
822 5503 869 5551 cst.
914 5499 950 5551 N.
970 5503 989 5550 2
1006 5515 1066 5551 cum
1084 5515 1116 5551 eo
1134 5499 1234 5566 somna,
1253 5515 1323 5567 quae
1339 5498 1370 5550 iu
1387 5497 1454 5564 ch.
1473 5497 1580 5564 legitur,
1599 5495 1756 5565 concordat,
1769 5501 1888 5564 propter
1905 5494 1978 5563 qaod
1995 5497 2096 5550 verisi-

438 5583 500 5635 mile
522 5588 562 5636 est
583 5599 609 5636 n.
629 5588 780 5653 iprimom
796 5583 914 5650 sormam
933 5583 1077 5652 privilegii
1101 5584 1203 5650 saure,
1230 5600 1301 5653 quae
1323 5600 1382 5638 cum
1395 5599 1490 5652 papae
1508 5582 1696 5650 confirmanda
1714 5580 1874 5649 mitteretur,
1902 5580 1931 5632 in
1948 5582 2095 5638 amaritia

438 5674 545 5732 mutato
563 5670 660 5740 suerit.
730 5669 756 5738 2)
775 5686 802 5724 o.
820 5672 881 5736 949,
902 5667 960 5722 Oct.
978 5675 1002 5723 1.
