4596 6406
777 375 978 432 EPISTOLAE
996 376 1187 436 subucula
1223 379 1299 434 1239.

993 678 1080 751 746.

316 789 506 900 Granius
528 815 584 882 IX
598 835 690 898 propa
710 813 875 893 iudicibus,
898 815 1036 880 scabinis
1057 821 1086 880 ct
1108 819 1263 882 coarmaui
1283 820 1420 884 clottatis
1445 819 1639 886 Calontensis
1660 819 1804 899 concedit,
1826 825 1862 885 ui

204 941 261 1002 par
283 922 405 986 litteras
426 920 612 1002 amoenas
634 918 677 982 ad
699 917 765 982 loca
787 923 929 1000 suspecta
950 921 1045 983 citari
1064 925 1234 1016 nequeant.
1499 926 1593 1004 1239,
1616 923 1700 990 Min.
1722 926 1775 991 20.

312 1039 393 1110 Gray.
412 1040 461 1094 IX
478 1039 548 1109 Rep.
569 1038 629 1092 Vol.
650 1036 701 1103 VI,
719 1041 773 1091 107
778 1054 788 1103 ;
806 1036 868 1090 Lio.
886 1037 977 1106 XIII,
994 1043 1038 1097 46.

311 1128 447 1195 Pertinet,
465 1127 535 1197 Ray.
553 1129 649 1179 10744.

142 1354 155 1391 r.
359 1321 605 1409 lodicibus,
632 1319 835 1393 scabinis
863 1327 907 1394 et
934 1323 1160 1396 communi
1186 1324 1389 1399 civitatis
1415 1326 1713 1402 Coloniensis.

313 1472 437 1536 Filialis
461 1477 495 1536 et
518 1465 692 1554 singularis
716 1467 857 1546 devotio,
881 1491 978 1556 quam
1002 1473 1115 1536 civitas
1133 1472 1340 1539 Coloniensis
1356 1474 1398 1539 ad
1414 1475 1596 1542 Romanam
1613 1476 1726 1543 habuit
1749 1475 1858 1540 eccle·

206 1576 288 1641 siam
312 1576 353 1640 ab
377 1575 510 1659 antiquo
534 1579 568 1638 et
591 1571 697 1636 adhuc
721 1572 842 1637 habere
868 1573 1049 1638 dinoscitur
1072 1574 1113 1638 ad
1135 1596 1195 1639 nos
1218 1577 1319 1661 Ipsos,
1343 1599 1402 1642 nos
1426 1587 1592 1645 ammonet
1609 1581 1803 1668 propensius
1827 1584 1861 1643 et

206 1677 345 1756 inducit,
373 1685 410 1743 ut
433 1679 466 1742 in
488 1677 569 1756 hiis,
597 1698 660 1763 que
684 1697 704 1740 a
725 1675 821 1740 nobis
845 1676 1025 1742 secundum
1049 1677 1158 1743 Deum
1180 1678 1339 1745 duxeritis
1363 1683 1573 1768 postulanda,
1597 1684 1742 1749 favorem
1765 1682 1859 1747 vobis

207 1783 387 1848 debeamus
410 1782 626 1869 apostolicum
649 1780 824 1866 impertiri,
848 1781 924 1866 quia
946 1781 1041 1845 nobis
1064 1787 1098 1846 et
1121 1783 1261 1848 ecclesie
1278 1781 1426 1850 Romane
1450 1796 1639 1873 reputamus
1659 1806 1858 1863 accrescere,

130 1911 155 1949 m
207 1886 292 1973 quod
315 1887 432 1951 restris
455 1884 650 1948 utilitatibus
675 1884 888 1969 impertimur.
933 1884 986 1948 Ex
1007 1893 1100 1971 parte
1125 1887 1285 1972 siquidem
1309 1895 1419 1954 vestra
1440 1889 1502 1955 init
1526 1892 1730 1978 propositum
1749 1910 1859 1953 coram

205 1993 310 2070 nobis,
334 1989 421 2076 quod
445 1989 609 2068 nonnulli,
639 1989 693 2073 qui
716 2008 835 2052 nomen
857 1987 991 2052 Domini
1015 1989 1162 2075 recipere
1185 1991 1219 2054 in
1242 2011 1379 2055 vacuum
1403 2013 1467 2058 non
1489 1994 1675 2074 formidant,
1699 1993 1858 2078 multipli-

206 2097 287 2159 eiter
309 2116 368 2159 vos
393 2094 571 2159 molestant
594 2099 627 2156 et
649 2092 840 2176 frequenter
861 2113 921 2178 per
943 2092 1069 2156 litteras
1092 2094 1289 2180 apostolicas
1314 2115 1371 2158 vos
1399 2095 1523 2162 iaciunt
1545 2097 1585 2162 ad
1608 2100 1682 2162 loca
1704 2102 1858 2183 suspecta

206 2198 315 2274 citari,
342 2197 384 2262 ad
411 2217 475 2282 que
498 2203 632 2282 propter
654 2195 778 2259 viarum
807 2193 996 2259 discrimina
1019 2203 1052 2259 et
1074 2196 1263 2260 inimicitias
1290 2199 1449 2283 capitales
1473 2221 1587 2265 secure
1611 2199 1769 2265 accedere
1792 2220 1858 2264 non

206 2302 343 2380 valetis,
378 2307 415 2364 ut
449 2301 496 2364 sic
533 2319 649 2364 causas
686 2297 874 2362 indefensas
908 2299 1007 2363 etiam
1040 2299 1234 2364 iustissImas
1269 2302 1461 2386 relinquatis
1496 2305 1549 2368 vel
1586 2303 1856 2390 compositionem

130 2430 154 2468 rs
208 2405 353 2469 subeatis
386 2404 529 2490 iniquam
561 2401 735 2487 aliquando
772 2408 805 2467 ct
837 2401 1049 2488 dampnosam
1085 2424 1145 2468 seu
1172 2404 1382 2468 vexationem
1417 2403 1577 2471 redimere
1614 2406 1857 2494 compellamini

203 2510 429 2596 malignorum.
476 2505 559 2570 Cum
583 2506 682 2590 igitur
704 2527 820 2569 causas
844 2526 925 2591 quas
952 2506 1182 2570 committimus
1212 2509 1260 2571 sie
1283 2509 1422 2573 velimus
1451 2509 1515 2576 fine
1544 2510 1656 2576 debito
1680 2511 1857 2590 terminari,

204 2616 290 2702 quod
318 2620 434 2680 neutra
466 2612 606 2699 partium
639 2617 751 2675 contra
781 2611 939 2674 iustitiam
973 2617 1186 2695 aggravetur,
1222 2613 1339 2676 vestris
1367 2612 1493 2678 devotis
1524 2613 1677 2700 precibus
1711 2613 1857 2677 inclinati

203 2719 407 2806 presentium
429 2716 523 2782 vobis
546 2715 740 2779 auctoritate
765 2713 990 2792 concedimus,
1019 2721 1055 2778 ut
1083 2735 1143 2800 par
1165 2715 1292 2780 litteras
1316 2717 1530 2801 apostolicas,
1554 2737 1635 2802 quas
1659 2723 1774 2780 eontra
1795 2736 1854 2779 vos

203 2821 371 2907 impetrari
401 2819 591 2904 eontigerit,
620 2817 661 2881 ad
692 2819 765 2881 loca
794 2817 979 2882 huiusmodi
1007 2817 1161 2904 compelli
1184 2819 1342 2884 secedere
1365 2841 1429 2884 non
1453 2820 1588 2907 possitis
1611 2819 1713 2884 inviti.
1766 2818 1855 2882 Nulli

126 2941 153 2980 2⁰
205 2947 284 3009 ergo
309 2931 372 2988 etc.
396 2929 507 2986 nostre
532 2923 756 2986 concessionis
780 2930 842 2987 etc.
889 2921 924 2985 si
948 2921 1020 3008 quis
1043 2929 1151 2986 eutem
1177 2928 1240 2987 etc.

311 3045 387 3111 Dat.
409 3043 564 3110 Lateran.
588 3042 674 3106 XIII
697 3041 772 3108 Kal.
796 3042 892 3124 Iunii,
916 3063 1001 3108 anno
1025 3042 1262 3109 tertiodecimo.

823 3285 921 3292 .-...-
926 3285 1232 3292 ..ω-μῆ..

988 3547 1074 3622 747.

310 3659 501 3773 &reportas
523 3688 580 3754 IX
595 3711 685 3771 papa
707 3687 876 3774 [Aimara]
902 3687 1131 3770 archiepiscopo
1153 3686 1376 3754 Edredaacasi
1402 3691 1432 3751 et
1452 3684 1665 3768 suffrapaacis
1686 3687 1755 3752 eius
1776 3685 1857 3751 idern

201 3795 284 3878 meod
304 3794 533 3875 archiepiscopo
554 3794 775 3876 Rotonmpcasi
796 3793 904 3874 April.
927 3797 948 3857 7
968 3793 1021 3878 [u.
1045 3793 1127 3878 741]
1148 3793 1266 3858 scribit.
1489 3794 1586 3870 1239,
1608 3791 1692 3855 Mai.
1714 3794 1769 3856 22.

305 3915 389 3984 Grey.
408 3915 457 3968 IX
473 3915 540 3982 aaa
565 3914 621 3968 Vol.
643 3913 693 3980 VI,
713 3918 781 3972 150:
799 3913 829 3967 ia
847 3912 998 3983 appendice
1016 3913 1078 3969 Mb.
1098 3915 1183 3968 XIII
1198 3911 1250 3966 sub
1268 3928 1295 3966 a.
1316 3915 1366 3966 741
1384 3917 1596 3966 commemorata.

123 4158 149 4198 a
374 4186 384 4205 .
414 4187 423 4204 .
454 4128 802 4221 archIepiscopo
829 4127 1140 4203 Ebredunensi
1168 4132 1215 4200 et
1240 4125 1547 4217 suffraganeis
1572 4125 1683 4198 suis

309 4278 412 4344 Sedes
436 4279 626 4366 apostolica,
650 4279 735 4342 sicut
757 4285 845 4344 totus
869 4280 938 4345 fere
962 4279 1051 4344 orbis
1075 4285 1137 4344 etc.
1161 4284 1199 4343 ut
1221 4277 1254 4342 in
1268 4277 1403 4365 ¹prime¹
1426 4297 1531 4362 nsque
1554 4275 1587 4339 in
1612 4275 1721 4340 finem.

307 4399 383 4466 Det.
406 4399 559 4466 Lateran.
583 4397 634 4462 XI
655 4396 732 4464 Kal.
755 4399 853 4482 Iunii,
877 4421 962 4464 anno
986 4398 1225 4466 tertiodecimo.

270 4575 272 4582 ,
307 4522 346 4586 In
370 4521 511 4587 eundem
535 4519 666 4585 modum
689 4520 939 4609 archiepiscopo
962 4517 1216 4586 Cantuariensi²
1241 4524 1275 4584 et
1298 4517 1514 4602 suffraganeis
1538 4517 1617 4582 suis.

308 4624 347 4691 In
371 4624 510 4691 eundem
534 4622 666 4689 modum
690 4624 938 4712 archiepiscopo
962 4622 1247 4708 Rothomagensi³
1271 4629 1305 4686 et
1328 4621 1544 4706 suffraganeis
1568 4620 1647 4686 suis.

308 4728 347 4795 In
370 4727 511 4794 eundem
534 4727 666 4792 modum
691 4728 940 4815 archiepiscopo
962 4726 1200 4814 Lugdunensi⁴
1223 4732 1257 4790 et
1280 4725 1496 4811 suffraganeis
1520 4725 1597 4792 suis.

307 4833 346 4897 In
370 4830 511 4898 eundem
535 4830 667 4896 modum
692 4831 941 4919 archiepiscopo
964 4830 1192 4898 Eboracensi⁸
1215 4835 1248 4895 et
1271 4828 1485 4915 suffraganeis
1510 4828 1587 4894 suis.

305 4934 344 5002 Iu
367 4934 507 5001 eundem
531 4933 662 4999 modum
686 4934 936 5022 archiepiscopo
962 4934 1169 5002 senonensi·
1191 4939 1225 4998 et
1249 4931 1464 5016 suffraganeis
1487 4933 1565 4996 suis.

305 5041 343 5104 In
367 5038 508 5104 eundem
530 5037 663 5103 modum
686 5039 935 5126 archiepiscopo
958 5039 1167 5105 Turonensi⁷
1190 5045 1224 5102 et
1247 5036 1463 5120 suffraganeis
1487 5034 1567 5099 suis.

304 5143 344 5208 Iu
366 5142 507 5208 eundem
530 5141 661 5207 modum
684 5142 931 5229 archiepiscopo
955 5141 1135 5208 Itemensi⁸
1158 5148 1192 5206 et
1214 5139 1430 5224 suffraganeis
1454 5135 1532 5201 suis.

123 5275 148 5314 rr
309 5247 348 5312 In
370 5247 511 5312 eundem
534 5245 667 5311 modum
690 5245 940 5333 archiepiscopo
963 5245 1226 5331 Burdegalensi⁹
1249 5251 1284 5308 et
1307 5239 1522 5327 suffraganeis
1545 5237 1624 5302 suis.

307 5405 707 5415 ———--..—-—-—--——.

302 5509 327 5573 1)
345 5505 409 5562 seiz.
428 5507 512 5561 tutus
529 5504 700 5576 appendicia.
771 5506 800 5574 2)
819 5505 976 5560 Edmuade.
1045 5504 1073 5569 3)
1093 5503 1183 5564 Petro,
1201 5502 1282 5555 cutus
1299 5516 1394 5554 nomen
1409 5515 1463 5570 per
1480 5514 1600 5554 mm
1616 5497 1852 5552 nasammon-

196 5599 373 5648 ammarum
386 5609 444 5648 eme
455 5592 571 5655 videtur,
590 5608 649 5646 cnm
660 5591 717 5646 ian
726 5593 818 5662 Aprit.
832 5598 849 5646 7
866 5593 909 5660 [a.
922 5593 985 5660 7⁴1]
996 5589 1117 5644 cimaea
1128 5587 1233 5642 tenoris
1251 5587 1371 5656 epistola
1390 5588 1416 5640 ei
1427 5586 1512 5640 acan
1529 5587 1582 5644 sit:
1599 5583 1636 5652 cs.
1643 5601 1673 5654 p.
1683 5586 1745 5644 ⁴96.
1760 5587 1815 5636 aet.
1824 5585 1851 5634 2.

196 5681 224 5750 4)
245 5680 389 5734 dimerico.
458 5681 487 5748 Ii)
513 5679 643 5735 Waltern.
713 5681 739 5746 6)
766 5679 895 5734 ll'nltero.
965 5679 992 5746 7)
1012 5675 1124 5730 Iuliello.
1194 5675 1221 5742 8)
1241 5674 1372 5728 ilenrico.
1442 5674 1469 5742 9)
1489 5670 1617 5728 deraldo.

1591 5765 1645 5820 81·
