4448 6420
314 379 377 446 230
901 378 948 433 EX
967 377 1124 434 HONORII
1142 379 1183 434 III
1203 376 1383 434 auulsum

313 553 442 618 catione
464 572 597 639 precum
625 571 663 617 ac
689 556 918 639 preceptorum
948 558 1138 617 nostrorum
1166 553 1297 640 penitus
1327 552 1500 635 obaudite,
1531 554 1574 620 ab
1605 555 1677 641 ipso
1700 576 1779 640 rege
1802 558 1971 622 extorsisti

312 679 372 745 per
386 657 574 723 violentiam
589 656 817 735 iuramentum,
842 657 928 741 quod
953 657 1038 721 lilios
1063 678 1140 722 suos
1158 657 1291 722 obsides
1316 657 1377 723 tibi
1401 656 1496 724 daret
1518 665 1551 724 et
1567 656 1730 745 quandam
1751 659 1812 723 tibi
1829 661 1971 725 solveret

312 760 452 847 pecunie
480 759 696 845 quantitatem
707 761 729 840 ¹,
760 760 868 846 ipsum
899 760 933 825 in
961 761 1011 825 his
1043 767 1078 826 et
1107 761 1181 826 aliis
1204 761 1458 827 intolerabiliter
1480 762 1689 848 aggravando
1716 763 1749 827 in
1772 785 1871 848 grave
1894 784 1969 849 prs·

312 862 469 928 iudicium
493 861 632 927 subsidii
649 861 752 928 Terre
770 862 903 944 Sancte,
926 863 967 927 ad
992 863 1078 948 quod
1101 864 1274 948 magnifice
1292 862 1546 951 impendendum
1569 871 1645 931 ante
1670 867 1854 952 captionem
1877 888 1969 931 suam

313 965 472 1031 solemnis
494 965 721 1052 promissionis
736 965 866 1030 vinculo
891 986 927 1030 se
949 967 1112 1046 astrinxit,
1135 987 1197 1032 nec
1219 988 1285 1032 non
1305 968 1338 1032 in
1354 988 1488 1053 gravem
1504 968 1684 1054 apostolice
1708 967 1795 1034 sedis
1818 969 1969 1034 iniuriam

314 1075 348 1135 et
369 1075 606 1156 contemptum,
635 1070 689 1134 oui
715 1091 851 1154 regnum
882 1070 953 1134 cius
984 1091 1058 1136 csse
1089 1069 1295 1156 dignoscitur
1319 1070 1360 1135 ad
1384 1070 1537 1155 specialis
1561 1070 1692 1136 ditionis
1715 1071 1871 1137 indicium
1893 1094 1969 1138 cen-

314 1173 423 1254 suale,
453 1179 486 1238 et
513 1194 609 1258 quam
641 1171 747 1238 eidem
776 1174 846 1257 regi
873 1173 1027 1258 astringit
1057 1173 1128 1238 eius
1151 1173 1284 1239 devotio
1314 1174 1478 1261 specialis.
1523 1173 1686 1248 Quoniam
1716 1174 1816 1258 igitur
1843 1182 1968 1240 tantum

314 1275 452 1340 subsidii
475 1276 576 1342 Terre
600 1274 721 1342 Sancte
745 1276 951 1363 dispendium
974 1283 1167 1362 tantumque
1190 1284 1338 1343 nostrum
1362 1285 1396 1344 ct
1418 1278 1558 1343 ecclesie
1573 1277 1722 1343 Romane
1747 1285 1969 1366 contemptum

316 1378 376 1444 sub
400 1378 659 1444 dissimulatione
694 1379 833 1445 transire
868 1401 929 1446 nec
959 1381 1108 1444 volumus
1136 1401 1198 1446 nec
1227 1379 1404 1462 debemus,
1434 1381 1641 1447 nobilitatem
1669 1386 1758 1446 tuam
1787 1403 1969 1464 monemus,

315 1502 467 1568 rogamus
501 1490 535 1548 et
567 1482 628 1547 sub
658 1483 878 1547 obtestatione
908 1482 1010 1547 divini
1042 1483 1154 1548 iudicii
1186 1484 1415 1565 obsecramus,
1448 1504 1508 1570 per
1541 1484 1721 1569 apostolica
1750 1483 1810 1548 tibi
1846 1485 1969 1571 scripta

313 1585 462 1650 districte
491 1583 701 1672 precipiendo
721 1585 943 1667 mandantes⁸,
967 1587 1120 1672 quatinus
1142 1585 1276 1651 obsides
1299 1593 1332 1652 et
1354 1587 1539 1674 pecuniam,
1562 1607 1658 1672 quam
1678 1607 1698 1650 a
1718 1607 1795 1672 rege
1815 1588 1970 1672 recepisti

314 1687 477 1774 predicto,
509 1689 541 1753 ei
564 1689 634 1754 sine
658 1688 850 1753 difficultate
875 1689 1029 1753 restituas
1054 1695 1088 1755 et
1109 1690 1151 1755 ab
1180 1711 1220 1755 eo
1243 1689 1329 1756 dicte
1360 1691 1500 1775 pecunie
1523 1689 1689 1755 residuum
1717 1710 1783 1754 non
1811 1691 1968 1776 requiras,

318 1790 563 1857 obsecrationes
598 1792 796 1878 apostolicas
832 1798 866 1857 et
902 1799 1094 1879 preceptum
1126 1793 1187 1858 hae
1216 1793 1288 1858 vico
1320 1793 1431 1858 taliter
1460 1794 1670 1879 impleturus,
1704 1793 1790 1878 quod
1824 1792 1969 1858 divinum

315 1892 465 1958 timorem
488 1899 521 1960 te
544 1894 666 1962 habere
691 1897 798 1983 operis
815 1897 1018 1962 exhibitione
1034 1896 1250 1976 demonstres,
1275 1904 1308 1963 ct
1328 1898 1510 1983 apostolica
1532 1897 1628 1962 sedes
1652 1895 1684 1960 id
1701 1905 1829 1983 gratum
1845 1897 1968 1964 habere

315 1997 437 2063 debeat
458 2005 492 2064 et
514 2006 696 2086 acceptum.
739 2000 896 2085 Alioquin
918 2008 1029 2088 preter
1049 2001 1192 2066 divinam
1207 2000 1395 2083 vindictam,
1420 2021 1516 2086 quam
1539 2000 1598 2065 tibi
1618 2007 1885 2086 superventuram
1908 2024 1968 2089 pro

314 2101 486 2185 iniquitate
511 2103 696 2169 huiusmodi
722 2105 927 2184 nuntiamus,
960 2111 1072 2170 contra
1104 2112 1138 2170 te
1162 2105 1377 2191 spiritualiter
1399 2112 1433 2170 et
1454 2103 1682 2190 temporaliter
1705 2104 1883 2170 secundum
1907 2108 1967 2170 im-

315 2204 505 2270 manitatem
529 2212 585 2272 tue
607 2208 731 2274 malitie
754 2207 981 2295 procedemus,
1004 2208 1050 2272 ita
1072 2207 1158 2292 quod
1182 2208 1300 2294 quibus
1323 2208 1420 2293 culpa
1441 2214 1498 2271 tua
1519 2206 1582 2271 fuit
1601 2206 1634 2270 in
1657 2206 1860 2290 scandalum,
1883 2231 1969 2296 pena

316 2307 378 2372 erit
399 2315 532 2375 auctore
555 2309 698 2376 Domino
721 2311 754 2375 in
778 2311 976 2397 exemplum.

423 2429 499 2495 Dat.
522 2431 675 2500 Lateran.
699 2432 730 2497 V
751 2431 800 2496 Id.
822 2430 919 2516 Iunii,
944 2430 1041 2519 [anno
1063 2429 1237 2518 decimoll.

934 2661 1344 2669 *m

1099 2868 1186 2943 303.

425 2958 614 3053 Hamus
635 2989 703 3056 111
715 3012 804 3075 papa
825 2990 989 3056 amam
1010 2989 1123 3057 aanor·
1147 2989 1239 3058 eurr
1259 2988 1367 3054 seam
1388 2989 1425 3054 o
1446 2989 1589 3056 erectam
1610 2990 1743 3056 assare.

1613 3095 1707 3172 1226,
1729 3092 1805 3160 Iun.
1828 3095 1881 3161 24.

419 3172 494 3228 Hon.
513 3175 566 3231 111
580 3174 649 3250 Rep
670 3177 729 3235 Vol.
753 3180 871 3246 1312&
889 3180 952 3235 Lib.
972 3180 1009 3245 X,
1027 3184 1091 3236 270.

856 3374 1103 3450 Conventui
1130 3375 1280 3450 Sancti
1307 3373 1435 3449 Galli.

402 3518 485 3584 (lum
499 3520 698 3589 venerabilis
713 3524 814 3590 irater
828 3531 941 3591 noster
958 3525 1132 3612 spiscopus
1149 3522 1338 3590 Ouriensis²
1362 3521 1428 3604 diu,
1453 3521 1537 3587 sicut
1552 3521 1735 3603 dicebatur,
1758 3521 1969 3587 laudabiliter

315 3620 349 3685 in
375 3625 574 3690 monasterio
604 3633 714 3692 restro
743 3629 902 3713 gessisset
931 3628 1075 3693 officium
1105 3626 1253 3706 abbatie,
1282 3647 1321 3691 eo
1350 3625 1391 3690 ad
1421 3625 1548 3711 apicem
1578 3625 1775 3711 episcopalis
1799 3625 1967 3711 dignitatis

315 3733 501 3812 assumpto,
535 3727 577 3792 ad
609 3731 791 3816 supplicem
823 3731 1011 3796 instantiam
1039 3737 1227 3816 magnatum
1255 3729 1512 3816 quamplurium,
1545 3729 1765 3793 asserentium
1794 3730 1883 3815 quod
1912 3731 1969 3794 vix

314 3848 469 3914 umquam
497 3851 558 3917 per
588 3833 688 3898 alium
722 3854 818 3919 quam
849 3856 907 3921 per
941 3835 1047 3921 ipsum
1078 3833 1313 3899 monasterium
1341 3838 1487 3897 vestrum
1518 3831 1589 3896 siue
1621 3832 1775 3917 gravibus
1808 3834 1968 3898 molestiis

315 3937 445 4016 poterat
466 3934 658 4019 gubernari,
681 3937 952 4022 gubernationem
976 3937 1047 4002 eius
1070 3957 1174 4022 usque
1198 3935 1239 4000 ad
1261 3935 1439 4001 triennium
1463 3934 1494 3999 ei
1516 3933 1670 3999 duximus
1693 3934 1968 4001 committendam.

315 4032 440 4100 Vemm
464 4057 538 4101 cum
560 4039 626 4103 iam
649 4061 733 4126 pene
756 4040 944 4106 huiusmodi
966 4048 1095 4128 tempus
1119 4040 1297 4121 effluxerit,
1320 4047 1354 4104 et
1377 4037 1543 4124 expediat,
1566 4046 1602 4103 ut
1624 4037 1712 4104 idem
1735 4040 1969 4105 monasterium

315 4136 445 4203 abbatis
468 4142 592 4228 proprii
614 4142 786 4230 diligentia
807 4144 1025 4230 gubernetur,
1055 4143 1246 4210 discretioni
1268 4148 1378 4208 restro
1400 4163 1461 4229 per
1483 4143 1664 4228 apostolica
1687 4142 1808 4228 scripta
1829 4142 1965 4208 manda-

315 4261 406 4314 mus,
441 4247 593 4328 quatinus
631 4247 717 4312 infra
751 4248 868 4334 viginti
901 4248 972 4314 dies
1006 4254 1082 4334 post
1118 4254 1247 4333 tempus
1288 4245 1449 4310 indultum
1490 4244 1532 4309 ad
1562 4245 1833 4329 gubernationem
1865 4247 1969 4333 ipsius

316 4346 506 4410 monasterii
529 4349 685 4437 episcopo
703 4350 900 4437 supradicto,
923 4350 1017 4416 vobis
1040 4371 1099 4436 per
1115 4349 1312 4416 electionem
1329 4348 1518 4414 canonicam
1539 4347 1740 4434 provideatis
1763 4349 1804 4414 de
1828 4371 1969 4436 persona

315 4444 436 4512 idonea
457 4448 490 4512 in
514 4449 683 4534 abbatem,
712 4475 775 4539 que
798 4461 889 4519 tanto
913 4460 1071 4539 congruat
1093 4453 1186 4518 oneri
1208 4460 1243 4517 et
1264 4453 1391 4518 honori.
1435 4451 1591 4537 Alioquin
1619 4473 1680 4518 nos
1704 4459 1848 4518 extunc
1871 4455 1964 4518 robis

317 4555 351 4612 et
372 4554 571 4618 monasterio
595 4577 694 4642 super
715 4557 777 4623 hoc
800 4564 911 4624 actore
934 4556 1078 4623 Domino
1103 4555 1289 4622 curabimus
1312 4554 1496 4642 providere.

424 4669 500 4736 Dat.
522 4674 677 4742 Lateran.
701 4676 787 4743 VIII
809 4677 884 4744 Kal.
909 4678 996 4759 Iulii,
1020 4700 1106 4744 anno
1129 4677 1268 4744 decimo.

938 4908 1347 4917 Μ

1103 5115 1190 5190 304.

424 5205 613 5300 Hormus
646 5235 713 5301 III
737 5257 825 5318 papo
857 5234 1128 5324 W[aldcmcrum]
1159 5257 1260 5320 repom
1292 5235 1437 5318 Daciae,
1471 5256 1493 5299 a
1526 5256 1587 5317 quo
1614 5235 1774 5300 Haesimus
1805 5255 1901 5300 conces
1933 5234 1970 5298 dc

317 5333 449 5415 Sicorin,
487 5357 555 5403 acm
591 5358 659 5404 cunr
696 5341 835 5420 cepisset,
872 5341 1083 5405 iuramentum
1119 5343 1304 5418 extorserat,
1340 5338 1423 5421 quod
1457 5339 1487 5402 ci
1523 5339 1684 5420 quandam
1719 5358 1783 5402 non
1819 5338 1970 5402 condicam

421 5597 443 5662 ⁸)
462 5599 613 5650 mandamus
631 5599 716 5666 Rapa.
799 5600 822 5667 b)
842 5619 909 5653 anno
928 5603 1025 5655 decimo
1044 5603 1111 5654 ‹leeal
1128 5604 1155 5652 ιἰι
1175 5602 1206 5652 Β.

421 5715 447 5782 1)
467 5717 545 5776 1225,
565 5714 637 5768 Nos.
659 5719 702 5782 17;
719 5715 756 5784 cs.
781 5715 979 5782 Wialcelmonn,
999 5719 1091 5773 Ibied.
1110 5718 1153 5782 ΙΙ,
1169 5735 1199 5786 p.
1218 5721 1282 5780 260,
1301 5719 1347 5770 aot
1368 5720 1393 5770 3.
1463 5721 1491 5788 2)
1510 5717 1658 5786 liudolfus.
