4448 6420
478 373 538 434 224
1072 368 1120 422 EX
1138 367 1295 422 HONOlllI
1313 367 1353 420 lll
1372 364 1552 420 REGISTRO

480 542 522 606 sit
538 541 734 622 habendum,
760 542 846 628 quod
862 563 920 628 per
939 541 1020 606 illud
1043 542 1198 605 sustineri
1214 540 1343 621 debeat,
1367 546 1403 605 ut
1419 545 1524 604 status
1548 546 1581 603 et
1603 540 1675 603 iura
1692 539 1881 602 monasterii
1898 538 2138 615 subvertantur,

479 667 540 732 per
561 646 745 732 apostolica
770 645 865 710 vobis
890 645 1011 731 scripta
1034 644 1242 724 mandamus,
1265 644 1432 729 quatinusj,
1456 643 1580 707 voeatis
1605 641 1659 726 qui
1682 641 1803 706 fuerint
1824 640 1998 720 evocandi,
2023 643 2051 705 si
2073 642 2138 706 tale

479 749 671 814 inveneritis
698 770 772 814 esse
789 748 971 829 arbitrium,
996 749 1091 832 quale
1115 755 1166 812 est
1181 748 1413 832 transcriptum
1435 745 1571 810 inferius
1588 751 1789 825 annotatum,
1812 744 1956 830 capitula
1979 765 2138 830 expressa

481 852 648 938 superius,
687 851 775 917 edita
804 853 838 916 in
869 872 1002 916 enorme
1031 852 1134 938 ipsius
1162 850 1353 915 monasterii
1383 848 1629 928 detrimentum,
1666 849 1757 912 irrita
1784 848 1961 926 nuntietis,
1995 849 2138 913 alienata

481 956 592 1019 taliter
608 961 643 1019 et
658 976 816 1020 concessa
831 955 864 1019 in
880 961 1000 1020 statum
1016 955 1190 1041 pristinum
1205 959 1410 1033 reverenter,
1427 953 1712 1037 absolventesque,
1729 952 1834 1038 quoad
1851 953 1967 1017 cadem
1983 951 2136 1038 capitula,

479 1059 600 1126 dictam
623 1060 825 1126 abbatissam
855 1059 896 1124 ab
926 1060 1136 1124 observantia
1167 1057 1296 1144 prestiti
1305 1057 1510 1148 juramenti,
1540 1055 1625 1141 quod
1654 1057 1688 1120 in
1717 1056 1923 1143 dispendium
1946 1055 2139 1120 monasterii

480 1171 514 1228 et
536 1184 594 1250 per
617 1185 822 1248 consequens
851 1164 885 1228 in
919 1163 1033 1228 salutis
1065 1184 1122 1228 sue
1153 1161 1336 1249 periculum
1363 1168 1515 1246 vergeret
1546 1161 1772 1237 observatum
1802 1169 1837 1226 et
1859 1160 2050 1247 approbatis
2073 1159 2153 1238 illis⁵

481 1269 598 1354 quibus
622 1268 809 1346 mandatur,
842 1275 877 1333 ut
900 1268 1096 1333 exhibeatur
1118 1267 1285 1331 abbatisse
1309 1266 1413 1330 honor
1435 1271 1469 1329 (1
1493 1265 1695 1340 reverentia,
1726 1271 1760 1330 et
1789 1265 1962 1351 privilegia
1985 1270 2020 1329 et
2042 1284 2136 1328 orna-

480 1377 591 1436 menta
614 1372 753 1436 ecclesie
776 1372 810 1436 in
837 1372 978 1436 sacrario
1003 1371 1056 1435 vel
1079 1371 1113 1434 in
1136 1371 1208 1434 loco
1233 1369 1329 1433 solito
1353 1376 1564 1454 reponantur,
1588 1391 1626 1432 ac
1650 1368 1769 1455 prelati
1792 1368 2007 1433 ecclesiarum
2032 1365 2138 1430 eidem

481 1474 646 1540 abbatisse
679 1475 835 1540 obediant
866 1475 1045 1541 secundum
1074 1474 1278 1560 probabilem
1307 1471 1577 1537 consuetudinem
1605 1494 1710 1557 usque
1741 1471 1782 1536 ad
1812 1473 1883 1536 eius
1906 1477 2056 1556 tempora
2079 1469 2136 1534 ob-

484 1583 658 1659 servatam,
684 1583 718 1642 et
740 1578 826 1665 quod
848 1579 934 1643 bona
957 1585 991 1643 (1
1012 1577 1109 1642 liberi
1129 1576 1275 1643 redditus
1292 1567 1428 1640 abbatie
1440 1597 1504 1640 non
1522 1575 1641 1640 dentur
1663 1575 1695 1639 in
1710 1575 1843 1640 feudum
1868 1575 1937 1640 sive
1953 1573 2140 1639 alienentur

483 1681 554 1745 sinc
578 1701 745 1747 consensu
768 1683 912 1769 capituli,
936 1689 969 1748 et
991 1687 1027 1746 ut
1049 1681 1168 1767 prelati
1190 1680 1414 1765 hospitalitate
1437 1678 1584 1744 indebita
1605 1700 1671 1742 non
1693 1684 1880 1764 graventur,
1904 1699 1967 1763 que
1991 1677 2138 1763 profecto

482 1788 635 1868 tanquam
671 1785 812 1852 honesta
849 1792 882 1851 (1
922 1785 1012 1849 licita
1043 1785 1193 1849 volumus
1228 1783 1460 1848 inviolabiliter
1495 1783 1680 1861 observari,
1715 1782 1890 1867 diligenter
1905 1813 1911 1822 ·
1927 1786 1961 1845 (1
1999 1780 2138 1844 sollicite

482 1885 654 1972 inquiratis
678 1909 777 1974 super
799 1888 872 1952 aliis
899 1887 1089 1960 veritatem;
1114 1892 1147 1950 et
1170 1891 1362 1950 revocantes
1387 1907 1436 1964 ea,
1460 1907 1523 1970 que
1546 1884 1730 1950 redundant
1752 1885 1784 1949 in
1807 1905 1906 1969 grave
1923 1882 2138 1970 preiudicium

482 1989 687 2070 monasterii,
718 1990 824 2075 quoad
857 1990 987 2054 illorum
1020 1989 1279 2068 observantiam,
1307 1990 1522 2054 iuramentum
1547 2011 1645 2075 super
1678 1989 1740 2054 hoc
1763 1988 1804 2052 ab
1829 1987 1944 2053 eadem
1968 1986 2136 2051 abbatissa
2186 2011 2188 2045 ι

483 2092 657 2177 prestitum
672 2092 840 2173 relaxetis,
864 2093 1085 2179 approbantes
1102 2099 1212 2158 cetera
1227 2081 1288 2157 nec
1305 2113 1371 2156 non
1387 2097 1420 2156 ct
1436 2091 1603 2156 observari
1618 2091 1754 2156 firmiter
1767 2092 1937 2156 facientes.
1983 2088 2137 2155 Ceterum

483 2192 523 2258 de
547 2193 635 2259 dioto
658 2197 860 2260 monasterio
882 2204 1031 2283 paterna,
1055 2197 1141 2261 siout
1158 2203 1317 2274 tenemur,
1341 2195 1560 2260 sollicitudine
1585 2196 1776 2280 cogitantes,
1800 2194 2003 2281 presentium
2027 2201 2137 2260 aucto-

483 2297 578 2362 ritate
602 2298 695 2363 vobis
718 2300 935 2385 iniungimus,
957 2307 994 2365 ut
1016 2300 1057 2364 ad
1080 2299 1160 2364 illud
1183 2299 1401 2386 personaliter
1423 2299 1632 2379 accedentes,
1662 2300 1692 2364 ei
1716 2301 1786 2364 vice
1809 2305 1921 2362 nostra
1942 2298 2138 2362 visitationis

483 2395 626 2465 officium
642 2402 855 2488 impendatis,
872 2405 1075 2489 corrigentes
1099 2425 1137 2468 ac
1153 2403 1368 2494 reformantes
1385 2403 1517 2482 ibidem,
1536 2425 1599 2489 que
1616 2403 1827 2468 correctionis
1844 2424 1882 2467 ae
1897 2403 2138 2467 reformationis

451 2503 590 2592 'officio
614 2505 773 2570 noveritis
797 2506 962 2592 indigere,
986 2507 1242 2572 contradictores
1266 2513 1329 2573 etc.
1375 2506 1471 2582 Quod
1500 2509 1527 2590 si
1551 2529 1616 2572 non
1640 2529 1752 2572 omnes
1783 2513 1862 2587 etc,
1890 2527 1956 2571 non
1987 2507 2136 2572 obstante

483 2607 715 2674 constitutione
739 2611 871 2675 concilii
893 2610 1057 2695 generalis
1082 2617 1144 2676 etc.

590 2710 753 2776 Tenerem
782 2720 893 2778 autern
923 2713 1001 2778 dicti
1035 2713 1162 2778 arbitrii
1191 2714 1399 2800 presentibus
1427 2714 1578 2801 annotari
1611 2713 1766 2778 iussimus
1800 2712 1841 2777 ad
1875 2713 2052 2788 cautelam,
2086 2711 2138 2802 qni

483 2819 535 2877 est
557 2813 660 2881 talis⁸.

594 2915 675 2982 Cum
696 2939 769 2992 ,nos
802 2918 971 2984 Conradus
1006 2920 1199 2986 Portuensis
1233 2928 1268 2986 et
1301 2921 1432 2986 Sancte·
1452 2919 1569 2985 Rufino
1604 2920 1796 3006 episcopus,
1835 2919 2017 3004 apostolice
2053 2917 2137 2982 sedis

382 3079 383 3082 ,
486 3019 626 3103 legatus,
649 3022 825 3106 legationis
848 3023 956 3087 officio
980 3023 1202 3109 surgeremus,
1226 3023 1313 3111 apud
1335 3023 1562 3108 Medegeburg
1586 3023 1770 3102 constituti,
1794 3042 1943 3102 causam,
1968 3023 2137 3106 quainter
2179 3043 2188 3080 a

486 3119 639 3186 domnam
663 3123 819 3210 Sophiam
842 3147 884 3190 ex
914 3147 979 3190 una
1001 3133 1034 3190 et
1057 3125 1208 3191 domnam
1232 3126 1442 3207 Bertradem,
1465 3134 1678 3208 conventum,
1702 3126 1874 3202 vassallos,
1898 3125 2139 3200 ministeriales,

487 3231 520 3289 et
543 3225 631 3290 cives
661 3249 760 3314 super
787 3229 919 3293 abbatia
943 3229 1255 3316 Quindeliburgensi
1288 3237 1321 3294 (1
1352 3231 1425 3295 aliis
1449 3231 1547 3294 variis
1576 3231 1683 3295 causis
1715 3253 1758 3295 ex
1784 3236 1877 3315 parte
1906 3229 2012 3293 altera
2033 3235 2136 3292 verte·

486 3325 590 3408 batur,
616 3335 650 3394 et
672 3351 814 3412 causam,
838 3354 901 3418 que
924 3334 1114 3398 vertebatur
1136 3335 1221 3400 inter
1236 3334 1528 3400 Alberstadensem
1545 3342 1578 3418 pt
1594 3334 1949 3420 Quindeliburgenscm
1972 3331 2138 3410 ecelesias,

488 3431 621 3497 arbitrio
650 3440 761 3499 nostro
792 3435 832 3501 (1(
862 3437 1004 3524 partium
1035 3439 1203 3503 voluntate
1235 3438 1441 3520 commissas,
1474 3438 1513 3503 de
1538 3439 1674 3503 consilio
1704 3439 1840 3503 fratrum
1862 3442 2067 3514 nostrorum,
2100 3481 2136 3497 ..

487 3534 785 3622 Mcgdeburgensis
808 3539 1063 3626 archiepiscopi,
1089 3590 1095 3604 .
1120 3589 1127 3604 .
1151 3540 1447 3622 Hildesemensisr,
1473 3588 1481 3603 .
1505 3589 1513 3604 .
1536 3540 1804 3626 Mesburgensis²
1832 3540 2077 3626 episcoporum,
2105 3538 2136 3602 in

489 3637 605 3702 eadem
628 3660 742 3722 causa,
772 3662 834 3727 que
855 3642 1044 3707 vertebatur
1066 3643 1152 3708 inter
1181 3643 1345 3730 predictas
1374 3644 1525 3726 domnas,
1556 3644 1719 3709 iudicumb
1744 3665 1764 3708 a
1785 3642 1918 3708 domino
1940 3649 2029 3729 papa
2049 3640 2135 3706 dele-

487 3748 655 3825 gatorum,
685 3751 721 3808 et
751 3793 791 3811 ..
823 3745 1131 3832 Brandeburgensis
1162 3748 1333 3834 episcopi³
1362 3755 1396 3812 et
1423 3747 1624 3833 quorundam
1652 3747 1828 3834 proborum
1859 3747 2003 3810 virorum
2032 3745 2140 3809 taliter

487 3842 640 3908 duximus
673 3848 935 3934 complanandae.
986 3849 1096 3914 Primo
1126 3850 1168 3914 sit
1196 3852 1294 3938 plena
1325 3851 1500 3916 concordia
1530 3851 1615 3916 inter
1645 3850 1845 3915 abbatissam
1873 3854 1906 3913 (1
1934 3855 2137 3938 conventum,

492 3950 661 4028 vassallos,
684 3951 926 4032 ministeriales,
949 3954 1102 4038 prelatos,
1127 3955 1250 4018 elerum
1273 3961 1306 4019 et
1329 3955 1418 4020 cives
1442 3955 1482 4020 de
1506 3955 1656 4019 omnibus
1680 3953 1807 4018 iniuriis
1829 3950 1944 4028 illatis,
1978 3971 2041 4036 que
2064 3971 2138 4014 con·

486 4050 618 4136 tingunt
644 4053 838 4119 eiectionem
866 4055 921 4118 vel
951 4056 1050 4119 castri
1079 4055 1346 4121 destructionem.
1393 4057 1543 4122 Secundo
1568 4057 1654 4143 quod
1683 4056 1798 4122 eadem
1827 4055 1996 4120 abbatissa
2018 4074 2136 4118 renun-
2183 4081 2188 4120 1

487 4153 583 4219 tiabit
605 4156 739 4240 querele
763 4163 796 4221 ct
819 4156 983 4243 dampnis,
1012 4179 1074 4243 que
1098 4159 1130 4222 ei
1153 4167 1228 4223 sunt
1251 4160 1412 4245 irrogatac
1439 4161 1480 4224 ab
1511 4160 1619 4245 aliquo
1643 4159 1871 4246 predictorum.
1917 4156 2031 4221 Tertio
2054 4154 2139 4241 quod

487 4257 596 4322 omnia
623 4257 735 4323 debita
764 4261 869 4325 electe
897 4267 930 4324 et
959 4262 1099 4326 ecclesie
1126 4261 1167 4326 ad
1196 4284 1308 4327 omnes
1337 4269 1476 4327 statutos
1507 4249 1664 4328 terminos
1695 4263 1800 4327 solvet
1823 4260 1939 4327 eadem
1963 4259 2139 4330 abbatissa,

489 4381 695 4446 quocumque
717 4363 814 4427 modo
837 4370 1004 4429 contracta
1027 4365 1092 4429 sint
1115 4373 1148 4430 et
1172 4387 1328 4452 expensa.
1373 4367 1447 4431 Hoc
1471 4373 1581 4432 autem
1605 4365 1820 4450 intelligimus
1844 4364 1884 4430 de
1908 4363 2047 4444 debitis,
2078 4384 2139 4449 que

489 4471 656 4530 contracta
672 4472 746 4532 sunt
768 4473 843 4553 post
865 4469 1061 4534 eiectionem
1076 4471 1191 4556 ipsius.
1237 4471 1359 4546 Quarto
1383 4471 1470 4557 quod
1493 4492 1602 4536 comes
1626 4470 1666 4535 de
1684 4470 1849 4534 Anchalte
1872 4473 1905 4533 (1
1927 4467 1985 4532 alii
2006 4465 2140 4532 vassalli

488 4569 597 4632 omnia
626 4568 726 4634 feuda
761 4592 820 4634 sua
854 4572 1030 4653 retineant,
1065 4593 1128 4658 quc
1158 4573 1249 4659 prius
1283 4574 1484 4649 habuerunt;
1523 4575 1673 4639 similiter
1700 4575 1772 4660 ipsa
1800 4574 1908 4637 electa
1938 4577 1973 4636 et
1999 4592 2139 4646 sorores,

488 4672 599 4737 elerici
622 4678 655 4736 et
677 4672 919 4739 ministeriales.
965 4675 1085 4750 Quinto
1110 4676 1194 4762 quod
1218 4698 1343 4756 omnes,
1367 4679 1528 4764 tam-ipsa
1551 4678 1659 4743 electa
1681 4697 1777 4761 qnam
1801 4696 1942 4755 sorores,
1965 4674 2087 4760 prelati
2109 4681 2142 4738 et

488 4775 613 4855 clerici,
649 4775 827 4840 exhibeant
860 4777 1028 4844 abbatisse
1062 4780 1280 4844 reverentiam
1310 4779 1454 4846 debitam
1485 4788 1519 4846 et
1553 4781 1724 4846 honorem.
1769 4778 1873 4844 Sexto
1908 4775 1996 4863 quod
2031 4799 2142 4842 comes

487 4877 654 4943 Hoierus‘¹
674 4879 876 4945 advocatiam
899 4902 991 4944 suam
1013 4883 1154 4948 retineat
1176 4904 1249 4947 cum
1273 4884 1361 4948 omni
1384 4884 1453 4949 iure
1478 4889 1511 4949 (1
1534 4884 1669 4960 bonore,
1692 4888 1726 4947 et
1748 4881 1777 4946 si
1798 4881 1948 4946 homines
1970 4881 2144 4948 advocatie

488 4986 599 5069 preter
623 4980 769 5049 debitum
793 4985 827 5048 in
849 4984 959 5069 aliquo
979 4987 1152 5050 servierint
1174 4987 1332 5051 advocato
1356 4986 1396 5052 de
1415 4988 1520 5053 libera
1535 4987 1713 5066 voluntate,
1736 4985 1776 5051 de
1800 4984 1862 5050 hoc
1885 5007 1951 5051 non
1966 4985 2147 5074 impetatur

487 5085 528 5150 ab
553 5085 730 5150 abbatissa.
769 5085 853 5150 Item
876 5086 1081 5152 advocatiam
1104 5089 1210 5175 ipsam
1233 5097 1267 5155 (1
1289 5091 1398 5155 omnia
1414 5089 1521 5170 feuda,
1545 5111 1608 5175 quc
1631 5089 1730 5153 habet
1752 5109 1862 5153 comcs
1885 5088 1948 5153 ab⁰
1973 5088 2145 5156 abbatissa

418 5253 420 5260 ,
489 5187 811 5273 Quindeliburgensi,
835 5189 996 5256 concedat
1019 5191 1134 5258 eadem
1157 5193 1324 5259 abbatissa
1347 5195 1458 5260 comiti
1481 5192 1612 5274 Octoni,
1635 5193 1746 5258 taliter
1768 5191 1855 5277 quod
1877 5193 1978 5278 vulgo
2000 5193 2145 5281 gedingc

594 5446 617 5515 ⁸)
638 5449 744 5515 Oopium
761 5458 876 5501 nostram
901 5450 977 5502 buius
999 5452 1146 5518 diplomatis
1170 5453 1404 5521 nam-cmopraplro
1423 5451 1476 5522 [A]
1495 5472 1537 5521 up.
1557 5453 1654 5518 Eroti,
1678 5451 1739 5504 Ueri.
1757 5452 1820 5518 diprl.
1841 5451 2028 5519 Qucdls'nbury.
2046 5471 2077 5521 p.
2096 5461 2145 5508 ru

486 5536 645 5588 recudimus.
727 5535 752 5602 b)
772 5537 895 5588 iudicium
914 5537 946 5588 R.
1028 5535 1050 5603 ο)
1068 5540 1180 5606 irrogata
1197 5541 1239 5591 vel
1255 5541 1288 5592 ab
1307 5539 1338 5591 R.
1421 5537 1445 5606 ιι)
1464 5541 1548 5594 Ηοίοῑ
1563 5541 1595 5592 Il.
1677 5537 1699 5605 ο)
1716 5541 1750 5591 ab
1768 5538 1836 5590 dccet
1853 5538 1881 5590 in
1899 5537 1932 5590 R.

590 5655 617 5724 1)
638 5653 767 5710 conradi.
835 5655 863 5725 2)
882 5653 1013 5734 Eccordt.
1092 5656 1119 5725 3)
1139 5654 1277 5711 Gnnotdi.
