4604 6420
445 395 508 457 418
1027 388 1076 442 EX
1093 387 1268 444 GREGORII
1286 389 1325 444 lX
1343 388 1523 444 REGIS'I'RO

445 570 560 649 posset
581 564 715 650 impune
737 570 906 650 totumque
931 585 1049 650 corpus
1077 563 1217 629 ecclesie
1241 563 1450 643 conculcare,
1483 561 1631 628 districte
1658 561 1871 648 precipiendo
1895 559 2101 646 mandamus,

446 669 598 755 quatinus
614 667 798 754 predictum
813 668 957 733 nobilem
981 675 1015 733 et
1038 689 1151 733 omnes
1175 668 1246 732 eius
1263 668 1408 732 fautores
1433 667 1570 752 singulis
1586 664 1703 730 dicbus
1721 664 1891 730 dominicis
1915 673 1949 732 et
1971 667 2101 732 festivis

445 773 584 859 pulsatis
616 773 783 858 campanis
810 777 844 836 ct
874 770 1020 836 candelis
1051 771 1199 836 accensis
1230 770 1530 836 excommunicatos
1557 769 1688 856 publice
1719 771 1877 835 nuntietis
1909 777 1943 837 et
1970 771 2102 835 faciatis

446 877 547 941 artius
578 876 709 956 evitari,
738 882 959 962 supponentes
990 881 1092 940 totam
1121 881 1241 940 terram
1270 875 1415 960 ipsorum
1444 873 1685 938 districtissimo
1713 873 1902 952 interdicto,
1936 875 1984 939 ita
2014 873 2102 960 quod

445 985 556 1067 preter
593 979 791 1065 baptismata
829 979 1038 1065 parvulorum
1073 984 1107 1043 et
1140 978 1340 1064 penitentias
1374 978 1585 1042 morientium
1619 978 1709 1042 nulla
1750 979 1784 1042 in
1823 998 1862 1042 ea
1895 984 2103 1043 sacramenta
2166 990 2177 1027 ⁵

447 1083 673 1149 ecclesiastica
702 1083 921 1148 conferantur.
965 1082 1006 1146 In
1033 1081 1184 1147 omnibus
1210 1080 1292 1146 locis
1320 1081 1437 1161 ctiam,
1468 1080 1510 1145 ad
1536 1102 1599 1166 que
1627 1081 1805 1146 accesserit
1830 1079 1937 1145 dictus
1968 1081 2103 1160 nobilis,

447 1207 546 1272 qnam
568 1186 624 1251 diu
646 1185 693 1251 ibi
716 1186 831 1266 fuerit,
855 1185 968 1250 divina
990 1184 1195 1251 interdicatis
1219 1184 1326 1250 officia
1348 1185 1525 1264 celebrari,
1554 1184 1657 1249 donec
1681 1184 1798 1249 eodem
1821 1184 1977 1272 episcopo
2001 1185 2104 1250 liber-

447 1290 509 1354 tati
537 1290 685 1377 plenarie
721 1290 872 1356 rcstituto
901 1288 974 1354 Deo
1009 1295 1043 1354 et
1076 1288 1218 1353 ecclesie
1251 1287 1383 1372 dignam
1417 1287 1674 1352 satisfactionem
1711 1287 1927 1373 impendantss,
1961 1294 1997 1354 et
2028 1309 2106 1353 oum

448 1400 630 1460 vestrarum
653 1393 844 1458 testimonio
868 1393 1049 1458 litterarum
1072 1398 1185 1458 nostro
1210 1413 1246 1457 se
1271 1392 1462 1477 conspectui
1485 1391 1702 1479 personaliter
1724 1395 1961 1478 representent.
2007 1387 2106 1465 Quod

448 1498 563 1563 sinon
586 1518 700 1563 omnes
724 1503 786 1562 otc.
1150 1503 1156 1508 '

534 1618 623 1684 Data
644 1624 682 1683 ut
705 1639 812 1705 supra.

1072 1688 1482 1698 ffl—

1238 1965 1324 2039 520.

559 2095 749 2207 Grcporins
771 2121 827 2187 IX
841 2141 933 2203 papa
955 2123 978 2207 [
976 2123 1159 2188 Theoderico
1174 2124 1240 2208 1ΙΙ]
1261 2123 1488 2205 archiepiscopo
1513 2124 1696 2189 Trcccrcrisi
1717 2123 1854 2202 nnntmt,
1877 2144 1908 2187 sc
1930 2123 2108 2207 [Hernico]

448 2227 677 2308 archiepiscopo
695 2225 873 2292 Coloniensi
894 2226 1075 2304 inhibuisse,
1097 2246 1137 2290 nc
1153 2227 1308 2308 pendente
1323 2227 1529 2308 inquisitione
1550 2228 1675 2310 athius
1695 2228 1732 2292 dc
1754 2228 1843 2292 bonis
1864 2227 2008 2291 ecclcsiae
2029 2247 2109 2291 snae

449 2333 573 2410 nticnct,
594 2330 682 2412 cique
703 2328 843 2408 mandat,
865 2333 901 2393 nt
921 2329 976 2394 boc
995 2330 1154 2410 publicari
1173 2330 1286 2415 faciat.
1336 2329 1388 2414 Cf.
1410 2350 1442 2396 n.
1465 2331 1538 2398 459.
1724 2333 1818 2410 1233,
1841 2330 1942 2395 Mart.
1964 2334 2018 2397 30.

553 2450 634 2518 Grec.
652 2449 702 2503 IX
718 2447 782 2519 nep.
804 2448 863 2504 Vct.
880 2449 932 2515 IV,
952 2454 982 2516 5,-
1000 2448 1064 2504 Lib.
1089 2452 1151 2515 VII,
1170 2453 1210 2504 19.

921 2715 930 2733 .
959 2717 968 2734 .
996 2661 1334 2754 archiepiscopo
1362 2661 1636 2737 Treverensi.

558 2811 719 2876 Volentes
742 2809 972 2896 indempnitati
994 2810 1200 2877 Coloniensis
1225 2813 1366 2878 ecclesie
1389 2819 1526 2899 paterna
1550 2810 1771 2876 sollicitudine
1794 2813 1983 2898 providere,
2006 2833 2109 2876 vene·

454 2916 551 2982 rabili
574 2914 665 2979 fratri
689 2920 800 2979 nostro
830 2914 1075 3002 archiepiscopo
1100 2917 1289 2982 Coloniensi
1319 2917 1456 2982 fecimus
1484 2917 1621 2980 tirmiter
1647 2915 1803 2994 inhiberi,
1833 2937 1874 2980 ne
1905 2914 2030 3001 absque
2055 2921 2113 2979 tua

455 3017 665 3086 conniventia
686 3023 720 3082 ct
742 3039 880 3083 assensu
901 3019 1066 3104 pendente
1090 3021 1309 3106 inquisitionis
1333 3021 1467 3105 negotio
1492 3028 1640 3085 mutuum
1657 3019 1828 3084 contrahat
1850 3041 1911 3084 nec
1934 3019 2046 3103 aliqua
2069 3018 2112 3082 de

456 3123 551 3189 bonis
578 3122 800 3188 immobilibus
827 3123 929 3208 ipsius
957 3125 1096 3190 ecclesie
1124 3125 1267 3190 alienare
1302 3124 1423 3190 audeat
1445 3124 1498 3189 vel
1521 3123 1691 3190 infeudare
1716 3145 1775 3188 seu
1797 3123 1926 3208 pignori
1949 3122 2112 3207 obligare,
2167 3169 2178 3177 -

457 3249 495 3293 sc
518 3225 660 3291 eundem
682 3225 979 3312 archiepiscopum,
1008 3229 1035 3291 si
1059 3235 1172 3292 contra
1199 3229 1330 3308 fecerit,
1362 3228 1433 3315 ipso
1463 3228 1549 3293 facto
1578 3250 1596 3293 a
1624 3226 1853 3312 temporalium
1884 3225 2114 3292 mandavimus

457 3329 750 3396 amministratione
779 3330 945 3416 suspendi.
997 3331 1159 3405 Quocirca
1194 3331 1405 3410 mandamus,
1437 3332 1589 3417 quatinus
1623 3330 1787 3418 predictas
1818 3328 2047 3394 inhibitionem
2080 3337 2116 3395 et

458 3433 706 3520 suspensionem
739 3454 799 3519 per
831 3434 1001 3499 universas
1036 3434 1196 3498 nundinas
1231 3441 1265 3499 et
1298 3435 1390 3512 loca,
1428 3436 1461 3499 in
1495 3433 1612 3519 quibus
1646 3433 1768 3498 videris
1802 3432 1974 3518 expedire,
2008 3425 2121 3498 facias

458 3537 670 3623 solempniter
692 3535 868 3621 publicari,
893 3544 927 3602 et
950 3537 1124 3602 ecclesiam
1148 3537 1266 3622 ipsam,
1290 3538 1318 3601 si
1341 3537 1609 3622 archiepiscopus
1633 3536 1705 3622 ipse
1728 3541 1841 3600 contra
1863 3538 2117 3621 presumpserit,

456 3639 498 3705 ad
533 3641 728 3706 solutionem
760 3641 898 3705 alicuius
932 3640 1071 3725 pecunie
1105 3648 1238 3727 propter
1270 3641 1331 3706 hoc
1366 3641 1573 3726 aliquatenus
1607 3662 1672 3704 non
1706 3638 1812 3704 tcncri
1844 3644 1877 3703 et
1908 3645 2114 3706 contractum
2170 3665 2183 3704 s

457 3745 643 3811 huiusmodi
666 3766 731 3809 non
754 3744 877 3808 valere.

565 3865 642 3931 Dat.
664 3865 832 3947 Laterani,
855 3864 908 3928 III
930 3864 1098 3932 Kalendas
1121 3866 1227 3954 April.
1251 3888 1336 3932 anno
1360 3866 1508 3953 septimo.

1078 4163 1489 4171 um——ffl

1240 4435 1326 4508 sat.

567 4567 757 4678 Grcporins
772 4593 828 4659 IX
836 4615 926 4676 papa
941 4595 1213 4660 concinnnitatibns
1228 4595 1392 4660 solicitatis
1406 4594 1565 4659 Lrincnsis
1580 4594 1719 4672 inundat,
1743 4597 1778 4656 nt
1793 4593 2024 4657 coitio-rationcs
2038 4611 2117 4656 snos

460 4699 584 4764 solvant
604 4702 633 4762 ct
654 4696 859 4782 [Withctmo]
881 4698 1019 4780 cpiscopo
1040 4698 1184 4762 Lunensi
1205 4697 1411 4762 concientiam
1434 4697 1609 4764 caliibcant.
1749 4700 1844 4774 1233,
1865 4696 1973 4776 April.
1997 4699 2027 4760 7.

565 4815 646 4885 (ἔτερ.
664 4815 714 4870 IX
730 4814 801 4885 Rep.
824 4814 880 4870 Vct.
898 4817 918 4870 1
923 4817 951 4882 V,
972 4819 1002 4884 6,·
1020 4815 1082 4870 Lib.
1104 4815 1173 4882 VII,
1191 4819 1237 4870 23.

822 5028 1226 5103 Communitatibus
1253 5027 1493 5103 comitatus
1520 5028 1754 5103 Lunensis

338 5211 377 5255 aa,
393 5217 448 5265 aaa,
570 5181 654 5247 (lum
677 5181 776 5247 saluti
799 5179 953 5266 expediat
975 5179 1157 5244 animamm
1181 5184 1213 5244 ct
1236 5199 1419 5265 corporum,
1441 5184 1477 5242 ut
1500 5177 1726 5263 colligationes
1749 5174 1927 5261 impietatis
1949 5175 2120 5240 solvantur

462 5293 495 5354 et
517 5286 666 5352 fasciculi
689 5286 924 5372 deprimentes,
947 5283 1150 5369 presentium
1166 5281 1260 5346 vobis
1284 5281 1478 5346 auctoritate
1502 5278 1712 5366 precipiendo
1735 5278 1938 5359 mandamus,
1962 5279 2118 5364 quatinus

460 5390 637 5456 destructis
654 5385 943 5468 coniurationibus,
967 5407 1048 5472 quas
1070 5388 1105 5451 in
1127 5385 1343 5473 preludicium
1358 5382 1523 5450 Lunensis
1544 5384 1683 5449 ecclesie
1699 5382 1882 5448 audivimus
1903 5403 1962 5447 vos
1985 5382 2119 5465 fecisse,
