4604 6420
437 376 499 438 378
1019 372 1066 424 EX
1086 371 1260 425 GREGORII
1279 371 1316 424 lX
1335 369 1515 424 REGISTRO

433 546 588 626 tulerunt,
612 547 705 630 quasi
723 547 829 610 serioa
854 545 1029 631 perditioni
1046 545 1267 620 committitur,
1291 545 1344 608 cui
1360 551 1524 628 tamquam
1540 542 1663 627 pupille
1682 543 1768 604 oculi
1784 541 1932 606 custodia
1948 541 2089 626 diligens

433 649 626 728 deberetur,
657 670 730 712 cum
759 649 786 713 si
811 655 900 712 recte
924 648 1122 733 perspicitur
1145 654 1179 711 et
1200 645 1378 732 prudenter
1401 630 1596 724 attenditur,
1627 645 1673 708 nil
1704 644 1891 710 habendum
1916 646 1967 710 vel
1991 666 2087 730 repu-

433 751 566 816 tandum
590 753 632 816 sit
655 752 779 832 carius,
808 771 905 836 quarn
928 750 1015 835 quod
1039 749 1189 814 omnibus
1212 749 1322 814 Deum
1344 749 1508 813 visibilem
1530 748 1661 833 prebuit
1684 755 1717 811 et
1740 750 1829 834 ipsos
1853 748 1894 812 ad
1917 749 2086 812 obtentum

433 877 490 920 sue
514 856 618 941 glorie
646 853 709 919 fide
740 855 854 940 previa
883 853 995 938 dirigit
1025 861 1059 918 et
1087 853 1249 940 perducit.
1294 853 1403 917 Huius
1427 853 1527 938 igitur
1549 852 1812 918 consideratione
1836 853 1941 938 gratie
1965 853 2085 938 premi-

431 960 541 1025 nentis
570 959 729 1045 prefatam
759 965 893 1032 terram,
930 959 989 1022 filii
1017 959 1119 1044 patris
1144 958 1250 1022 eterni
1277 957 1431 1043 patriam,
1460 955 1563 1020 debiti
1592 956 1702 1020 favore
1731 956 1903 1040 patrocinii
1932 955 2087 1041 prosequi
2153 1005 2158 1016 .
2230 967 2238 986 ·

432 1064 554 1148 iugiter
576 1063 780 1142 affectantes,
809 1083 861 1142 ne,
885 1062 971 1148 quod
994 1061 1091 1142 absit,
1115 1062 1186 1126 eius
1210 1061 1378 1145 contingat
1401 1059 1494 1145 perdi
1517 1059 1683 1123 residuum
1708 1059 1868 1123 effusione
1891 1059 2014 1122 cruoris
2038 1058 2088 1121 in-

433 1166 622 1253 explicabili
639 1167 866 1251 conquisitum,
890 1173 926 1231 ut
950 1167 1050 1230 etiam
1073 1166 1160 1231 bona
1181 1186 1242 1251 pro
1266 1163 1471 1229 eliminandis
1488 1183 1690 1249 paganorum
1711 1163 1876 1248 spurcitiis
1892 1161 2090 1248 exponenda

433 1271 466 1334 in
490 1270 721 1334 exterminium
736 1269 883 1333 fidelium
906 1270 946 1334 de
970 1270 1119 1356 partibus
1142 1269 1208 1333 illis
1231 1267 1271 1332 ad
1294 1268 1434 1332 invicem
1449 1265 1678 1330 dissidentium
1695 1267 1828 1330 minime
1848 1272 2088 1344 convertantur,

433 1373 529 1438 decet
555 1395 615 1438 nos
644 1373 745 1438 celeri
774 1372 920 1438 remedio
951 1372 1134 1458 providere.
1180 1371 1304 1436 Verum
1328 1371 1404 1455 quia
1431 1370 1633 1455 presentiam
1662 1377 1750 1434 tuam
1779 1391 1879 1456 super
1906 1369 1969 1434 hiis
1992 1369 2088 1433 nobis

432 1476 595 1543 credimus
619 1484 829 1563 oportunam,
859 1498 900 1541 ne
929 1482 1032 1540 status
1055 1482 1162 1566 terre,
1192 1474 1277 1560 quod
1300 1481 1426 1539 evertat
1448 1473 1625 1551 Dominus,
1656 1475 1689 1538 in
1712 1475 1852 1537 immane
1877 1473 2087 1558 precipitium
2153 1497 2167 1532 ιι

433 1586 573 1660 corruat,
597 1603 617 1644 a
639 1602 702 1666 quo
725 1581 821 1645 facile
844 1580 1050 1667 postmodum
1074 1601 1138 1643 non
1161 1585 1321 1663 resurgat,
1344 1578 1496 1664 petitioni
1519 1586 1574 1643 tue
1598 1577 1792 1664 quaudoque
1821 1579 1916 1642 nobis
1940 1577 2087 1642 exhibite

432 1685 543 1748 favore
560 1684 712 1748 benivolo
729 1691 974 1762 concurrentes,
997 1684 1194 1748 fraternitati
1217 1691 1272 1747 tue
1296 1704 1355 1767 per
1371 1683 1552 1768 apostolica
1573 1683 1694 1767 scripta
1712 1681 1912 1760 mandamus,
1936 1681 2098 1765 quatinus.

433 1788 466 1850 in
489 1787 642 1873 passagio
659 1789 815 1874 presenti,
841 1788 869 1851 si
892 1787 1026 1872 poteris,
1051 1787 1103 1850 vel
1127 1787 1160 1849 in
1184 1786 1333 1872 proximo
1350 1785 1564 1870 subsequenti
1588 1785 1629 1848 ad
1650 1806 1711 1850 uos
1728 1785 1886 1851 accedere
1910 1806 1974 1848 non
1996 1792 2087 1871 post-

433 1911 547 1977 ponas,
570 1897 607 1955 ut
627 1897 660 1955 te
684 1913 758 1955 curn
781 1890 944 1975 aliquibus
968 1891 1124 1954 fratribus
1140 1889 1271 1975 Templi
1289 1896 1323 1953 et
1337 1889 1531 1974 Hospitalis,
1557 1910 1639 1972 quos
1662 1911 1722 1974 per
1744 1889 1919 1973 magistros
1943 1889 2087 1974 ipsorum

314 1991 315 1994 ’
433 1993 475 2057 ad
502 2015 561 2058 nos
589 1994 812 2060 mandavimus
842 1995 1017 2072 destinari,
1051 1996 1224 2059 veritatem
1256 1994 1296 2058 de
1326 2000 1412 2057 statu
1444 2000 1545 2073 terre,
1577 1995 1668 2058 cuius
1699 2001 1731 2058 te
1763 1995 1893 2078 plenam
1925 1993 2086 2057 credimus
2155 2011 2167 2046 ³

433 2096 555 2162 habere
578 2099 744 2179 notitiam,
774 2099 960 2171 referente,
992 2097 1033 2162 de
1058 2119 1159 2182 regno
1183 2098 1447 2162 Ierosolinritano
1471 2097 1625 2161 scandala
1651 2099 1870 2182 corrigantur,
1904 2103 1938 2160 et
1961 2096 2023 2159 sibi
2046 2095 2088 2158 de

433 2199 544 2264 obtato
572 2201 691 2286 quietis
723 2208 756 2266 et
782 2203 1029 2289 tranquillitatis
1059 2202 1167 2286 gratia
1193 2202 1301 2266 valeat
1329 2200 1508 2287 provideri,
1541 2208 1577 2265 ut
1605 2203 1638 2265 in
1666 2223 1705 2266 ec
1735 2201 1866 2266 celebre
1899 2200 1941 2264 sit
1970 2220 2088 2262 nomen

432 2303 596 2368 Altissimi
619 2310 652 2369 et
681 2307 821 2391 populus
846 2307 1042 2370 constitutus
1070 2305 1192 2370 ibidem
1221 2327 1259 2370 ac
1291 2307 1445 2391 frequens
1473 2307 1735 2370 concurrentium
1758 2303 1930 2368 multitudo
1954 2310 2088 2367 auctore

432 2406 573 2471 Domino
598 2415 666 2472 tam
688 2407 753 2473 lide
776 2431 874 2494 quam
896 2409 1022 2472 meritis
1046 2415 1239 2492 augeantur.

541 2527 629 2592 Data
653 2528 790 2614 Spoleti,
813 2529 918 2593 Nonis
940 2528 1027 2608 Iulii,
1050 2550 1135 2593 anno
1159 2535 1264 2594 sexto,

1054 2773 1123 2779 --
1130 2774 1465 2783 ...mmmm-.—

1215 2999 1303 3072 469.

541 3105 732 3215 Gregorius
754 3135 811 3199 IX
825 3157 917 3216 papa
938 3138 1104 3202 Friderico
1126 3137 1342 3203 Rauracorum
1364 3140 1547 3220 trnpcratorr'
1568 3139 1683 3216 scribit,
1706 3160 1738 3202 se
1759 3137 1968 3222 [Geroldam]
1984 3137 2089 3217 patri·

431 3237 560 3302 archam
589 3236 912 3320 Hierosolymitaaum
940 3242 969 3304 et
998 3242 1127 3304 nuutios
1157 3242 1378 3323 magistrorum
1409 3242 1528 3322 Templi
1557 3247 1586 3307 et
1613 3241 1791 3321 Hospitalis
1820 3240 1864 3303 ad
1891 3261 1923 3304 se
1949 3239 2089 3303 accedere

431 3339 569 3418 iussisse,
591 3343 627 3404 ut
649 3340 688 3404 ab
709 3341 752 3405 iis
771 3341 943 3406 instructus
964 3343 1002 3407 dc
1018 3365 1097 3423 paee
1116 3343 1231 3406 Terrae
1247 3343 1383 3408 Sanctae
1397 3345 1571 3424 provideat.
1610 3345 1711 3409 Addit
1732 3364 1764 3406 se
1785 3343 1821 3406 tn
1842 3342 1956 3421 affectu
1975 3363 2088 3425 perere,

431 3447 467 3506 ut
488 3463 539 3508 rcs
563 3444 724 3509 Galatarra
742 3441 879 3528 feliciter
900 3446 1072 3526 repleatur.
1122 3446 1172 3526 Cf.
1195 3466 1226 3510 u.
1251 3450 1316 3509 467
1337 3451 1366 3510 ct
1387 3450 1460 3514 468.
1746 3449 1840 3523 1232,
1862 3445 1926 3512 Iar.
1950 3449 2001 3510 12.

536 3563 618 3630 ere.
637 3562 688 3616 ιιι
703 3563 771 3632 aa.
795 3563 852 3620 vor.
870 3564 934 3632 111,
951 3569 1073 3631 rr-ra·
1090 3564 1153 3618 ιιι.
1175 3564 1225 3629 ιι,
1246 3569 1290 3619 ae.

632 3772 869 3862 Friderico,
897 3772 1191 3847 Romanorum
1217 3775 1469 3865 imperatori
1497 3798 1667 3869 semper
1694 3780 1894 3868 augusta,

964 3893 1199 3967 Ierusalem
1228 3901 1269 3968 et
1295 3895 1440 3970 Sicilie
1467 3897 1565 3989 regi.

540 4039 690 4103 Affectus
714 4040 834 4104 interni
858 4041 1045 4121 sinceritas,
1076 4063 1140 4125 quo
1173 4044 1276 4128 patris
1307 4043 1478 4128 diligentia
1499 4045 1602 4109 filium
1635 4045 1841 4131 prosequitur
1863 4043 2088 4128 predilcetum,

432 4165 492 4206 nos
517 4141 556 4206 de
581 4149 636 4206 tue
661 4143 889 4228 prosperitatis
912 4150 1088 4228 augmento
1112 4145 1270 4210 sollicitos
1296 4146 1441 4212 efficiens
1466 4155 1499 4214 et
1521 4155 1675 4227 attentos,
1699 4154 1735 4211 ut
1758 4154 1789 4211 te
1813 4147 1933 4232 votivis
1956 4168 2087 4210 sucees-

433 4245 524 4308 sibus
548 4246 703 4309 affluente
721 4246 862 4330 dignitas
880 4248 992 4310 matris
1016 4249 1158 4311 ecclesie
1178 4250 1390 4316 incrementis
1407 4228 1556 4337 gratuitis
1573 4252 1757 4337 amplietur,
1782 4250 1823 4315 ad
1845 4256 1902 4314 tua
1924 4250 2088 4314 desideria
2155 4285 2160 4316 ι

431 4347 661 4433 prosequenda
683 4354 838 4432 potenter
861 4349 1016 4414 sollicitat
1039 4358 1072 4414 et
1095 4349 1230 4418 inducit.
1275 4353 1364 4419 Eece
1389 4356 1530 4441 quidem,
1554 4363 1590 4419 ut
1614 4361 1670 4418 tua
1693 4355 1853 4418 serenitas
1877 4353 1996 4418 devote
2020 4353 2087 4417 suis

432 4449 551 4512 litteris
574 4451 763 4534 postulavit,
786 4472 838 4531 ue,
863 4452 947 4516 sicut
970 4451 1120 4518 dolentes
1144 4455 1340 4532 audivimus,
1363 4458 1465 4522 Terra
1481 4457 1601 4522 Sancta
1623 4457 1657 4521 in
1673 4457 1885 4522 dissentionis
1901 4455 2087 4521 discrimine

433 4553 613 4616 constituta
629 4554 859 4638 proruentibus
875 4556 1095 4641 periculorum
1115 4558 1299 4623 incursibus
1317 4561 1482 4638 obruatur,
1507 4560 1565 4624 sed
1586 4560 1627 4624 ad
1648 4559 1758 4625 obtata
1776 4560 1895 4645 quietis
1914 4559 2089 4625 reducatur

434 4654 601 4734 effectum,
624 4657 805 4722 venerabili
828 4658 920 4722 fratri
942 4665 1053 4724 nostro
1078 4711 1085 4726 .
1111 4710 1118 4724 .
1142 4663 1326 4747 patriarche
1350 4664 1627 4740 lerosolimitano,
1651 4665 1831 4751 apostolice
1855 4663 1943 4728 sedis
1966 4664 2087 4748 legato,

433 4763 469 4819 ut
500 4756 541 4820 ad
570 4760 769 4844 presentiam
798 4768 944 4825 nostram
978 4763 1153 4843 accedere,
1188 4787 1227 4828 ac
1256 4766 1385 4830 dilectis
1413 4767 1488 4830 filiis
1519 4817 1527 4832 .
1556 4814 1564 4828 .
1593 4767 1708 4830 domus
1745 4767 1861 4831 militie
1889 4767 2018 4854 Templi
2054 4774 2088 4832 ct
2141 4795 2167 4831 ιι»

435 4907 468 4922 ..
491 4860 676 4948 Hospitalis
694 4863 949 4929 lerosolimitani
972 4868 1138 4950 magistris
1162 4875 1195 4932 et
1218 4870 1383 4950 fratribus,
1406 4879 1442 4934 ut
1465 4871 1497 4933 in
1520 4872 1673 4956 passagio
1695 4871 1850 4956 presenti,
1874 4872 1902 4934 si
1923 4878 2087 4956 poterunt,

434 4964 486 5028 vel
509 4964 543 5028 in
565 4966 716 5052 proximo
740 4967 956 5052 subsequenti
979 4968 1132 5053 providos
1156 4977 1189 5034 et
1212 4972 1391 5057 prudentes
1408 4974 1494 5037 viros
1519 4973 1559 5036 de
1583 4974 1728 5058 ipsorum
1752 4974 1901 5059 collegio,
1925 4997 1984 5062 per
2006 4996 2087 5060 quos

435 5066 475 5132 de
492 5074 580 5132 statu
603 5070 696 5153 regni
712 5068 967 5133 lerosolimitani
984 5072 1149 5156 possimus
1165 5075 1290 5139 utiliter
1308 5077 1426 5140 instrui
1441 5097 1479 5140 ac
1497 5077 1568 5140 eius
1586 5077 1659 5162 paci
1676 5081 1709 5141 et
1727 5076 1889 5162 profectui
1905 5079 2087 5164 providero,

434 5173 564 5236 mittere
588 5193 652 5236 non
676 5178 895 5258 postponant,
919 5175 1119 5259 apostolicas
1144 5178 1269 5243 litteras
1292 5180 1512 5259 destinamus,
1536 5180 1728 5245 mandantes
1752 5187 1788 5244 ut
1809 5203 1867 5266 pro
1892 5189 1978 5246 statu
2000 5189 2087 5248 terre

433 5276 568 5361 pacifico
592 5282 626 5340 et
649 5277 699 5339 sui
727 5276 838 5340 favore
863 5275 985 5342 ordinis
1009 5277 1125 5345 devote
1157 5283 1223 5346 tuis
1251 5283 1466 5370 beneplacitis
1491 5285 1721 5370 obsequantur.
1768 5284 1930 5356 Quocirca
1952 5286 2085 5349 celsitu·
2140 5309 2166 5347 a

433 5377 543 5444 dinem
577 5385 666 5444 tuam
703 5400 874 5464 rogamus,
907 5403 1078 5446 monemus
1112 5391 1146 5448 et
1180 5385 1348 5453 hortamur
1371 5395 1510 5462 attente,
1547 5389 1701 5473 quatinus
1736 5388 1853 5473 spiritu
1885 5389 2018 5474 pietatis
2053 5398 2088 5455 et

541 5641 562 5707 ⁸)
580 5643 617 5692 lta
634 5641 667 5691 lt.
