4524 6412
846 399 1046 457 EPISTOLAE
1063 399 1252 458 SELEC'I'AE.
1288 405 1365 460 1226.
1868 411 1930 476 243

273 579 475 641 seronrentnr
503 581 533 640 ct
559 578 660 640 terroe
686 596 744 656 per
775 575 930 656 episcopos
952 575 1194 655 custodirentur,
1223 576 1316 642 donec
1345 579 1556 658 innotesceret,
1585 601 1665 662 onae
1694 581 1738 646 od
1763 581 1931 662 imperinm

267 681 474 761 pertinerent.
523 679 605 744 Item
635 698 667 743 se
697 679 898 759 procisnrnrn
929 679 1096 759 promittit,
1130 679 1213 761 qnod
1241 680 1349 761 fideles
1378 682 1505 763 imperii
1530 682 1568 747 de
1595 683 1771 749 inminibus
1799 683 1931 750 Masone

274 785 391 847 irestnnr
412 781 620 863 conquerendi
641 799 768 846 cansam
789 801 854 845 non
876 782 1018 846 lrnbeent.
1571 790 1664 866 1226,
1686 787 1766 854 Noe.
1788 791 1841 853 22.

379 901 452 955 Hon.
477 903 532 954 III
550 901 621 970 Req.
650 900 707 956 Vol.
736 903 769 967 V,
794 906 859 970 149,
883 901 944 956 Lib.
968 902 1029 965 XI,
1063 906 1128 956 385.
1182 903 1288 957 Perteii
1315 906 1455 977 eannplar
1477 906 1665 977 snppleoimne
1688 923 1722 961 ea
1743 907 1835 977 Royn.
1858 881 1933 962 Arna¹

211 1010 223 1046 a
275 989 335 1042 eccl.
354 1004 380 1041 a.
398 989 478 1053 1226,
495 991 512 1053 §
530 990 646 1041 31-32.

378 1072 514 1139 Poterat,
533 1073 602 1144 Rea
623 1077 702 1128 7614.

368 1252 609 1343 Frideric0,
636 1251 807 1326 illustri
835 1250 1130 1325 Romanorum
1156 1253 1413 1344 imperatori
1439 1275 1615 1348 semper
1641 1265 1829 1352 augusto

927 1376 969 1444 et
995 1371 1087 1462 regi
1114 1370 1276 1446 Sicilie.

381 1506 451 1572 Tue
481 1505 690 1571 sublimitatis
714 1505 898 1571 sollicitudo
927 1525 993 1569 non
1016 1504 1165 1589 improbe
1189 1506 1386 1590 postulavit,
1417 1513 1455 1571 ut
1478 1507 1645 1589 civitates,
1678 1517 1784 1576 castra
1807 1517 1841 1577 et
1863 1513 1928 1578 elia

198 1637 222 1674 10
275 1611 348 1675 loca
369 1609 410 1674 ad
433 1610 606 1697 imperium
629 1609 830 1696 pertinentia
852 1608 885 1672 in
909 1608 1057 1694 partibus
1073 1608 1248 1672 Provincia
1272 1630 1310 1673 ac
1334 1611 1427 1694 regni
1442 1610 1657 1694 Arelatensis,
1681 1621 1716 1679 et
1737 1615 1928 1680 nominatim

275 1735 323 1794 ea,
348 1736 411 1800 que
434 1713 597 1798 quondam
618 1713 833 1799 Raymundus
857 1733 969 1777 comes
992 1711 1176 1776 'dolosanus
1200 1713 1306 1778 tenuit
1328 1713 1369 1778 ab
1393 1715 1541 1800 imperio,
1564 1715 1635 1798 tibi,
1658 1718 1727 1784 sive
1751 1717 1793 1784 ad
1816 1719 1928 1784 dilecti

273 1818 332 1882 filii
354 1818 458 1883 nostri
480 1817 521 1882 R.
546 1816 658 1881 Sancti
681 1817 804 1901 Angeli
827 1815 955 1880 diaconi
980 1815 1171 1893 cardinalis,
1202 1818 1382 1902 apostolice
1407 1818 1496 1883 sedis
1520 1820 1637 1905 legati,
1661 1821 1729 1886 sive
1753 1821 1794 1886 ad
1818 1822 1927 1888 cuius-

274 1942 401 2006 cunque
435 1921 571 1986 alterius
605 1941 720 2016 marrus
754 1920 928 1984 occasione
959 1919 1125 1984 exercitus
1157 1919 1236 1983 facti
1266 1920 1307 1984 ob
1342 1920 1569 2007 extirpandam
1602 1921 1644 1988 de
1678 1925 1828 2009 partibus
1862 1927 1927 1991 illis

272 2025 467 2112 pravitatem
503 2025 683 2090 hereticam
721 2021 924 2087 devenerunt
961 2043 1019 2087 seu
1056 2021 1163 2087 adhuc
1198 2023 1281 2088 forte
1316 2023 1506 2103 devenient,
1543 2025 1673 2089 restitui
1709 2026 1894 2094 faceremus
1906 2029 1927 2093 ¹.

210 2153 221 2188 a
273 2127 411 2192 Noverit
433 2129 543 2213 itaque
567 2132 623 2192 tua
646 2127 822 2208 serenitas,
851 2148 925 2206 nos,
956 2127 1012 2212 qui
1035 2134 1092 2191 tua
1117 2134 1150 2192 et
1176 2127 1304 2213 imperii
1328 2127 1398 2193 iura
1420 2127 1522 2192 minui
1545 2129 1695 2194 nolumus
1719 2130 1778 2197 sed
1801 2133 1926 2218 augeri,

272 2233 347 2296 viva
375 2251 456 2296 voce
484 2230 608 2296 dixisse
637 2230 793 2295 cardinali
820 2230 985 2317 predicto,
1017 2229 1093 2294 dum
1123 2237 1213 2296 esset
1240 2231 1274 2294 in
1302 2237 1413 2296 nostra
1439 2231 1605 2318 presentia
1637 2235 1855 2318 constitutus,
1887 2256 1926 2301 ac

273 2335 480 2422 postmodum
509 2335 618 2400 eidem
646 2335 764 2400 litteris
795 2335 985 2420 apostolicis
1015 2333 1244 2415 mandavisse,
1278 2334 1367 2419 quod
1393 2335 1583 2400 volebamus
1611 2343 1733 2401 terram
1761 2337 1852 2402 illam
1880 2341 1927 2404 sic

272 2439 418 2504 heretica
440 2439 601 2524 pravitate
625 2439 775 2525 purgari,
803 2445 840 2503 ut
861 2439 933 2504 iura
956 2439 1087 2526 imperii
1112 2446 1322 2504 servarentur
1343 2439 1448 2503 illesa.
1493 2440 1588 2504 Licet
1610 2440 1710 2526 igitur
1731 2447 1788 2505 tua
1809 2443 1926 2528 petitio

273 2565 293 2606 a
315 2549 426 2607 nostro
450 2543 618 2628 proposito
641 2563 707 2607 non
730 2541 906 2622 discordet,
930 2542 1173 2606 restitutionem
1195 2549 1305 2606 tamen
1328 2539 1515 2605 huiusmodi
1538 2541 1745 2626 providemus
1768 2542 1923 2610 differen-

195 2669 206 2704 r
273 2647 357 2726 dam,
381 2646 486 2711 donec
502 2667 566 2731 que
589 2653 676 2711 terre
699 2644 740 2710 ad
757 2647 930 2732 imperium
953 2647 1150 2733 inpartibus
1173 2645 1239 2709 illis
1255 2644 1452 2731 pertineant,
1476 2665 1514 2709 ac
1531 2645 1630 2709 totius
1646 2647 1771 2732 negotii
1787 2648 1925 2713 circum-

272 2750 392 2816 stantie
415 2750 510 2814 nobis
542 2771 602 2836 per
630 2750 825 2814 relationem
854 2749 958 2835 ipsius
989 2749 1092 2834 legati
1121 2750 1250 2834 plenius
1280 2749 1496 2813 innotescant.
1542 2747 1612 2834 Ipsi
1634 2756 1744 2814 autern
1768 2750 1926 2816 cardinali

271 2853 312 2917 ad
333 2874 471 2939 presens
494 2874 554 2938 per
577 2853 699 2939 scripta
720 2859 833 2917 nostra
855 2851 1094 2930 mandavimus,
1123 2858 1158 2915 ut
1186 2858 1290 2915 terres
1320 2851 1361 2915 ad
1390 2851 1498 2936 ipsum
1521 2851 1694 2936 imperium
1716 2852 1920 2938 pertinentes

271 2955 305 3019 in
327 2977 386 3021 sua
408 2962 442 3021 et
465 2956 605 3020 ecclesie
628 2963 792 3042 potestate
815 2957 974 3036 retineat,
1004 2954 1155 3020 faciendo
1184 2975 1240 3020 eas
1266 2976 1326 3041 per
1349 2955 1522 3040 episcopos
1546 2960 1580 3018 et
1603 2955 1685 3020 alios
1709 2955 1922 3021 ecclesiarum

270 3059 414 3145 prelatos
438 3080 511 3124 cum
535 3058 706 3145 diligentia
728 3059 902 3140 custodiri,
934 3060 990 3145 qui
1013 3065 1118 3123 terras
1141 3057 1274 3124 easdem
1298 3058 1387 3122 salvo
1411 3058 1483 3122 iure
1505 3064 1562 3121 tuo
1587 3057 1786 3141 custodiant,
1809 3066 1866 3124 tua
1887 3060 1923 3124 in

272 3163 352 3249 ipsis
382 3169 416 3227 et
445 3163 574 3249 imperii
600 3162 758 3228 fidelitate
788 3169 933 3242 servata,
963 3169 1000 3227 ut
1030 3184 1103 3226 cum
1131 3184 1174 3227 ex
1201 3161 1419 3226 insinuatione
1449 3161 1550 3246 legati
1573 3161 1638 3225 iam
1661 3159 1740 3227 dicti
1763 3163 1858 3228 nobis
1881 3163 1922 3230 de

270 3267 425 3354 predictis
454 3267 653 3348 constiterit,
686 3267 759 3331 iura
784 3273 841 3331 tua
869 3267 991 3332 nuntiis
1020 3266 1073 3331 vel
1101 3265 1258 3340 ordinatis
1288 3265 1353 3329 tuis
1383 3265 1453 3330 sine
1482 3264 1629 3351 periculo
1660 3265 1751 3351 pacis
1782 3273 1817 3331 et
1846 3266 1922 3333 fidei

270 3371 399 3436 restitui
432 3371 599 3436 faciamus.
667 3371 853 3457 Imperialis
890 3371 990 3456 igitur
1025 3369 1272 3456 circumspectio
1308 3367 1500 3432 dilationem
1537 3365 1722 3432 huiusmodi
1761 3371 1923 3436 sustineat

269 3476 432 3560 patienter
455 3475 676 3540 necessariam
698 3475 831 3560 negotio
854 3476 945 3561 pacis
969 3481 1004 3540 et
1025 3473 1121 3555 fidei,
1152 3495 1215 3559 que
1245 3494 1319 3537 cum
1342 3471 1546 3557 inpartibus
1569 3470 1634 3534 illis
1658 3491 1744 3536 nunc
1767 3473 1860 3557 quasi
1882 3472 1924 3539 de

269 3600 354 3643 novo
377 3579 559 3665 plantetur,
583 3578 741 3643 eradicari
763 3587 878 3664 posset
900 3580 982 3645 levis
1007 3578 1202 3644 turbationis
1226 3577 1382 3663 impulsu,
1406 3574 1555 3661 quodne
1579 3572 1722 3656 accidat,
1746 3581 1803 3640 tua
1826 3575 1925 3642 debet

271 3688 384 3768 optare
401 3681 530 3747 devotio
547 3689 580 3748 et
594 3688 706 3747 nostre
727 3682 957 3747 sollicitudinis
979 3682 1136 3746 instantia
1158 3701 1345 3767 precavere.
1390 3677 1517 3763 Legata
1534 3699 1663 3765 quoque
1687 3685 1720 3743 et
1735 3678 1923 3745 hominibus

267 3785 392 3867 Messe,
422 3808 522 3872 super
551 3807 590 3850 eo
617 3785 703 3872 quod
731 3785 871 3872 quedam
902 3792 1009 3850 castra
1037 3785 1183 3849 fidelium
1216 3783 1345 3870 imperii
1368 3780 1515 3846 detinere
1539 3780 1691 3846 dicuntur
1712 3787 1747 3846 et
1768 3780 1924 3847 infestare

268 3888 357 3970 illos,
388 3910 426 3953 ac
448 3889 594 3975 ipsorum
617 3889 765 3954 homines
788 3889 822 3953 in
845 3889 975 3975 imperii
998 3886 1213 3974 preiudicium
1236 3891 1424 3980 receptare,
1454 3883 1635 3949 direximus
1659 3884 1780 3971 scripta
1802 3891 1923 3966 nostra,

269 3993 353 4056 sieut
382 3991 522 4056 vidimus
551 3990 726 4077 expedire,
755 4000 789 4057 et
815 3992 868 4057 vel
901 3989 1074 4055 scribendo
1106 3990 1225 4054 iterum
1257 3989 1310 4053 vel
1338 3988 1438 4052 etiam
1468 3987 1636 4073 proprium
1667 3987 1816 4052 nuntium
1845 3988 1923 4052 illuc

268 4101 401 4181 propter
423 4094 495 4175 hoc,
519 4095 546 4158 si
569 4115 706 4159 necesse
722 4095 831 4175 fuerit,
855 4093 1049 4159 destinando
1071 4091 1243 4179 providere
1261 4091 1458 4172 curabimus,
1481 4088 1567 4175 quod
1590 4090 1705 4156 fideles
1728 4091 1776 4153 tui
1799 4091 1918 4153 iustam

192 4233 217 4269 a
269 4198 310 4263 de
333 4199 398 4262 illis
422 4219 552 4263 causam
574 4197 641 4262 non
663 4198 806 4263 habeant
829 4197 1062 4283 conquerendi.

375 4317 452 4383 Dat.
475 4319 628 4384 Lateran.
651 4317 684 4382 X
705 4316 780 4382 Kal.
804 4317 885 4383 Dee.
911 4314 1009 4404 [anno
1032 4313 1126 4402 XIl‘t.

1052 4713 1138 4785 323.

375 4815 563 4908 Honorius
590 4840 657 4907 ΙΙΙ
674 4861 764 4921 papa
790 4837 967 4923 R[onrono]
990 4836 1103 4902 Sancti
1124 4835 1241 4919 Anpcli
1268 4835 1397 4899 diacono
1426 4831 1598 4910 cardinali,
1627 4832 1813 4913 apostolicae
1842 4832 1925 4896 sedis

269 4949 379 5031 leonto,
407 4946 551 5024 recondet,
583 4948 755 5021 alternae,
785 4961 866 5025 onas
887 4940 1044 5022 qnondam
1067 4938 1278 5024 Rnynrnndns
1305 4955 1402 5002 contos
1427 4935 1600 4999 Tolosanns
1622 4935 1824 5014 inpartibus
1845 4933 1924 4998 Pro-

268 5053 388 5116 oincinc
410 5055 438 5114 ct
459 5049 550 5132 repni
563 5048 761 5112 Arelatenses
775 5046 815 5110 ab
832 5044 963 5125 inmania
978 5043 1121 5120 tennerit,
1136 5063 1198 5122 por
1212 5042 1367 5122 episcopos
1381 5038 1606 5114 nostodiontnr,
1628 5036 1722 5101 donce
1743 5037 1923 5114 innotescat,

192 5191 217 5226 a
268 5175 349 5234 orere
370 5153 414 5216 nd
434 5152 600 5233 inlperinm
617 5151 816 5230 pertincant;
838 5147 877 5227 cf.
901 5166 934 5210 n.
957 5149 1032 5212 322.
1563 5143 1658 5218 1226,
1680 5139 1760 5203 Non.
1782 5143 1835 5204 22.

372 5273 445 5327 Hon.
464 5273 519 5324 ΙΙΙ
532 5271 600 5340 Rep.
621 5269 680 5324 Vol.
704 5269 822 5335 V,149;
841 5267 903 5321 lae.
923 5266 979 5330 XI,
999 5269 1062 5319 386.

371 5356 509 5426 Pottbaet,
528 5355 599 5428 Rep.
620 5359 697 5410 7614.

373 5571 394 5636 ¹)
412 5587 479 5620 arrrro
496 5569 533 5620 xl
552 5567 620 5620 deest
637 5568 664 5617 in
683 5566 714 5617 n.

371 5689 397 5756 1)
417 5687 461 5756 Of.
487 5685 684 5746 tt'inrermaoa
703 5681 800 5736 arion
819 5681 863 5744 11,
878 5698 907 5750 p.
926 5683 990 5744 209,
1010 5684 1071 5734 210.
