4604 6420
994 407 1041 460 EX
1061 405 1235 460 GREGORII
1254 405 1291 458 IX
1311 404 1491 459 REGISTRO

1197 737 1286 810 471.

521 852 711 962 Graeceius
733 877 790 943 IX
802 898 893 960 popa
915 876 1079 942 Friderico
1100 875 1314 942 Rornanorum
1336 825 1768 960 sacramentaneus,
1791 896 1860 942 cam
1883 877 2071 946 Gablmrdus

414 982 468 1067 [a
482 983 665 1068 naseam,
687 981 755 1050 aas
776 981 895 1064 aaran
916 980 952 1044 a
970 979 1092 1058 rusca,
1115 979 1265 1062 arzana
1286 979 1369 1061 qna
1388 978 1560 1046 nonnata
1577 981 1665 1062 aaa
1681 979 1828 1044 ramam
1848 963 2072 1047 celebraverint

414 1105 479 1149 non
493 1084 684 1171 interfuerit,
705 1085 873 1151 tamaianam
887 1082 926 1147 de
940 1081 1108 1147 tracmndc
1118 1102 1197 1162 poce
1208 1083 1327 1167 fastam
1346 1081 1494 1148 Omnium
1509 1082 1697 1149 Sanctorum
1711 1083 1807 1168 [Noc.
1823 1084 1861 1168 1]
1870 1086 2071 1167 praelia-rosc.

510 1225 511 1230 ¹
1158 1227 1160 1230 ·
1725 1188 1819 1266 1232,
1840 1187 1906 1253 Iul.
1930 1190 1982 1256 12.

519 1273 603 1345 (ἔτερ.
620 1273 670 1328 IX
688 1273 756 1344 Ray.
777 1272 836 1327 Vol.
855 1271 917 1334 ΙΙΙ,
936 1275 985 1338 17,·
1002 1268 1065 1325 Lib.
1089 1269 1137 1339 VI,
1154 1275 1199 1324 29.
1816 1312 1817 1315 ,

519 1357 658 1430 Politen,
676 1360 747 1431 Ray.
767 1361 851 1414 8966.

611 1554 847 1645 Friderico,
875 1554 1170 1627 Romanorum
1196 1552 1449 1644 imperatori
1476 1568 1646 1645 semper
1672 1559 1874 1646 augule,

856 1681 858 1688 ‘
943 1675 1177 1748 Ierusalem
1204 1678 1245 1746 et
1271 1671 1418 1748 Sicilie
1444 1673 1544 1765 regi.

526 1825 609 1891 Cum
635 1827 726 1913 pacis
753 1825 921 1910 negotium
944 1823 1056 1888 dilecti
1081 1822 1141 1888 filii
1167 1821 1269 1886 nostri
1292 1869 1300 1883 .
1324 1869 1332 1886 .
1354 1821 1568 1886 Panestrinus
1597 1821 1743 1886 electus¹
1770 1829 1805 1888 et
1827 1820 1931 1913 Opto]
1958 1824 2071 1906 Sancti

418 1927 548 1993 Nicolai
570 1929 604 1994 in
621 1929 761 1996 Oarcere
776 1929 926 1994 Tulliano
943 1928 1099 1992 diaconus
1116 1925 1301 2006 cardinalis,
1324 1924 1505 2010 apostolice
1529 1924 1614 1990 sedis
1638 1926 1750 2011 legati,
1773 1927 1867 1992 iuxta
1880 1929 2069 1994 mandatum
2165 1967 2169 1974 ·

418 2037 564 2096 nostrum
586 2034 686 2120 plena
707 2032 926 2099 sollicitudine
942 2035 1191 2118 prosequentes,
1215 2049 1288 2092 oum
1304 2028 1485 2094 rectoribus
1509 2034 1542 2093 et
1564 2029 1685 2093 nuntiis
1701 2028 1961 2097 Lambardorum
1982 2033 2070 2121 apud

418 2133 563 2200 Laudem
587 2137 784 2222 colloquium
808 2136 1023 2215 celebrarent,
1046 2131 1265 2219 quianobilis
1287 2131 1337 2196 vir
1353 2129 1535 2214 Gebardus,
1558 2139 1633 2197 tuus
1657 2133 1786 2219 legatus
1811 2134 1845 2198 in
1861 2127 1991 2218 Tuscia,
2015 2137 2070 2223 qui

418 2257 476 2323 pro
499 2247 592 2325 parte
616 2247 690 2305 tuae
711 2241 776 2327 ipsi
804 2240 967 2325 colloquio
995 2258 1061 2303 nou
1088 2235 1250 2317 interfuit,
1277 2241 1314 2300 ut
1340 2235 1496 2318 debebat,
1526 2257 1720 2322 quamquam
1745 2259 1844 2324 super
1866 2239 1928 2304 hoo
1952 2262 1988 2307 se
2011 2264 2071 2329 per

418 2339 544 2406 litteras
568 2350 601 2408 ct
624 2345 773 2409 nuntium
790 2350 975 2422 excusaret,
999 2340 1182 2408 rectoribus
1198 2338 1356 2425 predictis
1376 2339 1586 2405 causantibus
1603 2339 1778 2426 plurimum
1795 2342 1865 2407 eius
1885 2345 2070 2412 absentiam

418 2445 654 2512 obnitentibus
683 2468 703 2512 a
733 2446 900 2534 proposito
930 2444 1073 2521 resilire,
1103 2442 1221 2528 prefati
1248 2442 1431 2509 cardinales
1459 2443 1672 2507 iniunxerunt
1694 2441 1834 2526 eisde'm,
1863 2454 1900 2512 ut
1926 2449 1960 2513 in
1984 2449 2070 2516 festo
2138 2476 2151 2514 o

418 2546 507 2614 beati
523 2551 696 2617 Michaelis
719 2573 779 2638 per
801 2555 1029 2638 procuratores
1053 2547 1190 2612 idoneos
1214 2553 1249 2611 ct
1271 2546 1473 2612 sufficienter
1495 2547 1671 2612 instructos
1695 2569 1731 2613 se
1754 2556 1865 2614 nostro
1882 2555 2072 2644 conspectui

418 2661 657 2739 representant.
707 2656 832 2721 Verum
861 2654 937 2740 quia
961 2652 1057 2718 nobis
1086 2652 1236 2716 venitin
1263 2650 1412 2732 dubium,
1445 2651 1472 2716 si
1499 2656 1575 2716 tunc
1602 2650 1719 2717 fratres
1746 2659 1877 2720 nostros
1903 2656 2072 2741 contingat

418 2757 515 2821 simul
536 2758 571 2822 in
594 2760 685 2824 curia
707 2759 854 2846 reperiri,
877 2778 980 2842 usque
998 2755 1039 2820 ad
1055 2755 1176 2820 testum
1193 2753 1347 2820 Omnium
1365 2754 1558 2821 Sanctorum
1575 2757 1724 2843 proximo
1742 2765 1914 2824 venturum
1931 2759 2071 2825 eundem

418 2861 594 2926 terminum
610 2862 811 2948 providimus
828 2859 1080 2949 prorogandum,
1104 2858 1298 2924 mandantes
1314 2859 1497 2924 rectoribus
1522 2861 1717 2946 supradictis
1740 2869 1776 2926 ut
1798 2864 1944 2948 perium
1967 2863 2071 2928 dictos

418 2975 646 3050 procuratores
664 2966 830 3032 sufficiens
846 2963 1034 3029 mandatum
1049 2962 1221 3044 habentes,
1245 2963 1330 3026 sicut
1346 2962 1528 3049 predictum
1552 2971 1613 3043 est,
1637 2985 1746 3029 coram
1764 2965 1858 3030 nobis
1882 2967 1915 3030 in
1932 2969 2071 3033 termino
2128 3027 2138 3036 .

417 3068 544 3152 profixo
568 3075 792 3157 compareant,
821 3085 854 3135 et
882 3066 1061 3133 secundum
1088 3066 1202 3131 statuti
1229 3065 1367 3131 sormam
1394 3066 1474 3131 editi
1501 3088 1601 3152 super
1626 3069 1758 3153 negotio
1784 3077 1980 3151 memorato,
2009 3092 2072 3156 que

417 3170 451 3233 in
479 3178 619 3239 tractatu
653 3175 743 3261 pacis
778 3191 938 3259 expressa
970 3175 1165 3250 noscuntur,
1202 3169 1330 3235 illibata
1355 3192 1487 3235 manere
1521 3171 1643 3235 iaciant
1677 3179 1710 3235 et
1744 3172 1866 3257 quieta.
1910 3174 2072 3238 Volumus

418 3273 528 3358 igitur,
550 3282 587 3341 ut
609 3278 787 3364 prudentes
810 3277 898 3342 viros
922 3275 963 3340 ad
986 3275 1048 3340 hoc
1072 3273 1240 3338 sufficiens
1263 3273 1451 3338 mandatum
1474 3274 1633 3339 habentes
1658 3275 1692 3337 in
1715 3277 1842 3362 prelato
1867 3279 2005 3343 termino
2029 3279 2070 3342 ad

418 3383 562 3443 nostram
585 3383 783 3467 presentiam
807 3381 971 3446 destinare
995 3398 1161 3465 procures.

526 3502 614 3568 Data
637 3502 773 3590 Spoleti,
797 3501 846 3567 IV
869 3501 948 3565 Idus
970 3498 1057 3578 Iulii,
1081 3517 1166 3561 anno
1190 3502 1296 3562 sexto.

1049 3760 1233 3769 ¹---...,-—-—-·-·—-
1241 3760 1427 3766 ————-·—--
1446 3759 1457 3764 -«

1203 4020 1291 4093 ma.

527 4134 717 4246 Graculus
739 4163 795 4229 IX
819 4185 908 4244 propa
929 4163 1086 4227 univorsis
1105 4161 1252 4244 fidelibus
1272 4161 1414 4225 ecclcsiae
1440 4160 1633 4225 (iolcnicnsa's
1654 4120 1793 4240 mancini,
1816 4165 1851 4225 at
1873 4162 1943 4227 licet
1964 4165 2074 4226 contro

417 4266 627 4352 [chricam]
648 4267 912 4348 orebicptimmmm
933 4267 1098 4349 inquisitio
1117 4267 1185 4348 lint,
1208 4271 1312 4331 tamen
1327 4265 1484 4329 ecclesium
1504 4265 1714 4330 Colonienscm
1736 4270 1844 4330 contra
1865 4267 2074 4330 molestatores

417 4371 588 4455 des'cnscnt.
1727 4371 1820 4446 1232,
1846 4369 1909 4433 Irni.
1934 4370 1985 4431 12.

523 4487 604 4557 Grec.
623 4488 673 4542 IX
689 4489 757 4560 Ray.
781 4489 838 4544 Vol.
856 4490 915 4554 ΙΙΙ,
934 4493 988 4557 20;
1006 4489 1069 4544 Lib.
1091 4488 1142 4557 VI,
1159 4493 1202 4544 44.

522 4574 656 4639 Potttmat,
675 4574 743 4644 ch.
763 4577 843 4630 8971.

800 4769 1028 4844 Nobilibus
1053 4771 1159 4845 viris
1184 4768 1441 4858 baronibus
1468 4767 1694 4857 militibus,

489 4889 657 4964 civibus
689 4890 1043 4980 Coloniensibus,
1080 4891 1440 4967 ministerialibus
1474 4896 1514 4964 et
1545 4887 1765 4963 universis
1799 4885 2005 4960 fidelibus

994 5014 1174 5089 ecclesie
1202 5014 1491 5089 Coloniensis.

525 5162 620 5228 Licet
647 5170 762 5228 contra
789 5161 1012 5230 venerabilem
1039 5164 1174 5230 fratrem
1203 5169 1349 5229 nostrum
1377 5212 1384 5228 .
1415 5212 1423 5228 .
1452 5160 1683 5227 Coloniensem
1710 5155 1997 5243 archiepiscopum
2024 5158 2073 5222 in-

420 5267 628 5353 quisitionem
652 5267 842 5340 duxerimus
867 5267 1131 5354 comittendam²,
1153 5272 1303 5336 volentes
1326 5274 1436 5333 tamen
1460 5261 1687 5350 indempnitati
1703 5259 1910 5325 Ooloniensis
1933 5261 2074 5326 ecclesie
2127 5299 2152 5336 3,

525 5565 548 5628 ¹)
566 5566 607 5616 bio
625 5566 700 5615 cerba
719 5567 815 5631 aliqu-ct
833 5567 953 5618 eccidisse
966 5575 1046 5633 patet.

524 5699 550 5768 1)
569 5698 700 5754 Iacobus.
795 5700 822 5768 2)
843 5698 886 5768 Os.
904 5715 930 5754 a.
951 5702 1013 5754 459.
