4590 6366
473 379 536 443 542
1029 427 1030 432 ,
1049 371 1097 428 ax
1115 369 1290 428 ennoean
1308 369 1347 427 IX
1365 367 1546 428 REGISTRO

473 552 572 615 iurias
607 548 850 628 existimantes,
888 553 925 612 ut
960 548 1045 612 sicut
1078 549 1150 634 ipse
1186 546 1334 612 defectus
1367 555 1497 621 nostros
1532 545 1698 611 nascendo
1735 544 1890 610 sustinuit
1927 552 1963 610 et
2001 540 2137 610 dolores

474 652 641 719 moriendo
665 653 818 738 portavit,
842 649 918 715 dum
941 651 1106 716 nascendo
1123 652 1301 718 minoratus
1325 659 1377 716 est
1399 653 1497 738 paulo
1522 652 1627 714 minus
1651 650 1870 734 abongener,
1894 671 1935 713 ac
1961 671 1999 714 se
2027 650 2138 734 ipsum

317 777 398 833 miris.
413 784 459 836 ar.
474 756 655 840 exinanivit
670 756 807 819 formam
824 754 910 826 servi
926 747 1109 840 accipiens,
1126 755 1159 818 in
1176 753 1440 818 similitudinemb
1464 755 1630 818 hominum
1646 755 1751 816 lactus
1776 760 1810 818 et
1831 754 1951 818 habitu
1976 753 2137 817 inventus

463 868 509 936 „ut
523 860 620 924 homo
639 880 677 922 ac
693 856 872 936 moriendo,
896 863 1021 943 eaptus,
1044 863 1179 938 tractus,
1194 857 1332 934 vinctus,
1357 878 1464 938 cesus,
1487 857 1601 920 illusus
1617 857 1732 942 alapis,
1756 857 1946 936 crucifixus.
1971 863 2137 934 mortuus,

472 963 642 1026 lanceatus
666 961 776 1026 extitit
799 965 832 1024 et
855 961 1014 1046 sepultus,
1038 961 1094 1040 sio,
1119 980 1312 1045 quamquam
1336 981 1402 1023 non
1426 960 1468 1024 sit
1492 959 1669 1022 similitudo
1693 965 1841 1024 creature
1865 959 1907 1023 ad
1933 966 2135 1036 creatorem,

471 1071 509 1129 ut
531 1073 641 1130 tamen
664 1063 787 1149 aliquid
812 1065 927 1128 saltem
951 1062 1168 1128 retribuamus
1193 1065 1224 1128 ei
1247 1085 1306 1150 pro
1331 1062 1478 1128 omnibus
1502 1084 1564 1148 que
1593 1061 1743 1126 retribuit
1765 1064 1835 1148 ipse
1859 1063 1978 1143 nobis,
2015 1063 2138 1127 iniuria

471 1191 531 1234 nos
553 1174 668 1254 tangat
699 1168 820 1253 ipsius,
850 1175 887 1231 ut
917 1168 1149 1232 subveniamus
1181 1169 1318 1254 pauperi
1340 1168 1418 1232 lesu
1443 1166 1573 1230 Christo
1603 1164 1644 1228 ad
1674 1165 1867 1229 relevandas
1898 1167 2136 1240 contumelias,

268 1319 270 1323 .
298 1289 452 1343 91919199.
472 1274 589 1357 quibus
613 1273 645 1336 ei
674 1293 694 1335 a
722 1271 799 1335 fidei
826 1277 938 1334 nostre
966 1270 1116 1335 hostibus
1145 1270 1375 1356 exprobratur,
1410 1269 1643 1333 insultantibus
1674 1268 1755 1353 ipsis
1784 1275 1817 1332 et
1846 1269 2059 1334 dicentibus:
2083 1269 2136 1332 ‘Si

471 1377 557 1441 filius
580 1375 646 1440 Dei
669 1396 720 1454 es,
752 1375 878 1438 salvum
908 1374 1010 1438 facias
1043 1375 1268 1460 temetipsum;
1300 1375 1327 1438 si
1350 1373 1426 1458 quid
1449 1381 1559 1458 potes,
1590 1372 1696 1436 libera
1718 1379 1838 1436 terram
1861 1373 2054 1436 nativitatis
2078 1379 2135 1436 tue

470 1476 511 1544 de
536 1477 684 1546 manibus
707 1477 844 1558 nostris,
869 1481 902 1540 et
926 1476 1030 1540 crucis
1054 1475 1233 1540 cultoribus
1257 1477 1410 1540 restituas
1433 1497 1563 1540 crucem
1586 1475 1701 1538 tuam'.
1746 1473 1843 1540 Certe
1867 1476 2059 1559 ignominia
2082 1483 2134 1539 est

470 1582 592 1668 populo
617 1580 822 1658 Christiano,
854 1580 941 1665 quod
964 1581 1019 1644 ille
1043 1602 1103 1644 rex
1125 1601 1255 1665 regum,
1279 1581 1334 1665 qui
1356 1580 1436 1644 fecit
1458 1579 1583 1658 omnia,
1607 1578 1647 1643 de
1671 1579 1802 1664 propria
1822 1578 1902 1643 sede
1926 1580 2050 1665 pulsus
2074 1601 2133 1664 pro

297 1701 451 1756 1191999.
471 1685 807 1750 nostrisfacinoribns
830 1691 961 1763 terram,
984 1704 1047 1768 que
1066 1683 1260 1748 hereditatis
1276 1703 1334 1746 sue
1357 1681 1520 1746 funiculus
1544 1688 1604 1760 est,
1627 1682 1746 1760 amisit,
1770 1682 1802 1743 in
1825 1701 1890 1765 qua
1908 1683 2135 1766 corporaliter

298 1787 561 1858 asmenasavisus
591 1794 642 1852 est
670 1809 743 1852 cum
773 1786 961 1851 hominibus
986 1793 1198 1850 conversatus
1227 1792 1260 1849 et
1287 1785 1320 1848 in
1343 1805 1407 1869 qua
1435 1784 1590 1848 universa
1616 1783 1849 1868 redemptionis
1874 1792 1991 1850 nostre
2018 1807 2132 1849 sacra-

470 1895 581 1954 menta
602 1891 753 1976 patravit.
798 1890 837 1971 Ο,
862 1911 958 1975 quam
982 1890 1079 1954 anxie
1104 1888 1259 1953 clamaret
1275 1889 1452 1974 apostolus
1472 1886 1580 1965 hodie,
1603 1888 1631 1950 si
1653 1908 1738 1950 nunc
1763 1888 1796 1950 in
1819 1886 1941 1950 mundo
1958 1895 2132 1953 maneret:

472 1992 653 2057 ‘Exeamus
677 1991 718 2056 ad
733 1993 844 2058 lesum
862 2000 957 2057 extra
972 1999 1091 2070 eastra,
1114 1993 1348 2078 improperium
1365 1992 1435 2054 eius
1451 1993 1646 2077 portantes',
1670 1991 1754 2055 forte
1770 1991 1909 2054 diceret:
1935 1991 2130 2058 ‘Exeamus

326 2115 451 2170 999111.
470 2097 622 2182 exemplo
638 2095 772 2160 Abrahe
795 2095 836 2159 de
860 2101 957 2173 terra,
980 2094 1131 2159 domibus
1155 2100 1189 2158 et
1205 2095 1399 2180 cognatione
1416 2100 1528 2157 nostra
1544 2094 1703 2178 corporali
1727 2099 1760 2157 et
1775 2094 1925 2178 mystica,
1948 2102 1988 2158 ut
2013 2116 2132 2159 eamus

468 2201 646 2264 interram
676 2199 767 2263 illam
798 2199 873 2263 olim
904 2198 1058 2282 inclytam
1087 2203 1120 2262 et
1144 2196 1267 2262 Christi
1296 2199 1455 2282 sanguine
1484 2203 1725 2277 consecratam,
1757 2203 1793 2259 ut
1821 2198 1970 2282 expulsis
2004 2199 2131 2263 exinde

468 2325 542 2369 cum
563 2303 629 2368 Dei
651 2302 811 2367 adiutorio
828 2301 1031 2382 Amorrheis,
1055 2322 1128 2366 cum
1151 2301 1234 2365 luda
1249 2301 1431 2366 Machabeo
1455 2309 1599 2366 montem
1624 2301 1702 2364 Sion
1725 2300 1941 2365 ascendamus
1965 2303 2132 2366 mundare

467 2414 581 2472 sancta
608 2413 641 2472 et
670 2426 844 2485 renovare,
880 2405 1008 2469 coronis
1039 2412 1192 2468 ornantes
1223 2405 1331 2470 aureis
1366 2405 1524 2491 templum
1558 2404 1692 2468 Domini
1722 2403 1775 2468 dei
1803 2407 1938 2469 nostri‘.
1998 2407 2133 2471 Clamat

293 2531 448 2587 ustassai.
467 2513 567 2578 etiam
595 2513 667 2598 ipse
700 2511 865 2576 Christus:
900 2509 980 2582 ‘Qui
1010 2510 1105 2589 vult’,
1138 2510 1261 2594 inquit,
1296 2510 1424 2574 ‘venire
1457 2516 1532 2594 post
1560 2530 1629 2589 mo,
1660 2509 1803 2594 abneget
1837 2509 2058 2594 semetipsum
2096 2519 2132 2574 et
2180 2557 2189 2572 .

466 2617 561 2679 tollat
590 2636 720 2680 erucem
751 2635 842 2678 suam
872 2620 906 2676 et
934 2619 1089 2697 sequatur
1114 2613 1196 2694 me',
1226 2613 1320 2697 quasi
1350 2613 1451 2677 dicat:
1483 2612 1629 2676 ‘Bellum
1658 2613 1773 2693 instat,
1803 2612 1908 2675 aciem
1939 2620 2131 2696 castrorum

466 2717 618 2804 dispon0;
651 2738 728 2802 ergo
753 2718 808 2802 qui
831 2737 924 2781 meus
949 2725 1015 2794 est,
1044 2739 1096 2781 me
1121 2723 1286 2801 sequatur.
1333 2716 1398 2790 Qui
1420 2717 1506 2781 99191
1529 2717 1598 2780 vult
1621 2717 1732 2782 venire
1754 2739 1883 2781 mecum
1906 2717 1946 2780 ad
1971 2719 2130 2802 gloriam,
2163 2714 2169 2722 ’

467 2827 621 2906 sequatur
644 2841 696 2885 me
719 2818 760 2884 ad
783 2841 937 2906 pugnam,
961 2821 1037 2905 quia
1059 2821 1114 2905 qui
1137 2821 1207 2885 vult
1230 2842 1380 2905 regnare,
1404 2826 1534 2907 oportet
1558 2821 1726 2905 compati';
1754 2841 1940 2904 quanquam
1965 2843 2036 2886 non
2059 2825 2132 2887 sint

466 2923 628 3008 condigne
669 2923 840 3008 passiones
881 2924 977 2988 huius
1017 2925 1174 3010 temporis
1215 2924 1256 2987 ad
1299 2925 1439 2987 futuram
1473 2924 1630 3008 gloriam,
1670 2945 1766 3006 quam
1800 2925 1833 2988 in
1875 2926 1971 2989 nobis
2017 2926 2130 2990 oredi-

465 3048 538 3091 mus
560 3025 781 3091 revelandam.
828 3025 954 3091 Clamat
976 3027 1206 3092 nichilominus
1237 3029 1295 3092 ille
1326 3028 1523 3092 miserabilis
1546 3028 1726 3092 Ierusalem
1756 3034 1861 3090 mater
1892 3033 2026 3106 nostra,
2060 3051 2128 3115 que
2179 3060 2201 3096 ,r

466 3131 582 3194 merito
625 3135 832 3216 peccatorum
879 3136 1063 3195 nostrorum
1105 3131 1191 3194 bibit
1234 3131 1275 3195 de
1318 3152 1416 3194 manu
1454 3130 1586 3194 Domini
1633 3131 1767 3195 calicem
1810 3132 1858 3195 ire
1904 3132 2001 3212 eius,
2047 3155 2129 3198 suas

464 3232 559 3296 nobis
596 3253 764 3318 exponens
797 3233 965 3317 angustias
1000 3240 1033 3296 et
1067 3233 1101 3295 in
1135 3233 1186 3296 sui
1219 3232 1342 3296 doloris
1372 3233 1552 3297 remedium
1584 3234 1719 3298 affectus
1756 3255 1775 3297 a
1808 3234 1902 3297 nobis
1937 3243 2127 3320 expectans

463 3335 596 3416 filiales,
631 3336 659 3400 si
690 3335 774 3400 forte
808 3337 974 3402 tristemur
1008 3357 1081 3400 cum
1112 3337 1185 3421 ipsa
1219 3342 1252 3400 et
1285 3336 1467 3417 doleamus,
1505 3338 1533 3400 si
1569 3359 1641 3402 eam
1676 3337 1856 3421 diligimus,
1890 3338 2001 3402 vicem
2039 3342 2127 3405 91119.

465 3439 545 3512 Quis
577 3438 664 3503 enim
700 3444 766 3518 est,
806 3440 961 3524 quinon
996 3445 1063 3502 tam
1092 3437 1209 3503 validis
1250 3439 1446 3504 elamoribus
1480 3441 1642 3504 excitatus
1677 3439 1718 3504 ad
1751 3441 1965 3506 vindicandas
1996 3442 2128 3508 Christi

464 3541 515 3605 sui
543 3546 610 3604 tam
637 3548 764 3605 atroces
792 3541 927 3606 iniurias
957 3563 991 3606 se
1014 3542 1184 3626 accingat?
1229 3541 1383 3626 Nunquid
1414 3566 1479 3608 non
1506 3545 1555 3608 rei
1582 3543 1774 3630 proditionis
1806 3543 1893 3631 apud
1919 3545 2028 3609 filium
2055 3546 2126 3612 Dei

464 3645 599 3725 erimus,
634 3645 662 3708 si
695 3642 938 3709 adamandam
964 3650 1085 3710 terram
1119 3645 1159 3709 de
1192 3647 1341 3711 manibus
1377 3647 1567 3733 impiorum,
1603 3647 1643 3711 ad
1679 3669 1754 3711 eum
1788 3669 1830 3712 ex
1864 3649 1968 3734 patris
2007 3657 2128 3715 eterna

329 3767 445 3822 asnaa
464 3748 652 3829 donatione,
687 3748 742 3834 qui
771 3756 887 3834 gentes
915 3750 948 3813 in
978 3749 1195 3814 hereditatem
1225 3755 1258 3814 et
1285 3751 1319 3813 in
1349 3751 1592 3835 possessionem
1624 3757 1710 3815 terre
1739 3753 1896 3816 terminos
1927 3754 1993 3817 sibi
2018 3753 2126 3832 dedit,

463 3873 501 3917 ae
534 3853 646 3916 matris
679 3851 720 3917 (19
752 3853 856 3937 regali
888 3852 1043 3937 prosapia
1069 3851 1297 3918 descendentis
1332 3856 1535 3918 successoria
1569 3854 1751 3919 hereditate
1780 3857 2019 3941 pertinentem,
2056 3880 2126 3923 non

461 3956 539 4019 totis
573 3955 696 4019 viribus
728 3955 935 4020 laboremus?
984 3955 1059 4019 Non
1092 3961 1143 4020 991
1178 3955 1308 4042 quidem
1343 3979 1479 4038 novum,
1513 3957 1598 4042 quod
1632 3964 1721 4022 terra
1755 3958 1811 4022 illa
1845 3960 1966 4024 iudicio
2006 3961 2124 4026 divino

460 4058 655 4143 percutitur,
688 4058 745 4122 sed
778 4080 840 4122 nec
872 4066 924 4122 est
957 4059 1141 4140 insolitum,
1174 4067 1211 4124 ut
1241 4061 1407 4144 flagellata
1440 4068 1473 4126 et
1506 4062 1666 4145 castigata
1700 4070 1847 4136 sanetum
1881 4053 1956 4127 nam
1985 4073 2122 4150 poterat

462 4182 534 4226 eam
564 4161 725 4226 Dominus
759 4162 830 4225 sola
861 4162 1029 4226 voluntate
1069 4164 1310 4242 servare,-sed
1346 4165 1481 4229 forsitan
1514 4166 1617 4229 voluit
1650 4165 1795 4250 experiri
1828 4172 1861 4230 et
1894 4168 1928 4230 in
1962 4171 2122 4235 notitiam

448 4262 581 4329 ducere
605 4265 770 4343 aliorum,
790 4265 819 4328 si
849 4265 921 4348 quis
951 4271 1142 4350 tangeretur
1172 4267 1242 4330 eius
1271 4267 1390 4330 iniuria
1414 4274 1447 4332 et
1477 4266 1518 4331 ad
1548 4269 1653 4354 ipsam
1680 4269 1904 4334 ulciscendam
1928 4293 1964 4336 se
1996 4273 2121 4359 aliquis

449 4376 661 4455 prepararet.
704 4367 799 4433 Licet
821 4374 931 4433 autem
955 4369 996 4433 ad
1020 4370 1302 4455 recuperationem
1327 4371 1429 4455 ipsius
1459 4377 1543 4444 19119
1573 4374 1708 4450 multum
1724 4373 1931 4440 laboraverit
1954 4375 2121 4444 hactenus

460 4472 601 4556 populus
636 4470 860 4550 Christianus,
900 4471 977 4536 licet
1012 4473 1106 4537 multi
1139 4473 1305 4558 principes
1341 4473 1516 4556 orthodoxi
1544 4482 1712 4561 assumpto
1743 4478 1848 4542 crucis
1873 4479 2056 4563 signaculo,
2083 4491 2121 4548 ut

460 4573 677 4638 hereditatem
699 4574 833 4639 Domini
857 4574 897 4638 de
913 4576 1071 4642 ,manibus
1095 4581 1248 4640 eruerent
1271 4575 1472 4661 iniquorum,
1495 4578 1535 4640 ad
1558 4586 1668 4663 partes
1691 4580 1975 4647 transfretaverint
2004 4593 2118 4651 trans-

460 4676 618 4755 marinas,
650 4678 727 4741 licet
749 4697 847 4761 quam
869 4677 998 4763 plures,
1027 4700 1107 4762 quos
1132 4679 1165 4741 in
1188 4678 1300 4744 hostes
1324 4681 1415 4744 zelus
1438 4679 1547 4745 divine
1571 4683 1653 4766 legis
1677 4691 1873 4764 armaverat,
1903 4686 1937 4749 in
1960 4691 2119 4756 manibus

459 4778 570 4843 traditi
598 4781 864 4866 persequentium
893 4782 998 4847 adhuc
1021 4782 1158 4846 forsitan
1185 4783 1301 4848 1911919
1324 4783 1534 4848 detineantur
1556 4785 1768 4871 compedibus
1791 4793 1825 4852 et
1852 4790 2018 4872 squallore
2042 4815 2119 4859 car-

299 4883 790 4964 pm,⁸5‚17‚cerismacerentur,
819 4885 896 4950 licet
918 4907 983 4950 non
1006 4884 1121 4971 pauci,
1144 4884 1285 4949 faciente
1310 4907 1382 4949 cum
1406 4885 1454 4951 eis
1477 4886 1620 4951 Domino
1645 4889 1773 4973 signum
1803 4891 1835 4954 in
1859 4890 2000 4976 bonum,
2033 4901 2119 4964 cali·

458 5006 530 5050 cem
562 4987 766 5071 gustaverint
794 4989 958 5073 passionis
993 4993 1027 5050 91
1053 4988 1208 5071 martyrio
1236 4988 1356 5053 fuerint
1389 4991 1548 5054 coronati:
1581 4991 1724 5056 nondum
1759 4997 1868 5058 tamen
1898 4997 2119 5082 exigentibus

457 5089 561 5175 culpis
592 5090 704 5176 populi
740 5089 919 5155 Christiani
956 5095 1046 5155 tanto
1080 5092 1184 5155 voluit
1216 5091 1377 5158 Dominus
1410 5094 1541 5159 miserie
1575 5096 1743 5178 misereri,
1776 5097 1831 5161 illo
1866 5098 1964 5162 dante
2000 5105 2118 5173 forsan
2186 5137 2193 5146 ·

436 5192 664 5257 voccasionem
687 5193 740 5257 vel
764 5215 912 5272 causam,
944 5192 1029 5279 quod
1053 5195 1115 5259 etsi
1145 5195 1185 5259 ad
1216 5201 1345 5281 tempus
1369 5197 1455 5262 circa
1485 5198 1546 5262 hoc
1573 5198 1734 5264 ferbuerit
1756 5200 1885 5265 devotio
1910 5202 2120 5288 Christiana,

455 5295 658 5382 intempore
682 5301 792 5360 tamen
814 5298 921 5383 tepuit
944 5297 1052 5362 fervor
1075 5299 1163 5379 eius,
1194 5305 1228 5363 91
1258 5301 1304 5364 919
1334 5321 1399 5364 non
1428 5302 1626 5366 continuatis
1649 5302 1801 5388 presidiis
1824 5304 1991 5372 defectum
2015 5333 2122 5397 passa

455 5404 507 5463 est
528 5399 673 5484 graviter
695 5419 794 5463 cansa
817 5398 948 5465 Christi.

563 5559 2009 5584 Q

558 5658 581 5724 ¹)
599 5660 637 5710 ita
653 5657 751 5728 Rapum
770 5661 816 5726 leq.
835 5677 911 5726 quam
929 5662 1023 5728 angeli,
1044 5659 1179 5727 9111911.
1200 5666 1249 5728 2,9.
1340 5662 1364 5731 ¹³)
1381 5665 1546 5718 similitudine
1565 5626 1651 5736 libya.
