4576 6390
427 383 490 445 446
625 375 627 380 ’
1009 368 1057 422 EX
1076 366 1250 424 GREGORII
1270 369 1309 422 IX
1332 365 1513 423 REGIS'I'RO

427 551 550 638 pluries
578 538 649 614 sola
678 546 849 610 dumtaxat
877 541 1069 606 iniuriarum
1101 543 1238 627 suspitio
1270 541 1371 606 menti
1399 541 1503 626 magis
1532 539 1692 623 infigitur,
1722 557 1819 620 quarn
1851 535 1878 599 si
1911 554 2090 598 numerosa

428 655 663 720 beneficiorum
680 645 1060 728 affluentiaconferatur,
1084 645 1179 708 adest
1202 647 1262 711 tibi
1285 647 1337 710 vel
1360 646 1456 710 alteri
1481 668 1524 709 ex
1546 645 1602 707 illo
1627 643 1710 706 forte
1728 639 1867 704 materia
1883 636 2089 724 suspicandi,

429 757 515 844 quod
537 757 720 841 aliquorum
748 750 995 839 presumptione
1027 749 1201 812 temeraria
1228 757 1424 835 procurante
1447 750 1510 813 visi
1543 748 1662 811 fuimus
1691 747 1724 808 in
1752 745 1891 809 tuitione
1920 742 2088 807 libertatis

430 861 655 928 ecclesiastice
687 879 707 922 a
739 864 773 921 tc
809 855 912 941 patris
945 852 1088 916 animum
1122 853 1297 933 avertisse,
1334 853 1413 917 licet
1445 853 1536 915 illurn
1569 851 1603 914 in
1638 855 1725 914 statu
1760 849 1857 913 solito
1891 847 2088 925 retinentes,

430 964 570 1030 eundern
595 959 835 1026 ostenderimus
861 978 903 1021 ex
925 956 983 1020 illa
1004 953 1167 1018 industria
1188 955 1398 1020 laudabiliter
1418 957 1634 1034 immutatum,
1664 960 1700 1018 ut
1722 955 1756 1018 in
1778 952 1864 1016 viam
1886 952 1954 1016 vite
1981 951 2087 1014 filiurn

429 1069 522 1153 virga
552 1065 737 1144 reduceret,
772 1061 863 1126 cuius
902 1059 1085 1122 innuebant
1115 1079 1231 1144 opera,
1266 1058 1353 1143 quod
1387 1060 1421 1122 in
1456 1059 1570 1122 mortis
1600 1058 1722 1121 invium
1752 1062 1874 1119 tractus
1904 1054 2089 1120 voluntatis

429 1171 554 1257 impetu
588 1172 789 1254 properaret.
838 1162 943 1242 Ecce,
978 1161 1065 1246 quod
1088 1161 1262 1226 videbatur
1291 1162 1419 1243 odium,
1456 1183 1600 1226 amorem
1628 1161 1776 1224 intimum
1809 1158 2017 1236 continebat,
2055 1163 2090 1221 et

430 1272 517 1358 quod
540 1292 685 1336 amarum
709 1268 874 1355 apparuit,
906 1264 1038 1329 tandem
1060 1265 1253 1328 immensam
1277 1265 1484 1330 dulcedinem
1511 1264 1712 1351 propinavit,
1746 1264 1821 1348 quia
1843 1268 1919 1349 post
1942 1261 2089 1324 infusam

430 1376 567 1441 anobis
590 1374 740 1439 salutaris
765 1370 883 1435 collirii
906 1368 1127 1454 punctionem,
1152 1389 1214 1452 que
1241 1368 1358 1432 obtuse
1383 1369 1502 1432 mentis
1526 1369 1638 1432 oculos
1663 1365 1848 1444 illustravit,
1870 1366 1980 1429 lucem
2004 1363 2089 1427 vidit

430 1479 600 1543 ambulans
634 1478 667 1541 in
700 1473 861 1552 tenebris,
897 1477 930 1536 et
964 1472 998 1535 in
1028 1470 1214 1554 discrimine
1241 1473 1368 1557 positus
1399 1472 1432 1535 in
1462 1473 1603 1536 salutem
1632 1471 1775 1534 feliciter
1804 1475 1854 1534 est
1884 1474 2088 1554 resumptus.

432 1583 504 1657 Quo
530 1583 682 1646 volente?
729 1577 830 1643 Cuius
854 1575 1026 1659 diligentia
1047 1575 1213 1640 faciente?
1257 1573 1360 1639 Porro
1384 1576 1487 1639 virtus
1512 1575 1621 1638 divino
1643 1574 1747 1638 voluit
1770 1581 1803 1638 et
1829 1593 1889 1636 nos
1912 1571 2089 1636 effecimus

432 1691 588 1771 operante
620 1681 796 1746 clementia
827 1679 1022 1758 Salvatcris,
1058 1679 1149 1743 cuius
1182 1663 1301 1742 imitari
1333 1680 1474 1764 vestigia
1502 1685 1713 1764 satagentes,
1746 1677 1822 1762 quia
1855 1676 1941 1740 filios
1974 1675 2090 1740 fovere

432 1787 605 1866 credimus,
635 1805 701 1848 non
724 1784 846 1862 delere,
874 1781 914 1844 ad
938 1781 1041 1844 instar
1062 1782 1165 1867 patris
1189 1782 1376 1847 venientem
1400 1783 1439 1847 de
1463 1784 1642 1867 longinquo
1665 1781 1766 1844 filium
1790 1779 2023 1866 amplexantis,
2055 1787 2090 1842 te

433 1889 475 1953 ad
508 1888 698 1952 mandatum
732 1886 871 1950 ecclesie
906 1907 965 1971 per
996 1884 1119 1948 Christi
1151 1887 1288 1970 gratiam
1324 1886 1517 1950 redeuntem
1552 1885 1695 1950 brachiis
1728 1890 1864 1970 paterne
1899 1881 2090 1946 dilectionis

433 1992 639 2077 excepimus,
663 1997 696 2054 et
718 1990 828 2054 multis
850 2010 908 2074 pre
933 1989 1045 2052 dolore
1068 1989 1298 2073 languentibus
1320 2011 1382 2054 nec
1406 2011 1470 2054 non
1494 1989 1688 2074 quibusdam
1711 1987 1793 2052 adeo
1816 1993 1892 2049 vota
1913 1985 2089 2049 formanti-

432 2096 494 2159 bus
518 2095 551 2158 in
574 2093 758 2174 adversum,
781 2099 817 2156 ut
840 2114 880 2156 ne
905 2092 946 2156 ad
969 2093 1036 2156 alta
1054 2114 1247 2177 resurgeres
1264 2095 1480 2179 repugnantis
1497 2094 1689 2179 repagulum
1706 2091 1923 2169 obiecerunt³,
1945 2088 2090 2152 diversis

432 2197 634 2263 diversorum
651 2197 824 2262 sententiis
840 2218 900 2282 per
915 2197 1067 2260 virtutem
1081 2197 1265 2265 constantie
1279 2196 1437 2275 diffinitis,
1453 2205 1486 2262 tc
1503 2199 1536 2261 in
1552 2204 1672 2261 statum
1689 2196 1878 2282 reduximus
1896 2196 2090 2271 salutarem,

433 2302 663 2367 excellentiam
691 2307 780 2365 tuam
807 2300 927 2365 nedum
959 2301 1047 2364 soliti
1078 2307 1128 2364 set
1159 2303 1292 2366 maioris
1323 2303 1444 2368 favoris
1473 2304 1580 2388 gratie
1609 2306 1854 2389 prosequentes.
1899 2295 1998 2362 Unde
2027 2318 2090 2383 pro

432 2412 487 2470 tue
512 2404 714 2470 celsitudinis
731 2404 943 2483 incremento,
968 2404 1030 2468 etsi
1054 2405 1094 2468 ab
1120 2405 1293 2489 aliquibus,
1318 2407 1374 2491 qui
1397 2407 1519 2470 scirent
1536 2407 1634 2470 etiarn
1658 2404 1698 2468 de
1720 2403 1860 2467 balsami
1882 2420 2090 2465 murmurare

432 2511 601 2596 flagrantia
630 2514 664 2573 ct
692 2509 726 2572 in
754 2508 852 2572 melle
875 2508 1003 2572 causari
1038 2507 1220 2573 dulcedinis
1242 2509 1440 2590 ubertatem,
1473 2511 1558 2574 forte
1582 2509 1779 2574 contrarium
1801 2511 1968 2584 teneatur,
2004 2502 2090 2566 duos
2142 2515 2154 2554 2

433 2635 475 2678 ex
497 2613 653 2700 fratribus
677 2613 815 2692 nostris,
840 2633 922 2696 quos
945 2612 1128 2677 laudabiles
1153 2614 1254 2678 efficit
1276 2615 1466 2700 multiplicis
1491 2613 1657 2679 evidentia
1679 2610 1867 2698 probitatis,
1890 2606 2091 2672 Lombardis

432 2717 563 2780 omnino
580 2716 809 2794 renitentibus,
832 2737 890 2801 pro
915 2722 947 2780 te
970 2717 1004 2780 in
1019 2716 1248 2781 Lombardiam
1272 2719 1429 2797 misimus,
1453 2739 1590 2803 quorum
1614 2715 1764 2800 diligenti
1787 2711 1905 2790 studio,
1929 2716 2092 2796 quantum

433 2819 607 2884 difficultas
637 2819 763 2903 negotii
795 2818 1013 2900 concedebat,
1050 2821 1113 2885 tuis
1149 2823 1332 2886 accrevisse
1362 2821 1564 2909 profectibus
1593 2818 1808 2905 probabiliter
1836 2810 2055 2879 extimemusb
2068 2813 2090 2874 ¹.

434 2921 601 3004 Ceterum,
624 2923 687 2987 etsi
710 2922 796 2985 bona
814 2921 995 2986 referamus
1020 2924 1122 3004 inviti,
1147 2946 1208 3009 que
1234 2924 1273 2989 de
1297 2925 1385 2990 sedis
1409 2925 1587 3011 apostolice
1608 2923 1814 3007 benignitate
1831 2917 2024 3003 procedunt,
2049 2937 2090 2979 eo

433 3025 519 3110 quod
549 3026 697 3111 impense
719 3024 881 3088 beneficia
906 3046 972 3088 non
996 3026 1060 3090 sint
1088 3028 1251 3110 largitoris
1275 3029 1433 3092 relatibus
1456 3027 1668 3114 publicanda,
1696 3033 1824 3104 tamen,
1852 3029 1889 3086 ut
1917 3019 2091 3084 innocenti

433 3129 595 3193 maculam
616 3149 681 3192 non
704 3128 866 3213 impingas
891 3134 924 3192 et
947 3129 1032 3192 scias
1056 3136 1088 3193 te
1112 3129 1153 3192 ad
1175 3131 1400 3195 retributionis
1417 3131 1573 3210 debiturn,
1596 3151 1661 3194 non
1685 3129 1726 3192 ad
1750 3126 1883 3213 querele
1907 3123 2092 3188 convitium

434 3232 632 3316 obligatum,
663 3231 883 3295 reminiscita
907 3233 1073 3313 volumus,
1105 3233 1190 3318 quod
1215 3234 1247 3297 in
1270 3235 1435 3320 pluribus,
1464 3257 1526 3319 que
1550 3241 1679 3298 tuorum
1702 3230 1877 3318 prudentia
1899 3227 2091 3292 nuntiorum

435 3358 494 3400 seu
523 3336 699 3398 multarum
731 3335 833 3399 series
869 3336 1051 3400 litterarum
1085 3358 1105 3400 a
1137 3337 1232 3400 nobis
1263 3344 1319 3401 tuo
1350 3339 1482 3402 nomine
1512 3338 1628 3403 diebus
1658 3334 1824 3422 preteritis
1855 3337 2090 3417 exposcerunt,

433 3438 620 3503 faciendum
644 3459 775 3524 semper
796 3440 1049 3525 assumpsimus,
1080 3441 1165 3525 quod
1195 3439 1387 3524 dignumst
1418 3443 1499 3506 utile
1523 3441 1724 3505 videbamus.
1771 3435 1837 3500 Sed
1868 3456 1962 3514 cccc,
1994 3434 2091 3518 quasi

433 3543 531 3607 arbor
561 3542 663 3626 gratis
694 3548 811 3606 onusta
837 3543 997 3606 fructibus
1027 3565 1069 3606 ex
1098 3565 1137 3607 co
1167 3543 1305 3608 dicenda
1329 3545 1372 3608 sit
1399 3544 1540 3624 sterilis,
1572 3545 1599 3608 si
1627 3564 1693 3606 non
1720 3563 1779 3627 per
1801 3545 1906 3603 totum
1928 3544 2090 3624 appareat

432 3645 614 3724 uniformis,
638 3652 694 3708 aut
717 3645 810 3730 quasi
833 3645 981 3709 defectus
1006 3646 1127 3710 ascribi
1143 3647 1347 3712 firmamento
1364 3647 1492 3728 debeat,
1517 3649 1545 3711 si
1568 3667 1653 3731 equa
1676 3646 1843 3709 stellarum
1868 3642 1999 3706 claritas
2021 3662 2090 3706 non

434 3749 565 3830 existat,
589 3748 745 3813 oblivioni
769 3749 946 3812 commissa
966 3750 1146 3832 gratiarum
1170 3751 1340 3834 congerie,
1364 3772 1461 3836 quam
1485 3752 1552 3815 suis
1575 3748 1777 3835 temporibus
1801 3747 1943 3810 circata
1966 3745 2089 3808 recoli-

432 3874 505 3916 mus
533 3851 704 3931 effudisse,
739 3852 847 3916 innuis
882 3874 924 3916 ex
954 3853 1074 3938 scripto
1102 3854 1320 3934 lamentabili,
1355 3855 1441 3940 quod
1478 3875 1542 3918 non
1570 3854 1664 3917 nobis
1695 3851 1754 3916 sed
1780 3849 1901 3914 nostris
1930 3847 2089 3912 fratribus

433 3953 639 4034 destinasti²,
673 3976 733 4018 nos
762 3955 873 4018 taliter
904 3977 1002 4042 snper
1029 3957 1225 4021 Lombardie
1254 3959 1387 4042 negotio
1418 3957 1617 4044 providisse,
1652 3963 1688 4019 ut
1714 3955 1755 4020 de
1784 3953 1884 4017 illatis
1912 3951 2039 4015 iniuriis
2069 3972 2090 4014 a

323 4117 326 4125 .
433 4057 627 4123 Lomberdis
664 4057 765 4122 nichil
800 4059 842 4122 sit
875 4058 934 4122 tibi
971 4059 1203 4124 satisfactionis
1237 4063 1410 4147 prestitum
1445 4068 1502 4126 eut
1538 4061 1578 4124 de
1613 4066 1668 4124 tuo
1709 4059 1763 4124 vel
1800 4058 1922 4122 honore
1955 4055 2088 4141 imperii
2155 4095 2160 4109 ·

434 4163 627 4248 cogitatum;
651 4162 768 4242 immo,
791 4160 878 4245 quod
901 4183 959 4247 pro
982 4164 1065 4227 miro
1089 4165 1229 4247 geritur,
1254 4165 1281 4228 si
1303 4186 1479 4250 processus
1502 4163 1688 4228 huiusmodi
1711 4161 1924 4227 cardinalium
1948 4158 2088 4224 consilio

433 4265 602 4346 fulciatur,
638 4265 731 4350 quasi
766 4264 886 4328 talibus
920 4266 1113 4330 inconsultis
1147 4268 1234 4331 soliti
1269 4269 1370 4332 simus
1403 4268 1551 4348 efficere,
1587 4289 1649 4353 que
1681 4266 1839 4331 debemus
1871 4271 1904 4329 et
1937 4262 2088 4349 cupimus

433 4368 579 4454 ipsorum
602 4368 751 4431 consulta
773 4367 979 4452 providentia
1001 4367 1152 4434 diffinire.

542 4470 596 4535 Ad
618 4471 679 4535 hcc
701 4477 812 4535 autern
836 4471 914 4557 quid
937 4473 1148 4538 rescribentis
1171 4475 1359 4540 innocentia
1380 4474 1613 4561 respondebit?
1641 4471 1737 4537 Unde
1759 4473 1976 4560 presumptio,
2001 4470 2090 4555 quod

435 4579 612 4659 sequentes
635 4574 804 4638 arbitrium
826 4576 958 4660 proprie
983 4578 1174 4657 voluntatis,
1202 4579 1293 4662 quasi
1321 4578 1457 4642 rationis
1486 4577 1622 4641 consilio
1651 4597 1715 4640 non
1739 4576 1904 4656 ducamur,
1930 4577 1985 4660 qui
2007 4575 2090 4639 licet

435 4677 591 4740 immeriti
614 4677 722 4740 locum
750 4678 882 4762 superni
912 4677 1029 4743 iudicis
1059 4680 1247 4744 obtinentes
1279 4681 1313 4744 in
1341 4681 1457 4752 terris,
1488 4677 1726 4765 plenitudinem
1760 4679 1882 4743 iustitie
1918 4679 2089 4744 studemus

436 4779 586 4845 omnibus
609 4780 782 4859 exhibere,
810 4781 950 4866 principi
980 4783 1178 4867 preminenti
1206 4791 1239 4846 et
1263 4785 1404 4848 ecclesie
1432 4783 1499 4846 filio
1524 4783 1660 4868 speciali
1682 4782 1885 4847 Lombardos
1908 4784 1942 4846 in
1966 4783 2089 4868 aliquo,

434 4881 577 4945 maxime
600 4882 656 4946 ubi
679 4883 719 4948 de
744 4883 814 4948 iure
838 4885 963 4968 agitur,
997 4885 1112 4949 relicto
1141 4887 1346 4952 rectitudinis
1369 4887 1498 4951 tramite
1522 4889 1781 4973 preponamus0?
1814 4887 1928 4967 Absit,
1958 4887 2090 4952 absita

436 4985 541 5066 nobis,
564 4987 618 5071 qui
641 4993 760 5052 testem
783 4989 816 5052 in
840 4989 919 5052 celis
944 4994 977 5052 et
999 4988 1032 5052 in
1049 4991 1190 5055 excelsis
1211 4992 1376 5056 conscium
1393 4992 1589 5070 obtinemus,
1614 4991 1700 5074 quod
1722 4990 1756 5054 in
1772 4991 1852 5054 iuris
1869 4989 2088 5076 preiudicium

434 5091 531 5155 nobis
553 5111 618 5155 non
642 5091 684 5156 sit
706 5093 854 5178 acceptio
878 5113 1101 5179 personarum.
1149 5094 1215 5159 Sed
1238 5095 1356 5177 infers,
1391 5095 1498 5180 quedl
1522 5118 1564 5161 ex
1587 5096 1774 5180 quingentis
1797 5096 1974 5173 militibus,
2006 5115 2089 5180 quos
2142 5111 2168 5148 ⁴⁵

495 5438 521 5489 R
543 5348 566 5416 ⁸)
584 5352 621 5402 ito
638 5351 671 5402 R.
746 5351 769 5417 ¹³)
790 5352 861 5415 Qec
880 5360 1020 5418 rapiuntur
1036 5369 1116 5419 usquc
1134 5355 1170 5406 ad
1181 5356 1263 5422 ficem
1281 5373 1312 5408 cc
1329 5356 1414 5424 Regu.
1492 5355 1514 5422 ⁶)
1532 5373 1703 5424 proponamus
1721 5355 1807 5423 Rapa
1892 5355 1915 5420 ⁴¹)
1933 5357 2003 5422 quod
2021 5357 2093 5409 dcem

433 5457 477 5506 cp.
517 5457 580 5506 eyn.

536 5559 563 5622 1)
584 5557 626 5625 Os.
645 5573 672 5610 η.
693 5561 754 5612 531.
836 5557 864 5625 2)
882 5575 909 5611 a.
931 5561 999 5619 5495
1019 5558 1165 5634 Rayncldi
1183 5559 1259 5620 electi
1279 5560 1416 5620 Ostiensis
1434 5561 1579 5640 responsio
1595 5560 1758 5643 imperatori
1774 5562 1860 5616 missa
1877 5578 1923 5644 ap.
1943 5560 2092 5620 Huillcrd·

433 5645 584 5711 Bribollca
603 5646 620 5702 l.
639 5660 661 5699 c.
679 5647 697 5698 t.
716 5646 767 5711 IV,
781 5661 813 5720 p.
831 5647 893 5706 449,
