4448 6420
327 382 389 443 240
913 381 961 436 EX
980 381 1135 438 HONORII
1153 383 1193 437 III
1212 382 1393 439 REGISTRO

324 560 416 618 esset
437 553 487 617 ius
512 551 704 627 Sottorum;
736 537 918 640 dequibus
942 555 1093 620 omnibus
1117 555 1157 621 de
1182 564 1479 624 consensunostro
1512 557 1560 622 eis
1593 555 1717 641 placuit
1740 554 1923 640 transigere
1946 555 1979 618 in

323 657 409 722 hunc
424 655 572 722 modum:
596 655 751 722 videlicet
766 657 852 743 quod
868 657 956 723 cives
972 659 1100 745 possint
1122 659 1186 724 sibi
1201 660 1304 726 libere
1320 660 1462 726 iudicem
1479 660 1601 745 eligere
1619 659 1765 723 civitatis
1788 664 1822 723 et
1837 659 1978 722 electum

322 759 466 825 debeant
494 761 650 847 episeopo
679 768 870 847 presentare
901 768 935 826 et
967 763 1140 849 episcopus
1167 765 1275 850 ipsum
1302 766 1474 840 investiet3
1502 765 1558 829 ille
1580 783 1658 828 vero
1693 761 1794 828 iudex
1825 760 1866 826 de
1889 761 1978 826 omni

323 884 421 930 causa
447 865 621 950 temporali
657 865 834 950 cognoscit.
888 865 1049 930 Homines
1080 873 1191 937 autem
1223 869 1278 954 qui
1314 876 1390 934 sunt
1415 867 1457 933 de
1485 866 1709 932 iurisdictione
1743 864 1891 953 episcopi
1924 863 1978 928 vol

323 966 471 1049 alionrm,
494 968 549 1054 qui
572 966 613 1033 ab
637 969 792 1055 episeopo
808 968 941 1033 feudum
965 975 1088 1047 tenent,
1111 976 1148 1035 ut
1170 973 1337 1057 magister,
1360 971 1546 1059 prepositus
1570 977 1605 1036 ct
1626 970 1692 1050 alii,
1715 991 1780 1034 non
1803 972 1978 1034 teneantur
2030 984 2043 1022 ⁶

327 1068 387 1135 sub
416 1069 562 1156 predicto
592 1070 700 1136 iudice
729 1070 945 1157 respondere,
974 1072 1038 1136 nisi
1065 1072 1106 1138 de
1136 1074 1357 1140 contractibus
1388 1081 1422 1140 et
1444 1074 1575 1138 delictis
1603 1074 1637 1138 in
1665 1073 1797 1139 civitate
1820 1073 1873 1138 vel
1895 1070 1979 1136 infra

322 1174 502 1239 marchiam
526 1174 668 1239 civitatis
685 1175 867 1239 commissis
890 1176 944 1240 vel
967 1177 1154 1241 contractis.
1200 1176 1236 1242 Si
1259 1184 1369 1244 autem
1395 1179 1580 1265 episcopus,
1603 1177 1800 1263 prepositus,
1823 1175 1980 1262 magister

325 1283 359 1342 et
382 1276 484 1342 abbas
507 1276 548 1343 de
564 1277 774 1343 Dunemonte
797 1277 973 1344 habuerint
994 1277 1109 1343 domos
1131 1285 1187 1344 aut
1209 1301 1306 1365 agros
1328 1281 1413 1345 infra
1428 1280 1606 1346 marchiam
1630 1279 1779 1359 civitatis,
1803 1284 1837 1345 et
1859 1279 1892 1344 in
1914 1278 1978 1343 hiis

323 1387 527 1446 contractum
550 1381 649 1447 fuerit
671 1381 794 1468 aliquid
817 1383 870 1447 vel
891 1383 1111 1462 commissum,
1135 1383 1196 1448 sub
1220 1405 1270 1464 eo,
1294 1385 1386 1449 cuius
1409 1384 1508 1449 fuerit
1532 1383 1647 1449 domus
1670 1385 1724 1449 vel
1746 1404 1835 1468 ager,
1858 1380 1980 1447 debeat

323 1483 500 1550 terminari.
544 1483 589 1550 Et
612 1485 639 1550 si
662 1485 735 1571 quis
759 1484 838 1550 civis
862 1486 895 1548 in
922 1485 1147 1552 iurisdictione
1179 1488 1344 1574 episcopi,
1372 1488 1530 1575 prepositi
1559 1488 1612 1552 vel
1639 1487 1789 1573 magistri
1815 1485 1978 1572 possessi·
2032 1506 2057 1542 m

324 1607 403 1652 ones
426 1587 579 1652 habuerit
600 1589 653 1653 uel
687 1586 732 1652 ibi
767 1589 968 1653 contraxerit
996 1610 1057 1654 seu
1085 1587 1241 1654 delictum
1264 1592 1480 1671 commiserit,
1514 1596 1667 1656 teneatur
1700 1589 1759 1654 sub
1795 1610 1851 1669 eo,
1885 1588 1978 1652 cuius

323 1688 422 1754 fuerit
452 1690 649 1768 iurisdictio,
683 1690 891 1777 respondere.
938 1691 1059 1757 Clerici
1082 1713 1160 1757 vero
1194 1694 1248 1759 vel
1280 1695 1362 1759 alias
1395 1695 1457 1759 viri
1494 1694 1657 1779 religiosi,
1690 1700 1727 1758 ut
1758 1693 1915 1778 magister
1945 1698 1978 1756 et

324 1792 441 1858 fratres
464 1793 535 1859 sius
557 1796 611 1860 vel
633 1795 856 1882 hospitalarii,
879 1801 915 1860 ut
939 1792 1051 1860 Sancti
1075 1794 1216 1882 Spiritus
1239 1804 1272 1862 et
1296 1796 1407 1862 Sancti
1428 1798 1562 1870 Lazari.
1586 1796 1627 1862 de
1651 1797 1741 1861 nulla
1763 1817 1864 1861 causa
1885 1802 1978 1861 teue-

323 1901 420 1961 antur
442 1896 503 1961 sub
525 1896 673 1983 predicto
694 1898 835 1964 civitatis
858 1897 965 1962 iudice
988 1898 1200 1984 respondere.
1244 1899 1412 1966 Monetam
1427 1907 1538 1967 autem
1561 1901 1595 1964 in
1615 1901 1746 1965 civitate
1762 1900 1844 1980 fieri,
1868 1899 1977 1965 ouius-

324 2020 462 2086 oumque
485 2000 605 2082 forme,
636 2001 680 2066 sit
702 2001 736 2066 in
757 2007 922 2089 potestate
951 2001 1075 2066 domini
1097 2002 1261 2088 episcopi,
1290 2002 1368 2067 dum
1395 2010 1505 2069 tamen
1529 2002 1678 2069 eiusdem
1698 2002 1855 2067 bonitatis
1879 2002 1922 2066 sit
1944 2008 1978 2066 et
2032 2030 2055 2066 rs

323 2102 489 2188 ponderis,
513 2104 605 2170 cuius
629 2111 680 2170 est
696 2111 828 2171 moneta
844 2103 1023 2170 Guttorum
1040 2126 1099 2170 seu
1115 2104 1303 2172 Gutlandie.
1349 2106 1447 2172 Sires
1470 2128 1548 2172 vero
1566 2105 1662 2171 liberi
1686 2105 1751 2170 sint
1774 2106 1807 2169 in
1822 2104 1979 2191 predictis

324 2212 475 2291 quattuor
503 2209 672 2295 capitulis,
708 2210 833 2275 scilicet
855 2231 876 2273 a
898 2209 1003 2289 ferro,
1037 2207 1208 2284 theloneo,
1245 2211 1418 2296 naufragio
1451 2218 1486 2276 et
1508 2210 1629 2275 duello.
1674 2208 1834 2273 Omnibus
1869 2215 1979 2274 autem

323 2309 509 2375 volentibus
538 2312 661 2378 intrare
691 2313 858 2378 civitatem
885 2311 927 2377 ad
957 2311 1172 2377 habitandum
1200 2313 1300 2378 liceat
1330 2315 1420 2380 cives
1449 2314 1521 2380 fieri
1548 2312 1696 2400 predicte
1725 2311 1897 2377 libertatis.
1943 2310 1979 2375 Si

323 2411 401 2498 quid
423 2413 523 2478 etiam
546 2415 634 2480 cives
657 2421 811 2502 potarunt
832 2413 969 2502 probare
993 2414 1080 2479 infra
1102 2415 1278 2480 triennium
1301 2438 1375 2482 esso
1399 2416 1439 2482 de
1463 2417 1533 2482 iure
1557 2414 1810 2480 Teotonicorum
1833 2436 1978 2480 commo-

322 2516 464 2581 rantium
486 2518 520 2582 in
543 2517 730 2601 Gutlandia,
754 2518 871 2585 codem
895 2518 1059 2604 gaudeant
1082 2525 1116 2583 et
1138 2517 1318 2604 Rigsnses,
1342 2525 1483 2607 excepto
1507 2541 1547 2585 eo
1570 2516 1676 2605 quod,
1700 2517 1729 2581 si
1750 2517 1921 2582 Teotonici
1943 2519 1976 2582 in
2030 2546 2056 2582 m

324 2618 503 2686 Gutlandis
523 2622 735 2687 instituerent
757 2622 963 2708 aliquatenus
986 2620 1207 2701 sacerdotem,
1235 2621 1398 2708 Rigsnses
1421 2630 1531 2688 taturus
1559 2640 1724 2706 nunquam
1748 2620 1876 2706 possint
1899 2643 1978 2686 con·

323 2725 458 2792 stituere
481 2724 697 2790 sacerdotem.

430 2827 551 2894 Actum
582 2829 617 2893 in
644 2829 746 2915 Riga,
778 2850 863 2894 anno
892 2828 1025 2894 Domini
1053 2826 1254 2908 Mccxxv,
1286 2847 1399 2893 mense
1432 2828 1627 2910 Decembri,
1662 2830 1750 2895 XIII
1785 2828 1978 2901 indictione;

323 2932 532 3017 presentibus
555 2930 684 2998 domino
707 2932 885 2998 Lamberto
909 2933 1064 3018 episcopo
1089 2930 1292 3016 Semigallie,
1316 2931 1446 2997 domino
1471 2931 1664 2997 Guizelino³
1691 2933 1846 3019 episcopo
1868 2931 1978 2996 Rene-

322 3033 436 3115 lensil,
467 3035 622 3120 magistro
644 3035 821 3101 Lamberto
846 3034 1119 3101 Constendalensi
1152 3034 1328 3117 canonico,
1359 3035 1476 3101 comite
1499 3034 1684 3122 Borgardo,
1712 3033 1880 3100 Bernardo
1904 3035 1976 3098 circ
2029 3061 2055 3098 es

322 3136 476 3222 Rigensi,
498 3136 639 3202 Ludolfo
662 3136 703 3202 de
726 3138 902 3204 Honorere
925 3139 1103 3204 Lubicensi
1125 3138 1312 3220 canonicos,
1342 3140 1579 3206 mercatoribus
1603 3146 1637 3205 et
1661 3139 1761 3204 etiam
1783 3137 1977 3225 peregrinis.

430 3239 521 3304 Nulli
544 3260 623 3326 crgo
647 3277 688 3288 -
712 3242 966 3307 confirmationis
988 3249 1049 3307 etc.
1100 3240 1136 3306 Si
1159 3242 1233 3328 quis
1255 3279 1308 3310 -.

432 3359 509 3425 Dat.
531 3359 684 3426 Lataran.
708 3360 797 3426 XIII
818 3360 893 3427 Kal.
916 3361 1075 3428 Decemb.
1100 3359 1198 3448 [anno
1221 3361 1440 3450 undecimoll.

1111 3833 1198 3907 319.

440 3943 609 4037 Batora
630 3974 786 4037 socictats's
808 3972 1018 4038 Lourhurdiac
1049 3977 1085 4038 ia
1116 3975 1241 4039 ciaa'tote
1261 3973 1428 4038 Bosara
1454 3973 1667 4037 concamaratae
1695 3973 1887 4036 revestituram
1906 3991 1978 4051 pro·

324 4076 484 4138 curatores
498 4094 562 4154 pro
578 4095 659 4155 paca
679 4078 709 4139 et
730 4076 894 4141 concordia
916 4097 985 4142 cum
1006 4077 1171 4143 Μενίου
1193 4076 1408 4142 Romanorum
1430 4077 1614 4158 imperatore
1634 4075 1790 4156 sumenda.
2030 4095 2057 4135 so

1624 4182 1718 4258 1226,
1739 4177 1818 4242 Nou.
1840 4181 1893 4245 21.

429 4262 503 4316 Hos.
522 4253 659 4332 uraca.
682 4261 741 4317 Vol.
764 4262 794 4326 V,
813 4267 884 4325 156‚·
901 4265 965 4319 Ia'b.
983 4266 1039 4331 XI,
1058 4268 1122 4319 437.

431 4349 580 4418 [Sustinet
598 4349 644 4404 Dc
661 4349 745 4404 claris
763 4349 934 4423 archipyrata
954 4351 1060 4407 Bonan.
1075 4351 1154 4423 pros.
1175 4358 1236 4406 torn.
1254 4351 1279 4410 Ι,
1295 4364 1367 4420 pars
1385 4349 1429 4412 II,
1443 4364 1475 4419 p.
1495 4351 1536 4403 71.

433 4539 548 4605 Anno²
563 4540 697 4605 Domini
715 4541 889 4606 millesimo
910 4540 1134 4607 ducentesimo
1150 4541 1306 4607 vicesimo
1329 4546 1434 4618 sexto,
1457 4538 1635 4604 indictione
1651 4539 1902 4626 quartadecima,
1924 4539 1978 4605 die

328 4644 457 4710 sabbati
479 4644 605 4711 decimo
628 4650 769 4710 exeunte
792 4647 915 4711 mensis
931 4645 1138 4727 Novembris,
1161 4647 1195 4710 in
1218 4645 1349 4710 ciuitate
1364 4643 1515 4708 Bononia
1530 4643 1570 4706 ‘in
1590 4644 1724 4729 pallatio
1744 4643 1979 4730 episcopatus²,
2031 4671 2057 4708 ss

327 4747 477 4812 dominus
507 4748 663 4814 Bocatius
690 4747 843 4813 Bremma
852 4749 875 4828 ³,
911 4747 1061 4813 dominus
1090 4748 1257 4815 Robertus
1289 4747 1330 4812 de
1359 4746 1553 4827 Concoleao,
1587 4746 1737 4811 dominus
1765 4746 1910 4812 Ubertns
1938 4747 1980 4812 de

327 4851 512 4932 Marnste⁴,
538 4851 688 4917 dominus
705 4851 838 4916 Ardicio
862 4851 903 4916 de
926 4852 1031 4918 Ponte
1055 4854 1173 4933 caralo,
1197 4851 1346 4917 dominus
1364 4850 1570 4916 Guillielmus
1592 4849 1634 4913 de
1657 4848 1807 4930 Oliana⁵,
1831 4849 1980 4916 dominus

328 4954 537 5020 Suilliclmus
561 4954 602 5020 de
625 4955 657 5020 la
679 4954 795 5036 Porta,
826 4954 976 5021 dominus
998 4956 1143 5022 Ubertns
1165 4955 1393 5036 Vicecomes⁶,
1422 4954 1572 5019 dominus
1600 4951 1761 5017 Aicardus
1789 4950 1830 5017 de
1852 4951 1980 5017 Formi·

328 5057 431 5138 rical,
458 5057 608 5123 dominus
638 5057 827 5123 Auliverius
857 5059 994 5124 Henrici
1025 5058 1195 5140 Gerardiss,
1226 5058 1377 5124 dominus
1408 5055 1570 5123 Oldradus
1599 5053 1798 5136 Pooalodus,
1829 5054 1980 5122 dominus

439 5319 462 5383 ¹)
480 5319 547 5372 Gurssa
560 5319 593 5370 R.
677 5316 701 5386 b)
720 5320 865 5372 Reraliensi
883 5320 916 5372 A.
1002 5320 1026 5386 ο)
1045 5319 1085 5372 bic
1103 5321 1170 5372 mdo
1188 5321 1257 5374 deest
1273 5339 1316 5388 ap.
1333 5320 1433 5386 Buaqa,
1450 5317 1495 5370 secl
1511 5317 1553 5369 eia
1570 5315 1641 5368 cradi
1655 5324 1747 5382 potest,
1764 5332 1822 5368 rum
1837 5318 1866 5368 ia
1884 5316 1909 5368 A
1926 5335 1980 5369 saon
2030 5340 2056 5378 ω

328 5405 389 5471 Ιῳίῑ
406 5404 523 5456 mou
540 5413 577 5456 est
594 5405 642 5456 boc
659 5405 714 5456 loco
730 5407 759 5456 ia
775 5405 814 5456 A:
832 5413 859 5458 et
875 5406 963 5458 multis
980 5406 1037 5457 aliis
1055 5407 1162 5458 civibus.
1245 5403 1269 5472 ΙΙ)
1286 5424 1354 5458 auno
1372 5405 1508 5460 undecimo
1525 5403 1594 5454 deut
1609 5403 1638 5453 la
1655 5401 1688 5454 R·

432 5531 459 5599 1)
477 5529 632 5585 Subiunxit
653 5528 783 5584 Pertrias
808 5529 904 5584 uarios
930 5529 1058 5585 beltonas
1084 5533 1110 5585 et
1135 5530 1291 5586 additiones
1316 5549 1351 5586 ea
1376 5549 1448 5588 narn.
1478 5537 1535 5590 320
1557 5535 1670 5605 petitas.
1740 5537 1766 5605 2)
1790 5537 1980 5593 Bononiensis.

327 5616 355 5686 3)
373 5617 490 5672 nuntius
507 5616 674 5672 marchionis
692 5615 727 5670 ds
746 5615 841 5670 Monte
856 5617 967 5670 ferrato.
1045 5617 1072 5684 4)
1091 5616 1221 5672 Marnace
1239 5616 1273 5671 da
1292 5617 1458 5675 Mediolano.
1540 5621 1569 5690 b)
1588 5620 1623 5676 de
1641 5621 1743 5679 Brixia.
1819 5623 1847 5693 6)
1865 5622 1901 5679 de
1919 5623 1981 5679 Pla·

328 5702 428 5760 cantia
499 5702 708 5771 Mor-minias.
778 5703 806 5772 8)
823 5702 858 5758 de
876 5701 1015 5760 Tarvixio.
