4538 6426
747 327 947 383 EPISTOLAE
965 329 1154 385 SELECTAE.
1191 331 1265 384 1218.
1792 339 1830 400 41

176 496 287 572 rande,
310 519 351 561 ne
374 504 545 564 transeant
567 502 850 586 presumptoribus
885 504 917 567 in
952 506 1157 590 exemplum,
1192 505 1322 569 noveris
1357 511 1404 582 te,
1440 505 1466 568 si
1503 527 1556 570 res
1591 507 1636 570 ita
1665 530 1700 572 sc
1723 508 1835 584 habet,

176 599 300 666 tamdiu
312 601 420 665 officio
432 601 659 689 beneficioque
671 625 877 692 suspensum,
891 605 995 672 donec
1006 612 1117 672 nostro
1133 613 1166 672 te
1179 607 1368 693 conspectui
1380 609 1598 693 personaliter
1609 618 1834 696 representes,

180 705 439 770 satisfactionem
463 727 562 791 super
584 707 647 772 hiis
671 730 848 792 congruam
872 711 1088 796 impensurus.

286 808 362 872 Dat.
385 807 539 873 Laterau.
562 809 612 873 IV
634 810 802 876 Kalendas
826 812 962 899 Aprilis,
985 835 1069 877 anno
1094 811 1247 878 secundo.

112 985 125 1020 a
288 962 327 1027 In
350 962 491 1028 eundem
514 965 645 1031 modurn
669 968 825 1054 scriptum
850 974 1021 1054 estsuper
1047 969 1153 1033 hocs.
1177 1018 1184 1032 .
1209 969 1333 1034 decano
1358 975 1391 1034 et
1418 1017 1426 1032 .
1460 1018 1467 1032 .
1497 970 1669 1034 scolastico
1692 970 1834 1034 Wratis·

180 1066 319 1130 laviensi
340 1087 461 1152 usquc:
484 1067 518 1130 in
542 1071 740 1156 exemplum,
764 1070 954 1136 discretioni
976 1077 1086 1136 vestre
1109 1094 1169 1158 per
1192 1073 1373 1159 apostolica
1394 1073 1515 1158 scripta
1530 1072 1730 1152 mandamus,
1754 1095 1833 1158 qua-

181 1169 279 1246 tinus,
304 1170 332 1233 si
353 1192 407 1234 res
431 1170 478 1235 ita
500 1193 535 1237 se
560 1173 669 1250 habet,
693 1173 810 1239 eodem
835 1175 990 1261 episcopo
1014 1175 1107 1239 iuxta
1129 1174 1215 1260 quod
1232 1176 1264 1239 ei
1280 1174 1505 1239 mandavimus
1528 1175 1635 1239 officio
1657 1175 1833 1240 beneficio-

181 1293 245 1357 que
269 1294 446 1358 suspenso,
480 1274 608 1340 faciatis
643 1276 767 1340 tamdiu
801 1279 902 1342 latam
930 1299 951 1341 a
978 1276 1074 1341 nobis
1107 1277 1140 1340 in
1164 1299 1239 1342 eum
1257 1279 1365 1342 taliter
1388 1279 1612 1363 suspensionis
1636 1279 1834 1344 sententiam

179 1377 402 1462 appellatione
430 1384 557 1442 remota
585 1379 820 1444 iuviolabiliter
850 1381 1033 1460 observari,
1061 1379 1165 1445 donec
1193 1387 1304 1446 nostro
1335 1403 1370 1446 se
1402 1382 1590 1467 conspectui
1618 1383 1835 1467 personaliter

101 1497 127 1534 10
180 1486 397 1565 representet,
421 1481 678 1546 satisfactionem
701 1483 886 1568 superbiis
911 1503 1088 1566 congruam
1111 1483 1330 1569 impensurus.

287 1583 363 1647 Dat.
387 1591 423 1648 ut
448 1607 556 1672 supra.

983 2005 1043 2078 55.

286 2115 473 2208 Hamas
494 2144 558 2208 ΙΙΙ
578 2164 668 2224 papo
689 2144 918 2230 [Baalmrdc]
944 2145 1084 2226 episcopo
1106 2144 1364 2209 Paderbaracasi
1392 2144 1539 2222 scandat,
1570 2149 1606 2208 at
1631 2145 1774 2211 acarna
1797 2145 1834 2209 dc

178 2246 335 2324 Baffcscm
357 2246 394 2308 in
415 2247 479 2310 loco
501 2247 556 2328 qai
577 2246 732 2310 Haoara'a
753 2247 869 2311 dicitur
890 2247 1042 2328 hospitale
1063 2246 1253 2328 aedificandi
1284 2250 1314 2309 ct
1335 2246 1535 2310 mastracurii
1563 2247 1714 2326 capellam
1743 2247 1780 2310 ta
1801 2267 1835 2311 cc

178 2353 208 2415 ct
228 2349 363 2414 hahardi
384 2350 571 2414 acriter-lum
591 2353 621 2413 ct
639 2349 802 2429 propriam
824 2351 1021 2430 capellanum
1043 2351 1200 2414 ticcnttam
1222 2349 1373 2414 concedat.
1473 2351 1566 2426 1218,
1588 2349 1696 2430 apat.
1718 2351 1747 2414 5.

102 2483 126 2519 rs
283 2469 358 2522 Hora.
378 2471 433 2521 III
446 2469 515 2538 Rea.
539 2468 595 2522 Vct.
615 2471 639 2532 I,
657 2473 728 2536 240;
747 2469 809 2523 Lib.
829 2471 870 2532 ΙΙ,
889 2472 950 2522 999.

284 2555 418 2619 Pectat,
437 2555 507 2626 aeq.
527 2559 608 2609 arcs.

679 2775 687 2791 .
717 2774 725 2789 .
752 2716 1088 2790 Padeburnensi
1115 2715 1343 2808 episcopo.

290 2868 437 2933 Veniens
460 2867 502 2932 ad
524 2868 722 2954 presentiam
745 2875 890 2932 nostram
913 2866 1053 2931 dilectus
1076 2865 1162 2931 filius
1181 2864 1351 2930 Corradus
1372 2866 1413 2932 de
1429 2866 1596 2931 Boffesem
1611 2865 1705 2930 uobis
1728 2864 1833 2929 humi-

182 2971 261 3035 liter
283 2972 489 3057 supplicavit,
512 2979 549 3037 ut
571 2992 644 3037 cum
667 2970 709 3035 ad
724 2972 881 3036 honorem
897 2971 962 3035 Dei
985 2978 1018 3035 et
1042 2970 1195 3034 solatium
1218 2970 1420 3034 infirmorum
1442 2975 1476 3036 et
1497 2990 1678 3056 pauperum
1705 2969 1738 3032 iu
1760 2970 1834 3032 loco

103 3097 129 3133 aa
183 3075 238 3159 qui
260 3073 410 3138 Huxaria
432 3074 551 3139 dicitur
572 3076 652 3138 velit
674 3075 836 3161 hospitale
860 3082 1064 3153 construere,
1094 3072 1290 3159 ipsumqueb
1321 3074 1475 3159 hospitali
1509 3073 1614 3137 sancti
1638 3071 1778 3158 Spiritus
1801 3073 1834 3135 in

181 3177 283 3241 Saxia
306 3177 414 3243 facere
437 3180 627 3260 censuale⁰,
644 3178 726 3243 illud
748 3178 921 3244 edificandi
943 3186 976 3244 et
996 3177 1207 3242 construendi
1222 3178 1382 3263 capellam
1406 3177 1439 3241 in
1455 3197 1493 3242 eo
1517 3198 1555 3241 ac
1577 3174 1720 3240 habendi
1743 3175 1834 3239 cimi-

180 3281 299 3344 terium
322 3287 355 3345 et
376 3283 542 3368 proprium
566 3284 772 3369 capellanum
801 3282 842 3347 ad
868 3303 949 3368 opus
978 3283 1179 3346 infirmorum
1205 3286 1237 3345 et
1259 3301 1440 3366 pauperum
1463 3280 1630 3344 licentiam
1654 3277 1834 3344 concedere

181 3385 401 3471 dignaremur.
445 3385 514 3451 Nos
536 3387 637 3472 igitur
658 3388 749 3473 pium
772 3387 844 3452 eius
859 3386 1062 3473 propositum
1078 3386 1111 3448 in
1127 3384 1268 3448 Domino
1286 3381 1569 3462 commendantes,
1594 3388 1627 3447 et
1641 3381 1836 3446 fraternitati

181 3495 238 3553 tue
261 3487 492 3554 nichilominus
516 3488 713 3571 deferentes,
735 3511 796 3576 per
817 3489 998 3575 apostolica
1019 3488 1080 3552 tibi
1106 3487 1226 3573 scripta
1248 3486 1455 3566 mandamus,
1490 3487 1642 3572 quatinus
1671 3505 1744 3549 cum
1773 3484 1836 3548 loci

64 3657 67 3662 .
105 3613 131 3649 ²⁵
184 3593 379 3659 diocesanos
403 3595 537 3674 existas,
560 3594 667 3660 cidem
690 3596 857 3681 postulata
880 3591 1041 3658 concedas
1065 3592 1135 3658 sine
1159 3592 1238 3656 iuris
1261 3590 1444 3678 preiudicio
1467 3591 1575 3655 alieni.

174 3687 179 3700 ¹
291 3697 367 3764 Dat.
390 3698 543 3764 Laterau.
566 3697 670 3763 Nonis
692 3697 827 3785 Aprilis,
851 3697 1059 3783 pontificatus
1082 3697 1186 3760 nostri
1209 3717 1294 3760 anno
1318 3693 1471 3760 secundo.

806 3938 1217 3947 ——-.——----———-—-

977 4201 1038 4274 56.

296 4314 483 4407 Honorias
499 4340 566 4405 111
577 4361 667 4422 papa
690 4341 827 4421 capitato
841 4341 1010 4406 Brcmcust
1032 4341 1176 4421 concedit,
1198 4343 1234 4404 at
1252 4341 1423 4420 praecatas
1437 4336 1575 4400 duarum
1587 4333 1838 4415 praebendarum

184 4447 229 4510 ad
249 4446 479 4528 reparationem
504 4444 648 4510 ccctcsa'rcc
673 4448 703 4508 ct
728 4444 772 4508 ad
792 4445 965 4509 reuocanda
994 4466 1032 4509 ca
1054 4465 1133 4526 qccac
1160 4443 1381 4510 Watdcmaras
1408 4438 1566 4520 quondam
1590 4436 1839 4516 archiepiscopus

185 4549 224 4614 de
246 4550 335 4614 bonis
355 4548 489 4636 ciuem
507 4549 639 4631 pipaort
660 4548 851 4630 obligaverit,
873 4547 1063 4612 distrahant.
1450 4544 1545 4620 1218,
1567 4539 1675 4622 April.
1700 4543 1751 4604 12.

109 4679 136 4716 ao
292 4669 364 4722 Hos.
384 4671 438 4720 ΙΙΙ
452 4667 520 4736 Rea.
544 4666 601 4721 Vol.
620 4671 643 4730 Ι,
662 4671 731 4735 242;
748 4667 812 4722 lat.
833 4670 873 4732 II,
892 4671 969 4721 1014.

290 4754 425 4818 Pontou,
445 4753 514 4822 Ery.
534 4757 617 4808 5748.

773 4915 982 5007 Capitulo
1009 4914 1245 4988 Bremensi.

296 5068 379 5134 Cum
403 5067 545 5134 ecclesia
567 5072 677 5132 vestra
698 5088 759 5153 per
787 5066 961 5152 reprobum
985 5064 1229 5130 Guademarum
1263 5064 1295 5126 in
1318 5063 1428 5127 multis
1451 5059 1595 5146 graviter
1618 5059 1660 5122 sit
1683 5058 1839 5142 collapsa,

186 5173 350 5258 indulgeri
372 5172 464 5236 vobis
487 5171 655 5236 humiliter
681 5171 910 5258 supplicastis,
937 5175 973 5234 ut
995 5168 1037 5232 ad
1063 5167 1244 5256 reparanda
1272 5167 1375 5253 ipsius
1399 5165 1540 5230 ecclesie
1569 5165 1783 5240 sartatecta,
1807 5164 1840 5223 ct

109 5297 135 5334 ³⁵
187 5275 372 5342 revocanda
395 5297 458 5361 que
481 5274 586 5340 dictus
611 5273 838 5339 Guademarus
861 5271 1010 5338 debonis
1027 5273 1174 5337 eiusdem
1195 5271 1325 5359 pignori
1349 5269 1516 5354 obligavit,
1540 5272 1574 5331 et
1595 5286 1671 5330 suas
1693 5263 1838 5328 necessi-

188 5389 274 5447 tates
297 5381 379 5445 alias
401 5377 610 5460 relevandas,
644 5382 821 5465 proventus
856 5375 994 5441 duarum
1026 5374 1266 5461 prebendarum
1289 5374 1429 5441 ecclesie
1452 5369 1614 5458 predicte,
1647 5387 1721 5431 cum
1744 5367 1779 5430 in
1801 5387 1840 5430 ea

287 5643 311 5706 ¹)
329 5641 378 5692 hoe
396 5638 464 5690 dcccl
480 5641 508 5690 in
526 5638 558 5690 R.
640 5637 664 5703 a)
683 5639 768 5706 ipsum
785 5636 817 5687 R.
898 5633 921 5702 ο)
939 5638 1084 5690 censualem
1103 5634 1135 5684 R.

290 5745 353 5796 Rro.
370 5744 450 5794 Porr.
466 5743 487 5793 1.
1619 5721 1636 5774 (t
