4576 6390
772 408 972 468 EPISTOLAE
989 409 1179 468 SELEOTAE.
1215 411 1290 468 1233.
1798 415 1860 478 447

210 583 341 672 quidem
372 584 412 652 de
441 587 576 650 fratrum
605 593 792 651 nostrorum
822 587 959 652 consilio
981 587 1014 650 in
1037 586 1139 652 Terre
1165 584 1284 652 Sancte
1314 585 1497 651 subsidium
1519 606 1539 649 a
1559 585 1756 652 Lombardis
1784 608 1860 674 pro-

210 690 349 754 vidimus
372 690 563 777 pretigendo
586 690 627 753 ab
652 691 792 754 ccclesia
814 690 964 755 Romana
985 691 1125 755 termino
1141 691 1364 773 destinandos,
1389 692 1472 756 forte
1490 685 1641 754 ibiuriam
1658 692 1718 756 tibi
1741 691 1860 756 feceri·

210 816 283 858 mus
312 794 508 858 evidentem.
558 793 654 858 Unde
683 794 774 858 locus
797 816 816 858 a
838 794 965 858 damnis
994 800 1027 859 et
1054 795 1198 872 iniuriis,
1232 817 1295 881 que
1325 795 1386 860 tibi
1407 794 1667 859 Lcmbardorum
1690 795 1860 859 temeritas

210 898 376 982 irrogavit.
422 897 493 971 Que
518 904 593 961 sunt
616 898 692 961 illa‘t
737 897 839 978 Pone,
862 897 948 981 quod
974 897 1129 983 plurima:
1154 905 1264 964 tamen
1287 900 1363 984 quia
1384 897 1580 962 Lcmhardis
1603 898 1725 984 paratis
1749 898 1859 963 subire

146 1014 158 1050 ὓ
211 999 368 1064 iudicium
400 1007 629 1086 procuratores
660 1001 707 1064 tui
733 1000 834 1064 nichil
864 999 924 1064 sub
947 1000 1052 1084 figura
1080 1000 1193 1065 iudicii
1221 1023 1404 1088 proponere
1432 1002 1620 1081 voluerunt,
1649 1002 1683 1065 in
1712 1000 1859 1066 favorem

209 1103 257 1166 tui
282 1103 422 1167 nominis
445 1102 487 1166 ad
509 1103 704 1188 provisionis
727 1103 910 1168 remedium
932 1125 992 1167 nos
1017 1105 1161 1190 oportuit
1183 1104 1304 1170 habere
1327 1127 1514 1180 recursum3
1538 1125 1600 1189 que
1624 1105 1858 1189 qualiscunque

208 1211 264 1270 tue
287 1205 505 1290 magnitudini
520 1205 678 1286 videatur,
701 1211 811 1270 tamen
830 1227 873 1271 ex
892 1207 948 1270 illa
965 1206 1142 1272 Lombardi
1160 1229 1195 1272 se
1212 1215 1364 1293 gravatos
1381 1209 1579 1294 intelligunt,
1604 1228 1643 1271 eo
1659 1207 1746 1291 quod
1761 1227 1860 1293 super

209 1308 330 1372 habitis
355 1313 468 1372 contra
489 1315 523 1372 te
546 1310 757 1394 processibus
781 1331 817 1374 se
841 1311 874 1374 in
897 1310 1026 1375 modico
1050 1312 1232 1398 culpabiles
1256 1334 1298 1376 ex
1317 1313 1424 1376 causis
1440 1312 1590 1398 plurimis
1610 1318 1858 1396 recognoscunt.

210 1410 277 1477 Sed
311 1413 479 1498 querelam
510 1413 642 1497 querele
677 1412 795 1494 adicis,
833 1421 867 1478 et
898 1415 1086 1499 subiungis,
1122 1415 1208 1499 quod
1240 1416 1274 1479 in
1304 1415 1491 1500 provisione
1521 1413 1671 1500 predicta
1698 1415 1787 1500 prior
1817 1416 1860 1478 sit

209 1515 330 1579 omissa
352 1516 525 1580 conventio
549 1514 589 1579 de
612 1515 770 1580 militibus
794 1516 1052 1601 quadringentis.
1096 1518 1148 1582 Ad
1172 1519 1235 1582 hoc
1263 1525 1373 1582 autem
1397 1538 1494 1604 quam
1517 1539 1691 1604 possumus
1714 1518 1860 1584 breviter

208 1626 242 1684 et
263 1619 371 1684 lucide
394 1619 641 1705 respondemus.
678 1619 750 1684 Scis
775 1621 872 1701 enim,
895 1622 959 1685 nisi
981 1620 1065 1685 forte
1089 1611 1247 1686 oblivioni
1270 1621 1471 1686 commiseris
1494 1621 1568 1684 aliis
1589 1621 1738 1708 pluribus
1762 1642 1857 1686 occu-

206 1729 313 1808 patus,
338 1722 424 1807 quod
447 1723 627 1787 secundum
654 1723 908 1788 declarationem
932 1725 1038 1788 felicis
1062 1725 1296 1789 recordationis
1318 1724 1459 1788 Honorii
1481 1744 1582 1810 pape,
1611 1723 1858 1809 predecessoris

207 1827 325 1908 nostri,
359 1847 455 1910 quam
479 1832 641 1912 sumptam
665 1848 708 1891 ex
730 1827 871 1911 regestis
895 1828 956 1892 tibi
978 1829 1188 1914 presentibus
1212 1829 1369 1892 mittimus
1393 1828 1605 1891 interclusam
1616 1827 1639 1907 ¹,
1670 1827 1857 1891 celsitudini

206 1937 262 1993 tue
286 1929 424 2015 predicti
454 1931 576 1994 milites
603 1929 824 2010 debebantur,
860 1931 887 1995 si
916 1937 1037 1995 statuto
1061 1953 1080 1995 a
1102 1939 1135 1996 te
1163 1931 1314 2017 passagio
1338 1937 1371 1995 et
1399 1952 1459 2017 per
1480 1929 1660 1994 Romanam
1684 1930 1859 1994 ecclesiam

208 2033 389 2118 approbato
413 2033 447 2095 in
470 2032 571 2097 Terre
597 2031 717 2097 Sancte
743 2033 925 2098 subsidium
947 2036 1169 2098 transivisses.
1214 2035 1336 2119 Igitur,
1369 2033 1455 2118 quod
1483 2053 1548 2097 non
1580 2032 1650 2097 sine
1673 2033 1858 2098 turbatione

206 2135 393 2216 referimus,
425 2156 498 2199 cum
528 2136 627 2199 talem
656 2137 829 2199 transitum
860 2137 979 2200 leceris
1016 2139 1100 2201 sicut
1131 2138 1252 2200 scimus
1287 2125 1321 2201 et
1352 2138 1454 2217 nosti,
1485 2136 1546 2200 tibi
1571 2135 1712 2222 predicti
1736 2137 1858 2201 milites

205 2261 271 2302 uon
294 2238 465 2303 debentur.
523 2237 559 2302 si
588 2259 654 2302 non
683 2237 845 2302 debentur
872 2245 905 2303 ct
932 2237 967 2303 ih
993 2241 1161 2326 premissis
1190 2241 1236 2303 nil
1259 2238 1300 2303 de
1324 2240 1590 2323 contingentibus
1615 2245 1666 2304 est
1690 2239 1857 2320 omissum,

205 2362 321 2425 quare,
345 2342 395 2404 vir
416 2340 562 2427 provide,
586 2342 799 2405 lamentaris?
823 2341 947 2406 Verum
971 2343 1000 2406 si
1022 2342 1062 2408 de
1085 2343 1274 2429 provisione
1297 2342 1445 2427 predicta
1467 2348 1500 2406 tc
1524 2346 1692 2426 gravatum
1715 2343 1857 2428 propriis

205 2447 258 2509 vel
281 2445 398 2509 alienis
421 2445 567 2510 moribus
591 2445 777 2524 arbitraris,
807 2466 905 2532 super
932 2446 995 2510 hoc
1018 2446 1114 2510 nobis
1136 2453 1226 2510 tuam
1250 2445 1378 2530 precise
1400 2466 1514 2510 resera
1537 2446 1753 2524 voluntatem,
1782 2446 1857 2530 quia

128 2565 153 2603 2⁰
206 2547 367 2612 oredimus
391 2549 560 2634 negotium
583 2550 616 2612 in
640 2555 760 2613 statum
782 2549 956 2634 pristinum
978 2571 1076 2636 posse
1100 2549 1273 2629 reducere,
1304 2549 1376 2614 iure
1405 2549 1574 2633 utriusque
1605 2549 1706 2635 partis
1729 2548 1857 2633 integro

205 2659 406 2717 remanente.

313 2772 388 2837 Dat.
413 2772 575 2857 Anagnia,
598 2771 632 2836 ΙΙ
653 2771 733 2836 Idus
757 2772 910 2857 Augusti,
934 2792 1019 2835 anno
1043 2773 1216 2858 septimo².

986 3326 1072 3398 553.
1167 3381 1174 3394 .

312 3457 502 3566 Gregorius
531 3483 586 3548 IX
609 3503 698 3564 papa
724 3482 927 3548 Fridcricum
956 3481 1171 3545 Rornanorum
1202 3482 1418 3562 inmundorum
1447 3485 1566 3560 monet,
1601 3486 1636 3544 ut
1663 3481 1857 3547 Sarracenos

203 3581 363 3666 Luceriae,
387 3589 442 3667 qui
464 3586 614 3652 Italicum
634 3587 752 3650 idioma
773 3605 837 3649 uon
858 3584 1051 3648 mediocriter
1074 3586 1259 3665 intelligant,
1289 3585 1428 3648 hortetur
1449 3584 1493 3649 ad
1513 3585 1705 3664 recipiendos
1727 3587 1762 3649 in
1780 3607 1856 3666 pecc

124 3725 150 3765 ᾖ
197 3690 323 3776 fratros
344 3690 466 3754 ordinis
488 3689 755 3767 Praeteritorum,
778 3707 855 3770 quos
876 3688 920 3752 ud
940 3706 990 3752 eos
1012 3688 1124 3753 utdmt.
1493 3691 1587 3766 1233,
1608 3689 1692 3771 Aac.
1714 3692 1767 3756 27.

307 3809 385 3878 orep.
405 3809 454 3863 rx
471 3809 541 3878 neq.
563 3808 622 3863 Vol.
641 3809 694 3876 Ν,
713 3811 838 3874 ao-ao;
857 3807 918 3863 Lib.
939 3807 1009 3874 ΠΙ,
1027 3813 1088 3862 310.

304 3894 440 3960 Postumi,
458 3895 530 3964 aeq.
549 3899 629 3949 saer.

381 4105 625 4197 Frideri00‚
653 4107 957 4181 Romanorum
984 4106 1240 4198 imperatori
1267 4126 1441 4196 semper
1467 4111 1676 4197 augusto,

717 4227 960 4301 Ierusalem
989 4232 1030 4301 et
1057 4226 1207 4300 Sicilie
1233 4225 1338 4318 regi.

125 4411 152 4452 ³0
310 4375 392 4442 Post
414 4377 572 4442 vicarium
595 4376 672 4442 Iesu
696 4377 835 4457 Christi,
857 4377 1041 4441 Romanum
1065 4376 1269 4462 pontificem,
1294 4375 1349 4460 qui
1371 4375 1567 4461 disponente
1590 4374 1733 4439 Domino
1757 4371 1852 4438 Chri-

203 4481 301 4546 stiani
323 4481 391 4545 dux
415 4488 466 4546 est
489 4487 523 4546 et
544 4482 701 4566 magister
732 4483 915 4562 exercitus,
945 4480 1043 4544 fidem
1074 4479 1269 4552 catholicam
1296 4478 1474 4543 defendere
1504 4500 1543 4543 ac
1572 4479 1659 4544 tueri
1683 4477 1854 4542 consuevit

202 4592 371 4669 augustus,
395 4586 450 4670 qui
473 4606 537 4648 non
551 4584 692 4649 inaniter
708 4585 877 4670 accepisse
901 4605 963 4647 nec
987 4584 1057 4647 sine
1082 4604 1182 4646 causa
1204 4587 1335 4668 portare
1351 4581 1495 4666 gladium
1513 4583 1668 4661 cernitur,
1693 4583 1721 4645 si
1745 4587 1854 4645 castra

200 4687 375 4752 Dominica
397 4696 574 4774 protegens
598 4695 709 4752 contra
733 4695 867 4753 cunctos
891 4689 1002 4752 hostes
1019 4687 1095 4751 fidei
1113 4687 1282 4773 preliatur.
1327 4683 1437 4749 Unum
1454 4686 1555 4770 igitur
1569 4686 1739 4769 utriusque
1754 4682 1855 4748 debet

201 4815 275 4858 esse
299 4794 481 4872 consilium,
504 4791 592 4856 idem
614 4798 736 4872 votum,
759 4798 796 4854 ut
810 4792 916 4871 vinea,
941 4811 1037 4876 quarn
1054 4791 1128 4854 tulit
1148 4789 1310 4852 Dominus
1326 4787 1367 4851 de
1384 4787 1526 4873 Egypto‚
1551 4788 1675 4852 eversis
1697 4786 1850 4870 gentibus
1865 4817 1924 4858 pm,
1939 4822 1995 4868 us.

202 4897 255 4960 vel
279 4897 446 4960 conversis
469 4894 630 4983 producat
652 4895 685 4957 in
709 4895 811 4958 maria
833 4895 985 4980 palmites
1010 4900 1043 4958 et
1059 4895 1145 4957 ultra
1160 4891 1315 4977 Ethiopie
1336 4890 1471 4953 flumina
1491 4891 1689 4976 propagines
1705 4887 1851 4952 fecundi·
1866 4919 1921 4961 md,
1938 4923 1972 4963 n.

202 5000 279 5063 tatis
303 4999 470 5064 extendat.
518 4997 572 5061 Sic
597 4997 759 5082 quondam
783 4997 930 5082 Moyses,
961 4997 1002 5060 ad
1026 5017 1123 5082 quem
1146 4996 1246 5060 fiebat
1270 5015 1375 5059 sermo
1398 4993 1548 5073 Domini,
1570 4995 1625 5077 qui
1648 4999 1699 5056 est
1720 4991 1850 5076 gladius
1864 5021 1933 5063 snm,
1950 5027 1995 5072 ng

202 5103 365 5189 specialis,
389 5101 550 5166 Amalech
573 5102 735 5180 oratione,
766 5099 864 5165 Icsue
888 5122 965 5164 vero
994 5101 1145 5165 minister
1173 5100 1243 5164 eius
1273 5105 1309 5162 ut
1334 5097 1455 5182 legitur
1477 5095 1563 5159 ferro
1589 5095 1790 5181 prostrabat,
1818 5101 1853 5160 ct
1879 5077 1976 5128 “W''

200 5227 265 5270 non
289 5207 393 5271 solum
409 5205 509 5268 nichil
527 5205 597 5270 sine
614 5205 761 5269 oratione
778 5204 958 5267 materialis
974 5204 1102 5288 gladius
1118 5209 1258 5288 poterat,
1282 5207 1333 5266 set
1349 5200 1520 5264 desinente
1543 5198 1604 5262 hac
1626 5198 1683 5262 ille
1706 5199 1854 5284 protinus

201 5309 445 5374 succumbebat.
497 5307 647 5393 Denique
677 5313 801 5372 tantam
831 5308 893 5372 heo
923 5308 1010 5372 inter
1033 5329 1068 5372 se
1091 5305 1279 5370 desiderent
1301 5304 1477 5382 unitatem,
1500 5309 1537 5366 ut
1559 5323 1632 5366 cum
1655 5300 1791 5366 fecisset
1813 5301 1853 5365 de

306 5493 618 5500 —----—.—-----
632 5492 896 5500 ----...-.-.-

120 5625 148 5664 40
304 5619 328 5686 1)
350 5617 392 5687 Os.
411 5635 438 5672 a.
459 5621 616 5673 327-330.
687 5617 714 5686 2)
733 5617 889 5686 Insperator
907 5620 979 5684 Aug.
998 5620 1044 5679 14,
1068 5615 1212 5682 autequam
1234 5613 1304 5666 hauc
1328 5611 1469 5681 epistolam
1490 5611 1607 5680 recepit,
1630 5625 1724 5679 papae
1742 5609 1856 5680 scripsit

199 5722 228 5764 se
245 5705 304 5760 etus
318 5705 506 5776 provisionem
525 5703 565 5772 [a.
586 5705 654 5774 531]
671 5705 762 5758 ratam
779 5701 885 5757 bebere
922 5699 1050 5766 Bdbmcr,
1068 5704 1139 5754 Acta
1160 5699 1230 5769 Imp.
1245 5715 1276 5768 p.
1293 5701 1358 5765 266,
1375 5713 1402 5751 n.
1422 5699 1487 5750 302.
