4494 6426
86 1543 98 1578 ὁ

73 2190 97 2224 lu

74 2739 99 2774 la

75 5043 102 5081 ὖ)

718 329 918 384 EPISTOerE
935 330 1125 387 SELECTAE.
1161 333 1238 389 1220.
1750 343 1807 403 105

152 501 364 567 devoverunt.
408 502 551 590 Propter
574 503 660 589 quod
684 503 829 589 expedit,
852 509 888 569 ut
905 507 1125 592 crucesignati
1148 515 1182 572 et
1199 509 1447 592 crucesignandi
1471 509 1512 574 ad
1528 509 1808 577 transhetandum

153 605 224 670 sine
247 607 335 670 omni
358 627 449 670 mora
464 607 630 686 festinent,
654 608 807 693 quatinus
824 607 1014 674 coadunatis
1032 609 1153 676 viribus
1167 610 1386 697 procedentes
1402 612 1543 692 facilius,
1568 622 1604 679 ut
1626 637 1807 703 speramus,

152 713 285 773 auctore
308 708 449 774 Domino
472 711 622 776 inimicos
645 713 787 776 nominis
810 711 989 777 Christiani
1012 715 1144 780 valeant
1166 714 1351 802 profligare.

262 836 337 901 Dat.
360 837 469 904 Later.
493 839 524 903 V
543 839 618 906 Kal.
642 840 801 906 Decsmh.
824 843 1032 928 pontificatus
1056 844 1158 907 nostri
1181 865 1265 908 anno
1290 844 1410 929 quinto.

1159 993 1170 1026 Ι

777 1107 1118 1114 -α--ῥ--ι--ο--μ--ὴ

943 1386 1026 1457 147.

263 1490 452 1585 Honor-rus
474 1523 541 1587 ΠΙ
552 1546 644 1604 papa
663 1523 864 1610 [erdocoico]
886 1525 958 1590 (tuci
979 1526 1142 1590 Bacurius
1164 1527 1271 1591 scribit
1298 1527 1336 1590 cte
1360 1527 1492 1590 taraciae
1519 1525 1751 1606 transfretandi
1773 1527 1809 1588 ia

155 1623 286 1688 Terram
308 1619 467 1690 Sanctam.
1449 1633 1544 1708 1220,
1566 1629 1645 1694 Νου.
1669 1631 1721 1696 30.

259 1745 331 1799 Han.
351 1746 408 1798 ΙΙΙ
423 1746 491 1814 Rea.
516 1747 571 1800 Vol.
592 1748 653 1808 ΙΙΙ,
673 1753 724 1808 37;
744 1747 806 1802 Lib.
831 1749 860 1812 V,
879 1753 940 1804 182.

256 1830 392 1894 Pottbaat
411 1831 483 1901 Rep.
503 1836 580 1886 6416.

669 2018 817 2092 Nobili
844 2021 940 2093 viro
971 2021 1071 2094 duci
1100 2021 1298 2096 Bavarie.

262 2167 344 2231 Cum
361 2169 550 2234 carissimus
574 2170 607 2233 in
624 2169 756 2234 Christo
773 2170 859 2235 filius
876 2177 988 2235 noster
1003 2171 1209 2252 Fredericus,
1225 2172 1445 2236 Romanorum
1468 2173 1645 2258 imperator
1662 2172 1806 2249 illustris,

153 2270 296 2355 quinque
319 2272 410 2335 milia
426 2294 607 2337 marcarum
630 2296 665 2339 se
689 2280 779 2338 certo
802 2275 941 2338 termino
967 2275 1148 2339 soluturum
1170 2277 1357 2362 promiserit
1380 2276 1450 2355 tibi,
1473 2275 1676 2362 promittenti
1699 2274 1806 2339 eidem

153 2381 187 2437 tc
216 2374 248 2437 in
276 2375 413 2439 instanti
441 2376 560 2442 Martio
588 2377 628 2441 ad
660 2377 911 2443 subventionem
942 2377 1120 2458 Christiani
1149 2381 1316 2445 exercitus
1346 2381 1572 2458 transiturum,
1604 2377 1808 2465 presentium

153 2477 214 2540 tibi
237 2479 430 2544 auctoritate
455 2479 678 2560 concedimus,
706 2488 757 2560 ut,
787 2483 815 2546 si
847 2481 935 2546 dicta
962 2482 1104 2568 pecunia
1131 2482 1191 2546 tibi
1221 2483 1330 2547 soluta
1356 2505 1421 2548 non
1444 2482 1545 2546 fuerit
1566 2482 1706 2548 termino
1729 2501 1807 2545 con-

155 2580 280 2660 stituto,
304 2587 339 2644 tu
360 2602 465 2666 usque
489 2582 530 2646 ad
553 2583 739 2667 Augustum
762 2585 948 2671 proximum
971 2584 1162 2649 dilationem
1185 2585 1309 2650 habeas
1332 2584 1574 2650 transfretandi.

262 2707 339 2774 Dat.
362 2711 514 2775 Lateren.
538 2710 573 2776 Π
596 2711 671 2778 Kal.
693 2713 900 2794 Decembris,
924 2734 1009 2778 anno
1032 2713 1154 2799 quinto.

775 2989 1187 3000 -—-——.-.-..-.

943 3249 1026 3322 148.

264 3365 452 3458 Honorias
466 3389 533 3455 ΙΙΙ
547 3411 635 3471 papa
648 3389 814 3476 [Pelagio]
830 3389 1005 3454 Atbaoeasi
1026 3391 1174 3472 episcopo,
1196 3395 1383 3474 apostoticae
1404 3392 1490 3457 sedis
1512 3393 1619 3474 legato,
1642 3388 1751 3456 scribit
1771 3388 1809 3453 dc

152 3497 356 3586 [erdowico]
377 3494 452 3559 duce
473 3493 637 3558 Bavarr'ac
656 3494 801 3575 proximo
822 3493 946 3557 Martio
967 3494 1011 3558 ad
1031 3513 1213 3559 succurram
1237 3497 1353 3562 Terrae
1375 3497 1510 3563 Sanctae
1532 3495 1717 3560 transituro.

260 3687 333 3743 Ηοη,
352 3685 409 3739 111
424 3683 491 3753 Rep.
511 3681 574 3737 Lib.
597 3682 627 3746 p
646 3685 709 3736 183.
1450 3601 1544 3677 1220,
1566 3598 1647 3662 Nor.
1668 3599 1721 3663 30.

433 3920 680 3997 Albanensi
707 3921 932 4012 episcopa,
960 3919 1204 4012 apostolice
1232 3920 1351 3995 sedis
1377 3921 1536 4014 legato.

260 4075 367 4139 Tuum
390 4079 424 4137 et
440 4071 542 4136 Terre
560 4069 679 4134 Sancte
703 4089 894 4132 succursum
918 4070 1104 4133 accelerare
1128 4070 1245 4134 ancxia
1262 4075 1462 4154 satagentes,
1492 4067 1712 4135 ordinavimus
1735 4086 1808 4130 cum

153 4179 328 4246 karissimo
360 4178 393 4241 in
421 4174 553 4240 Christo
581 4173 648 4237 filio
678 4179 790 4237 nostro
821 4171 997 4238 Frederico
1028 4173 1251 4238 Romanorum
1279 4175 1476 4260 imperatore
1506 4171 1640 4250 illustri,
1669 4176 1706 4232 ut
1734 4168 1810 4254 quia

152 4287 226 4372 ipsc
250 4288 325 4347 ante
347 4279 533 4368 proximum
555 4276 742 4360 Augustum
764 4277 986 4361 personaliter
1009 4277 1149 4343 transire
1172 4299 1237 4342 non
1260 4283 1384 4365 potest,
1407 4277 1581 4364 promittat
1602 4274 1636 4339 in
1659 4272 1826 4359 proximo.

154 4387 274 4453 Martio
297 4406 372 4450 cum
394 4388 487 4469 parte
511 4381 561 4445 sui
584 4380 750 4445 exercitus
772 4380 918 4445 nobilem
941 4380 1046 4444 virum
1070 4430 1101 4445 ..
1126 4380 1243 4446 ducem
1258 4381 1409 4463 Bavarie,
1433 4381 1466 4445 in
1483 4379 1637 4464 Augusto
1659 4374 1809 4464 proximo

72 4531 84 4552 -›
154 4513 229 4556 cum
245 4495 404 4576 apparatu
426 4483 587 4572 imperiali
603 4482 846 4567 magnificentia
867 4482 966 4568 digno
982 4485 1201 4570 personaliter
1216 4485 1422 4550 transiturus.
1467 4481 1520 4547 Ad
1538 4482 1682 4546 animum
1699 4483 1809 4542 autern

154 4595 259 4680 ipsius
282 4592 373 4656 ducis
397 4587 438 4654 ad
461 4587 494 4651 id
517 4586 633 4650 fortius
656 4585 856 4649 incitandum
880 4586 988 4651 eidem
1011 4588 1239 4674 promisimus,
1269 4587 1356 4673 quod
1385 4587 1448 4652 dno
1471 4587 1562 4652 milia
1585 4602 1767 4648 marcarum
1790 4603 1809 4644 a

155 4707 188 4763 te
224 4696 288 4762 sibi
319 4695 502 4758 faceremus
544 4689 654 4753 exolvi
693 4689 727 4752 in
761 4690 928 4755 exercitus
965 4690 1144 4756 Christiani
1182 4691 1328 4756 subsidio
1367 4687 1597 4757 convertenda.
1664 4685 1809 4770 Ideoque

153 4798 351 4866 fraternitati
386 4803 441 4860 tue
472 4792 673 4880 presentium
709 4794 903 4859 auctoritate
933 4794 1138 4877 mandamus,
1174 4797 1326 4882 quatinus
1362 4796 1390 4859 si
1425 4795 1493 4859 dux
1523 4792 1594 4880 ipse
1626 4810 1749 4854 moram
1777 4789 1810 4850 in

154 4903 305 4969 exercitu
339 4899 525 4964 Christiano
563 4895 679 4959 fecerit
713 4902 967 4980 congruentem,
1000 4898 1121 4964 dictam
1154 4899 1329 4986 pecuniam
1362 4897 1426 4962 sibi
1460 4896 1500 4962 de
1534 4895 1616 4974 hiis,
1651 4913 1713 4977 que
1750 4890 1810 4954 tibi

155 5006 318 5071 Dominus
347 5024 407 5089 per
429 4997 684 5065 misericordiam
714 5019 805 5062 suam
837 5007 871 5064 et
899 5023 958 5086 per
987 5009 1133 5066 nostrum
1163 5001 1307 5067 studium
1334 4997 1552 5077 ministrabit,
1580 5017 1639 5082 per
1661 4994 1810 5058 diversos

155 5109 315 5174 terminos
346 5106 470 5170 tribuas
500 5123 574 5168 cum
601 5123 642 5167 ea
670 5100 877 5187 providentia
910 5111 943 5170 et
972 5107 1116 5186 cautela,
1151 5105 1237 5192 quod
1267 5106 1301 5170 in
1332 5102 1486 5168 iamdicta
1514 5106 1601 5166 terre
1630 5093 1811 5162 subsidium

155 5216 376 5279 convertatur.

264 5339 339 5405 Dat.
363 5347 399 5405 ut
421 5359 528 5425 supra.

261 5719 322 5770 asc.
339 5718 418 5769 Pom.
436 5717 455 5768 1.
