4604 6420
982 363 1031 424 EX
1049 363 1224 425 untoonu
1242 361 1281 423 IX
1298 361 1479 426 REGlS'lilO

1184 668 1271 741 431.

508 782 699 895 Gramen
719 810 778 876 rx
799 831 887 892 papa
908 809 1093 896 [66666]
1116 807 1345 888 trecenteno
1365 805 1487 890 maeno
1512 805 1657 884 66666,
1686 809 1724 870 a
1748 807 1837 890 apae
1856 807 2058 874 naariam

401 912 615 980 Romanorum
628 915 846 995 imperatorem
860 917 972 995 partes
993 930 1069 976 6666
1089 911 1269 991 interponat
1290 910 1333 974 ad
1346 909 1539 974 restituenda
1553 909 1711 987 aniomsa,
1732 930 1812 990 qnae
1825 910 2059 994 flammicam

400 1021 430 1080 et
454 1016 643 1099 Templaeiis
663 1017 772 1082 661666
792 1017 924 1099 inerint.
1682 1013 1777 1091 1231,
1798 1012 1893 1082 Febr.
1914 1015 1969 1082 26.

504 1135 587 1204 (imp.
605 1135 657 1189 IX
671 1134 740 1206 1669.
758 1133 822 1189 Lib.
840 1135 896 1200 IV,
915 1136 963 1190 114
971 1143 994 1187 ⁸.

505 1219 641 1287 Potitum,
659 1220 728 1291 Rea.
747 1223 832 1276 8666.

912 1420 922 1439 .
951 1419 960 1438 .
993 1361 1162 1455 Regino
1189 1357 1543 1451 archiepiscopo.

511 1511 721 1598 Speravimus
744 1517 797 1592 ut,
832 1511 915 1576 sicut
936 1509 1032 1575 nobis
1054 1507 1299 1594 presentialiter
1321 1507 1517 1592 promisisti,
1543 1506 1777 1593 Hospitalariis
1801 1515 1835 1574 66
1856 1509 2055 1599 Templariis

402 1614 534 1680 restitui
566 1635 761 1700 procurares
795 1613 920 1696 ablata,
955 1620 1006 1678 set
1037 1612 1143 1677 adhuc
1176 1610 1295 1676 ablatis
1328 1610 1478 1696 primitus
1511 1609 1676 1690 destituti,
1710 1611 1782 1676 aliis
1816 1621 1891 1679 sunt
1926 1615 2056 1680 noviter

404 1717 547 1802 spoliati,
579 1718 665 1781 sicut
686 1715 781 1783 nobis
805 1737 917 1782 eorum
939 1713 1160 1780 lamentabilis
1184 1713 1375 1799 conquestio
1398 1711 1564 1798 patefecit.
1609 1712 1692 1778 Cum
1713 1714 1814 1800 igitur
1834 1724 1967 1804 propter
1990 1718 2054 1782 hoo

402 1818 558 1885 dilectum
591 1819 694 1884 filium
718 1869 726 1884 .
750 1869 757 1884 .
784 1818 937 1885 abbatem
961 1817 1142 1884 Oascmarii
1170 1815 1210 1880 ad
1241 1816 1445 1902 imperialem
1467 1817 1667 1902 presentiam
1689 1816 1905 1902 destinemus,
1935 1820 2052 1886 irater·
2110 1851 2136 1888 ιο

403 1923 539 1988 nitatem
562 1929 651 1988 tuam
672 1944 825 2008 rogamus
849 1929 882 1988 66
904 1944 1075 1988 monemus
1091 1927 1227 1996 attente,
1249 1942 1310 2006 per
1332 1919 1514 2005 apostolica
1536 1921 1660 2005 scripta
1673 1921 1878 2005 mandantes,
1901 1925 2055 2010 quatinus

402 2025 489 2112 apud
525 2026 728 2091 carissimum
760 2026 794 2090 in
829 2025 959 2092 Christo
993 2026 1096 2092 filium
1128 2031 1275 2089 nostrum
1303 2022 1532 2105 hodericum,
1567 2023 1789 2089 Romanorum
1822 2026 2055 2112 imperatorem

401 2128 562 2194 illustrem
592 2149 723 2214 semper
749 2135 926 2214 augustum
954 2135 988 2194 et
1010 2149 1123 2212 regem
1147 2126 1276 2208 Sicilie,
1306 2131 1342 2190 ut
1370 2125 1418 2190 ais
1446 2125 1557 2191 ablata
1578 2127 1730 2191 restituat
1752 2128 1920 2211 universa,
1951 2131 2055 2196 iuter-

401 2252 504 2317 ponas
528 2231 706 2296 efficaciter
728 2237 839 2318 partes
863 2239 948 2310 tuas,
969 2231 1017 2296 ita
1040 2229 1126 2317 quod
1149 2228 1354 2315 diligentiam
1376 2235 1466 2292 tuam
1479 2229 1653 2314 ,possimus
1677 2231 1794 2295 merito
1812 2231 2053 2300 commendare.

510 2353 549 2418 Iu
573 2352 714 2419 eundem
737 2352 868 2417 modum
893 2402 901 2417 .
926 2403 934 2418 .
956 2353 1204 2439 archiepiscopo
1229 2349 1417 2436 Oapuan01.
1582 2446 1584 2458 1
2107 2375 2132 2412 a

508 2472 597 2537 Data
618 2479 655 2538 66
677 2494 785 2560 supra.

1025 2593 1436 2602 Ἥ-

1185 2817 1274 2892 436.

505 2927 564 3022 F
554 2955 709 3020 6661666666
730 2954 944 3020 Romanorum
970 2956 1140 3038 inperator
1164 2954 1315 3039 Greporio
1336 2953 1394 3019 IX
1412 2974 1520 3036 papae
1547 2955 1591 3021 ad
1611 2956 1680 3022 aas
1700 2961 1962 3026 commonitionem
1978 2983 2056 3044 pro

402 3058 514 3137 mittit,
545 3076 578 3123 66
605 3077 724 3123 onenem
744 3057 984 3124 sollicitudinem
1005 3061 1221 3142 impensarum
1242 3077 1306 3123 esse
1327 3057 1371 3122 ad
1396 3058 1620 3125 medicandam
1640 3063 1832 3142 pronitatem
1859 3064 2055 3145 6666666666,

402 3180 482 3240 quae
503 3161 539 3224 in
561 3179 656 3244 repeto
678 3159 808 3228 Siciliae
830 3159 997 3242 Neapolim
1018 3167 1047 3227 et
1068 3164 1223 3228 Aversam
1239 3164 1409 3244 parteseae
1429 3162 1550 3227 vianae
1570 3163 1716 3248 infecisse
1737 3165 1893 3232 dicatrer².

990 3318 1001 3324 .
1681 3271 1774 3348 1231,
1796 3269 1889 3335 Febr.
1911 3273 1964 3337 28.
2105 3301 2133 3340 ao

508 3347 588 3415 arey.
607 3346 657 3399 rx
673 3345 740 3415 me.
765 3348 820 3403 Va.
838 3349 883 3414 11,
903 3353 954 3418 aa·
971 3351 1034 3404 me.
1053 3351 1107 3416 ιν,
1126 3355 1184 3405 131.

505 3431 561 3486 Ed.
581 3431 874 3499 fluitare-Betooun,
895 3437 958 3491 aaa.
978 3437 1046 3507 dipl.
1065 3437 1145 3492 ulta.
1164 3439 1205 3500 ΙΙ,
1224 3442 1243 3490 6.
1262 3439 1320 3500 ΙΙΙ,
1337 3453 1367 3506 p.
1385 3440 1451 3491 268.

511 3996 702 4110 &reportas
724 4027 782 4092 IX
798 4048 886 4109 papa
907 4028 1067 4093 universis
1087 4027 1286 4093 ecclesiaram
1300 4029 1460 4110 praelatis
1480 4030 1627 4110 mandat,
1655 4035 1692 4095 nt
1710 4039 1783 4098 'aim
1802 4053 1860 4097 rac
1882 4030 2054 4098 Personam

401 4128 619 4194 talaminiam
636 4130 752 4195 Terrae
773 4130 910 4220 Sanctae
930 4131 1096 4195 intendens
1116 4131 1182 4195 iam
1203 4131 1342 4196 amans
1363 4137 1392 4197 et
1413 4133 1481 4198 alia
1503 4134 1572 4199 loca
1592 4133 1655 4198 sibi
1675 4134 1895 4218 sabiupaoerit,
1916 4135 2055 4200 subditos

402 4249 474 4294 suos
494 4230 539 4295 ad
558 4233 648 4298 illias
670 4236 771 4299 666666
792 4252 973 4299 8666668666
994 4235 1136 4299 66666666.
1678 4239 1773 4320 1231,
1794 4237 1888 4304 Febr.
1910 4240 1963 4303 28.
2104 4271 2131 4309 oe

507 4350 588 4419 (irco.
607 4351 657 4405 IX
673 4351 739 4422 Rea.
757 4352 820 4408 Lib.
839 4353 893 4419 IV,
912 4354 993 4408 1201).
1032 4351 1153 4408 Edimna
1171 4369 1205 4407 66
1223 4353 1316 4424 Rapo.
1335 4357 1407 4408 Ann.
1425 4356 1487 4410 eccl.
1505 4373 1531 4412 a.
1549 4359 1627 4420 1231,
1645 4359 1662 4421 §
1681 4361 1725 4411 55.

762 4548 994 4626 Universis
1020 4549 1366 4642 archiepiscopis
1393 4555 1435 4626 et
1469 4550 1693 4644 episcopis

508 4666 549 4735 ct
575 4664 752 4741 dilectis
777 4669 886 4746 filiis
913 4671 1012 4746 aliis
1039 4670 1327 4745 eeclesiarum
1353 4665 1555 4764 prelatis,
1583 4673 1635 4746 ad
1663 4694 1776 4766 quos
1801 4672 1948 4748 littere

1027 4791 1110 4864 iste
1136 4791 1429 4883 pervenerint.

508 4930 570 4997 Ille
585 4931 719 5000 humaui
733 4937 865 5022 generis
880 4937 1037 5025 pervicax
1052 4938 1214 5020 inimicus,
1237 4939 1449 5005 concinnator
1464 4937 1611 5028 perfidie,
1633 4936 1874 5025 desperationis
1890 4941 2050 5024 incentor,
2102 4963 2130 5002 m

401 5032 467 5098 odii
489 5045 695 5122 procurator,
718 5061 784 5107 non
807 5047 981 5107 contentus
1003 5041 1091 5127 quod
1113 5043 1147 5106 in
1170 5042 1309 5128 singulis
1332 5041 1456 5108 Christi
1477 5041 1630 5108 fidelibus
1652 5040 1751 5106 tidem
1773 5048 1927 5125 66666666,
1957 5065 2051 5131 apem

509 5329 530 5395 ¹)
548 5330 604 5382 66.
623 5332 667 5398 1v,
687 5329 737 5384 uo
755 5333 826 5386 66.
839 5350 869 5400 p.
890 5337 956 5396 666·
973 5337 1008 5402 cf.
1028 5338 1090 5400 rae,
1108 5344 1160 5388 noc
1178 5354 1203 5388 a.
1285 5335 1307 5403 b)
1325 5338 1381 5389 ms.
1403 5339 1447 5400 rv,
1467 5334 1518 5388 129
1535 5337 1620 5406 napa

501 5464 529 5532 1)
548 5465 659 5520 Iacobo.
759 5467 786 5535 2)
805 5468 899 5522 Mense
916 5469 1067 5525 Februario
1085 5501 1118 5509 -—
1136 5470 1289 5541 imperator
1305 5489 1356 5542 pro
1374 5471 1517 5541 capiendis
1535 5470 1681 5526 Patarenis
1698 5470 1774 5540 apud
1792 5470 1940 5540 Neapolim
1959 5469 2050 5525 mittit

399 5547 536 5619 Reginum
559 5551 804 5622 archiepiscopum.
840 5555 975 5626 1166666
993 5557 1020 5612 S.
1041 5556 1131 5612 Germ.
1150 5573 1176 5611 a.
1194 5561 1275 5620 1231,
1300 5557 1348 5613 SS.
1366 5563 1384 5613 t.
1405 5557 1484 5610 XIX
1489 5598 1495 5621 ,
1514 5573 1546 5626 p.
1565 5559 1630 5610 363.
1649 5587 1679 5596 -
1700 5556 1796 5610 Etiam
1818 5557 1936 5611 edictam
1952 5560 2049 5611 eontra

395 5633 642 5706 6666666661224,
661 5638 749 5695 Mart.
767 5639 868 5694 editam
886 5639 925 5707 [n.
945 5644 1013 5711 246]
1031 5643 1081 5695 hoe
1101 5648 1218 5711 tempore
1235 5642 1385 5696 innotraase
1403 5641 1521 5695 videtur.
1541 5640 1635 5712 Bayn.
1653 5658 1679 5695 a.
1698 5647 1776 5706 1231,
1793 5645 1810 5707 §
1827 5646 1870 5697 19.
2101 5666 2127 5706 ³5
