4590 6366
769 369 968 426 EPISTULAE
985 370 1174 427 SELECTAE.
1207 373 1282 427 1235.
1353 395 1366 424 s
1791 377 1853 437 545

203 545 339 609 audacia
354 544 491 609 vacandi
506 544 690 630 frequentia
706 546 888 632 pravitatis,
911 545 988 609 dum
1004 548 1086 610 tanti
1109 548 1243 610 sceleris
1260 552 1445 632 patratores
1469 567 1512 610 ex
1534 546 1664 610 illorum
1679 547 1854 632 dampnato

205 650 345 733 collegio
368 649 586 735 procedentes
609 650 770 713 immunes
793 671 813 712 a
836 648 1001 734 stipendio
1017 650 1206 713 meritorum
1223 650 1368 714 evasisse
1386 649 1601 735 conspiciunt,
1627 657 1660 714 et
1683 671 1750 728 eos,
1774 672 1855 735 quos

204 752 291 816 inter
313 754 536 839 preminentes
553 753 689 837 plantas
721 753 861 816 ecclesie
889 751 1031 837 providit
1053 751 1214 816 Dominus
1236 753 1344 816 locum
1367 752 1601 836 magnitudinis
1626 752 1792 830 obtinere,
1822 754 1855 817 in

204 863 351 919 extreme
374 856 583 919 necessitatis
606 855 744 918 articulo
772 855 966 941 produxisse
989 855 1132 934 fructus,
1165 856 1320 940 equitatis
1343 855 1476 919 odorem
1500 863 1534 920 et
1557 878 1708 942 saporem
1730 858 1855 922 iustitie

204 979 269 1023 non
293 959 463 1034 habentes,
487 958 741 1043 dampnabiliter
763 959 953 1042 gloriantur,
986 979 1051 1021 non
1075 959 1181 1022 levem
1205 959 1470 1022 subsannationis
1496 957 1645 1022 habendo
1675 960 1855 1036 materiam,

206 1062 290 1146 quod
319 1062 512 1126 inconsultis
542 1061 637 1125 nobis
660 1061 701 1124 ad
725 1063 807 1124 tanti
830 1061 1125 1142 consumationem,
1154 1082 1195 1125 ne
1219 1061 1366 1125 dicamus
1390 1060 1633 1140 confusionem,
1665 1064 1793 1147 negotii
1813 1063 1855 1126 sit

201 1185 401 1249 processum.

311 1293 420 1367 Quare
443 1295 476 1358 in
499 1302 633 1382 pectore
662 1301 773 1370 nostro
804 1316 868 1358 non
897 1296 979 1359 levis
1009 1301 1227 1378 consurgente
1258 1295 1386 1358 turbine
1410 1294 1608 1379 questionis,
1636 1293 1698 1356 viri
1725 1292 1854 1371 fratres,

204 1418 341 1482 querere
366 1399 528 1482 cogimur,
558 1397 645 1482 quod
668 1420 767 1483 super
795 1406 973 1461 memorato
997 1419 1154 1483 processu
1189 1420 1286 1462 cause
1315 1398 1494 1485 presidium
1516 1398 1569 1461 vel
1599 1397 1735 1460 rationis
1757 1397 1856 1461 fuerit

203 1502 437 1566 fulcimentum.
482 1501 584 1565 Porro
608 1501 695 1586 quod
717 1522 849 1586 prorsus
872 1502 998 1565 nullum
1023 1502 1184 1576 extiterit,
1215 1509 1307 1587 patet
1335 1507 1528 1586 argumento
1557 1500 1746 1585 multiplicis
1769 1499 1855 1562 veri-

201 1605 289 1669 tatis.
336 1605 434 1668 Scitis
470 1606 573 1684 enirn,
611 1604 696 1689 quod
730 1604 870 1668 dilectus
898 1603 971 1668 Deo
1004 1605 1137 1690 Moyses
1172 1605 1213 1669 de
1249 1607 1405 1690 peculiari
1439 1605 1560 1691 populo
1591 1603 1757 1668 Creatoris
1792 1604 1855 1667 sibi
1874 1623 2026 1674 aroanna.

203 1708 340 1792 singulis
363 1707 550 1771 nationibus
574 1707 754 1792 predilecto
786 1728 895 1770 curam
926 1729 1044 1793 gerens
1074 1716 1108 1772 ct
1137 1710 1224 1773 inter
1251 1710 1341 1794 ipsos
1373 1708 1538 1782 iudicans,
1571 1727 1644 1774 cum
1672 1707 1781 1790 aliqua
1807 1705 1855 1770 eis
1899 1681 1996 1728 etsoqa

204 1809 401 1895 disceptatio
424 1809 604 1888 accidebat,
629 1811 693 1873 etsi
716 1810 818 1873 fretus
843 1811 978 1874 salutari
996 1812 1132 1876 consilio
1156 1833 1177 1876 a
1198 1813 1352 1875 virtutum
1367 1811 1497 1874 domino
1521 1810 1690 1895 inspirato,
1713 1830 1753 1872 nc
1778 1830 1855 1873 con-

204 1920 353 1998 sumptus
376 1914 488 1977 labore
512 1913 683 1990 deficeret,
716 1912 847 1976 duxerit
870 1913 1092 1994 statuendum,
1122 1921 1173 1992 ut,
1206 1936 1245 1978 co
1269 1915 1302 1977 in
1325 1914 1388 1978 hiis
1411 1933 1473 1997 que
1499 1912 1539 1975 ad
1561 1912 1669 1976 Deum
1690 1913 1856 1998 pertinent

203 2017 378 2096 existente,
401 2017 463 2079 viri
486 2017 620 2095 strenui,
645 2037 727 2101 quos
750 2016 790 2080 de
815 2023 932 2080 cuncto
954 2017 1124 2082 Isdrahele
1148 2019 1306 2100 elegerat,
1329 2018 1486 2103 populum
1502 2015 1635 2079 Domini
1658 2015 1856 2089 iudicarent;

203 2126 314 2184 tamen
337 2120 401 2205 ipsi
423 2118 571 2184 faciliora
596 2119 821 2184 tantummodo
844 2119 1043 2200 iudicantes,
1067 2119 1109 2184 ad
1132 2142 1207 2184 earn
1231 2119 1387 2204 quidquid
1410 2127 1481 2192 crat
1503 2119 1634 2204 gravius
1659 2118 1854 2182 referebant.

201 2222 383 2286 Preterea³
405 2223 520 2303 nostis,
544 2230 579 2286 ut
595 2222 767 2302 eredimus,
792 2222 917 2288 dixisse
931 2222 1119 2305 Dominum,
1142 2232 1238 2311 prout
1262 2225 1295 2287 in
1312 2223 1420 2286 divine
1444 2222 1528 2306 legis
1553 2221 1637 2285 scria
1654 2221 1853 2284 continetur:

201 2323 253 2387 ‘Si
277 2323 409 2388 difficile
433 2333 466 2388 et
489 2323 676 2410 ambiguum
700 2325 787 2412 apud
814 2333 846 2390 te
879 2325 1035 2390 iudicium
1060 2348 1134 2391 esse
1162 2326 1374 2412 perspexeris
1398 2326 1483 2388 inter
1505 2325 1699 2408 sanguinem
1723 2332 1756 2388 et
1779 2345 1853 2388 san·
1884 2341 1950 2382 nour.
1966 2346 1999 2394 rr,

202 2427 350 2510 guinem,
379 2448 510 2491 causam
538 2435 571 2492 ct
603 2450 749 2509 causam,
781 2429 905 2514 lepram
938 2437 972 2494 et
1000 2430 1138 2515 lepram,
1166 2436 1200 2493 et
1227 2429 1371 2493 iudicum
1398 2428 1484 2491 intra
1512 2433 1622 2514 portas
1652 2435 1726 2491 tuas
1753 2427 1855 2491 verba
1904 2397 1975 2436 Μ’

202 2531 321 2594 variari
344 2530 474 2607 videris,
499 2552 596 2615 surge
620 2539 653 2596 et
675 2532 816 2598 ascende
841 2533 881 2596 ad
904 2535 1021 2611 locum,
1045 2553 1142 2617 quem
1167 2533 1305 2617 elegerit
1319 2531 1481 2596 Dominus
1504 2530 1585 2594 deus
1609 2537 1701 2605 tuus;
1724 2530 1854 2594 venies-

201 2653 264 2719 que
286 2631 328 2696 ad
351 2633 539 2698 sacerdotes
562 2633 703 2698 Levitici
727 2637 857 2721 generis
881 2643 914 2700 et
937 2635 978 2699 ad
1001 2635 1157 2717 iudicem,
1186 2637 1240 2721 qui
1273 2635 1371 2700 fuerit
1402 2636 1458 2698 illo
1481 2641 1643 2719 tempore,
1672 2653 1854 2719 queresque

183 2736 241 2801 'ab
266 2737 325 2816 eis,
349 2738 405 2821 qui
426 2737 615 2801 indicabunt
638 2739 697 2802 tibi
720 2738 832 2802 iudicii
847 2740 1031 2818 veritatem,
1055 2746 1089 2804 ct
1105 2740 1216 2816 facies,
1240 2738 1456 2824 quodcunque
1476 2737 1620 2801 dixerint
1642 2737 1697 2820 qui
1718 2741 1855 2822 presunt

200 2840 273 2903 loeo
297 2860 394 2924 quem
418 2839 556 2923 elegerit
579 2840 750 2922 Dominus,
774 2849 807 2906 et
830 2842 1002 2907 docuerint
1024 2851 1057 2908 te
1081 2845 1173 2906 iuxta
1193 2845 1301 2927 legem
1325 2843 1406 2922 eius,
1431 2842 1642 2926 sequerisque
1660 2840 1855 2903 sententiam

201 2962 324 3020 eorum,
346 2963 411 3006 non
428 2942 606 3007 declinabis
629 2944 670 3007 ad
686 2944 856 3008 dexteram
879 2947 932 3010 vel
956 2947 1135 3022 sinistram;
1159 2947 1214 3030 qui
1232 2953 1343 3010 autem
1360 2945 1559 3031 superbierit
1581 2943 1696 3006 nolens
1720 2941 1855 3006 obedire

125 3091 135 3104 .
203 3044 383 3109 sacerdotis
413 3044 568 3131 imperio,
602 3047 656 3131 qui
692 3068 731 3111 eo
761 3055 909 3133 tempore
939 3049 1103 3112 ministrat
1132 3049 1274 3113 Domino
1305 3048 1367 3112 deo
1394 3056 1467 3124 tuo,
1502 3053 1535 3109 et
1564 3045 1697 3110 decreto
1725 3044 1854 3127 iudicis,

200 3146 378 3212 morietur.’
446 3148 518 3221 Qua
551 3149 652 3233 igitur
683 3152 868 3216 temeritate
903 3173 1035 3216 causam
1069 3151 1147 3217 fidei
1182 3151 1313 3236 dignam
1347 3150 1548 3237 quibuslibet
1582 3148 1753 3228 anteferri,
1791 3170 1854 3235 que

200 3251 371 3337 potissime
396 3253 512 3315 summi
534 3253 698 3338 pontificis
722 3255 866 3318 examini
889 3255 1115 3340 competebat,
1146 3261 1334 3319 avertentes
1365 3275 1384 3316 a
1411 3252 1522 3317 debita
1552 3251 1647 3315 nobis
1672 3252 1856 3316 reverentia

200 3353 328 3434 faciem,
352 3362 623 3440 presumpserunt
637 3357 736 3441 aliqui
752 3357 938 3437 terminare,
962 3358 1054 3442 quasi
1071 3343 1446 3442 auetoritatispremisse
1461 3354 1566 3419 nescii
1581 3354 1633 3417 vel
1651 3354 1691 3418 ab
1708 3353 1855 3418 eiusdem

201 3457 370 3522 intellectu
399 3459 573 3544 perspicuo
603 3461 793 3544 peregrini?
840 3461 911 3534 Quo
940 3462 1076 3524 consilio
1107 3461 1207 3525 iidem
1235 3459 1276 3523 ad
1306 3460 1600 3543 transgressionem
1629 3457 1855 3521 mandatorum

125 3615 130 3629 .
202 3559 336 3624 Domini
358 3567 608 3647 processerunt?
654 3561 726 3635 Quo
749 3565 838 3640 iure,
867 3563 952 3648 quod
976 3565 1083 3627 estin
1107 3565 1265 3628 canoniea
1287 3564 1454 3626 sanctione
1478 3563 1686 3648 precipuum,
1709 3559 1750 3625 ab
1773 3562 1854 3646 ipsis

201 3669 267 3726 tam
290 3663 479 3727 notabiliter
501 3665 610 3728 extitit
633 3667 903 3749 pretermissum?
955 3666 1111 3751 Nunquid
1133 3667 1272 3731 facultas
1297 3667 1344 3731 eis
1368 3666 1482 3729 aberat
1505 3664 1618 3728 sedem
1641 3664 1854 3750 apostolicam

201 3765 410 3840 consulendi,
445 3788 519 3831 cum
551 3776 585 3832 et
612 3770 760 3834 locorum
787 3770 1007 3854 longinquitas
1034 3772 1087 3834 vel
1117 3772 1282 3834 anfractus
1312 3769 1438 3834 itineris
1469 3775 1527 3832 aut
1555 3767 1726 3832 tremenda
1756 3768 1854 3833 elatio

201 3869 311 3954 pelagi
350 3871 526 3950 sevientis,
566 3894 625 3957 pro
659 3893 723 3957 qua
759 3873 822 3936 celi
856 3874 1000 3957 claviger
1035 3895 1100 3936 non
1138 3874 1291 3958 expavit,
1326 3873 1404 3958 quin
1439 3871 1600 3936 Salvatori
1636 3870 1779 3950 diceret,
1819 3877 1856 3934 ut
1873 3887 2027 3938 satanae.

202 3971 265 4035 sibi
289 3971 373 4055 quod
401 3995 462 4058 per
488 3995 589 4058 aquas
618 3974 659 4037 ad
684 3995 758 4038 eunt
784 3974 980 4059 procederet
1008 3977 1199 4061 imperaret,
1232 3975 1356 4039 nullum
1383 3975 1464 4061 ipsis
1494 3975 1627 4039 afferret
1651 3976 1856 4040 obstaculum

203 4079 459 4163 nunciorumque
491 4077 627 4162 penuria
656 4077 781 4140 nullum
811 4078 1033 4142 excusationis
1065 4079 1224 4142 tribueret
1252 4078 1497 4143 fulcimentum?
1541 4077 1696 4162 Nunquid
1727 4079 1857 4142 illorum

203 4183 359 4246 memorie
389 4182 553 4268 capacitas
585 4202 651 4244 non
680 4179 840 4260 habebat,
871 4180 957 4265 quod
985 4180 1027 4244 ad
1057 4187 1299 4245 sacrosanctam
1329 4181 1512 4246 Romanam
1542 4182 1732 4258 ecclesiam,
1764 4180 1855 4244 euius

201 4284 421 4350 fundamentis
449 4307 547 4370 super
575 4292 702 4370 petram
732 4285 847 4370 positis
879 4285 1016 4370 quisque
1048 4284 1135 4349 cedit
1163 4286 1305 4371 impetus
1328 4287 1550 4372 tempestatis,
1580 4286 1614 4349 in
1637 4283 1800 4369 ambiguis
1823 4290 1857 4348 et

202 4389 370 4452 fluctuosis
394 4389 636 4475 questionibus,
666 4410 726 4474 per
748 4408 829 4471 quas
857 4387 1007 4452 imminet
1035 4388 1239 4472 naufragium
1263 4389 1357 4470 fidei,
1390 4390 1419 4454 si
1445 4410 1510 4453 non
1534 4388 1701 4473 contingat
1723 4386 1856 4452 easdem

203 4513 360 4577 prospere
385 4492 571 4573 terminari,
605 4493 646 4555 sit
674 4490 806 4554 assidue
837 4491 1092 4556 recurrendum?
1127 4493 1300 4576 presertim
1329 4515 1402 4557 cum
1434 4492 1540 4558 dictus
1573 4493 1731 4577 claviger,
1763 4491 1856 4555 euius

204 4594 339 4658 arbitrio
363 4593 451 4658 orbis
474 4595 670 4659 universitas
702 4595 840 4657 solvitur
862 4601 896 4658 et
923 4594 1043 4679 ligatur
1066 4595 1223 4681 cuiusque
1251 4594 1372 4659 indicia
1393 4617 1413 4660 a
1436 4595 1604 4660 conditore
1628 4595 1753 4660 iustitie
1777 4615 1854 4658 con-

202 4697 382 4777 firmantur,
406 4696 518 4761 audire
540 4697 713 4760 meruerit:
738 4694 824 4780 ‘Ego
848 4717 906 4781 pro
930 4703 963 4761 te
987 4697 1109 4782 rogavi,
1133 4697 1243 4778 Petro,
1267 4705 1391 4761 utnon
1414 4696 1650 4763 deficiatfides
1673 4704 1739 4778 tua,
1764 4705 1798 4762 et
1820 4705 1856 4761 tu
1873 4709 1927 4752 Luc·
1941 4713 2010 4762 mu·

203 4799 376 4885 aliquando
401 4820 578 4864 conversus
602 4800 757 4864 confirma
779 4793 895 4864 fratres
918 4801 1020 4880 tuos',
1049 4822 1123 4865 cum
1147 4802 1246 4866 etiam
1271 4799 1404 4865 dubium
1435 4822 1501 4865 non
1525 4802 1661 4881 existat,
1692 4801 1778 4886 quod
1801 4799 1857 4885 qui

204 4925 316 4969 seeum
338 4924 403 4967 non
427 4904 566 4988 colligit,
597 4903 739 4989 spargit,
772 4909 805 4966 et
827 4923 923 4966 nemo
946 4924 1089 4988 unquam
1114 4902 1175 4968 sub
1198 4903 1322 4967 diluvio
1346 4904 1451 4967 seculi
1478 4925 1544 4968 non
1574 4904 1608 4966 in
1630 4924 1706 4966 arca
1729 4903 1856 4988 positus
1874 4911 2027 4964 aaronem.

205 5015 424 5073 conservatur.

315 5138 381 5203 Sed
398 5136 475 5224 quid
491 5138 532 5202 ad
547 5139 633 5200 ista?
668 5134 734 5199 Cur
751 5134 859 5199 studio
876 5136 1141 5220 exaggerationis
1158 5134 1382 5201 intendimus?
1416 5134 1482 5199 Cur
1496 5133 1703 5218 questionum
1719 5134 1856 5220 cumulis

204 5242 435 5306 immoramur?
473 5240 575 5306 Porro
591 5239 712 5304 nedum
734 5239 899 5325 provectis
923 5246 956 5303 et
978 5239 1196 5327 prudentibus
1214 5248 1266 5304 set
1282 5238 1426 5325 parvulis
1450 5243 1483 5302 et
1505 5237 1627 5321 ignaris
1650 5242 1759 5322 potest
1781 5257 1856 5301 esse

204 5344 373 5431 liquidum,
394 5344 481 5430 quod
497 5345 538 5409 de
555 5343 724 5429 premissis
740 5343 877 5406 multum
895 5343 938 5407 sit
953 5342 1136 5408 devotionis
1153 5350 1187 5406 et
1203 5342 1389 5406 obedientie
1405 5341 1662 5427 pretermissum,
1682 5339 1856 5425 presertim

310 5641 333 5708 ⁸)
351 5644 689 5695 Pretarca-immoramur
706 5658 737 5693 ec
755 5637 818 5710 Rip.
837 5649 860 5692 et
877 5639 966 5692 uram.

307 5756 369 5808 Rra.
387 5756 468 5805 Pour.
487 5756 507 5808 1.
