4560 6420
433 413 494 480 726
1010 406 1058 466 EX
1077 403 1253 466 ennoean
1270 403 1308 464 m
1328 403 1508 465 REGIs'PRO
1557 445 1560 452 ι

429 609 519 654 mum
542 587 630 653 sedis
662 588 843 675 apostolice
866 586 969 652 filium
993 586 1162 673 oportunis
1186 584 1354 650 favoribus
1385 585 1623 672 prosequendo.
1679 584 1733 650 Ad
1755 583 1835 666 hoc,
1864 585 1894 650 si
1916 586 1958 651 F.
1983 585 2091 653 dictus

430 692 608 778 imperator
631 692 728 758 corde
752 693 891 756 contrito
916 697 950 756 et
971 690 1086 755 humili
1109 697 1278 775 assumpto
1301 688 1502 775 penitudinis
1532 689 1649 776 spiritu
1677 689 1801 754 rediret
1831 689 1872 754 ad
1896 690 2092 755 mandatnm

431 795 544 860 matris
569 794 709 860 ecclesie
732 801 937 874 reverenter,
967 801 1081 881 parata
1107 800 1197 859 esset
1219 815 1333 880 pacem
1356 793 1534 858 reformare
1558 815 1631 857 cum
1654 793 1743 878 ipsc,
1773 813 1836 878 que
1860 793 1902 857 ad
1925 794 2090 858 honorem

429 898 505 979 Dei,
528 905 740 982 augmentum
764 897 924 962 catholice
947 897 1024 962 fidei
1046 917 1085 962 ac
1110 898 1334 964 ecclesiastice
1359 896 1520 962 libertatis
1544 903 1578 962 et
1601 896 1745 981 quietem
1770 895 1951 961 Christiani
1973 899 2091 985 populi

430 1001 629 1066 redundaret
638 1003 659 1082 ¹,
682 1007 718 1066 ut
741 1023 784 1067 ex
807 1021 847 1066 ea
869 1002 969 1066 etiam
992 1001 1052 1066 tibi
1075 1006 1189 1088 posset
1211 1002 1347 1068 liberius
1371 1008 1405 1067 et
1427 1001 1539 1066 utilius
1563 999 1741 1065 subveniri.

539 1121 661 1186 Datum
684 1122 792 1190 Later.
817 1122 893 1188 Kal.
917 1123 1003 1206 Iulii,
1027 1143 1113 1188 anno
1136 1124 1210 1190 XV.

1053 1363 1463 1372 ..ψ-Μ,-

1095 1619 1098 1624 ⁸
1215 1628 1302 1702 827.

538 1740 729 1852 Graecam
750 1768 806 1834 IX
819 1788 910 1850 papa
930 1768 1079 1853 [Iacobo]
1100 1769 1238 1850 episcopo
1263 1731 1469 1834 Praenestino
1496 1772 1525 1834 ct
1551 1768 1660 1834 octaris
1687 1769 1724 1832 ia
1745 1771 1925 1850 captivitato
1948 1772 2090 1853 impara-

429 1873 506 1937 toris
527 1873 730 1939 abactae
751 1873 865 1938 iterum
887 1872 1010 1939 litteras
1031 1874 1257 1938 consolatorios
1278 1872 1382 1940 ararit
1430 1871 1479 1958 Of.
1502 1893 1534 1938 a.
1557 1874 1631 1940 820.
1736 1875 1830 1953 1241,
1854 1874 1919 1941 Iat.
1942 1879 1997 1940 31.

533 1992 616 2062 (ἔτερ.
634 1992 683 2045 IX
699 1991 768 2062 ch.
786 1991 849 2046 Lib.
868 1992 934 2062 XV,
952 1997 1013 2048 109.
1049 1993 1170 2048 Edimus
1189 2009 1224 2048 ca
1242 1993 1337 2064 Roya.
1356 1996 1428 2048 ΑΜ.
1447 1992 1508 2046 cccl.
1526 2009 1552 2046 o.
1571 1995 1645 2058 1241,
1661 1995 1678 2056 §
1697 1995 1810 2049 71—75.

534 2077 671 2162 Porthast,
689 2078 757 2150 Rep.
777 2083 873 2135 11050.

428 2287 649 2362 Penestrino
677 2288 866 2382 episcope,
895 2289 1204 2382 Rothomagensi,
1231 2290 1500 2382 Burdegalensi
1519 2295 1556 2364 et
1573 2289 1762 2364 Auxitano
1781 2292 2087 2389 archiepiscopis

427 2407 694 2501 Neumasensi,
738 2410 1050 2500 Carcassonensi,
1092 2411 1318 2505 Agathensi,
1356 2409 1551 2503 Papiensi,
1589 2411 1741 2484 Astansi
1778 2418 1815 2486 et
1847 2413 2088 2492 Terdonensi

428 2529 638 2622 episcopis,
666 2536 702 2604 et
736 2531 894 2623 Olttoni]
925 2533 1051 2608 Sancti
1071 2531 1212 2607 Nicolai
1237 2533 1276 2606 in
1305 2532 1463 2606 Carcere
1490 2531 1664 2605 Tulliano
1701 2533 1857 2607 diacono
1890 2538 2086 2630 cardinali,

428 2647 681 2741 Cluniacensi,
716 2651 970 2743 Cisterciensi,
1004 2653 1272 2729 claravallensi
1306 2653 1506 2727 abbatibus
1543 2657 1580 2725 et
1608 2651 1786 2745 Gregorio
1819 2655 1865 2728 de
1893 2655 2085 2736 Romania

427 2771 656 2846 subdiacono
695 2779 732 2848 et
763 2774 956 2866 capellano
989 2780 1140 2864 nostro,
1177 2775 1346 2864 decania,
1383 2773 1601 2866 prepositis,
1638 2774 1905 2850 archidiaconis
1933 2786 1971 2854 et
2004 2783 2086 2857 aliis

845 2897 1083 2971 exulantibus
1110 2918 1179 2990 pro
1206 2895 1453 2971 ecclesiastica
1480 2894 1660 2968 libertate.

534 3040 686 3106 Dolenda
708 3045 782 3109 novi
806 3065 901 3110 casus
931 3047 1112 3114 adversitas
1142 3047 1327 3112 infelicibus
1357 3067 1531 3131 emergens
1559 3045 1733 3111 eventibus
1760 3068 1865 3132 nuper
1887 3049 1973 3114 filios
1998 3053 2085 3117 uteri

426 3140 579 3210 dolentes
600 3145 746 3230 involvit,
768 3169 832 3233 que
856 3171 989 3215 suorum
1012 3150 1275 3216 consideratione
1300 3156 1468 3234 gestorum
1492 3154 1525 3213 et
1547 3150 1702 3214 novitatis
1724 3159 1913 3239 presumpte
1929 3156 2082 3240 nequitia

427 3248 591 3330 generalis
623 3250 763 3316 ecclesie
790 3260 907 3338 pectus
937 3273 1052 3336 urens,
1086 3255 1205 3318 nostris
1236 3253 1376 3318 adaucta
1403 3252 1573 3317 doloribus
1597 3254 1710 3318 tristes
1732 3255 1913 3340 ingeminat
1935 3260 2082 3344 gemitus

427 3356 461 3414 et
491 3369 606 3416 causas
635 3356 772 3420 meroris
802 3358 954 3445 apponit,
989 3379 1027 3422 ae
1050 3365 1161 3446 preter
1195 3377 1363 3424 enormem
1394 3357 1575 3442 apostolice
1609 3356 1697 3422 sedis
1726 3358 1885 3424 offensam
1918 3368 1954 3426 et
1986 3363 2080 3428 illam

427 3456 572 3542 exempli
594 3459 789 3544 perniciem,
820 3483 917 3546 quam
945 3463 1064 3547 vulgus
1093 3461 1212 3548 oppido
1243 3466 1383 3525 venatur
1411 3459 1444 3523 in
1475 3461 1616 3541 clerum,
1648 3461 1750 3546 patris
1774 3463 1918 3528 animum
1940 3465 2085 3532 filiorum

426 3557 545 3624 iniuria
566 3562 733 3644 vulnerat,
764 3585 829 3630 non
857 3566 964 3631 levem
998 3567 1155 3652 imprimit
1185 3586 1340 3651 pressura
1368 3563 1564 3629 mestitiam·
1594 3571 1627 3629 et
1658 3565 1751 3650 angit
1773 3569 1925 3652 angustia
1946 3571 2084 3655 vigilem

424 3659 590 3748 diligentis
613 3666 776 3732 affectum.
820 3667 906 3732 Nam
929 3669 1177 3735 verisimilitudo
1199 3689 1265 3733 non
1288 3669 1417 3748 tolerat,
1441 3675 1477 3733 ut
1499 3668 1701 3754 patientibus
1724 3671 1880 3736 membris
1897 3680 1995 3758 caput
2011 3696 2079 3739 non

425 3764 594 3852 langueat,
622 3779 678 3836 aut
707 3795 827 3859 expers
855 3772 976 3838 doloris
1006 3775 1127 3839 existat
1150 3772 1191 3838 de
1214 3773 1348 3859 palmite
1371 3793 1528 3859 percusso
1553 3774 1698 3839 colonus.
1743 3773 1825 3847 Quis
1848 3775 1950 3859 igitur
1972 3777 2082 3842 orbati

277 3873 526 3957 1mm‚⁹‚1,patris
558 3875 656 3960 capiti
683 3875 774 3940 dabit
803 3899 920 3962 aquom
951 3885 985 3943 et
1016 3879 1118 3943 oeulis
1152 3877 1276 3942 fontem
1309 3878 1433 3942 tribuat
1472 3877 1699 3942 lacrimarum?
1736 3875 1822 3940 Nam
1855 3878 1979 3966 Ioseph
2012 3903 2080 3947 non

272 4005 409 4058 asanaa,
425 3983 591 4062 superest,
620 3978 754 4044 Simeon
777 3987 908 4046 tenetur
931 3983 964 4046 in
987 3982 1140 4063 vinculis,
1171 3982 1344 4047 Beniamin
1371 3981 1480 4046 iunior
1502 3987 1553 4047 est
1577 3982 1739 4056 sublatus;
1768 3981 1826 4045 filii
1851 3981 1929 4047 Sion
1953 3985 2081 4070 inclyti,

275 4106 353 4150 man,
366 4112 408 4162 sp,
425 4080 637 4145 eeclesiarum
660 4082 825 4169 principes
848 4085 1031 4167 reverendi,
1054 4107 1133 4151 auro
1157 4087 1263 4172 primo
1279 4085 1401 4164 amicti,
1426 4085 1549 4149 cumin
1565 4105 1680 4148 manns
1698 4084 1916 4150 devolvuntur
1930 4087 2083 4171 hostiles,

424 4184 514 4248 velut
530 4205 609 4249 vasa
631 4191 739 4251 testea
760 4194 961 4275 reputantur.
1006 4189 1087 4264 Quis
1109 4191 1211 4275 patris
1234 4191 1338 4255 lenire
1354 4189 1501 4254 dolorem
1524 4195 1581 4253 aut
1604 4187 1758 4254 remediis
1782 4192 1902 4276 poterit
1925 4194 2083 4277 congruis

424 4288 561 4353 fratrum
582 4290 747 4356 tristitiam
774 4298 974 4379 temperare,
1007 4292 1084 4357 dum
1115 4316 1174 4380 pro
1205 4288 1316 4359 mundi
1344 4313 1426 4379 pace
1457 4299 1674 4378 properantes
1704 4292 1745 4358 ad
1773 4295 1887 4358 matris
1917 4297 2084 4360 cunabula

424 4392 508 4457 filios
537 4392 654 4458 sathan
684 4395 854 4461 insidiator
882 4397 1035 4483 expetiit,
1065 4397 1111 4461 sic
1139 4398 1248 4462 subito
1270 4398 1379 4483 rapuit
1406 4417 1472 4460 una
1494 4395 1580 4477 dies,
1604 4416 1686 4481 quos
1709 4397 1800 4482 regio
1829 4399 1943 4462 mortis
1967 4398 2082 4486 Apula

425 4499 586 4583 suscepit,
614 4497 766 4587 Egyptus
795 4502 948 4583 infestus,
979 4523 1093 4567 carcer
1119 4502 1315 4582 Pharaonis,
1346 4500 1482 4564 includit
1512 4506 1623 4585 patres
1656 4501 1874 4586 conscriptos,
1908 4508 1942 4567 et
1970 4504 2082 4570 aliene

423 4601 585 4666 libertatis
616 4609 765 4668 auctores
795 4606 931 4670 aliorum
960 4605 1163 4671 subiciuntur
1192 4605 1341 4685 arbitrio,
1364 4604 1495 4690 legibus
1526 4604 1734 4670 necessitatis
1765 4603 1886 4669 addicti
1918 4613 2084 4691 coguntur

425 4704 626 4782 secularium
644 4728 760 4793 parere
783 4708 902 4774 iudicio
926 4709 1029 4774 seculi
1051 4709 1175 4774 iudices
1204 4715 1239 4774 et
1268 4709 1492 4795 apostolorum
1521 4707 1663 4792 legitimi
1691 4715 1925 4773 successores?
1963 4709 2081 4795 Porro,

292 4825 340 4868 oa.
354 4831 409 4880 aa.
425 4807 600 4889 carissimi,
630 4830 711 4895 quos
740 4812 857 4876 iterum
886 4813 1097 4898 parturimus,
1128 4811 1233 4876 donec
1257 4811 1408 4876 Christus
1431 4809 1591 4875 formetur
1614 4811 1646 4874 in
1669 4811 1778 4892 vobis,
1808 4834 1868 4877 nos
1900 4819 1934 4877 et
1957 4813 2078 4879 fratres

422 4911 527 4976 nostri
548 4911 671 4978 doloris
693 4935 787 5001 pane,
802 4916 971 4982 vobiscum
993 4924 1081 4983 teste
1108 4915 1309 4981 conscientia
1339 4915 1520 5001 pascimur,
1547 4916 1683 4980 meroris
1712 4922 1865 5003 potamur
1887 4917 2008 4998 calice,
2038 4939 2081 4984 ac¹
2130 4930 2156 4970 ³⁵

422 5017 534 5082 tristes
558 5019 741 5106 manipulos
764 5021 916 5086 metimus
938 5021 973 5085 in
993 5028 1175 5086 vestrarum
1198 5019 1379 5085 seminibus
1402 5021 1620 5084 lacrimarum.
1654 5020 1761 5086 Adest
1783 5020 1878 5085 nobis
1894 5021 1929 5085 in
1945 5021 2081 5087 defectu

423 5127 532 5186 vestre
553 5123 713 5190 libertatis
736 5125 887 5210 angaria,
911 5125 945 5188 in
967 5125 1104 5210 penuria
1126 5123 1247 5205 fames,
1276 5125 1310 5188 in
1338 5128 1463 5190 terrore
1487 5123 1684 5210 supplicium
1708 5130 1741 5188 et
1763 5124 1796 5188 in
1822 5125 2076 5211 exasperatione

425 5229 637 5302 tormentum;
666 5229 759 5293 triste
790 5228 877 5313 qnod
904 5228 1082 5313 loquimur,
1113 5227 1223 5292 flebile
1251 5225 1339 5313 quod
1370 5229 1546 5304 sentimum
1576 5227 1647 5293 dies
1675 5227 1752 5292 festi
1781 5234 2017 5292 convertuntur
2045 5229 2080 5293 in

218 5351 278 5394 rsa.
294 5356 339 5404 ras,
350 5355 407 5396 1-a.
422 5328 560 5407 luctum;
575 5330 608 5394 in
624 5331 779 5398 salicibus
796 5332 1024 5420 suspendimus
1041 5351 1173 5417 organa,
1191 5332 1268 5396 dum
1284 5332 1407 5398 sedetis
1425 5353 1524 5418 super
1538 5333 1672 5396 flumina
1682 5331 1863 5418 Babylonis
1880 5330 2078 5398 obedientes

528 5588 553 5657 ⁸)
572 5593 608 5644 ita
627 5593 658 5647 It.
684 5593 711 5647 V.
733 5591 772 5646 Ol.
791 5595 824 5646 A.
842 5595 909 5647 diors
926 5604 1000 5659 testc;
1016 5614 1160 5664 pressuram
1176 5596 1272 5648 malitia
1290 5593 1374 5662 Rapa.

528 5711 554 5778 1)
575 5707 618 5780 Os.
635 5726 660 5764 n.
682 5715 745 5768 823.
