4494 6426
439 407 500 476 118
1024 393 1072 452 EX
1090 391 1246 451 HONORII
1265 389 1305 447 Ill
1324 389 1504 448 REGIS'I'RO

514 727 523 744 .
552 726 562 744 .
591 666 806 761 episeopo
833 663 1098 736 Tusculano
1127 665 1170 735 et
1196 659 1236 733 Ε.
1264 659 1534 733 Sanctorum
1562 657 1718 731 Cosme
1746 662 1789 731 et
1813 658 2019 733 DamIani

661 787 848 861 diacono
875 783 1095 858 cardinali
1123 786 1164 855 et
1191 780 1248 853 W.
1283 785 1434 855 sancte
1462 780 1657 856 Romane
1684 780 1873 854 ecclesie

1075 901 1464 976 vicecancellario.

549 1055 601 1121 De
626 1054 813 1120 sinceritate
837 1058 946 1117 vostra
968 1053 1100 1139 plenam
1124 1053 1156 1115 in
1179 1050 1321 1116 Domino
1344 1049 1495 1116 fiduciam
1519 1049 1716 1130 obtinentes,
1740 1069 1817 1114 ecee
1840 1069 1927 1113 nunc
1950 1049 2095 1134 quinque

442 1160 533 1225 milia
548 1179 731 1224 marcarum
746 1157 839 1222 robis
855 1157 1052 1222 manualiter
1066 1156 1283 1240 assignamus,
1307 1161 1340 1219 et
1363 1162 1465 1219 totam
1481 1153 1670 1218 vicesimam
1686 1153 1869 1216 Theutonie
1894 1152 1927 1215 in
1942 1152 2094 1237 proximo
2146 1177 2157 1214 a

443 1269 576 1328 auctore
598 1261 740 1327 Domino
765 1260 951 1326 curabimus
974 1259 1162 1344 assignare,
1190 1264 1225 1322 ut
1254 1279 1294 1322 ea
1324 1258 1433 1322 omnia
1465 1255 1643 1322 secundum
1665 1255 1903 1342 providentiam
1927 1262 1961 1320 et
1983 1254 2096 1339 dispo-

444 1368 596 1432 sitionem
624 1363 822 1430 venerabilis
857 1363 966 1427 fratris
1003 1363 1107 1427 nostri
1137 1411 1144 1424 .
1181 1410 1188 1426 .
1217 1361 1406 1427 Hostiensis
1437 1360 1583 1447 episcopi
1594 1363 1614 1440 ¹,
1652 1359 1833 1445 apostolico
1867 1357 1956 1422 sedis
1985 1358 2098 1442 legati,

445 1469 637 1555 expendatis
660 1489 719 1554 pro
743 1465 889 1531 subsidio
913 1465 1015 1530 Terre
1039 1464 1169 1529 Sancte.

553 1588 629 1652 Det.
652 1589 803 1654 Lateran.
826 1586 858 1650 V
880 1586 958 1651 Idus
981 1586 1102 1667 Martii,
1125 1584 1335 1673 pontificatus
1357 1584 1461 1649 nostri
1483 1603 1567 1648 anno
1591 1581 1714 1668 quinto.

1066 1896 1422 1903 --—-—----·-·-.----——-
1429 1895 1476 1902 -·-

1237 2215 1319 2289 169.

561 2345 750 2439 Honoras
765 2373 1137 2458 lllpnpafflnponnoj
1152 2372 1593 2454 easaetenatone,
1614 2371 2104 2457 numerationesmnena]
2153 2411 2172 2447 ω

451 2481 665 2545 Rornanorum
693 2477 892 2558 imperatoris
922 2476 1011 2557 infru
1036 2477 1117 2557 lines
1146 2477 1312 2558 legationes
1343 2495 1419 2540 snae
1443 2476 1604 2558 publicari
1631 2475 1867 2557 innotansque
1894 2496 1916 2538 o
1942 2477 2106 2558 menistris

450 2582 706 2648 Bononiensibus
727 2582 764 2645 in
786 2579 940 2645 codicibus
962 2579 1141 2644 snlbnulos
1163 2579 1248 2642 etin
1270 2578 1382 2643 scholis
1404 2579 1549 2662 dependes
1570 2583 1664 2645 curet.

1727 2682 1820 2758 1221,
1842 2678 1945 2747 Mart.
1966 2682 2022 2747 25.

557 2771 630 2824 Hon.
650 2771 704 2822 ΙΙΙ
717 2768 784 2838 Req.
807 2768 864 2822 Vol.
884 2769 942 2832 ΙΙΙ,
961 2771 1032 2826 100;
1051 2767 1114 2821 Lib.
1138 2767 1167 2832 V,
1186 2771 1250 2821 498.

558 2855 694 2919 Pottbuet
713 2853 782 2924 Rep.
802 2857 885 2908 6598.

694 3139 702 3157 .
731 3139 740 3156 .
768 3081 997 3156 Hostiensi
1023 3082 1252 3175 episcope,
1280 3081 1530 3174 apostolice
1557 3081 1682 3155 sedis
1707 3083 1869 3174 legate.

560 3231 774 3297 Fraternituti
802 3237 857 3296 tue
890 3233 1093 3319 presentium
1129 3233 1324 3298 auctoritate
1362 3230 1570 3313 mandamus,
1605 3232 1757 3316 quatinus
1789 3231 2064 3297 constitutiones²
2091 3254 2108 3296 a

454 3336 628 3401 karissimo
651 3335 685 3399 in
709 3335 839 3399 Christo
862 3335 929 3399 filio
956 3342 1067 3401 nostro
1090 3337 1139 3418 F,
1163 3336 1283 3401 illustri
1305 3335 1526 3401 Romanorum
1549 3333 1745 3420 imperatore
1769 3342 1803 3399 et
1825 3356 1904 3420 rege
1929 3333 2053 3415 Sicilie,
2075 3335 2108 3398 in

456 3438 509 3504 die
539 3460 602 3525 quo
633 3438 779 3524 suscepit
813 3438 942 3523 imperii
974 3438 1126 3504 diadema
1160 3439 1386 3526 sollempniter
1418 3436 1538 3519 editas,
1572 3459 1652 3522 quas
1687 3437 1748 3502 tibi
1782 3438 1843 3502 sub
1879 3439 1969 3504 bulla
1998 3447 2110 3504 nostra

456 3542 614 3608 mittimus
648 3541 858 3623 interclusas,
902 3563 1047 3628 quasque
1078 3543 1240 3630 imperiali
1269 3563 1370 3607 aurea
1406 3542 1548 3606 munitas
1577 3542 1668 3605 bulla
1702 3542 1735 3606 in
1766 3542 1897 3606 archivo
1929 3544 2109 3629 apostolice
2156 3571 2177 3608 a

457 3645 545 3711 sedis
573 3643 725 3709 duximus
755 3644 958 3724 retinendas,
991 3667 1050 3732 per
1077 3667 1191 3711 omnes
1218 3646 1369 3711 civitates
1402 3647 1595 3710 constitutas
1626 3645 1711 3709 infra
1737 3646 1819 3710 fines
1847 3646 2024 3732 legationis
2051 3646 2109 3710 tibi

457 3749 630 3815 commisse
653 3748 814 3835 publicari
836 3748 938 3813 facias
962 3754 996 3813 et
1019 3751 1153 3830 servari,
1176 3751 1351 3835 iniungens
1375 3749 1541 3834 magistris
1565 3755 1598 3814 et
1621 3749 1801 3813 scolaribus
1824 3747 2111 3814 Bononiensibus³

456 3851 636 3932 universis,
670 3858 707 3915 ut
738 3852 772 3915 in
802 3851 970 3916 codicibus
1002 3854 1069 3918 suis
1097 3854 1218 3919 faciant
1246 3874 1302 3918 eas
1330 3854 1443 3934 scribi,
1477 3861 1510 3916 et
1542 3853 1575 3916 in
1611 3853 1709 3916 scolis
1744 3853 1810 3938 legi
1838 3853 2065 3938 sollempniter
2092 3873 2112 3915 a

458 3955 633 4041 magistris,
656 3960 812 4040 utrosque
836 3955 971 4038 adhoc,
996 3957 1024 4021 si
1046 3979 1183 4024 necesse
1207 3957 1316 4037 fuerit,
1339 3979 1400 4042 per
1422 3977 1593 4021 censuram
1610 3956 1869 4022 ecclesiasticam
1890 3957 2110 4043 appellatione

457 4065 584 4123 remota
607 4059 819 4144 compellens.

565 4176 641 4246 Dat.
664 4178 816 4246 Lateran.
839 4177 926 4242 VIII
948 4177 1023 4244 Kal.
1045 4179 1151 4265 April.
1175 4201 1260 4246 anno
1284 4181 1407 4267 quinto.

1249 4804 1332 4877 170.

573 4926 761 5022 Hamus
787 4956 855 5021 nr
883 4977 970 5038 papa
998 4957 1139 5021 masao
1171 4957 1293 5023 oense
1319 4959 1569 5042 serena-qn
1599 4959 1643 5024 ao
1668 4959 1825 5025 aenaeam
1853 4959 1934 5023 oeae
1960 4958 2115 5022 Macrini

463 5060 744 5146 MopdebnrpencIs
756 5059 985 5142 aedificandum
996 5060 1185 5146 elemosynas
1195 5063 1397 5146 eropaveri-nt,
1409 5065 1622 5148 qnmlropintu
1632 5063 1699 5128 dies
1710 5063 1746 5126 de
1759 5063 1910 5127 iniunctus
1919 5059 2117 5144 poenitentiis

462 5167 598 5231 recanat.
1736 5168 1830 5244 1221,
1852 5166 1955 5233 Mart.
1977 5168 2031 5229 31.

567 5284 640 5339 Hon.
659 5287 715 5337 ΙΙΙ
728 5283 795 5352 Rep.
819 5283 876 5337 Vol.
895 5284 952 5348 ΙΙΙ,
971 5285 1038 5346 102;
1056 5281 1120 5337 Lib.
1144 5283 1174 5348 V,
1193 5289 1257 5338 507.
2161 5297 2185 5335 so

575 5462 776 5469 ——.—-—————
1088 5461 1172 5467 ι--ψη
1180 5462 1280 5469 -,..,..-
1885 5461 2011 5469 -..--

568 5597 594 5662 1)
614 5593 758 5666 Hupolim'.
828 5594 857 5662 2)
874 5608 903 5646 n.
921 5594 981 5648 145.
1051 5591 1079 5662 3)
1098 5593 1279 5663 superatos
1302 5598 1431 5668 epistola,
1459 5617 1515 5671 qno
1536 5600 1635 5656 iisdnn
1656 5599 1727 5654 idem
1747 5598 1808 5667 sere
1828 5595 1954 5660 mundet,
1982 5593 2056 5648 eddo
2078 5595 2116 5647 est

464 5683 525 5739 Le.
543 5685 562 5737 t.
581 5684 623 5747 ΙΙ,
637 5699 668 5752 p.
685 5685 749 5738 245.
