4448 6420
431 370 491 434 168
1020 367 1068 422 EX
1085 368 1242 424 HONORII
1260 369 1301 423 III
1319 368 1499 424 REGISTRO

428 541 463 604 iu
485 540 647 626 prefatum
671 539 838 607 dominum
859 561 953 605 suum
976 545 1042 604 tam
1066 539 1320 627 dampnabiliter
1341 540 1491 622 violavit,
1519 540 1683 626 quoslibet
1705 541 1736 605 ei
1758 541 1889 608 vinculo
1913 541 2079 607 fidelitatis

429 645 580 709 astrictos
604 643 724 711 abillo
748 644 943 709 auctoritate
971 649 1084 707 nostra
1106 644 1279 708 denunties
1309 644 1492 724 absolutos,
1521 644 1555 707 in
1584 665 1658 723 eos,
1688 645 1715 707 si
1739 646 1769 708 ci
1797 653 1871 732 post
1894 645 2079 710 huiusmodi

429 749 669 814 absolutionem
698 748 958 834 presumpserint
986 747 1161 829 adherere,
1192 748 1539 820 excommunicationis
1574 748 1769 812 senteutiam
1798 749 2010 835 proferendo,
2041 770 2078 813 ac

428 851 578 917 faciendo
613 852 747 917 eosdem
781 873 885 937 usqne
924 850 967 915 ad
1005 851 1263 916 satisfactionem
1297 850 1491 936 condignam
1526 852 1610 915 sicut
1644 852 1943 916 excommunicatos
1978 853 2079 917 artius

429 955 555 1021 evitari.
607 955 733 1021 Taliter
762 962 872 1020 autem
901 977 941 1020 ea
969 977 1032 1041 qne
1060 955 1268 1040 premisimus
1298 955 1487 1040 exequaris,
1522 952 1608 1039 quod
1637 953 1679 1018 de
1714 953 1883 1039 diligentia
1912 956 2020 1043 possis
2047 961 2081 1020 et

428 1057 551 1124 debeas
573 1059 691 1123 merito
714 1058 945 1124 commendari.

536 1182 613 1247 Dat.
636 1181 789 1246 Lateran.
811 1180 886 1244 Kal.
909 1179 1086 1244 Novembr.
1110 1198 1194 1241 anno
1220 1183 1345 1252 octavo.

537 1301 577 1365 In
601 1301 741 1367 eundem
764 1301 895 1367 modum
913 1349 944 1365 ..
968 1302 1122 1387 episeopo
1145 1298 1344 1363 Lubicensi¹
1365 1319 1483 1383 usqne:
1508 1298 1742 1383 crucesignatis
1765 1297 1893 1364 adesse.
1936 1298 2083 1385 Ideoque

429 1405 625 1470 fraternitati
656 1411 711 1469 tue
742 1427 802 1492 per
829 1404 1010 1491 apostolica
1040 1405 1160 1488 scripta
1190 1403 1325 1466 firmiter
1355 1401 1565 1487 precipiendo
1593 1400 1800 1482 mandamus,
1834 1403 1987 1487 quatinus
2018 1403 2083 1467 nisi

429 1510 536 1575 dictus
560 1529 668 1573 comes
692 1507 776 1572 infra
791 1529 935 1572 mensem
955 1513 1030 1593 post
1046 1507 1288 1593 susceptionem
1303 1506 1495 1585 litterarum,
1518 1526 1598 1589 quas
1615 1527 1713 1591 super
1735 1507 1797 1570 hoc
1820 1505 1882 1570 sibi
1899 1505 2082 1590 dirigimus,

429 1614 537 1697 ipsum
559 1632 672 1695 regem
694 1633 732 1675 ac
755 1611 858 1675 filium
880 1611 951 1675 eins
974 1608 1153 1674 reddiderit
1175 1608 1330 1682 libertati,
1354 1609 1461 1692 ipsum
1485 1613 1518 1672 et
1542 1629 1652 1672 omues
1677 1609 1746 1673 eius
1770 1609 1803 1672 in
1826 1609 1888 1672 hae
1911 1608 2083 1693 iniquitate

430 1716 575 1780 fautores
590 1715 811 1800 appellatione
834 1721 961 1778 remota
976 1714 1276 1778 excommunicatos
1299 1710 1430 1799 publice
1453 1711 1594 1787 nunties,
1619 1717 1652 1775 et
1675 1711 1776 1776 facias
1791 1733 1896 1796 usque
1919 1711 1962 1775 ad
1986 1712 2084 1774 satis-

430 1817 607 1881 factionem
630 1816 824 1901 condignam
846 1817 947 1880 artius
972 1817 1102 1896 evitari,
1125 1814 1274 1879 faciendo
1299 1814 1671 1878 excommunicationem
1693 1814 1807 1899 ipsam,
1831 1813 1970 1900 pulsatis
1995 1835 2083 1877 cam-

431 1919 525 2006 panis
549 1925 582 1983 et
605 1919 749 1984 candelis
772 1920 938 1996 accensis,
968 1917 1129 2004 publicari
1152 1918 1378 2002 sollempniter
1401 1916 1538 2000 singulis
1561 1915 1676 1980 diebus
1704 1916 1873 1980 dominicis
1898 1924 1933 1981 et
1956 1916 2086 1981 festivis

432 2042 491 2106 per
513 2022 587 2086 loca
608 2021 641 2085 in
665 2020 783 2106 quibus
807 2021 928 2087 videris
952 2021 1119 2107 expedire.

539 2141 614 2206 Dat.
638 2141 791 2207 Lateran.
814 2142 885 2206 IIII
907 2143 991 2206 Non.
1016 2139 1195 2206 Novembr.
1219 2160 1304 2204 auno
1328 2145 1453 2203 octavo.

539 2261 577 2325 In
601 2262 741 2328 eundem
764 2263 896 2328 modum
919 2263 1075 2348 scripturn
1099 2268 1150 2326 est
1165 2260 1342 2340 Friderico,
1365 2260 1484 2323 illustri
1500 2259 1720 2325 Romanorum
1742 2261 1933 2346 imperatori
1956 2283 2089 2350 semper

432 2371 568 2450 augusto
600 2371 633 2429 et
666 2367 737 2451 regi
766 2365 894 2445 Sicilie,
923 2385 1041 2449 usque:
1084 2363 1315 2446 crucesignatis
1347 2360 1474 2426 adesse.
1535 2362 1720 2449 Imperialis
1751 2384 1880 2449 queque
1910 2366 2087 2431 clementie

431 2466 668 2554 providentiam
697 2467 792 2532 decet
826 2474 859 2532 et
889 2467 1023 2552 expedit
1059 2464 1249 2551 impendere
1278 2465 1437 2528 auxilium
1467 2464 1552 2529 dicto
1583 2467 1670 2551 regi,
1701 2489 1739 2530 ac
1769 2469 1831 2553 ipsi
1864 2470 2087 2555 presumptori

433 2571 527 2656 signa
555 2570 623 2634 dire
654 2569 887 2655 indignationis
918 2569 1106 2648 ostendere,
1136 2590 1173 2632 ac
1197 2589 1256 2655 per
1284 2568 1346 2632 hoc
1369 2568 1451 2632 alios
1474 2590 1493 2631 a
1515 2570 1760 2655 presumptione
1784 2571 1882 2635 simili
1905 2571 2086 2638 deterrere.

432 2672 539 2737 David
563 2672 691 2736 cuidam
712 2673 889 2752 nuntianti,
919 2672 1004 2758 quod
1033 2692 1145 2756 regem
1175 2669 1308 2734 Saulem
1334 2678 1579 2756 persecutorem
1608 2673 1678 2736 eius
1702 2672 1866 2738 occiderat
1889 2680 1923 2738 et
1953 2681 2089 2761 propter

272 2778 496 2848 anauahen
518 2776 558 2841 ab
581 2776 653 2863 ipso
676 2777 802 2861 premia
818 2776 1020 2862 expectanti:
1045 2774 1191 2854 ‘Quare’,
1215 2775 1332 2858 inquit,
1357 2779 1436 2838 ‘nen
1459 2775 1598 2839 timuisti
1620 2777 1749 2840 mittere
1772 2798 1902 2840 manum
1927 2786 2029 2857 tuam,
2053 2783 2089 2840 ut

435 2879 601 2944 occideres
631 2879 787 2942 christum
811 2877 984 2943 Dominil’
1014 2884 1047 2942 et
1071 2877 1181 2940 statim
1204 2877 1294 2940 illum
1318 2878 1491 2963 imperavit
1514 2877 1632 2958 occidi,
1663 2885 1700 2942 ut
1723 2880 1777 2964 qui
1800 2880 1952 2945 audirent
1974 2881 2088 2945 huius-

434 2981 521 3047 modi
543 2981 736 3061 vindictam,
764 2981 893 3067 plenius
922 2980 1164 3064 intelligerent,
1194 2987 1316 3064 quanta
1344 2981 1529 3045 reverentia
1552 2979 1712 3044 debeatur
1740 2982 1831 3066 regie
1856 2982 2024 3068 dignitati,
2057 2990 2089 3048 et

435 3090 629 3170 attemptare
653 3085 773 3149 similia
787 3082 1008 3148 formidarent.
1054 3081 1126 3146 Non
1150 3082 1210 3145 tibi
1227 3084 1432 3167 suggerimus
1456 3083 1518 3147 boe
1535 3084 1697 3168 exemplo,
1721 3091 1757 3147 ut
1780 3085 1908 3149 occidas
1934 3087 2087 3150 comitem

435 3194 661 3267 memoratum,
684 3187 769 3251 absit
791 3187 853 3251 hee
877 3208 897 3250 a
918 3185 1168 3250 mansuetudine
1192 3187 1372 3270 apostolice
1397 3185 1484 3250 sedis
1505 3187 1669 3272 impietas,
1693 3193 1744 3251 set
1766 3188 1877 3273 utique
1902 3188 2087 3270 suademus,

434 3297 472 3356 ut
494 3311 555 3355 rex
577 3291 647 3377 regi
670 3291 755 3354 feras
779 3291 936 3354 auxilium
968 3296 1001 3353 et
1024 3289 1105 3353 citra
1129 3289 1297 3373 sanguinis
1321 3311 1439 3374 penam
1463 3291 1509 3354 sic
1533 3291 1641 3375 ipsum
1664 3291 1815 3354 comitem
1839 3292 1972 3376 punias,
2004 3289 2088 3377 quod

435 3392 572 3458 audacia
598 3393 735 3479 perfidie
766 3415 824 3458 sue
854 3414 919 3457 nen
949 3399 1095 3456 transeat
1122 3392 1156 3455 in
1183 3393 1380 3477 exemplum.
1427 3393 1597 3457 Menenius
1628 3394 1739 3478 itaque
1764 3395 1977 3458 serenitatem
1999 3401 2088 3458 tuam

436 3503 469 3562 et
501 3503 622 3581 quauta
646 3518 820 3582 possumus
851 3495 1024 3560 affectione
1055 3516 1223 3580 rogamus,
1254 3516 1313 3581 pro
1343 3494 1459 3579 grandi
1487 3502 1520 3560 et
1549 3497 1684 3582 speciali
1712 3517 1845 3561 munere
1872 3498 2087 3582 postulantes,

435 3600 588 3685 quatinus
610 3620 669 3685 pro
690 3598 754 3663 Dei
776 3605 809 3663 et
832 3598 919 3663 sedis
942 3598 1121 3684 apostolice
1144 3599 1329 3662 reverentia
1350 3620 1478 3663 necnon
1500 3620 1558 3684 pro
1582 3599 1843 3664 consideratione
1865 3601 1957 3685 regie
1981 3600 2086 3685 digni·

435 3704 528 3783 tatis,
559 3702 611 3766 cui
633 3708 666 3766 te
689 3701 792 3766 debes
815 3701 1029 3765 favorabilem
1053 3700 1226 3780 exhibere,
1255 3701 1377 3766 dictum
1407 3722 1519 3786 regem
1546 3709 1580 3766 et
1608 3703 1709 3765 filium
1737 3702 1808 3766 eius
1831 3703 1929 3788 plene
1961 3703 2089 3768 restitui

436 3805 537 3870 facias
559 3805 724 3882 libertati,
753 3826 851 3890 super
878 3803 940 3868 hoc
962 3803 1144 3888 imperialia
1167 3805 1288 3890 scripta
1311 3805 1356 3868 ita
1380 3825 1540 3891 expressa
1564 3812 1597 3869 et
1620 3805 1765 3869 efficacia
1787 3804 1975 3890 dirigendo,
2004 3805 2088 3891 quod

437 3929 549 3973 eorum
577 3906 728 3972 liberatio
756 3929 821 3971 nou
842 3907 947 3994 possit
975 3906 1095 3970 diutius
1119 3907 1291 3993 protelari;
1323 3928 1439 3992 preces
1468 3914 1597 3971 nostras
1625 3907 1736 3973 taliter
1761 3908 1973 3994 impleturus,
2004 3909 2088 3994 quod

437 4019 547 4098 preter
562 4011 730 4074 hominum
746 4009 860 4074 laudes
885 4017 918 4074 et
934 4017 1128 4096 perpetuam
1146 4009 1354 4074 devotionern
1378 4011 1481 4095 ipsius
1505 4010 1592 4095 regis
1615 4032 1653 4075 ac
1676 4011 1734 4074 filii
1758 4011 1818 4092 sui,
1842 4032 1939 4096 quam
1963 4035 2006 4078 ex
2029 4013 2089 4076 hcc

437 4115 584 4202 plenarie
607 4114 806 4198 assequeris,
831 4119 943 4177 eterna
965 4112 1026 4176 tibi
1049 4134 1069 4176 a
1091 4133 1169 4198 rege
1193 4134 1307 4198 regum
1330 4115 1455 4199 premia
1477 4120 1696 4178 reserventur.

545 4233 622 4298 Dat.
645 4240 681 4298 ut
704 4255 813 4320 supra.

543 4353 583 4417 In
615 4353 755 4419 eundem
788 4353 919 4418 modum
953 4354 1109 4440 scriptum
1140 4358 1190 4418 est
1218 4401 1224 4414 .
1250 4401 1258 4416 .
1287 4353 1441 4439 episeopo
1468 4352 1671 4418 Werdensi²
1698 4374 1817 4438 usque:
1852 4357 2088 4442 crucesignatis

437 4455 565 4520 adesse.
612 4455 694 4521 Cum
709 4457 810 4542 igitur
831 4457 919 4522 idem
941 4480 1001 4522 rex
1021 4463 1057 4522 'et
1079 4459 1164 4522 filius
1188 4480 1265 4522 suus
1288 4459 1320 4522 in
1343 4465 1399 4522 tua
1415 4458 1565 4522 dieantur
1579 4458 1702 4523 diocesi
1718 4459 1867 4537 detineri,
1891 4460 2087 4524 fraternitati

437 4565 493 4624 tue
517 4579 576 4645 per
598 4561 777 4645 apostolica
807 4562 928 4646 scripta
949 4562 1086 4625 firmiter
1109 4560 1319 4647 precipiendo
1348 4561 1557 4639 mandamus,
1588 4563 1739 4646 quatinus
1762 4563 1825 4627 nisi
1847 4561 1956 4627 dietus
1980 4585 2086 4628 comes

438 4668 499 4728 etc.
522 4683 641 4747 usque:
664 4661 809 4728 fautores
833 4665 1132 4729 excommunicatos
1154 4664 1285 4751 publice
1309 4666 1481 4744 nuntians,
1513 4671 1546 4728 et
1569 4665 1691 4730 faciens
1715 4666 2087 4731 excommunicationem

437 4765 541 4850 ipsam
570 4764 706 4850 pulsatis
740 4767 907 4852 campanis
938 4773 971 4830 et
1001 4766 1145 4832 candelis
1179 4768 1327 4832 accensis
1359 4767 1584 4854 sollempniter
1614 4767 1774 4852 publicari
1806 4767 1945 4852 singulis
1974 4768 2087 4833 diebus

436 4865 610 4930 dominicis
634 4873 668 4931 et
683 4867 811 4932 festivis
834 4869 868 4932 in
889 4869 962 4953 ipsa
984 4868 1121 4948 diocesi,
1146 4868 1300 4954 quamdiu
1323 4891 1383 4935 rex
1405 4871 1477 4956 ipse
1501 4891 1539 4934 ac
1562 4869 1739 4935 filiuseius
1762 4869 1891 4935 detenti
1913 4871 2035 4936 fuerint
2055 4871 2085 4934 in

438 4968 563 5033 eadem.
609 4969 791 5036 Interdicas
815 4978 849 5036 et
881 4972 1010 5036 omnino
1035 4993 1166 5037 cessare
1190 4973 1292 5037 facias
1316 4974 1424 5038 omnia
1446 4973 1672 5038 ecclesiastica
1695 4981 1900 5039 sacramenta
1922 4981 1983 5039 ete.
2007 4975 2085 5038 sicut

437 5073 471 5135 in
493 5071 598 5158 prima
619 5094 737 5158 usque:
762 5073 915 5159 quamdiu
937 5075 1037 5140 fuerit
1059 5077 1093 5139 in
1117 5074 1250 5152 eodem;
1273 5082 1466 5162 preceptum
1489 5081 1636 5140 nostrum
1659 5075 1705 5140 ita
1728 5077 1868 5141 sollicite
1884 5077 2081 5164 impleturus,

438 5174 522 5260 quod
545 5174 585 5240 de
609 5176 812 5262 negligentia
834 5177 1033 5263 reprehendi
1055 5199 1120 5242 non
1143 5177 1266 5244 debeas
1291 5185 1324 5243 et
1346 5180 1463 5265 puniri.
2180 5173 2198 5212 ⁴⁵

544 5295 621 5360 Dat.
644 5295 797 5363 Lateran.
821 5297 855 5361 ΙΙ
877 5297 963 5362 Non.
986 5297 1146 5365 Novemb.
1170 5319 1254 5363 anno
1278 5303 1404 5363 octavo.

541 5586 567 5654 1)
585 5586 724 5642 Bertoldu
791 5589 819 5656 2)
837 5588 925 5642 Iconi.
