<?xml version="1.0" encoding="UTF-8"?>
<!DOCTYPE html PUBLIC "-//W3C//DTD XHTML 1.0 Transitional//EN"
    "http://www.w3.org/TR/xhtml1/DTD/xhtml1-transitional.dtd">
<html xmlns="http://www.w3.org/1999/xhtml" xml:lang="en" lang="en">
 <head>
  <title>
</title>
<meta http-equiv="Content-Type" content="text/html;charset=utf-8" />
  <meta name='ocr-system' content='tesseract 3.04.00' />
  <meta name='ocr-capabilities' content='ocr_page ocr_carea ocr_par ocr_line ocrx_word'/>
</head>
<body>
  <div class='ocr_page' id='page_1' title='image "./monumentagerman00peipgoog/monumentagerman00peipgoog_0245.png"; bbox 0 0 4448 6420; ppageno 0'>
   <div class='ocr_carea' id='block_1_1' title="bbox 428 349 1497 430">
    <p class='ocr_par' dir='ltr' id='par_1_1' title="bbox 428 349 1497 430">
     <span class='ocr_line' id='line_1_1' title="bbox 428 349 1497 430; baseline -0.017 0"><span class='ocrx_word' id='word_1_1' title='bbox 428 358 491 430; x_wconf 75' lang='lat' dir='ltr'><strong>att</strong></span> <span class='ocrx_word' id='word_1_2' title='bbox 1019 349 1497 415; x_wconf 78' lang='lat' dir='ltr'><strong>hxuonoanmanarsrao</strong></span> 
     </span>
    </p>
   </div>
   <div class='ocr_carea' id='block_1_2' title="bbox 427 527 2156 1657">
    <p class='ocr_par' dir='ltr' id='par_1_2' title="bbox 427 527 2156 1657">
     <span class='ocr_line' id='line_1_2' title="bbox 428 527 2081 622; baseline -0.005 -19"><span class='ocrx_word' id='word_1_3' title='bbox 428 537 581 619; x_wconf 86' lang='lat' dir='ltr'><strong>deseras,</strong></span> <span class='ocrx_word' id='word_1_4' title='bbox 615 558 712 622; x_wconf 87' lang='lat' dir='ltr'><strong>quam</strong></span> <span class='ocrx_word' id='word_1_5' title='bbox 746 536 781 600; x_wconf 95' lang='lat' dir='ltr'><strong>in</strong></span> <span class='ocrx_word' id='word_1_6' title='bbox 813 534 925 600; x_wconf 91' lang='lat' dir='ltr'><strong>nubilo</strong></span> <span class='ocrx_word' id='word_1_7' title='bbox 959 532 1190 620; x_wconf 91' lang='lat' dir='ltr'><strong>pretendebas.</strong></span> <span class='ocrx_word' id='word_1_8' title='bbox 1258 530 1435 617; x_wconf 82' lang='lat' dir='ltr'><strong>Speremus</strong></span> <span class='ocrx_word' id='word_1_9' title='bbox 1469 533 1600 617; x_wconf 84' lang='lat' dir='ltr'><strong>itaque,</strong></span> <span class='ocrx_word' id='word_1_10' title='bbox 1633 528 1719 616; x_wconf 89' lang='lat' dir='ltr'><strong>quod</strong></span> <span class='ocrx_word' id='word_1_11' title='bbox 1754 532 1815 596; x_wconf 90' lang='lat' dir='ltr'><strong>viri</strong></span> <span class='ocrx_word' id='word_1_12' title='bbox 1847 537 1914 596; x_wconf 88' lang='lat' dir='ltr'><strong>tam</strong></span> <span class='ocrx_word' id='word_1_13' title='bbox 1947 527 2081 596; x_wconf 86' lang='lat' dir='ltr'><strong>discreti</strong></span> 
     </span>
     <span class='ocr_line' id='line_1_3' title="bbox 427 633 2080 726; baseline -0.005 -21"><span class='ocrx_word' id='word_1_14' title='bbox 427 640 618 706; x_wconf 82' lang='lat' dir='ltr'><strong>memoriam</strong></span> <span class='ocrx_word' id='word_1_15' title='bbox 639 660 805 726; x_wconf 90' lang='lat' dir='ltr'><strong>nunquam</strong></span> <span class='ocrx_word' id='word_1_16' title='bbox 835 638 883 703; x_wconf 90' lang='lat' dir='ltr'><strong>sio</strong></span> <span class='ocrx_word' id='word_1_17' title='bbox 905 636 946 702; x_wconf 91' lang='lat' dir='ltr'><strong>ad</strong></span> <span class='ocrx_word' id='word_1_18' title='bbox 969 635 1245 701; x_wconf 73' lang='lat' dir='ltr'><strong>exinanitionema</strong></span> <span class='ocrx_word' id='word_1_19' title='bbox 1268 633 1411 700; x_wconf 77' lang='lat' dir='ltr'>deducet</span> <span class='ocrx_word' id='word_1_20' title='bbox 1438 634 1577 715; x_wconf 89' lang='lat' dir='ltr'><strong>oblivio,</strong></span> <span class='ocrx_word' id='word_1_21' title='bbox 1605 642 1641 699; x_wconf 93' lang='lat' dir='ltr'><strong>ut</strong></span> <span class='ocrx_word' id='word_1_22' title='bbox 1671 635 1801 700; x_wconf 90' lang='lat' dir='ltr'><strong>omnino</strong></span> <span class='ocrx_word' id='word_1_23' title='bbox 1831 634 1864 699; x_wconf 91' lang='lat' dir='ltr'><strong>in</strong></span> <span class='ocrx_word' id='word_1_24' title='bbox 1891 634 2008 698; x_wconf 89' lang='lat' dir='ltr'><strong>vitium</strong></span> <span class='ocrx_word' id='word_1_25' title='bbox 2029 635 2080 698; x_wconf 90' lang='lat' dir='ltr'><strong>in·</strong></span> 
     </span>
     <span class='ocr_line' id='line_1_4' title="bbox 428 737 2080 830; baseline -0.004 -22"><span class='ocrx_word' id='word_1_26' title='bbox 428 743 636 830; x_wconf 74' lang='lat' dir='ltr'><strong>gratitudinis</strong></span> <span class='ocrx_word' id='word_1_27' title='bbox 660 741 800 825; x_wconf 87' lang='lat' dir='ltr'><strong>incidat,</strong></span> <span class='ocrx_word' id='word_1_28' title='bbox 833 740 920 827; x_wconf 90' lang='lat' dir='ltr'><strong>quod</strong></span> <span class='ocrx_word' id='word_1_29' title='bbox 942 738 1155 826; x_wconf 79' lang='lat' dir='ltr'><strong>reprehendit</strong></span> <span class='ocrx_word' id='word_1_30' title='bbox 1183 738 1217 802; x_wconf 94' lang='lat' dir='ltr'><strong>iu</strong></span> <span class='ocrx_word' id='word_1_31' title='bbox 1240 738 1362 814; x_wconf 88' lang='lat' dir='ltr'><strong>amulo,</strong></span> <span class='ocrx_word' id='word_1_32' title='bbox 1392 745 1426 803; x_wconf 89' lang='lat' dir='ltr'><strong>et</strong></span> <span class='ocrx_word' id='word_1_33' title='bbox 1449 739 1594 824; x_wconf 87' lang='lat' dir='ltr'><strong>culpam,</strong></span> <span class='ocrx_word' id='word_1_34' title='bbox 1625 759 1722 824; x_wconf 89' lang='lat' dir='ltr'><strong>quarn</strong></span> <span class='ocrx_word' id='word_1_35' title='bbox 1748 737 1882 803; x_wconf 90' lang='lat' dir='ltr'><strong>damnat</strong></span> <span class='ocrx_word' id='word_1_36' title='bbox 1909 738 1944 801; x_wconf 89' lang='lat' dir='ltr'><strong>in</strong></span> <span class='ocrx_word' id='word_1_37' title='bbox 1971 737 2080 818; x_wconf 88' lang='lat' dir='ltr'><strong>hoste,</strong></span> 
     </span>
     <span class='ocr_line' id='line_1_5' title="bbox 428 841 2079 930; baseline -0.004 -18"><span class='ocrx_word' id='word_1_38' title='bbox 428 847 620 914; x_wconf 87' lang='lat' dir='ltr'><strong>committat.</strong></span> <span class='ocrx_word' id='word_1_39' title='bbox 663 845 737 911; x_wconf 88' lang='lat' dir='ltr'><strong>Non</strong></span> <span class='ocrx_word' id='word_1_40' title='bbox 760 865 838 930; x_wconf 90' lang='lat' dir='ltr'><strong>ergo</strong></span> <span class='ocrx_word' id='word_1_41' title='bbox 861 842 1021 909; x_wconf 86' lang='lat' dir='ltr'><strong>seducant</strong></span> <span class='ocrx_word' id='word_1_42' title='bbox 1042 849 1075 908; x_wconf 89' lang='lat' dir='ltr'><strong>te</strong></span> <span class='ocrx_word' id='word_1_43' title='bbox 1098 862 1265 929; x_wconf 91' lang='lat' dir='ltr'><strong>prospera,</strong></span> <span class='ocrx_word' id='word_1_44' title='bbox 1289 862 1387 927; x_wconf 91' lang='lat' dir='ltr'><strong>quem</strong></span> <span class='ocrx_word' id='word_1_45' title='bbox 1408 841 1603 907; x_wconf 80' lang='lat' dir='ltr'><strong>instruxisse</strong></span> <span class='ocrx_word' id='word_1_46' title='bbox 1626 841 1810 907; x_wconf 90' lang='lat' dir='ltr'><strong>debuerunt</strong></span> <span class='ocrx_word' id='word_1_47' title='bbox 1832 841 1981 921; x_wconf 90' lang='lat' dir='ltr'><strong>adversa,</strong></span> <span class='ocrx_word' id='word_1_48' title='bbox 2005 863 2079 906; x_wconf 92' lang='lat' dir='ltr'><strong>cum</strong></span> 
     </span>
     <span class='ocr_line' id='line_1_6' title="bbox 428 941 2145 1037; baseline -0.005 -20"><span class='ocrx_word' id='word_1_49' title='bbox 428 952 528 1017; x_wconf 89' lang='lat' dir='ltr'><strong>fuerit</strong></span> <span class='ocrx_word' id='word_1_50' title='bbox 548 951 729 1016; x_wconf 77' lang='lat' dir='ltr'><strong>Pharaonis</strong></span> <span class='ocrx_word' id='word_1_51' title='bbox 752 950 925 1037; x_wconf 88' lang='lat' dir='ltr'><strong>pincema²</strong></span> <span class='ocrx_word' id='word_1_52' title='bbox 954 954 1102 1020; x_wconf 87' lang='lat' dir='ltr'><strong>notatus,</strong></span> <span class='ocrx_word' id='word_1_53' title='bbox 1133 967 1173 1011; x_wconf 95' lang='lat' dir='ltr'><strong>eo</strong></span> <span class='ocrx_word' id='word_1_54' title='bbox 1203 942 1291 1031; x_wconf 91' lang='lat' dir='ltr'><strong>quod</strong></span> <span class='ocrx_word' id='word_1_55' title='bbox 1319 944 1571 1010; x_wconf 90' lang='lat' dir='ltr'><strong>succedentibus</strong></span> <span class='ocrx_word' id='word_1_56' title='bbox 1599 941 1766 1032; x_wconf 86' lang='lat' dir='ltr'><strong>prosperis</strong></span> <span class='ocrx_word' id='word_1_57' title='bbox 1797 946 1848 1011; x_wconf 91' lang='lat' dir='ltr'><strong>sui</strong></span> <span class='ocrx_word' id='word_1_58' title='bbox 1877 952 1929 1012; x_wconf 85' lang='lat' dir='ltr'><strong>eat</strong></span> <span class='ocrx_word' id='word_1_59' title='bbox 1959 945 2080 1010; x_wconf 90' lang='lat' dir='ltr'><strong>oblitus</strong></span> <span class='ocrx_word' id='word_1_60' title='bbox 2133 965 2145 1000; x_wconf 78' lang='lat'>⁵</span> 
     </span>
     <span class='ocr_line' id='line_1_7' title="bbox 429 1048 2083 1142; baseline -0.003 -23"><span class='ocrx_word' id='word_1_61' title='bbox 429 1055 636 1142; x_wconf 80' lang='lat' dir='ltr'><strong>interpretis,</strong></span> <span class='ocrx_word' id='word_1_62' title='bbox 667 1060 702 1118; x_wconf 91' lang='lat' dir='ltr'><strong>et</strong></span> <span class='ocrx_word' id='word_1_63' title='bbox 727 1054 783 1118; x_wconf 82' lang='lat' dir='ltr'><strong>lex</strong></span> <span class='ocrx_word' id='word_1_64' title='bbox 813 1052 995 1118; x_wconf 85' lang='lat' dir='ltr'><strong>nobilitatis</strong></span> <span class='ocrx_word' id='word_1_65' title='bbox 1024 1050 1058 1115; x_wconf 94' lang='lat' dir='ltr'><strong>id</strong></span> <span class='ocrx_word' id='word_1_66' title='bbox 1080 1049 1217 1128; x_wconf 86' lang='lat' dir='ltr'><strong>habeat,</strong></span> <span class='ocrx_word' id='word_1_67' title='bbox 1243 1054 1280 1113; x_wconf 92' lang='lat' dir='ltr'><strong>ut</strong></span> <span class='ocrx_word' id='word_1_68' title='bbox 1309 1048 1468 1113; x_wconf 88' lang='lat' dir='ltr'><strong>nobilium</strong></span> <span class='ocrx_word' id='word_1_69' title='bbox 1497 1055 1624 1114; x_wconf 88' lang='lat' dir='ltr'><strong>mentes</strong></span> <span class='ocrx_word' id='word_1_70' title='bbox 1649 1049 1783 1114; x_wconf 86' lang='lat' dir='ltr'><strong>excelsa</strong></span> <span class='ocrx_word' id='word_1_71' title='bbox 1804 1069 1870 1114; x_wconf 92' lang='lat' dir='ltr'><strong>non</strong></span> <span class='ocrx_word' id='word_1_72' title='bbox 1893 1050 2026 1116; x_wconf 89' lang='lat' dir='ltr'><strong>elevent</strong></span> <span class='ocrx_word' id='word_1_73' title='bbox 2048 1055 2083 1114; x_wconf 90' lang='lat' dir='ltr'><strong>et</strong></span> 
     </span>
     <span class='ocr_line' id='line_1_8' title="bbox 429 1151 2082 1242; baseline -0.003 -20"><span class='ocrx_word' id='word_1_74' title='bbox 429 1157 541 1222; x_wconf 90' lang='lat' dir='ltr'><strong>infima</strong></span> <span class='ocrx_word' id='word_1_75' title='bbox 562 1178 628 1222; x_wconf 92' lang='lat' dir='ltr'><strong>non</strong></span> <span class='ocrx_word' id='word_1_76' title='bbox 650 1155 832 1223; x_wconf 88' lang='lat' dir='ltr'><strong>demittant.</strong></span> <span class='ocrx_word' id='word_1_77' title='bbox 875 1153 1098 1242; x_wconf 86' lang='lat' dir='ltr'><strong>Quapropter,</strong></span> <span class='ocrx_word' id='word_1_78' title='bbox 1128 1153 1176 1218; x_wconf 88' lang='lat' dir='ltr'><strong>fili</strong></span> <span class='ocrx_word' id='word_1_79' title='bbox 1201 1151 1391 1230; x_wconf 83' lang='lat' dir='ltr'><strong>karissime,</strong></span> <span class='ocrx_word' id='word_1_80' title='bbox 1421 1151 1567 1236; x_wconf 90' lang='lat' dir='ltr'><strong>probatis</strong></span> <span class='ocrx_word' id='word_1_81' title='bbox 1590 1153 1771 1238; x_wconf 90' lang='lat' dir='ltr'><strong>apostolice</strong></span> <span class='ocrx_word' id='word_1_82' title='bbox 1795 1152 1884 1218; x_wconf 93' lang='lat' dir='ltr'><strong>sedis</strong></span> <span class='ocrx_word' id='word_1_83' title='bbox 1906 1153 2082 1218; x_wconf 83' lang='lat' dir='ltr'><strong>affectibus</strong></span> 
     </span>
     <span class='ocr_line' id='line_1_9' title="bbox 430 1254 2082 1346; baseline -0.001 -22"><span class='ocrx_word' id='word_1_84' title='bbox 430 1261 552 1326; x_wconf 89' lang='lat' dir='ltr'><strong>nullius</strong></span> <span class='ocrx_word' id='word_1_85' title='bbox 575 1261 744 1346; x_wconf 79' lang='lat' dir='ltr'><strong>suggestio</strong></span> <span class='ocrx_word' id='word_1_86' title='bbox 766 1265 799 1326; x_wconf 92' lang='lat' dir='ltr'><strong>te</strong></span> <span class='ocrx_word' id='word_1_87' title='bbox 824 1258 1000 1338; x_wconf 88' lang='lat' dir='ltr'><strong>subducet,</strong></span> <span class='ocrx_word' id='word_1_88' title='bbox 1024 1277 1103 1342; x_wconf 93' lang='lat' dir='ltr'><strong>que,</strong></span> <span class='ocrx_word' id='word_1_89' title='bbox 1126 1255 1189 1321; x_wconf 93' lang='lat' dir='ltr'><strong>nisi</strong></span> <span class='ocrx_word' id='word_1_90' title='bbox 1213 1254 1417 1320; x_wconf 85' lang='lat' dir='ltr'><strong>obstaculum</strong></span> <span class='ocrx_word' id='word_1_91' title='bbox 1442 1254 1542 1319; x_wconf 89' lang='lat' dir='ltr'><strong>nimie</strong></span> <span class='ocrx_word' id='word_1_92' title='bbox 1564 1254 1784 1321; x_wconf 87' lang='lat' dir='ltr'><strong>indevotionis</strong></span> <span class='ocrx_word' id='word_1_93' title='bbox 1807 1256 1979 1343; x_wconf 90' lang='lat' dir='ltr'><strong>impediat,</strong></span> <span class='ocrx_word' id='word_1_94' title='bbox 2002 1278 2023 1322; x_wconf 87' lang='lat' dir='ltr'><strong>a</strong></span> <span class='ocrx_word' id='word_1_95' title='bbox 2048 1265 2082 1322; x_wconf 91' lang='lat' dir='ltr'><strong>te</strong></span> 
     </span>
     <span class='ocr_line' id='line_1_10' title="bbox 429 1356 2083 1442; baseline -0.003 -15"><span class='ocrx_word' id='word_1_96' title='bbox 429 1362 601 1429; x_wconf 86' lang='lat' dir='ltr'><strong>dexteram</strong></span> <span class='ocrx_word' id='word_1_97' title='bbox 622 1363 856 1430; x_wconf 91' lang='lat' dir='ltr'><strong>beneficiorum</strong></span> <span class='ocrx_word' id='word_1_98' title='bbox 878 1383 944 1428; x_wconf 92' lang='lat' dir='ltr'><strong>non</strong></span> <span class='ocrx_word' id='word_1_99' title='bbox 967 1360 1136 1426; x_wconf 90' lang='lat' dir='ltr'><strong>subtrahet</strong></span> <span class='ocrx_word' id='word_1_100' title='bbox 1160 1365 1193 1424; x_wconf 94' lang='lat' dir='ltr'><strong>et</strong></span> <span class='ocrx_word' id='word_1_101' title='bbox 1215 1357 1399 1423; x_wconf 85' lang='lat' dir='ltr'><strong>dulcedinis</strong></span> <span class='ocrx_word' id='word_1_102' title='bbox 1422 1356 1526 1422; x_wconf 90' lang='lat' dir='ltr'><strong>ubera</strong></span> <span class='ocrx_word' id='word_1_103' title='bbox 1547 1379 1612 1422; x_wconf 92' lang='lat' dir='ltr'><strong>non</strong></span> <span class='ocrx_word' id='word_1_104' title='bbox 1635 1358 1828 1442; x_wconf 89' lang='lat' dir='ltr'><strong>abscondet,</strong></span> <span class='ocrx_word' id='word_1_105' title='bbox 1851 1381 1925 1424; x_wconf 92' lang='lat' dir='ltr'><strong>cum</strong></span> <span class='ocrx_word' id='word_1_106' title='bbox 1951 1381 2016 1425; x_wconf 91' lang='lat' dir='ltr'><strong>non</strong></span> <span class='ocrx_word' id='word_1_107' title='bbox 2040 1361 2083 1425; x_wconf 86' lang='lat' dir='ltr'><strong>sit</strong></span> 
     </span>
     <span class='ocr_line' id='line_1_11' title="bbox 430 1460 2156 1552; baseline -0.002 -21"><span class='ocrx_word' id='word_1_108' title='bbox 430 1466 623 1548; x_wconf 90' lang='lat' dir='ltr'><strong>verisimile,</strong></span> <span class='ocrx_word' id='word_1_109' title='bbox 652 1467 737 1552; x_wconf 91' lang='lat' dir='ltr'><strong>quod</strong></span> <span class='ocrx_word' id='word_1_110' title='bbox 761 1467 861 1531; x_wconf 92' lang='lat' dir='ltr'><strong>animi</strong></span> <span class='ocrx_word' id='word_1_111' title='bbox 883 1466 1041 1531; x_wconf 88' lang='lat' dir='ltr'><strong>ferventis</strong></span> <span class='ocrx_word' id='word_1_112' title='bbox 1066 1463 1221 1528; x_wconf 82' lang='lat' dir='ltr'><strong>affectum</strong></span> <span class='ocrx_word' id='word_1_113' title='bbox 1243 1461 1284 1526; x_wconf 90' lang='lat' dir='ltr'><strong>ab</strong></span> <span class='ocrx_word' id='word_1_114' title='bbox 1307 1462 1364 1526; x_wconf 93' lang='lat' dir='ltr'><strong>illo</strong></span> <span class='ocrx_word' id='word_1_115' title='bbox 1387 1460 1428 1526; x_wconf 88' lang='lat' dir='ltr'><strong>de</strong></span> <span class='ocrx_word' id='word_1_116' title='bbox 1451 1461 1539 1526; x_wconf 87' lang='lat' dir='ltr'><strong>facili</strong></span> <span class='ocrx_word' id='word_1_117' title='bbox 1563 1462 1641 1527; x_wconf 90' lang='lat' dir='ltr'><strong>velit</strong></span> <span class='ocrx_word' id='word_1_118' title='bbox 1663 1468 1828 1542; x_wconf 90' lang='lat' dir='ltr'><strong>avertere,</strong></span> <span class='ocrx_word' id='word_1_119' title='bbox 1858 1484 1955 1548; x_wconf 91' lang='lat' dir='ltr'><strong>quem</strong></span> <span class='ocrx_word' id='word_1_120' title='bbox 1978 1464 2082 1528; x_wconf 89' lang='lat' dir='ltr'><strong>multo</strong></span> <span class='ocrx_word' id='word_1_121' title='bbox 2135 1485 2156 1520; x_wconf 79' lang='lat' dir='ltr'><strong>a</strong></span> 
     </span>
     <span class='ocr_line' id='line_1_12' title="bbox 429 1564 1707 1657; baseline -0.002 -25"><span class='ocrx_word' id='word_1_122' title='bbox 429 1568 542 1634; x_wconf 92' lang='lat' dir='ltr'><strong>labore</strong></span> <span class='ocrx_word' id='word_1_123' title='bbox 564 1569 647 1634; x_wconf 90' lang='lat' dir='ltr'><strong>fovit</strong></span> <span class='ocrx_word' id='word_1_124' title='bbox 669 1569 885 1657; x_wconf 88' lang='lat' dir='ltr'><strong>impuberem,</strong></span> <span class='ocrx_word' id='word_1_125' title='bbox 909 1569 1075 1653; x_wconf 91' lang='lat' dir='ltr'><strong>multaque</strong></span> <span class='ocrx_word' id='word_1_126' title='bbox 1099 1564 1321 1631; x_wconf 89' lang='lat' dir='ltr'><strong>sollicitudine</strong></span> <span class='ocrx_word' id='word_1_127' title='bbox 1344 1565 1507 1651; x_wconf 91' lang='lat' dir='ltr'><strong>promovit</strong></span> <span class='ocrx_word' id='word_1_128' title='bbox 1530 1565 1674 1630; x_wconf 89' lang='lat' dir='ltr'><strong>adultum</strong></span> <span class='ocrx_word' id='word_1_129' title='bbox 1684 1565 1707 1630; x_wconf 79' lang='lat'><strong>².</strong></span> 
     </span>
    </p>
   </div>
   <div class='ocr_carea' id='block_1_3' title="bbox 538 1687 817 1755">
    <p class='ocr_par' dir='ltr' id='par_1_3' title="bbox 538 1687 817 1755">
     <span class='ocr_line' id='line_1_13' title="bbox 538 1687 817 1755; baseline 0.007 -3"><span class='ocrx_word' id='word_1_130' title='bbox 538 1687 614 1755; x_wconf 90' lang='lat' dir='ltr'><strong>Dat.</strong></span> <span class='ocrx_word' id='word_1_131' title='bbox 636 1689 817 1755; x_wconf 80' lang='lat' dir='ltr'><strong>Lateran.³.</strong></span> 
     </span>
    </p>
   </div>
   <div class='ocr_carea' id='block_1_4' title="bbox 1054 1860 1465 1870">
    <p class='ocr_par' dir='ltr' id='par_1_4' title="bbox 1054 1860 1465 1870">
     <span class='ocr_line' id='line_1_14' title="bbox 1054 1860 1465 1870; baseline -0.005 0"><span class='ocrx_word' id='word_1_132' title='bbox 1054 1860 1465 1870; x_wconf 73' lang='lat'><em>——...——-.—-—-</em></span> 
     </span>
    </p>
   </div>
   <div class='ocr_carea' id='block_1_5' title="bbox 1213 2157 1300 2232">
    <p class='ocr_par' dir='ltr' id='par_1_5' title="bbox 1213 2157 1300 2232">
     <span class='ocr_line' id='line_1_15' title="bbox 1213 2157 1300 2232; baseline 0.023 -2"><span class='ocrx_word' id='word_1_133' title='bbox 1213 2157 1300 2232; x_wconf 78' lang='lat' dir='ltr'><strong>aet.</strong></span> 
     </span>
    </p>
   </div>
   <div class='ocr_carea' id='block_1_6' title="bbox 427 2269 2151 2903">
    <p class='ocr_par' dir='ltr' id='par_1_6' title="bbox 427 2269 2151 2794">
     <span class='ocr_line' id='line_1_16' title="bbox 540 2269 2087 2383; baseline 0.003 -20"><span class='ocrx_word' id='word_1_134' title='bbox 540 2269 729 2363; x_wconf 78' lang='lat' dir='ltr'><strong>Honorias</strong></span> <span class='ocrx_word' id='word_1_135' title='bbox 757 2297 824 2363; x_wconf 84' lang='lat'><strong>111</strong></span> <span class='ocrx_word' id='word_1_136' title='bbox 846 2317 934 2380; x_wconf 83' lang='lat' dir='ltr'><strong>papa</strong></span> <span class='ocrx_word' id='word_1_137' title='bbox 961 2296 1119 2383; x_wconf 77' lang='lat' dir='ltr'><strong>[chrico</strong></span> <span class='ocrx_word' id='word_1_138' title='bbox 1146 2296 1206 2381; x_wconf 89' lang='lat' dir='ltr'><strong>H]</strong></span> <span class='ocrx_word' id='word_1_139' title='bbox 1234 2297 1374 2378; x_wconf 78' lang='lat' dir='ltr'><strong>episcopo</strong></span> <span class='ocrx_word' id='word_1_140' title='bbox 1403 2301 1432 2362; x_wconf 88' lang='lat' dir='ltr'><strong>et</strong></span> <span class='ocrx_word' id='word_1_141' title='bbox 1454 2299 1634 2380; x_wconf 77' lang='lat' dir='ltr'><strong>praeposito</strong></span> <span class='ocrx_word' id='word_1_142' title='bbox 1661 2301 1692 2364; x_wconf 89' lang='lat' dir='ltr'><strong>et</strong></span> <span class='ocrx_word' id='word_1_143' title='bbox 1717 2299 1832 2364; x_wconf 83' lang='lat' dir='ltr'><strong>decom</strong></span> <span class='ocrx_word' id='word_1_144' title='bbox 1859 2300 2087 2368; x_wconf 80' lang='lat' dir='ltr'><strong>Wormacicnsi</strong></span> 
     </span>
     <span class='ocr_line' id='line_1_17' title="bbox 429 2399 2081 2486; baseline 0.002 -20"><span class='ocrx_word' id='word_1_145' title='bbox 429 2401 538 2466; x_wconf 80' lang='lat' dir='ltr'><strong>scribit</strong></span> <span class='ocrx_word' id='word_1_146' title='bbox 566 2401 604 2468; x_wconf 84' lang='lat' dir='ltr'><strong>da</strong></span> <span class='ocrx_word' id='word_1_147' title='bbox 631 2421 744 2482; x_wconf 80' lang='lat' dir='ltr'><strong>cansa,</strong></span> <span class='ocrx_word' id='word_1_148' title='bbox 776 2422 858 2483; x_wconf 83' lang='lat' dir='ltr'><strong>qnae</strong></span> <span class='ocrx_word' id='word_1_149' title='bbox 889 2401 974 2466; x_wconf 83' lang='lat' dir='ltr'><strong>inter</strong></span> <span class='ocrx_word' id='word_1_150' title='bbox 1006 2399 1157 2481; x_wconf 80' lang='lat' dir='ltr'><strong>Sophiam</strong></span> <span class='ocrx_word' id='word_1_151' title='bbox 1186 2400 1378 2465; x_wconf 82' lang='lat' dir='ltr'><strong>abbatissam</strong></span> <span class='ocrx_word' id='word_1_152' title='bbox 1408 2404 1437 2465; x_wconf 89' lang='lat' dir='ltr'><strong>ct</strong></span> <span class='ocrx_word' id='word_1_153' title='bbox 1466 2401 1660 2467; x_wconf 85' lang='lat' dir='ltr'><strong>Bertrcdam</strong></span> <span class='ocrx_word' id='word_1_154' title='bbox 1682 2403 1898 2483; x_wconf 75' lang='lat' dir='ltr'><strong>praepositam</strong></span> <span class='ocrx_word' id='word_1_155' title='bbox 1930 2405 2081 2486; x_wconf 76' lang='lat' dir='ltr'><strong>Qaedlin·</strong></span> 
     </span>
     <span class='ocr_line' id='line_1_18' title="bbox 429 2501 2151 2589; baseline -0.001 -19"><span class='ocrx_word' id='word_1_156' title='bbox 429 2505 782 2589; x_wconf 60' lang='lat' dir='ltr'><strong>bargeserenam,</strong></span> <span class='ocrx_word' id='word_1_157' title='bbox 804 2508 833 2568; x_wconf 90' lang='lat' dir='ltr'><strong>et</strong></span> <span class='ocrx_word' id='word_1_158' title='bbox 854 2503 891 2569; x_wconf 84' lang='lat' dir='ltr'><strong>de</strong></span> <span class='ocrx_word' id='word_1_159' title='bbox 912 2504 1046 2569; x_wconf 86' lang='lat' dir='ltr'><strong>arbitrio</strong></span> <span class='ocrx_word' id='word_1_160' title='bbox 1068 2525 1089 2569; x_wconf 92' lang='lat' dir='ltr'><strong>a</strong></span> <span class='ocrx_word' id='word_1_161' title='bbox 1115 2503 1260 2571; x_wconf 80' lang='lat' dir='ltr'><strong>Conrado</strong></span> <span class='ocrx_word' id='word_1_162' title='bbox 1281 2504 1420 2584; x_wconf 72' lang='lat' dir='ltr'><strong>miscopo</strong></span> <span class='ocrx_word' id='word_1_163' title='bbox 1435 2501 1605 2568; x_wconf 83' lang='lat' dir='ltr'><strong>Portaensi</strong></span> <span class='ocrx_word' id='word_1_164' title='bbox 1626 2504 1662 2566; x_wconf 88' lang='lat' dir='ltr'><strong>tn</strong></span> <span class='ocrx_word' id='word_1_165' title='bbox 1684 2505 1743 2569; x_wconf 81' lang='lat' dir='ltr'><strong>hac</strong></span> <span class='ocrx_word' id='word_1_166' title='bbox 1764 2524 1861 2570; x_wconf 85' lang='lat' dir='ltr'><strong>caasa</strong></span> <span class='ocrx_word' id='word_1_167' title='bbox 1881 2505 1974 2586; x_wconf 81' lang='lat' dir='ltr'><strong>sacto,</strong></span> <span class='ocrx_word' id='word_1_168' title='bbox 1996 2509 2085 2572; x_wconf 74' lang='lat' dir='ltr'><strong>miras</strong></span> <span class='ocrx_word' id='word_1_169' title='bbox 2132 2533 2151 2568; x_wconf 81' lang='grc' dir='ltr'><strong>ιι</strong></span> 
     </span>
     <span class='ocr_line' id='line_1_19' title="bbox 427 2607 2084 2691; baseline 0.002 -19"><span class='ocrx_word' id='word_1_170' title='bbox 427 2613 563 2674; x_wconf 84' lang='lat' dir='ltr'><strong>tenorem</strong></span> <span class='ocrx_word' id='word_1_171' title='bbox 583 2609 729 2691; x_wconf 78' lang='lat' dir='ltr'><strong>epr‘stohse</strong></span> <span class='ocrx_word' id='word_1_172' title='bbox 750 2608 879 2686; x_wconf 69' lang='lat' dir='ltr'><strong>inserit·</strong></span> <span class='ocrx_word' id='word_1_173' title='bbox 908 2608 950 2672; x_wconf 85' lang='lat' dir='ltr'><strong>iis</strong></span> <span class='ocrx_word' id='word_1_174' title='bbox 972 2628 1038 2672; x_wconf 88' lang='lat' dir='ltr'><strong>rem</strong></span> <span class='ocrx_word' id='word_1_175' title='bbox 1059 2607 1293 2673; x_wconf 74' lang='lat' dir='ltr'><strong>terminandam</strong></span> <span class='ocrx_word' id='word_1_176' title='bbox 1314 2607 1474 2673; x_wconf 82' lang='lat' dir='ltr'><strong>eomnrittit</strong></span> <span class='ocrx_word' id='word_1_177' title='bbox 1495 2627 1604 2690; x_wconf 84' lang='lat' dir='ltr'><strong>eosque</strong></span> <span class='ocrx_word' id='word_1_178' title='bbox 1626 2608 1725 2686; x_wconf 76' lang='lat' dir='ltr'><strong>docet,</strong></span> <span class='ocrx_word' id='word_1_179' title='bbox 1754 2609 1902 2689; x_wconf 80' lang='lat' dir='ltr'><strong>quomodo</strong></span> <span class='ocrx_word' id='word_1_180' title='bbox 1922 2611 2084 2691; x_wconf 74' lang='lat' dir='ltr'><strong>procedam</strong></span> 
     </span>
     <span class='ocr_line' id='line_1_20' title="bbox 429 2711 2002 2794; baseline 0.003 -18"><span class='ocrx_word' id='word_1_181' title='bbox 429 2713 574 2792; x_wconf 81' lang='lat' dir='ltr'><strong>‹labeant;</strong></span> <span class='ocrx_word' id='word_1_182' title='bbox 596 2711 636 2794; x_wconf 77' lang='lat' dir='ltr'><strong>cf.</strong></span> <span class='ocrx_word' id='word_1_183' title='bbox 658 2732 691 2778; x_wconf 73' lang='lat' dir='ltr'><strong>n,</strong></span> <span class='ocrx_word' id='word_1_184' title='bbox 712 2714 788 2778; x_wconf 83' lang='lat'><em>258.</em></span> <span class='ocrx_word' id='word_1_185' title='bbox 1731 2715 1825 2791; x_wconf 82' lang='lat'><strong>1226,</strong></span> <span class='ocrx_word' id='word_1_186' title='bbox 1841 2713 1927 2779; x_wconf 84' lang='lat' dir='ltr'><strong>Mat.</strong></span> <span class='ocrx_word' id='word_1_187' title='bbox 1948 2719 2002 2780; x_wconf 88' lang='lat'><strong>30.</strong></span> 
     </span>
    </p>

    <p class='ocr_par' dir='ltr' id='par_1_7' title="bbox 534 2829 1299 2903">
     <span class='ocr_line' id='line_1_21' title="bbox 534 2829 1299 2903; baseline 0 -17"><span class='ocrx_word' id='word_1_188' title='bbox 534 2832 611 2888; x_wconf 73' lang='lat' dir='ltr'><strong>uon.</strong></span> <span class='ocrx_word' id='word_1_189' title='bbox 629 2835 681 2886; x_wconf 84' lang='lat'><strong>111</strong></span> <span class='ocrx_word' id='word_1_190' title='bbox 699 2833 768 2903; x_wconf 64' lang='lat' dir='ltr'><strong>aeq.</strong></span> <span class='ocrx_word' id='word_1_191' title='bbox 792 2833 848 2888; x_wconf 80' lang='lat' dir='ltr'><strong>ror.</strong></span> <span class='ocrx_word' id='word_1_192' title='bbox 872 2831 902 2896; x_wconf 84' lang='lat' dir='ltr'><strong>v,</strong></span> <span class='ocrx_word' id='word_1_193' title='bbox 920 2834 1075 2900; x_wconf 70' lang='lat' dir='ltr'><strong>rer-1335</strong></span> <span class='ocrx_word' id='word_1_194' title='bbox 1094 2831 1157 2886; x_wconf 69' lang='lat' dir='ltr'><strong>aaa.</strong></span> <span class='ocrx_word' id='word_1_195' title='bbox 1177 2829 1216 2896; x_wconf 87' lang='lat' dir='ltr'><strong>x,</strong></span> <span class='ocrx_word' id='word_1_196' title='bbox 1233 2835 1299 2886; x_wconf 82' lang='lat' dir='ltr'><strong>aaa.</strong></span> 
     </span>
    </p>
   </div>
   <div class='ocr_carea' id='block_1_7' title="bbox 590 3044 1925 3141">
    <p class='ocr_par' dir='ltr' id='par_1_8' title="bbox 590 3044 1925 3141">
     <span class='ocr_line' id='line_1_22' title="bbox 590 3044 1925 3141; baseline 0.001 -20"><span class='ocrx_word' id='word_1_197' title='bbox 590 3101 599 3120; x_wconf 93' lang='lat'><strong>.</strong></span> <span class='ocrx_word' id='word_1_198' title='bbox 627 3101 636 3120; x_wconf 91' lang='lat'><strong>.</strong></span> <span class='ocrx_word' id='word_1_199' title='bbox 665 3045 894 3141; x_wconf 69' lang='lat' dir='ltr'><strong>episcopm</strong></span> <span class='ocrx_word' id='word_1_200' title='bbox 923 3102 932 3119; x_wconf 89' lang='lat'><strong>.</strong></span> <span class='ocrx_word' id='word_1_201' title='bbox 958 3101 967 3119; x_wconf 91' lang='lat'><strong>.</strong></span> <span class='ocrx_word' id='word_1_202' title='bbox 995 3045 1228 3138; x_wconf 88' lang='lat' dir='ltr'><strong>preposito</strong></span> <span class='ocrx_word' id='word_1_203' title='bbox 1257 3051 1300 3119; x_wconf 86' lang='lat' dir='ltr'><strong>et</strong></span> <span class='ocrx_word' id='word_1_204' title='bbox 1328 3102 1337 3121; x_wconf 94' lang='lat'><strong>.</strong></span> <span class='ocrx_word' id='word_1_205' title='bbox 1364 3101 1373 3120; x_wconf 93' lang='lat'><strong>.</strong></span> <span class='ocrx_word' id='word_1_206' title='bbox 1401 3046 1572 3120; x_wconf 87' lang='lat' dir='ltr'><strong>decano</strong></span> <span class='ocrx_word' id='word_1_207' title='bbox 1599 3044 1925 3122; x_wconf 78' lang='lat' dir='ltr'><strong>wormaciensi.</strong></span> 
     </span>
    </p>
   </div>
   <div class='ocr_carea' id='block_1_8' title="bbox 433 3191 2163 5248">
    <p class='ocr_par' dir='ltr' id='par_1_9' title="bbox 433 3191 2163 5248">
     <span class='ocr_line' id='line_1_23' title="bbox 543 3191 2148 3282; baseline -0.002 -23"><span class='ocrx_word' id='word_1_208' title='bbox 543 3192 663 3259; x_wconf 87' lang='lat' dir='ltr'><strong>Oblata</strong></span> <span class='ocrx_word' id='word_1_209' title='bbox 699 3194 796 3259; x_wconf 88' lang='lat' dir='ltr'><strong>nobis</strong></span> <span class='ocrx_word' id='word_1_210' title='bbox 835 3194 913 3260; x_wconf 90' lang='lat' dir='ltr'><strong>olim</strong></span> <span class='ocrx_word' id='word_1_211' title='bbox 951 3192 1070 3258; x_wconf 86' lang='lat' dir='ltr'><strong>dilecte</strong></span> <span class='ocrx_word' id='word_1_212' title='bbox 1113 3193 1146 3257; x_wconf 95' lang='lat' dir='ltr'><strong>iu</strong></span> <span class='ocrx_word' id='word_1_213' title='bbox 1181 3191 1312 3258; x_wconf 79' lang='lat' dir='ltr'><strong>Christo</strong></span> <span class='ocrx_word' id='word_1_214' title='bbox 1350 3194 1416 3259; x_wconf 89' lang='lat' dir='ltr'><strong>filie</strong></span> <span class='ocrx_word' id='word_1_215' title='bbox 1456 3243 1464 3259; x_wconf 91' lang='lat'><strong>.</strong></span> <span class='ocrx_word' id='word_1_216' title='bbox 1503 3242 1511 3259; x_wconf 92' lang='lat'><strong>.</strong></span> <span class='ocrx_word' id='word_1_217' title='bbox 1552 3194 1720 3259; x_wconf 89' lang='lat' dir='ltr'><strong>abbatisse</strong></span> <span class='ocrx_word' id='word_1_218' title='bbox 1756 3194 2083 3282; x_wconf 86' lang='lat' dir='ltr'><strong>Quindeliburgensis</strong></span> <span class='ocrx_word' id='word_1_219' title='bbox 2128 3217 2148 3255; x_wconf 81' lang='grc' dir='ltr'><strong>ιι</strong></span> 
     </span>
     <span class='ocr_line' id='line_1_24' title="bbox 434 3297 2085 3385; baseline 0.001 -23"><span class='ocrx_word' id='word_1_220' title='bbox 434 3298 624 3362; x_wconf 90' lang='lat' dir='ltr'><strong>monasterii</strong></span> <span class='ocrx_word' id='word_1_221' title='bbox 647 3298 762 3385; x_wconf 91' lang='lat' dir='ltr'><strong>petitio</strong></span> <span class='ocrx_word' id='word_1_222' title='bbox 786 3297 991 3379; x_wconf 90' lang='lat' dir='ltr'><strong>continebat,</strong></span> <span class='ocrx_word' id='word_1_223' title='bbox 1019 3298 1106 3383; x_wconf 93' lang='lat' dir='ltr'><strong>quod</strong></span> <span class='ocrx_word' id='word_1_224' title='bbox 1129 3297 1261 3382; x_wconf 89' lang='lat' dir='ltr'><strong>quidam</strong></span> <span class='ocrx_word' id='word_1_225' title='bbox 1283 3299 1417 3363; x_wconf 80' lang='lat' dir='ltr'><strong>vassalli</strong></span> <span class='ocrx_word' id='word_1_226' title='bbox 1445 3303 1479 3362; x_wconf 90' lang='lat' dir='ltr'><strong>et</strong></span> <span class='ocrx_word' id='word_1_227' title='bbox 1500 3298 1733 3364; x_wconf 86' lang='lat' dir='ltr'><strong>ministeriales</strong></span> <span class='ocrx_word' id='word_1_228' title='bbox 1762 3299 1841 3364; x_wconf 66' lang='lat' dir='ltr'><strong>eius*</strong></span> <span class='ocrx_word' id='word_1_229' title='bbox 1856 3320 1929 3364; x_wconf 89' lang='lat' dir='ltr'><strong>cum</strong></span> <span class='ocrx_word' id='word_1_230' title='bbox 1952 3299 2085 3384; x_wconf 91' lang='lat' dir='ltr'><strong>quibus·</strong></span> 
     </span>
     <span class='ocr_line' id='line_1_25' title="bbox 434 3399 2086 3489; baseline 0.001 -24"><span class='ocrx_word' id='word_1_231' title='bbox 434 3399 509 3466; x_wconf 93' lang='lat' dir='ltr'><strong>dam</strong></span> <span class='ocrx_word' id='word_1_232' title='bbox 533 3401 606 3465; x_wconf 89' lang='lat' dir='ltr'><strong>aliis</strong></span> <span class='ocrx_word' id='word_1_233' title='bbox 630 3401 844 3488; x_wconf 89' lang='lat' dir='ltr'><strong>eomplicibus</strong></span> <span class='ocrx_word' id='word_1_234' title='bbox 874 3401 943 3466; x_wconf 90' lang='lat' dir='ltr'><strong>suis</strong></span> <span class='ocrx_word' id='word_1_235' title='bbox 965 3399 1250 3466; x_wconf 90' lang='lat' dir='ltr'><strong>Halberstatensis</strong></span> <span class='ocrx_word' id='word_1_236' title='bbox 1280 3399 1421 3466; x_wconf 90' lang='lat' dir='ltr'><strong>diocesis</strong></span> <span class='ocrx_word' id='word_1_237' title='bbox 1449 3422 1577 3482; x_wconf 91' lang='lat' dir='ltr'><strong>muros,</strong></span> <span class='ocrx_word' id='word_1_238' title='bbox 1607 3401 1726 3486; x_wconf 80' lang='lat' dir='ltr'><strong>quibus</strong></span> <span class='ocrx_word' id='word_1_239' title='bbox 1749 3402 1858 3489; x_wconf 91' lang='lat' dir='ltr'><strong>ipsum</strong></span> <span class='ocrx_word' id='word_1_240' title='bbox 1879 3403 2086 3468; x_wconf 89' lang='lat' dir='ltr'><strong>muniebatur</strong></span> 
     </span>
     <span class='ocr_line' id='line_1_26' title="bbox 433 3504 2085 3593; baseline 0.001 -24"><span class='ocrx_word' id='word_1_241' title='bbox 433 3505 677 3586; x_wconf 89' lang='lat' dir='ltr'><strong>monasterium,</strong></span> <span class='ocrx_word' id='word_1_242' title='bbox 701 3511 734 3571; x_wconf 95' lang='lat' dir='ltr'><strong>et</strong></span> <span class='ocrx_word' id='word_1_243' title='bbox 756 3505 840 3585; x_wconf 91' lang='lat' dir='ltr'><strong>illos,</strong></span> <span class='ocrx_word' id='word_1_244' title='bbox 865 3504 984 3591; x_wconf 92' lang='lat' dir='ltr'><strong>quibus</strong></span> <span class='ocrx_word' id='word_1_245' title='bbox 1007 3505 1183 3569; x_wconf 90' lang='lat' dir='ltr'><strong>claustrum</strong></span> <span class='ocrx_word' id='word_1_246' title='bbox 1203 3504 1409 3570; x_wconf 91' lang='lat' dir='ltr'><strong>ambiebatur</strong></span> <span class='ocrx_word' id='word_1_247' title='bbox 1431 3504 1590 3587; x_wconf 91' lang='lat' dir='ltr'><strong>eiusdem,</strong></span> <span class='ocrx_word' id='word_1_248' title='bbox 1612 3504 1782 3570; x_wconf 90' lang='lat' dir='ltr'><strong>destruere</strong></span> <span class='ocrx_word' id='word_1_249' title='bbox 1805 3513 2085 3593; x_wconf 85' lang='lat' dir='ltr'><strong>presumpserunt,</strong></span> 
     </span>
     <span class='ocr_line' id='line_1_27' title="bbox 434 3607 2085 3697; baseline 0.001 -25"><span class='ocrx_word' id='word_1_250' title='bbox 434 3608 516 3672; x_wconf 90' lang='lat' dir='ltr'><strong>alias</strong></span> <span class='ocrx_word' id='word_1_251' title='bbox 540 3608 571 3674; x_wconf 92' lang='lat' dir='ltr'><strong>ei</strong></span> <span class='ocrx_word' id='word_1_252' title='bbox 597 3607 739 3694; x_wconf 90' lang='lat' dir='ltr'><strong>dampna</strong></span> <span class='ocrx_word' id='word_1_253' title='bbox 760 3608 874 3693; x_wconf 89' lang='lat' dir='ltr'><strong>gravia</strong></span> <span class='ocrx_word' id='word_1_254' title='bbox 896 3614 929 3673; x_wconf 93' lang='lat' dir='ltr'><strong>et</strong></span> <span class='ocrx_word' id='word_1_255' title='bbox 951 3607 1086 3672; x_wconf 86' lang='lat' dir='ltr'><strong>iniurias</strong></span> <span class='ocrx_word' id='word_1_256' title='bbox 1108 3607 1304 3688; x_wconf 90' lang='lat' dir='ltr'><strong>inferentes,</strong></span> <span class='ocrx_word' id='word_1_257' title='bbox 1333 3607 1371 3672; x_wconf 93' lang='lat' dir='ltr'><strong>B.</strong></span> <span class='ocrx_word' id='word_1_258' title='bbox 1396 3629 1524 3694; x_wconf 92' lang='lat' dir='ltr'><strong>quoque</strong></span> <span class='ocrx_word' id='word_1_259' title='bbox 1552 3608 1692 3695; x_wconf 90' lang='lat' dir='ltr'><strong>predicti</strong></span> <span class='ocrx_word' id='word_1_260' title='bbox 1718 3609 1783 3674; x_wconf 91' lang='lat' dir='ltr'><strong>loei</strong></span> <span class='ocrx_word' id='word_1_261' title='bbox 1810 3611 1995 3697; x_wconf 89' lang='lat' dir='ltr'><strong>preposita,</strong></span> <span class='ocrx_word' id='word_1_262' title='bbox 2025 3631 2085 3697; x_wconf 91' lang='lat' dir='ltr'><strong>que</strong></span> 
     </span>
     <span class='ocr_line' id='line_1_28' title="bbox 434 3710 2149 3800; baseline -0.002 -21"><span class='ocrx_word' id='word_1_263' title='bbox 434 3719 486 3779; x_wconf 88' lang='lat' dir='ltr'><strong>ter</strong></span> <span class='ocrx_word' id='word_1_264' title='bbox 508 3713 614 3778; x_wconf 89' lang='lat' dir='ltr'><strong>electa</strong></span> <span class='ocrx_word' id='word_1_265' title='bbox 636 3710 677 3778; x_wconf 92' lang='lat' dir='ltr'><strong>de</strong></span> <span class='ocrx_word' id='word_1_266' title='bbox 699 3712 786 3778; x_wconf 91' lang='lat' dir='ltr'><strong>facto</strong></span> <span class='ocrx_word' id='word_1_267' title='bbox 809 3712 871 3777; x_wconf 90' lang='lat' dir='ltr'><strong>fuit</strong></span> <span class='ocrx_word' id='word_1_268' title='bbox 893 3713 926 3776; x_wconf 91' lang='lat' dir='ltr'><strong>in</strong></span> <span class='ocrx_word' id='word_1_269' title='bbox 949 3711 1097 3777; x_wconf 91' lang='lat' dir='ltr'><strong>eiusdem</strong></span> <span class='ocrx_word' id='word_1_270' title='bbox 1121 3711 1153 3776; x_wconf 77' lang='lat' dir='ltr'><strong>S.</strong></span> <span class='ocrx_word' id='word_1_271' title='bbox 1176 3712 1392 3799; x_wconf 89' lang='lat' dir='ltr'><strong>preiudicium</strong></span> <span class='ocrx_word' id='word_1_272' title='bbox 1422 3719 1456 3778; x_wconf 93' lang='lat' dir='ltr'><strong>et</strong></span> <span class='ocrx_word' id='word_1_273' title='bbox 1478 3734 1671 3798; x_wconf 89' lang='lat' dir='ltr'><strong>gravamen,</strong></span> <span class='ocrx_word' id='word_1_274' title='bbox 1699 3719 1813 3798; x_wconf 91' lang='lat' dir='ltr'><strong>terque</strong></span> <span class='ocrx_word' id='word_1_275' title='bbox 1837 3734 1896 3800; x_wconf 91' lang='lat' dir='ltr'><strong>pro</strong></span> <span class='ocrx_word' id='word_1_276' title='bbox 1921 3713 2088 3779; x_wconf 89' lang='lat' dir='ltr'><strong>abbatissa</strong></span> <span class='ocrx_word' id='word_1_277' title='bbox 2130 3738 2149 3776; x_wconf 80' lang='lat' dir='ltr'><strong>n</strong></span> 
     </span>
     <span class='ocr_line' id='line_1_29' title="bbox 435 3814 2088 3904; baseline 0.002 -25"><span class='ocrx_word' id='word_1_278' title='bbox 435 3815 469 3879; x_wconf 92' lang='lat' dir='ltr'><strong>in</strong></span> <span class='ocrx_word' id='word_1_279' title='bbox 501 3814 618 3880; x_wconf 92' lang='lat' dir='ltr'><strong>eodem</strong></span> <span class='ocrx_word' id='word_1_280' title='bbox 644 3816 843 3881; x_wconf 90' lang='lat' dir='ltr'><strong>monasterio</strong></span> <span class='ocrx_word' id='word_1_281' title='bbox 875 3837 910 3880; x_wconf 90' lang='lat' dir='ltr'><strong>se</strong></span> <span class='ocrx_word' id='word_1_282' title='bbox 943 3814 1113 3881; x_wconf 89' lang='lat' dir='ltr'><strong>intrudens</strong></span> <span class='ocrx_word' id='word_1_283' title='bbox 1148 3823 1182 3881; x_wconf 91' lang='lat' dir='ltr'><strong>et</strong></span> <span class='ocrx_word' id='word_1_284' title='bbox 1207 3817 1493 3882; x_wconf 89' lang='lat' dir='ltr'><strong>amministrationi</strong></span> <span class='ocrx_word' id='word_1_285' title='bbox 1524 3838 1560 3882; x_wconf 94' lang='lat' dir='ltr'><strong>se</strong></span> <span class='ocrx_word' id='word_1_286' title='bbox 1590 3823 1714 3883; x_wconf 88' lang='lat' dir='ltr'><strong>temere</strong></span> <span class='ocrx_word' id='word_1_287' title='bbox 1748 3819 1917 3903; x_wconf 89' lang='lat' dir='ltr'><strong>ingerens,</strong></span> <span class='ocrx_word' id='word_1_288' title='bbox 1950 3816 2088 3904; x_wconf 90' lang='lat' dir='ltr'><strong>quedam</strong></span> 
     </span>
     <span class='ocr_line' id='line_1_30' title="bbox 435 3905 2088 4007; baseline 0.001 -24"><span class='ocrx_word' id='word_1_289' title='bbox 435 3917 521 3983; x_wconf 90' lang='lat' dir='ltr'><strong>bona</strong></span> <span class='ocrx_word' id='word_1_290' title='bbox 543 3919 646 4005; x_wconf 89' lang='lat' dir='ltr'><strong>ipsius</strong></span> <span class='ocrx_word' id='word_1_291' title='bbox 674 3918 865 3984; x_wconf 88' lang='lat' dir='ltr'><strong>monasterii</strong></span> <span class='ocrx_word' id='word_1_292' title='bbox 893 3919 992 3984; x_wconf 90' lang='lat' dir='ltr'><strong>simili</strong></span> <span class='ocrx_word' id='word_1_293' title='bbox 1020 3920 1205 3985; x_wconf 87' lang='lat' dir='ltr'><strong>temeritate</strong></span> <span class='ocrx_word' id='word_1_294' title='bbox 1236 3919 1406 3986; x_wconf 89' lang='lat' dir='ltr'><strong>infeudare</strong></span> <span class='ocrx_word' id='word_1_295' title='bbox 1434 3920 1643 4007; x_wconf 89' lang='lat' dir='ltr'><strong>presumpsit.</strong></span> <span class='ocrx_word' id='word_1_296' title='bbox 1679 3905 1797 3994; x_wconf 63' lang='lat' dir='ltr'><strong>&#39;Quare</strong></span> <span class='ocrx_word' id='word_1_297' title='bbox 1824 3942 1886 3986; x_wconf 90' lang='lat' dir='ltr'><strong>nos</strong></span> <span class='ocrx_word' id='word_1_298' title='bbox 1908 3921 2088 3988; x_wconf 88' lang='lat' dir='ltr'><strong>venerabili</strong></span> 
     </span>
     <span class='ocr_line' id='line_1_31' title="bbox 435 4013 2089 4110; baseline 0.002 -24"><span class='ocrx_word' id='word_1_299' title='bbox 435 4021 529 4086; x_wconf 87' lang='lat' dir='ltr'><strong>fratri</strong></span> <span class='ocrx_word' id='word_1_300' title='bbox 551 4029 664 4088; x_wconf 86' lang='lat' dir='ltr'><strong>nostro</strong></span> <span class='ocrx_word' id='word_1_301' title='bbox 687 4070 696 4087; x_wconf 88' lang='lat'><strong>.</strong></span> <span class='ocrx_word' id='word_1_302' title='bbox 720 4073 728 4090; x_wconf 93' lang='lat'><strong>.</strong></span> <span class='ocrx_word' id='word_1_303' title='bbox 751 4021 1030 4110; x_wconf 86' lang='lat' dir='ltr'><strong>Magdeburgensi</strong></span> <span class='ocrx_word' id='word_1_304' title='bbox 1060 4023 1331 4110; x_wconf 73' lang='lat' dir='ltr'><strong>archiepiscopo*</strong></span> <span class='ocrx_word' id='word_1_305' title='bbox 1354 4013 1635 4088; x_wconf 62' lang='lat' dir='ltr'><strong>et&#39;coniudicibus</strong></span> <span class='ocrx_word' id='word_1_306' title='bbox 1665 4024 1733 4090; x_wconf 89' lang='lat' dir='ltr'><strong>suis</strong></span> <span class='ocrx_word' id='word_1_307' title='bbox 1761 4025 1890 4089; x_wconf 87' lang='lat' dir='ltr'><strong>litteras</strong></span> <span class='ocrx_word' id='word_1_308' title='bbox 1914 4025 1976 4091; x_wconf 89' lang='lat' dir='ltr'><strong>sub</strong></span> <span class='ocrx_word' id='word_1_309' title='bbox 2000 4031 2089 4090; x_wconf 89' lang='lat' dir='ltr'><strong>certa</strong></span> 
     </span>
     <span class='ocr_line' id='line_1_32' title="bbox 436 4124 2089 4215; baseline 0.002 -26"><span class='ocrx_word' id='word_1_310' title='bbox 436 4124 540 4190; x_wconf 90' lang='lat' dir='ltr'><strong>forma</strong></span> <span class='ocrx_word' id='word_1_311' title='bbox 561 4125 742 4191; x_wconf 87' lang='lat' dir='ltr'><strong>direximus</strong></span> <span class='ocrx_word' id='word_1_312' title='bbox 770 4127 857 4192; x_wconf 90' lang='lat' dir='ltr'><strong>inter</strong></span> <span class='ocrx_word' id='word_1_313' title='bbox 886 4133 997 4192; x_wconf 90' lang='lat' dir='ltr'><strong>cetera</strong></span> <span class='ocrx_word' id='word_1_314' title='bbox 1024 4128 1247 4208; x_wconf 88' lang='lat' dir='ltr'><strong>continentes,</strong></span> <span class='ocrx_word' id='word_1_315' title='bbox 1275 4133 1311 4191; x_wconf 91' lang='lat' dir='ltr'><strong>ut</strong></span> <span class='ocrx_word' id='word_1_316' title='bbox 1338 4128 1478 4192; x_wconf 90' lang='lat' dir='ltr'><strong>electam</strong></span> <span class='ocrx_word' id='word_1_317' title='bbox 1507 4125 1548 4192; x_wconf 91' lang='lat' dir='ltr'><strong>ad</strong></span> <span class='ocrx_word' id='word_1_318' title='bbox 1570 4127 1804 4212; x_wconf 90' lang='lat' dir='ltr'><strong>resignandum</strong></span> <span class='ocrx_word' id='word_1_319' title='bbox 1828 4129 1999 4210; x_wconf 89' lang='lat' dir='ltr'><strong>universa,</strong></span> <span class='ocrx_word' id='word_1_320' title='bbox 2027 4150 2089 4215; x_wconf 92' lang='lat' dir='ltr'><strong>que</strong></span> 
     </span>
     <span class='ocr_line' id='line_1_33' title="bbox 436 4226 2156 4319; baseline 0 -27"><span class='ocrx_word' id='word_1_321' title='bbox 436 4226 594 4294; x_wconf 88' lang='lat' dir='ltr'><strong>debonis</strong></span> <span class='ocrx_word' id='word_1_322' title='bbox 618 4229 756 4295; x_wconf 89' lang='lat' dir='ltr'><strong>haberet</strong></span> <span class='ocrx_word' id='word_1_323' title='bbox 778 4231 987 4311; x_wconf 88' lang='lat' dir='ltr'><strong>monasterii,</strong></span> <span class='ocrx_word' id='word_1_324' title='bbox 1020 4236 1217 4312; x_wconf 89' lang='lat' dir='ltr'><strong>coartarent,</strong></span> <span class='ocrx_word' id='word_1_325' title='bbox 1246 4230 1457 4315; x_wconf 86' lang='lat' dir='ltr'><strong>facerentque</strong></span> <span class='ocrx_word' id='word_1_326' title='bbox 1480 4228 1522 4295; x_wconf 95' lang='lat' dir='ltr'><strong>de</strong></span> <span class='ocrx_word' id='word_1_327' title='bbox 1546 4229 1702 4316; x_wconf 89' lang='lat' dir='ltr'><strong>predictis</strong></span> <span class='ocrx_word' id='word_1_328' title='bbox 1724 4231 1876 4319; x_wconf 91' lang='lat' dir='ltr'><strong>dampnis</strong></span> <span class='ocrx_word' id='word_1_329' title='bbox 1900 4237 1934 4296; x_wconf 91' lang='lat' dir='ltr'><strong>et</strong></span> <span class='ocrx_word' id='word_1_330' title='bbox 1962 4230 2088 4295; x_wconf 91' lang='lat' dir='ltr'><strong>iniuriis</strong></span> <span class='ocrx_word' id='word_1_331' title='bbox 2134 4257 2156 4292; x_wconf 77' lang='lat' dir='ltr'><strong>a</strong></span> 
     </span>
     <span class='ocr_line' id='line_1_34' title="bbox 438 4330 2089 4421; baseline 0.001 -25"><span class='ocrx_word' id='word_1_332' title='bbox 438 4331 696 4398; x_wconf 86' lang='lat' dir='ltr'><strong>satisfactionem</strong></span> <span class='ocrx_word' id='word_1_333' title='bbox 718 4333 760 4398; x_wconf 96' lang='lat' dir='ltr'><strong>ab</strong></span> <span class='ocrx_word' id='word_1_334' title='bbox 783 4331 858 4398; x_wconf 83' lang='lat' dir='ltr'><strong>illab</strong></span> <span class='ocrx_word' id='word_1_335' title='bbox 884 4355 1062 4421; x_wconf 85' lang='lat' dir='ltr'><strong>congruam</strong></span> <span class='ocrx_word' id='word_1_336' title='bbox 1091 4333 1251 4400; x_wconf 83' lang='lat' dir='ltr'><strong>exhiberi.</strong></span> <span class='ocrx_word' id='word_1_337' title='bbox 1296 4330 1391 4406; x_wconf 82' lang='lat' dir='ltr'><strong>Quod</strong></span> <span class='ocrx_word' id='word_1_338' title='bbox 1415 4333 1443 4396; x_wconf 91' lang='lat' dir='ltr'><strong>si</strong></span> <span class='ocrx_word' id='word_1_339' title='bbox 1471 4333 1655 4418; x_wconf 88' lang='lat' dir='ltr'><strong>reperirent</strong></span> <span class='ocrx_word' id='word_1_340' title='bbox 1677 4333 1878 4400; x_wconf 90' lang='lat' dir='ltr'><strong>abbatissam</strong></span> <span class='ocrx_word' id='word_1_341' title='bbox 1901 4335 2089 4400; x_wconf 77' lang='lat' dir='ltr'><strong>infamatam</strong></span> 
     </span>
     <span class='ocr_line' id='line_1_35' title="bbox 437 4433 2090 4524; baseline 0.001 -25"><span class='ocrx_word' id='word_1_342' title='bbox 437 4455 512 4499; x_wconf 88' lang='lat' dir='ltr'><strong>esse</strong></span> <span class='ocrx_word' id='word_1_343' title='bbox 539 4433 625 4521; x_wconf 91' lang='lat' dir='ltr'><strong>apud</strong></span> <span class='ocrx_word' id='word_1_344' title='bbox 652 4435 757 4501; x_wconf 91' lang='lat' dir='ltr'><strong>bonos</strong></span> <span class='ocrx_word' id='word_1_345' title='bbox 785 4441 819 4501; x_wconf 92' lang='lat' dir='ltr'><strong>et</strong></span> <span class='ocrx_word' id='word_1_346' title='bbox 847 4458 965 4521; x_wconf 85' lang='lat' dir='ltr'><strong>graves</strong></span> <span class='ocrx_word' id='word_1_347' title='bbox 995 4436 1036 4502; x_wconf 90' lang='lat' dir='ltr'><strong>de</strong></span> <span class='ocrx_word' id='word_1_348' title='bbox 1072 4435 1306 4524; x_wconf 89' lang='lat' dir='ltr'><strong>dilapidatione</strong></span> <span class='ocrx_word' id='word_1_349' title='bbox 1334 4457 1372 4500; x_wconf 90' lang='lat' dir='ltr'><strong>ae</strong></span> <span class='ocrx_word' id='word_1_350' title='bbox 1401 4435 1491 4516; x_wconf 88' lang='lat' dir='ltr'><strong>aliis,</strong></span> <span class='ocrx_word' id='word_1_351' title='bbox 1524 4455 1624 4521; x_wconf 90' lang='lat' dir='ltr'><strong>super</strong></span> <span class='ocrx_word' id='word_1_352' title='bbox 1651 4435 1769 4521; x_wconf 89' lang='lat' dir='ltr'><strong>quibus</strong></span> <span class='ocrx_word' id='word_1_353' title='bbox 1796 4436 1838 4501; x_wconf 89' lang='lat' dir='ltr'><strong>ad</strong></span> <span class='ocrx_word' id='word_1_354' title='bbox 1866 4437 2090 4502; x_wconf 88' lang='lat' dir='ltr'><strong>venerabilem</strong></span> 
     </span>
     <span class='ocr_line' id='line_1_36' title="bbox 436 4535 2090 4628; baseline 0.002 -28"><span class='ocrx_word' id='word_1_355' title='bbox 436 4536 570 4601; x_wconf 90' lang='lat' dir='ltr'><strong>fratrem</strong></span> <span class='ocrx_word' id='word_1_356' title='bbox 597 4545 745 4603; x_wconf 90' lang='lat' dir='ltr'><strong>nostrum</strong></span> <span class='ocrx_word' id='word_1_357' title='bbox 768 4535 981 4628; x_wconf 83' lang='lat' dir='ltr'><strong>O[0nradum]</strong></span> <span class='ocrx_word' id='word_1_358' title='bbox 1013 4540 1176 4627; x_wconf 88' lang='lat' dir='ltr'><strong>quondam</strong></span> <span class='ocrx_word' id='word_1_359' title='bbox 1198 4540 1483 4606; x_wconf 83' lang='lat' dir='ltr'><strong>Alberstatensem</strong></span> <span class='ocrx_word' id='word_1_360' title='bbox 1513 4538 1704 4625; x_wconf 88' lang='lat' dir='ltr'><strong>episcopum</strong></span> <span class='ocrx_word' id='word_1_361' title='bbox 1736 4547 1769 4604; x_wconf 92' lang='lat' dir='ltr'><strong>et</strong></span> <span class='ocrx_word' id='word_1_362' title='bbox 1799 4540 1871 4605; x_wconf 91' lang='lat' dir='ltr'><strong>eius</strong></span> <span class='ocrx_word' id='word_1_363' title='bbox 1901 4542 2048 4626; x_wconf 89' lang='lat' dir='ltr'><strong>collegas</strong></span> <span class='ocrx_word' id='word_1_364' title='bbox 2070 4562 2090 4603; x_wconf 87' lang='lat' dir='ltr'><strong>a</strong></span> 
     </span>
     <span class='ocr_line' id='line_1_37' title="bbox 436 4627 2089 4731; baseline 0.004 -29"><span class='ocrx_word' id='word_1_365' title='bbox 436 4638 531 4703; x_wconf 91' lang='lat' dir='ltr'><strong>nobis</strong></span> <span class='ocrx_word' id='word_1_366' title='bbox 559 4627 694 4705; x_wconf 87' lang='lat' dir='ltr'><strong>obtenta</strong></span> <span class='ocrx_word' id='word_1_367' title='bbox 721 4640 830 4707; x_wconf 91' lang='lat' dir='ltr'><strong>fuerat</strong></span> <span class='ocrx_word' id='word_1_368' title='bbox 854 4643 1021 4729; x_wconf 92' lang='lat' dir='ltr'><strong>inquisitio</strong></span> <span class='ocrx_word' id='word_1_369' title='bbox 1052 4650 1174 4710; x_wconf 71' lang='lat' dir='ltr'><strong>eontra.</strong></span> <span class='ocrx_word' id='word_1_370' title='bbox 1197 4664 1286 4723; x_wconf 91' lang='lat' dir='ltr'><strong>eam,</strong></span> <span class='ocrx_word' id='word_1_371' title='bbox 1320 4643 1353 4707; x_wconf 95' lang='lat' dir='ltr'><strong>in</strong></span> <span class='ocrx_word' id='word_1_372' title='bbox 1371 4642 1605 4727; x_wconf 83' lang='lat' dir='ltr'><strong>inquisitionis</strong></span> <span class='ocrx_word' id='word_1_373' title='bbox 1635 4643 1769 4727; x_wconf 91' lang='lat' dir='ltr'><strong>negotio</strong></span> <span class='ocrx_word' id='word_1_374' title='bbox 1799 4643 1980 4729; x_wconf 88' lang='lat' dir='ltr'><strong>procedere</strong></span> <span class='ocrx_word' id='word_1_375' title='bbox 2014 4665 2089 4731; x_wconf 87' lang='lat' dir='ltr'><strong>pro-</strong></span> 
     </span>
     <span class='ocr_line' id='line_1_38' title="bbox 437 4743 2163 4832; baseline 0.001 -24"><span class='ocrx_word' id='word_1_376' title='bbox 437 4748 599 4809; x_wconf 85' lang='lat' dir='ltr'><strong>curarent.</strong></span> <span class='ocrx_word' id='word_1_377' title='bbox 642 4743 754 4832; x_wconf 86' lang='lat' dir='ltr'><strong>Nuper</strong></span> <span class='ocrx_word' id='word_1_378' title='bbox 778 4766 855 4811; x_wconf 89' lang='lat' dir='ltr'><strong>vero</strong></span> <span class='ocrx_word' id='word_1_379' title='bbox 879 4747 1017 4812; x_wconf 88' lang='lat' dir='ltr'><strong>relatum</strong></span> <span class='ocrx_word' id='word_1_380' title='bbox 1042 4753 1092 4812; x_wconf 90' lang='lat' dir='ltr'><strong>est</strong></span> <span class='ocrx_word' id='word_1_381' title='bbox 1115 4746 1222 4828; x_wconf 91' lang='lat' dir='ltr'><strong>nobis,</strong></span> <span class='ocrx_word' id='word_1_382' title='bbox 1246 4747 1332 4832; x_wconf 91' lang='lat' dir='ltr'><strong>quod</strong></span> <span class='ocrx_word' id='word_1_383' title='bbox 1356 4767 1429 4811; x_wconf 90' lang='lat' dir='ltr'><strong>cum</strong></span> <span class='ocrx_word' id='word_1_384' title='bbox 1452 4745 1622 4811; x_wconf 90' lang='lat' dir='ltr'><strong>abbatissa</strong></span> <span class='ocrx_word' id='word_1_385' title='bbox 1645 4745 1761 4812; x_wconf 89' lang='lat' dir='ltr'><strong>eadem</strong></span> <span class='ocrx_word' id='word_1_386' title='bbox 1783 4746 1903 4811; x_wconf 90' lang='lat' dir='ltr'><strong>adierit</strong></span> <span class='ocrx_word' id='word_1_387' title='bbox 1924 4746 1967 4812; x_wconf 92' lang='lat' dir='ltr'><strong>ad</strong></span> <span class='ocrx_word' id='word_1_388' title='bbox 1989 4768 2090 4814; x_wconf 89' lang='lat' dir='ltr'><strong>vene·</strong></span> <span class='ocrx_word' id='word_1_389' title='bbox 2140 4773 2163 4810; x_wconf 78' lang='grc' dir='ltr'><strong>ιι</strong></span> 
     </span>
     <span class='ocr_line' id='line_1_39' title="bbox 437 4846 2092 4936; baseline 0.002 -26"><span class='ocrx_word' id='word_1_390' title='bbox 437 4846 575 4911; x_wconf 89' lang='lat' dir='ltr'><strong>rabilem</strong></span> <span class='ocrx_word' id='word_1_391' title='bbox 607 4846 742 4913; x_wconf 87' lang='lat' dir='ltr'><strong>fratrem</strong></span> <span class='ocrx_word' id='word_1_392' title='bbox 775 4857 921 4914; x_wconf 90' lang='lat' dir='ltr'><strong>nostrum</strong></span> <span class='ocrx_word' id='word_1_393' title='bbox 959 4848 996 4915; x_wconf 82' lang='grc' dir='ltr'><strong>Ο.</strong></span> <span class='ocrx_word' id='word_1_394' title='bbox 1032 4849 1249 4915; x_wconf 90' lang='lat' dir='ltr'><strong>Portuensem</strong></span> <span class='ocrx_word' id='word_1_395' title='bbox 1282 4849 1489 4936; x_wconf 89' lang='lat' dir='ltr'><strong>episcopum,</strong></span> <span class='ocrx_word' id='word_1_396' title='bbox 1527 4850 1708 4935; x_wconf 89' lang='lat' dir='ltr'><strong>apostolice</strong></span> <span class='ocrx_word' id='word_1_397' title='bbox 1742 4849 1829 4914; x_wconf 88' lang='lat' dir='ltr'><strong>sedis</strong></span> <span class='ocrx_word' id='word_1_398' title='bbox 1858 4850 2023 4936; x_wconf 89' lang='lat' dir='ltr'><strong>legatum,</strong></span> <span class='ocrx_word' id='word_1_399' title='bbox 2059 4859 2092 4916; x_wconf 86' lang='lat' dir='ltr'><strong>et</strong></span> 
     </span>
     <span class='ocr_line' id='line_1_40' title="bbox 438 4948 2093 5038; baseline 0.004 -24"><span class='ocrx_word' id='word_1_400' title='bbox 438 4948 630 5036; x_wconf 90' lang='lat' dir='ltr'><strong>supplicarit</strong></span> <span class='ocrx_word' id='word_1_401' title='bbox 652 4948 776 5033; x_wconf 91' lang='lat' dir='ltr'><strong>eidem,</strong></span> <span class='ocrx_word' id='word_1_402' title='bbox 808 4957 845 5016; x_wconf 97' lang='lat' dir='ltr'><strong>ut</strong></span> <span class='ocrx_word' id='word_1_403' title='bbox 867 4958 1016 5017; x_wconf 88' lang='lat' dir='ltr'><strong>moneret</strong></span> <span class='ocrx_word' id='word_1_404' title='bbox 1038 4951 1161 5018; x_wconf 88' lang='lat' dir='ltr'><strong>dictum</strong></span> <span class='ocrx_word' id='word_1_405' title='bbox 1183 4952 1465 5038; x_wconf 88' lang='lat' dir='ltr'><strong>archiepiscopum</strong></span> <span class='ocrx_word' id='word_1_406' title='bbox 1494 4957 1527 5016; x_wconf 90' lang='lat' dir='ltr'><strong>et</strong></span> <span class='ocrx_word' id='word_1_407' title='bbox 1556 4952 1627 5016; x_wconf 89' lang='lat' dir='ltr'><strong>eius</strong></span> <span class='ocrx_word' id='word_1_408' title='bbox 1656 4953 1800 5038; x_wconf 89' lang='lat' dir='ltr'><strong>collegas</strong></span> <span class='ocrx_word' id='word_1_409' title='bbox 1828 4952 1870 5017; x_wconf 90' lang='lat' dir='ltr'><strong>ad</strong></span> <span class='ocrx_word' id='word_1_410' title='bbox 1901 4953 2093 5020; x_wconf 90' lang='lat' dir='ltr'><strong>mandatum</strong></span> 
     </span>
     <span class='ocr_line' id='line_1_41' title="bbox 437 5053 2093 5144; baseline 0.004 -28"><span class='ocrx_word' id='word_1_411' title='bbox 437 5053 653 5138; x_wconf 91' lang='lat' dir='ltr'><strong>apostolicum</strong></span> <span class='ocrx_word' id='word_1_412' title='bbox 675 5053 921 5140; x_wconf 84' lang='lat' dir='ltr'><strong>exequendum,</strong></span> <span class='ocrx_word' id='word_1_413' title='bbox 949 5055 983 5119; x_wconf 91' lang='lat' dir='ltr'><strong>in</strong></span> <span class='ocrx_word' id='word_1_414' title='bbox 1011 5057 1103 5121; x_wconf 82' lang='lat' dir='ltr'><strong>ouius</strong></span> <span class='ocrx_word' id='word_1_415' title='bbox 1133 5056 1330 5121; x_wconf 85' lang='lat' dir='ltr'><strong>executione</strong></span> <span class='ocrx_word' id='word_1_416' title='bbox 1353 5055 1484 5121; x_wconf 89' lang='lat' dir='ltr'><strong>fuerant</strong></span> <span class='ocrx_word' id='word_1_417' title='bbox 1505 5055 1729 5140; x_wconf 87' lang='lat' dir='ltr'><strong>negligentes,</strong></span> <span class='ocrx_word' id='word_1_418' title='bbox 1759 5057 1890 5142; x_wconf 91' lang='lat' dir='ltr'><strong>legatus</strong></span> <span class='ocrx_word' id='word_1_419' title='bbox 1912 5078 1972 5144; x_wconf 92' lang='lat' dir='ltr'><strong>per</strong></span> <span class='ocrx_word' id='word_1_420' title='bbox 1995 5080 2032 5122; x_wconf 90' lang='lat' dir='ltr'><strong>se</strong></span> <span class='ocrx_word' id='word_1_421' title='bbox 2055 5081 2093 5122; x_wconf 91' lang='lat' dir='ltr'><strong>ac</strong></span> 
     </span>
     <span class='ocr_line' id='line_1_42' title="bbox 437 5156 2093 5248; baseline 0.003 -28"><span class='ocrx_word' id='word_1_422' title='bbox 437 5156 537 5238; x_wconf 86' lang='lat' dir='ltr'><strong>alios,</strong></span> <span class='ocrx_word' id='word_1_423' title='bbox 570 5162 607 5221; x_wconf 90' lang='lat' dir='ltr'><strong>ut</strong></span> <span class='ocrx_word' id='word_1_424' title='bbox 636 5156 669 5221; x_wconf 94' lang='lat' dir='ltr'><strong>in</strong></span> <span class='ocrx_word' id='word_1_425' title='bbox 695 5157 803 5244; x_wconf 92' lang='lat' dir='ltr'><strong>ipsum</strong></span> <span class='ocrx_word' id='word_1_426' title='bbox 833 5180 933 5246; x_wconf 91' lang='lat' dir='ltr'><strong>super</strong></span> <span class='ocrx_word' id='word_1_427' title='bbox 960 5159 1023 5224; x_wconf 91' lang='lat' dir='ltr'><strong>hiis</strong></span> <span class='ocrx_word' id='word_1_428' title='bbox 1048 5160 1365 5246; x_wconf 89' lang='lat' dir='ltr'><strong>compromitterent,</strong></span> <span class='ocrx_word' id='word_1_429' title='bbox 1394 5158 1581 5246; x_wconf 85' lang='lat' dir='ltr'><strong>requisivit,</strong></span> <span class='ocrx_word' id='word_1_430' title='bbox 1610 5158 1689 5224; x_wconf 89' lang='lat' dir='ltr'><strong>licet</strong></span> <span class='ocrx_word' id='word_1_431' title='bbox 1720 5181 1819 5246; x_wconf 89' lang='lat' dir='ltr'><strong>super</strong></span> <span class='ocrx_word' id='word_1_432' title='bbox 1845 5159 2093 5248; x_wconf 89' lang='lat' dir='ltr'><strong>dilapidationis</strong></span> 
     </span>
    </p>
   </div>
   <div class='ocr_carea' id='block_1_9' title="bbox 544 5415 2170 5487">
    <p class='ocr_par' dir='ltr' id='par_1_10' title="bbox 544 5415 2170 5487">
     <span class='ocr_line' id='line_1_43' title="bbox 544 5415 2170 5487; baseline 0.001 -19"><span class='ocrx_word' id='word_1_433' title='bbox 544 5415 566 5483; x_wconf 82' lang='lat'><strong>¹)</strong></span> <span class='ocrx_word' id='word_1_434' title='bbox 584 5418 797 5471; x_wconf 83' lang='lat' dir='ltr'><strong>examinationem</strong></span> <span class='ocrx_word' id='word_1_435' title='bbox 813 5437 836 5470; x_wconf 87' lang='lat' dir='ltr'><strong>r.</strong></span> <span class='ocrx_word' id='word_1_436' title='bbox 922 5417 945 5487; x_wconf 73' lang='lat'><strong>¹’)</strong></span> <span class='ocrx_word' id='word_1_437' title='bbox 963 5420 1008 5472; x_wconf 89' lang='lat' dir='ltr'><strong>illo</strong></span> <span class='ocrx_word' id='word_1_438' title='bbox 1026 5419 1059 5471; x_wconf 86' lang='lat' dir='ltr'><strong>R.</strong></span> <span class='ocrx_word' id='word_1_439' title='bbox 2146 5441 2170 5476; x_wconf 73' lang='grc' dir='ltr'><strong>ω</strong></span> 
     </span>
    </p>
   </div>
   <div class='ocr_carea' id='block_1_10' title="bbox 436 5549 2094 5710">
    <p class='ocr_par' dir='ltr' id='par_1_11' title="bbox 436 5549 2094 5710">
     <span class='ocr_line' id='line_1_44' title="bbox 541 5549 2094 5626; baseline 0.005 -22"><span class='ocrx_word' id='word_1_440' title='bbox 541 5551 567 5617; x_wconf 91' lang='grc'><strong>1)</strong></span> <span class='ocrx_word' id='word_1_441' title='bbox 590 5549 657 5606; x_wconf 77' lang='lat' dir='ltr'><strong>Gen.</strong></span> <span class='ocrx_word' id='word_1_442' title='bbox 676 5554 713 5605; x_wconf 74' lang='lat'><strong>40</strong></span> <span class='ocrx_word' id='word_1_443' title='bbox 730 5557 756 5606; x_wconf 85' lang='lat' dir='ltr'><strong>et</strong></span> <span class='ocrx_word' id='word_1_444' title='bbox 773 5554 815 5606; x_wconf 76' lang='lat'><strong>41.</strong></span> <span class='ocrx_word' id='word_1_445' title='bbox 919 5549 947 5621; x_wconf 75' lang='lat'><strong>2)</strong></span> <span class='ocrx_word' id='word_1_446' title='bbox 966 5551 1011 5607; x_wconf 84' lang='lat' dir='ltr'><strong>De</strong></span> <span class='ocrx_word' id='word_1_447' title='bbox 1034 5551 1131 5606; x_wconf 77' lang='lat' dir='ltr'><strong>bamili</strong></span> <span class='ocrx_word' id='word_1_448' title='bbox 1153 5551 1331 5622; x_wconf 77' lang='lat' dir='ltr'><strong>imperatoria</strong></span> <span class='ocrx_word' id='word_1_449' title='bbox 1351 5551 1530 5622; x_wconf 79' lang='lat' dir='ltr'><strong>responsione</strong></span> <span class='ocrx_word' id='word_1_450' title='bbox 1551 5553 1588 5621; x_wconf 84' lang='lat' dir='ltr'><strong>ef.</strong></span> <span class='ocrx_word' id='word_1_451' title='bbox 1612 5553 1816 5622; x_wconf 75' lang='lat' dir='ltr'><strong>ll&#39;s&#39;ntelmarm,</strong></span> <span class='ocrx_word' id='word_1_452' title='bbox 1839 5573 1870 5626; x_wconf 82' lang='lat' dir='ltr'><strong>p.</strong></span> <span class='ocrx_word' id='word_1_453' title='bbox 1888 5560 1965 5625; x_wconf 80' lang='lat'><strong>208,</strong></span> <span class='ocrx_word' id='word_1_454' title='bbox 1991 5561 2047 5611; x_wconf 78' lang='lat' dir='ltr'><strong>set.</strong></span> <span class='ocrx_word' id='word_1_455' title='bbox 2068 5561 2094 5614; x_wconf 87' lang='grc'><strong>3.</strong></span> 
     </span>
     <span class='ocr_line' id='line_1_45' title="bbox 436 5637 1877 5710; baseline 0.003 -19"><span class='ocrx_word' id='word_1_456' title='bbox 436 5638 464 5706; x_wconf 80' lang='grc'><strong>3)</strong></span> <span class='ocrx_word' id='word_1_457' title='bbox 482 5637 607 5692; x_wconf 82' lang='lat' dir='ltr'><strong>additam</strong></span> <span class='ocrx_word' id='word_1_458' title='bbox 624 5642 664 5693; x_wconf 88' lang='lat' dir='ltr'><strong>eet</strong></span> <span class='ocrx_word' id='word_1_459' title='bbox 681 5637 711 5691; x_wconf 85' lang='lat' dir='ltr'><strong>in</strong></span> <span class='ocrx_word' id='word_1_460' title='bbox 727 5638 809 5708; x_wconf 82' lang='lat' dir='ltr'><strong>eopia</strong></span> <span class='ocrx_word' id='word_1_461' title='bbox 827 5637 868 5708; x_wconf 80' lang='lat' dir='ltr'><strong>(in</strong></span> <span class='ocrx_word' id='word_1_462' title='bbox 887 5637 1025 5708; x_wconf 89' lang='lat' dir='ltr'><strong>prioribus</strong></span> <span class='ocrx_word' id='word_1_463' title='bbox 1044 5637 1207 5708; x_wconf 89' lang='lat' dir='ltr'><strong>septimanis</strong></span> <span class='ocrx_word' id='word_1_464' title='bbox 1225 5639 1327 5692; x_wconf 88' lang='lat' dir='ltr'><strong>mensis</strong></span> <span class='ocrx_word' id='word_1_465' title='bbox 1345 5639 1412 5693; x_wconf 86' lang='lat' dir='ltr'><strong>Maii</strong></span> <span class='ocrx_word' id='word_1_466' title='bbox 1432 5639 1500 5693; x_wconf 86' lang='lat' dir='ltr'><strong>anni</strong></span> <span class='ocrx_word' id='word_1_467' title='bbox 1518 5639 1640 5710; x_wconf 78' lang='lat' dir='ltr'><strong>decimi).</strong></span> <span class='ocrx_word' id='word_1_468' title='bbox 1709 5643 1737 5709; x_wconf 80' lang='lat' dir='ltr'><strong>d)</strong></span> <span class='ocrx_word' id='word_1_469' title='bbox 1754 5642 1877 5698; x_wconf 85' lang='lat' dir='ltr'><strong>Albcrtc.</strong></span> 
     </span>
    </p>
   </div>
   <div class='ocr_carea' id='block_1_11' title="bbox 0 0 2241 6420">
    <p class='ocr_par' dir='ltr' id='par_1_12' title="bbox 0 0 2241 6420">
     <span class='ocr_line' id='line_1_46' title="bbox 0 0 2241 6420; baseline 0 0"><span class='ocrx_word' id='word_1_470' title='bbox 0 0 2241 6420; x_wconf 95' lang='lat' dir='ltr'><strong> </strong></span> 
     </span>
    </p>
   </div>
  </div>
 </body>
</html>
