4576 6390
780 433 979 491 EPISTOLAE
998 437 1187 492 statueras.
1224 437 1299 492 1233.
1803 444 1864 504 455

209 605 318 670 monio
340 607 523 672 litterarum
546 606 586 671 ad
611 606 723 672 sedem
746 609 880 673 veniant
903 612 1117 696 apostolicam
1140 609 1346 686 absolvendi;
1381 632 1438 675 cos
1462 632 1605 696 quoquc,
1629 612 1683 696 qui
1707 633 1862 678 excomu-
1966 673 1968 680 .

209 709 336 772 nicetes
359 709 450 795 ipsos
473 716 643 796 receptare
667 711 720 774 vel
742 733 840 776 manu
864 719 976 778 tenere
1001 714 1270 800 presumpserint,
1293 721 1330 778 ut
1353 714 1485 778 cosdcnr
1510 715 1662 792 abiciant,
1686 714 1864 800 diligenter

209 813 306 879 modo
330 814 478 899 predicto
502 837 561 901 per
584 837 755 880 consuram
779 818 1036 882 ecelesiasticam
1059 820 1281 905 appellatione
1304 819 1488 905 postposita
1511 819 1728 903 compellatis.

318 933 393 999 Dat.
417 934 579 1021 Anagnis,
602 937 634 1001 X
657 935 732 1001 Kal.
755 938 962 1020 Novembris,
985 961 1071 1005 anno
1095 941 1245 1026 septime.

829 1209 1240 1218 ——·————-----—-.————-

994 1461 1080 1533 561.

317 1568 508 1678 Grcperc'us
524 1595 578 1658 IX
597 1617 682 1676 popu
697 1598 877 1682 [Stpcfrido
892 1598 972 1682 III]
994 1598 1224 1680 archiepiscope
1246 1598 1444 1681 Maenaliae,
1466 1599 1631 1682 [Conrado
1647 1599 1704 1683 If]
1725 1599 1863 1680 episcopo

207 1699 460 1764 Hildeslremerrsi
481 1701 511 1761 ct
524 1698 716 1784 [Conradefi
735 1701 841 1779 priori
857 1702 1051 1780 proeirreieli
1069 1703 1215 1786 fratrum
1230 1701 1352 1766 ordinis
1369 1701 1626 1765 Praedicaterarn
1647 1703 1682 1764 ia
1702 1701 1861 1779 Teutonici,

206 1803 244 1866 de
265 1801 410 1886 nefanda
433 1800 522 1866 caede
541 1802 680 1867 Cenrudr'
702 1803 739 1868 dc
753 1804 912 1888 Merlrurp
935 1811 964 1868 ct
980 1804 1102 1890 fratris
1120 1805 1260 1870 Gerardi
1281 1805 1398 1882 scribit,
1421 1806 1521 1885 iisque
1536 1804 1674 1882 inuadat,
1697 1809 1732 1868 ut
1753 1810 1862 1868 centra

206 1905 375 1969 haereticos
396 1925 515 1969 crucem
534 1907 730 1986 praedicent·
755 1909 979 1991 crucesignatis
1001 1909 1130 1972 carrdcm
1152 1909 1383 1992 indulgentiam
1405 1929 1498 1990 qaam
1521 1908 1696 1972 Ierusalem
1716 1909 1861 1972 caestibus

207 2009 350 2072 concedit.
399 2008 451 2092 Of.
473 2030 506 2076 a.
531 2013 602 2076 560.
1515 2013 1609 2088 1233,
1634 2010 1698 2077 Oct.
1721 2016 1772 2077 31.

312 2128 392 2195 urcy.
412 2128 461 2181 lx
479 2129 545 2197 Req.
572 2131 627 2184 Vel.
648 2131 667 2183 1
675 2131 701 2194 V,
721 2135 772 2192 995
791 2130 852 2184 Lib.
876 2131 942 2197 VII,
964 2136 1025 2186 347.

312 2212 449 2277 Potthust
469 2214 538 2286 Rep.
558 2219 640 2269 9322.

664 2469 673 2485 .
714 2468 722 2487 .
759 2413 1102 2506 archiepiscopo
1133 2412 1405 2504 Magantino,

209 2583 218 2600 .
253 2585 260 2601 .
295 2530 502 2623 episcopo
529 2532 820 2607 lldesemensi
846 2540 888 2606 et
922 2591 931 2607 .
964 2591 972 2606 .
1007 2535 1148 2626 priori
1175 2533 1445 2625 provinciali
1471 2537 1664 2608 fratrum
1691 2532 1860 2606 ordinis

702 2653 1035 2728 Predicatorurn
1063 2655 1104 2726 in
1131 2654 1361 2728 Teutonia.

320 2797 436 2871 Querit
459 2800 591 2864 assidue
614 2801 750 2886 perfidia
772 2802 974 2888 proditorum
999 2803 1146 2887 singulis,
1170 2823 1251 2888 quos
1274 2803 1348 2868 odio
1371 2812 1621 2890 persequuntur,
1646 2825 1705 2890 per
1727 2803 1856 2868 illorum

207 2897 407 2965 domesticos
432 2908 465 2966 et
489 2902 626 2967 dilectos
649 2925 825 2989 procurare
849 2906 1056 2986 discrimina,
1089 2928 1128 2970 eo
1160 2905 1245 2991 quod
1278 2929 1335 2992 pre
1364 2909 1487 2971 cunetis
1517 2906 1666 2992 pestibus
1690 2905 1859 2970 familiaris

207 3002 330 3066 inimici
353 3004 459 3068 iacula
483 3006 547 3070 sint
570 3007 695 3071 nociva.
743 3007 828 3072 Sane
846 3008 977 3072 humani
1001 3010 1132 3093 generis
1148 3010 1309 3088 inimicus,
1333 3011 1486 3074 continue
1507 3008 1734 3095 perversitatis
1751 3008 1859 3072 officio

208 3105 392 3191 deputatus,
417 3110 607 3195 perplures
631 3109 671 3174 de
695 3113 803 3195 gentis
827 3113 966 3197 collegio
984 3113 1127 3197 gratiose
1151 3113 1184 3176 in
1207 3112 1354 3198 partibus
1371 3112 1533 3178 Teutonis
1552 3112 1738 3189 constitute,
1762 3132 1859 3195 quam

208 3209 294 3274 inter
317 3220 442 3276 ceteras
459 3213 603 3278 fidelium
620 3214 769 3277 nationes
788 3216 951 3300 reputavit
974 3223 1007 3279 et
1030 3222 1161 3301 reputat
1183 3223 1287 3279 mater
1304 3216 1445 3279 ecclesia
1460 3215 1648 3301 specialem,
1672 3212 1858 3278 Christiane

129 3337 140 3374 ·.
207 3311 283 3376 fidei
317 3315 522 3399 professores
556 3324 699 3382 atterere
738 3319 869 3397 nititur,
911 3327 945 3382 et
981 3319 1076 3410 illius
1101 3340 1235 3404 prorsus
1270 3339 1428 3382 evacuare
1464 3319 1602 3402 gloriam
1636 3316 1860 3402 multipliciter

208 3417 387 3501 experitur.
437 3417 513 3505 Ipse
547 3420 696 3504 quidem,
727 3422 812 3485 sicut
839 3420 989 3485 delentes
1019 3421 1202 3485 audivimus
1232 3429 1264 3485 et
1294 3421 1466 3485 referimus
1497 3420 1698 3498 conturbati,
1732 3418 1858 3504 pridem

206 3515 292 3583 bone
315 3523 472 3585 memorie
495 3523 687 3607 magistrum
712 3523 898 3587 Conradum
921 3523 962 3588 do
986 3523 1162 3603 limbach,
1193 3545 1367 3609 preconem
1397 3523 1587 3609 precipuum
1620 3523 1737 3586 summi
1760 3521 1858 3605 regis,

208 3629 241 3686 et
265 3622 397 3688 fratrem
421 3624 620 3706 Gerardum,
654 3649 734 3712 quos
764 3627 879 3692 eadem
910 3627 991 3692 fides
1016 3634 1049 3691 et
1072 3628 1182 3714 passio
1206 3649 1282 3693 vere
1306 3629 1384 3692 fecit
1408 3649 1481 3692 esse
1505 3647 1696 3711 germanos,
1726 3644 1858 3688 suorum

207 3726 357 3790 manibus
387 3728 608 3793 ministrorum
638 3730 813 3810 extincxit,
849 3740 882 3794 et
915 3751 958 3796 ex
992 3730 1053 3795 hoc
1089 3731 1271 3816 iniquitatis
1306 3753 1365 3796 sue
1393 3731 1569 3816 participes
1598 3727 1639 3792 ad
1667 3727 1858 3813 perditionis

129 3851 141 3889 a
208 3851 307 3915 opera
331 3831 427 3896 solito
451 3833 567 3897 fortius
599 3833 779 3918 instigavit.
825 3834 911 3908 Quid
938 3835 979 3898 ad
1007 3837 1093 3900 ista?
1137 3835 1255 3900 Nonne
1285 3837 1364 3900 satis
1388 3834 1557 3899 evidenter
1580 3832 1740 3911 innuitur,
1772 3829 1859 3914 quod

207 3934 263 3998 ille
287 3943 378 3998 aeter
400 3935 546 4021 perfidie,
570 3938 762 4022 perditionis
778 3936 874 4012 iilius,
900 3937 1023 4002 Sathan
1039 3937 1182 4002 tumidus
1207 3947 1240 4003 et
1262 3940 1378 4018 elatus,
1402 3939 1457 4022 qui
1480 3936 1593 4001 sedem
1616 3935 1655 3999 ad
1672 3935 1858 4018 aquilonem

207 4059 330 4122 ponere
354 4039 471 4120 voluit,
503 4047 536 4103 et
566 4039 730 4120 Altissimi
760 4039 1006 4106 similitudinem
1038 4041 1186 4106 obtinere
1210 4043 1289 4106 velit
1316 4051 1350 4106 et
1371 4063 1456 4106 nunc
1480 4039 1640 4126 sapientie
1664 4036 1729 4102 Dei
1750 4036 1859 4100 Patris

208 4140 381 4220 obsistere,
404 4163 442 4205 ac
466 4163 507 4206 ne
530 4144 635 4230 possit
652 4143 829 4207 electorum
846 4145 1024 4209 restaurari
1047 4165 1203 4209 numerus
1227 4144 1408 4231 impedire?
1454 4143 1539 4217 Quid
1562 4149 1614 4207 est
1634 4141 1721 4206 enim
1744 4140 1858 4204 fideles

207 4265 227 4308 a
250 4245 341 4308 cultu
364 4245 522 4310 seducere
547 4246 751 4327 Conditoris,
784 4247 848 4311 nisi
871 4247 957 4331 qued
980 4246 1043 4312 celi
1067 4247 1185 4311 atrium
1208 4255 1318 4312 careat
1340 4247 1451 4311 futura
1473 4244 1641 4331 presentia
1663 4245 1855 4309 beatorum?

208 4348 294 4422 Quid
330 4355 380 4414 eat
410 4356 522 4414 sancte
554 4349 706 4414 doctores
740 4351 879 4415 ecclesie
913 4358 947 4415 et
981 4351 1063 4415 alios
1098 4351 1131 4414 in
1168 4351 1324 4436 gentibus
1354 4371 1472 4414 nomen
1509 4347 1642 4413 Domini
1671 4341 1859 4411 nu'ntiantes

206 4453 321 4517 mertis
350 4452 461 4516 dolere
493 4452 678 4537 suppliciis,
711 4453 774 4516 nisi
811 4452 896 4538 qnod
926 4453 1077 4517 fidelibus
1105 4454 1158 4516 via
1188 4453 1253 4517 vite
1288 4473 1353 4516 non
1387 4458 1499 4537 pateat
1531 4472 1643 4516 eorum
1672 4449 1858 4516 salubribus

207 4555 432 4621 documentis?
477 4556 578 4642 Ergo,
602 4556 736 4636 fratres,
768 4557 887 4642 quibus
910 4557 1056 4620 consiliis
1080 4557 1240 4642 quibusve
1268 4555 1422 4620 remediis
1445 4553 1631 4620 huiusmodi
1655 4555 1858 4642 perversoris

207 4661 361 4744 periculis
379 4659 579 4724 obsistetur?
616 4660 719 4724 Porro
743 4681 808 4724 non
831 4668 882 4724 est
905 4661 1096 4726 abbreviata
1110 4683 1226 4725 manus
1242 4659 1385 4740 Domini,
1409 4661 1485 4745 quin
1509 4681 1566 4724 sue
1591 4680 1716 4745 sponse
1734 4658 1852 4740 studio,
1867 4681 1904 4723 aa.
1918 4687 1973 4732 aa.

206 4784 302 4847 quam
331 4765 486 4828 virtutum
520 4763 703 4848 insignibus
734 4762 918 4828 redimitam
954 4765 1167 4851 triumphanti
1202 4763 1392 4829 fortitudine
1427 4763 1654 4842 communivit,
1688 4762 1858 4826 fraudibus

209 4867 366 4953 principis
383 4867 609 4953 superborum,
632 4889 728 4952 quern
752 4867 792 4932 de
808 4868 943 4932 summis
967 4867 1008 4932 ad
1032 4869 1097 4932 ima
1119 4868 1264 4955 propulit
1287 4874 1320 4932 et
1336 4869 1512 4933 inferorum
1530 4868 1661 4932 miserie
1678 4865 1857 4952 deputavit,

206 4972 313 5055 pessit
334 4979 488 5057 potenter
510 4992 680 5035 occurrere
709 4992 746 5034 ae
775 4971 911 5057 perfidie
943 4972 1089 5036 tenebris
1112 4972 1275 5036 involutos
1303 4971 1343 5036 de
1372 4972 1510 5056 collegio
1539 4969 1685 5034 fidelium
1714 4968 1857 5032 abolere.

208 5075 312 5139 Vobis
346 5075 462 5159 igitur,
497 5095 577 5159 quos
611 5075 713 5140 virtus
747 5074 857 5139 divina
892 5076 1062 5140 constituit
1096 5078 1242 5141 exaltare
1279 5077 1312 5140 iu
1344 5076 1473 5161 populis
1508 5095 1566 5138 sue
1600 5069 1858 5156 magnitudinem

207 5179 398 5252 maiestatis,
421 5200 481 5263 per
503 5178 684 5263 apostolica
708 5179 829 5264 scripta
851 5180 883 5242 in
908 5179 1027 5243 virtute
1050 5177 1237 5244 obedientie
1261 5179 1409 5243 districte
1432 5173 1643 5265 precipiendo
1667 5173 1858 5238 mandamus

207 5302 245 5346 ae
269 5281 303 5344 in
322 5281 549 5346 remissionem
566 5281 765 5366 iniungimus
786 5289 1006 5367 peccatorum,
1030 5281 1182 5366 quatinus
1203 5281 1336 5368 previde
1356 5279 1563 5346 attendentes
1580 5284 1737 5362 quantum
1754 5275 1860 5362 possit

209 5382 360 5449 fidelibus
384 5383 555 5448 imminere
579 5385 777 5470 perieulum,
802 5385 830 5448 si
854 5383 940 5469 qued
963 5384 1050 5448 absit
1072 5385 1174 5470 pestis
1197 5384 1345 5448 heretica
1366 5386 1471 5448 maius
1494 5383 1652 5469 suscipiat
1674 5381 1857 5447 incremen-

206 5495 287 5562 tum,
311 5487 484 5573 presertim
508 5508 582 5550 cum
605 5488 694 5574 lepre
711 5488 908 5572 contagium,
932 5493 1053 5572 quanto
1071 5485 1226 5571 grandius
1243 5485 1399 5568 redditur,
1422 5494 1512 5552 tanto
1528 5488 1661 5572 gravius
1676 5488 1858 5567 tolleretur,

207 5612 264 5654 vos
287 5591 447 5676 promptis
471 5589 643 5654 affectibus
675 5590 716 5654 ad
748 5589 996 5677 proponendum
1026 5597 1140 5653 eontra
1166 5589 1255 5653 illam
1283 5591 1388 5654 crucis
1411 5592 1617 5676 evangelium
1640 5591 1674 5653 in
1696 5588 1857 5654 Teutonis

208 5692 371 5786 partibus,
402 5693 520 5784 quibus
550 5693 658 5785 potius
691 5693 848 5786 expedire
872 5693 1036 5773 videritis,
1063 5694 1292 5778 accingentes,
1321 5695 1499 5780 assumptis
1526 5697 1560 5759 in
1585 5701 1712 5782 partem
1737 5693 1857 5757 solliei-
