4604 6420
112 5729 137 5770 85

756 420 956 476 EPISTOLAE
973 422 1162 478 SELECTAE.
1200 425 1274 478 1232.
1780 434 1842 496 389

190 597 341 662 omnibus
364 597 449 661 sicut
475 595 639 661 hereticos
662 595 788 660 evitari.
833 594 960 659 Taliter
987 603 1097 662 autem
1120 594 1205 681 quod
1229 598 1263 661 in
1293 597 1365 662 istis
1388 604 1423 663 et
1449 599 1522 664 aliis
1545 601 1664 666 litteris
1686 601 1841 667 duximus

190 699 440 787 exprimendum
462 708 573 765 vestra
595 698 764 783 diligentia
787 706 1017 784 prosequatur,
1047 699 1132 786 quod
1156 700 1232 764 inde
1255 701 1298 766 sit
1320 701 1413 766 vobis
1436 703 1602 768 felicitatis
1625 711 1738 770 eterne
1763 727 1838 792 per-

189 805 308 890 ceptio,
332 810 366 869 et
387 802 596 868 devotionem
619 810 761 866 vestram
783 802 880 867 sedes
903 805 1084 888 apostolica
1106 804 1217 869 favore
1242 807 1395 871 continuo
1418 816 1642 892 prosequatur.

296 922 384 988 Data
405 921 567 1008 Anagnie,
590 921 645 986 III
667 920 752 986 Non.
777 921 868 1008 Sept.
892 944 976 987 anno
1001 930 1105 988 sexto.

809 1173 1219 1184 ——-------·—-——--—--

972 1417 1060 1490 483.

296 1528 486 1636 (bracara
508 1553 565 1618 IX
584 1575 672 1636 popa
700 1556 816 1620 dcoorm
836 1555 1038 1619 Atrebatensi
1063 1555 1208 1634 mandat,
1237 1558 1463 1636 atrociorem,
1492 1559 1634 1623 scabinos
1663 1564 1693 1624 et
1721 1562 1842 1626 iuratos

190 1658 382 1724 Paroneascs
409 1682 431 1722 a
458 1659 668 1724 molestatione
698 1660 809 1724 decora
839 1663 867 1721 ot
894 1659 1027 1740 capital-i
1049 1658 1170 1726 sancti·
1188 1661 1326 1725 Farsaei
1355 1665 1384 1723 ct
1411 1662 1592 1726 clericorum
1614 1663 1841 1728 Peroacasiam

189 1781 308 1826 cessare
325 1761 439 1846 faciat.
1478 1768 1572 1844 1232,
1594 1767 1679 1848 Sept.
1702 1769 1752 1832 15.

292 1851 979 1951 Qmmmmmmmm

731 2133 740 2151 .
770 2134 778 2153 .
807 2079 973 2154 decano
1001 2078 1299 2155 Atrebatensi.

296 2224 500 2291 Dilectorum
522 2225 662 2291 filiorum
688 2275 695 2291 .
720 2276 727 2292 .
750 2226 866 2294 decani
890 2235 923 2295 et
947 2230 1080 2316 capituli
1105 2228 1218 2294 Sancti
1240 2227 1358 2292 Fursei
1384 2247 1422 2291 ac
1455 2226 1648 2292 elericorum
1671 2227 1840 2295 Peronen-

189 2329 273 2393 sium
296 2329 482 2415 accepimus
501 2330 716 2415 questionem,
740 2331 826 2417 quod
849 2354 923 2397 cum
946 2334 1008 2419 ipsi
1032 2334 1065 2397 in
1088 2333 1168 2398 villa
1183 2330 1364 2396 Peronensi
1388 2350 1408 2393 a
1429 2329 1522 2394 laicis
1544 2330 1686 2415 aliquam
1709 2331 1841 2397 domum

189 2438 310 2512 emunt,
335 2480 343 2498 .
367 2481 375 2496 .
398 2433 518 2514 maior,
544 2433 675 2500 scabini
698 2441 732 2499 et
760 2436 856 2500 iurati
881 2437 1030 2502 eiusdem
1052 2436 1131 2502 ville
1154 2433 1385 2500 Noviomensis
1408 2432 1550 2498 diocesis
1575 2455 1674 2520 super
1696 2435 1758 2501 hoc
1782 2436 1841 2517 eis,

189 2543 349 2620 quatenus
372 2541 520 2621 possunt,
544 2536 691 2601 iniuriosi
715 2537 899 2605 existentes
924 2546 958 2604 et
982 2561 1111 2625 graves,
1135 2538 1236 2603 laicos
1260 2538 1350 2624 ipsos
1373 2542 1509 2623 propter
1529 2536 1592 2602 hoc
1615 2538 1841 2625 multipliciter

188 2639 389 2725 inquietant,
422 2639 530 2704 banno
554 2659 613 2704 suo
637 2648 861 2726 supponentes
884 2642 1019 2709 eosdem
1043 2649 1077 2708 et
1103 2641 1258 2708 indebitis
1281 2639 1509 2706 exactionibus
1531 2648 1767 2726 aggravantes,
1799 2641 1841 2706 ad

190 2742 437 2808 excusationem
461 2763 570 2823 suam,
597 2742 683 2828 quod
706 2745 767 2809 hac
790 2744 831 2810 de
856 2766 955 2810 causa
977 2747 1043 2811 nbn
1065 2745 1238 2810 videantur
1259 2744 1349 2829 ipsos
1372 2742 1474 2808 laicos
1497 2745 1691 2826 molestare,
1715 2745 1839 2810 occasi-

188 2865 269 2910 ones
296 2845 430 2910 frivolas'
458 2845 694 2912 mendicantes.
740 2847 860 2934 Sioque
889 2847 926 2913 fit
954 2848 1041 2934 quod
1064 2849 1173 2914 nullus
1201 2852 1292 2912 metu
1319 2866 1405 2932 pene
1428 2846 1593 2912 invenitur
1620 2846 1759 2930 ibidem,
1786 2849 1841 2934 qui

188 2970 248 3035 pro
280 2949 389 3034 aliquo
423 2951 529 3036 pretio
561 2951 609 3015 eis
646 2950 777 3015 domum
806 2952 948 3038 aliquam
979 2951 1121 3018 vendere
1153 2951 1288 3030 audeat,
1325 2951 1359 3014 in
1397 2950 1542 3036 ipsorum
1577 2971 1642 3015 non
1677 2950 1840 3017 modicum

188 3053 438 3134 detrimentum,
469 3053 525 3138 qui
547 3061 705 3139 quantum
727 3054 768 3119 ad
800 3056 862 3121 hoc
883 3055 1057 3122 deterioris
1080 3078 1176 3143 quam
1207 3055 1281 3119 laici
1298 3053 1504 3119 condicionis
1528 3055 1683 3121 existunt.
1729 3054 1838 3130 Quare

188 3157 282 3223 nobis
306 3157 474 3222 humiliter
497 3158 734 3243 supplicarunt,
757 3165 794 3222 ut
816 3181 915 3245 super
938 3161 1000 3225 hoc
1024 3161 1072 3225 eis
1095 3158 1267 3246 providere
1287 3164 1424 3243 patema
1447 3157 1668 3223 sollicitudine
1684 3157 1837 3244 dignare·

189 3281 271 3327 mur.
314 3245 474 3325 Nolente's
504 3259 604 3344 igitur
631 3259 813 3325 indebitum
843 3261 1002 3328 dictorum
1026 3263 1141 3328 decani
1171 3270 1205 3327 et
1234 3260 1368 3346 capituli
1391 3281 1429 3325 ac
1453 3260 1646 3325 clericorum
1675 3263 1838 3327 sustinere

187 3386 379 3450 gravamen,
406 3364 555 3429 districte
579 3363 639 3428 tibi
662 3386 722 3451 per
744 3367 926 3451 apostolica
950 3367 1073 3453 scripta
1095 3365 1303 3445 mandamus,
1327 3364 1480 3448 quatinus
1503 3363 1649 3449 prefatos
1672 3365 1839 3446 maiorem,

188 3468 340 3533 scabinos
363 3474 397 3532 et
418 3468 552 3546 iuratos,
575 3472 612 3531 ut
634 3488 734 3552 super
753 3468 815 3533 hoc
837 3469 878 3535 ab
896 3491 1008 3535 eorum
1030 3469 1177 3535 indebita
1198 3467 1426 3533 molestatione
1443 3467 1575 3551 penitus
1596 3467 1838 3551 conquiescant,

188 3572 283 3638 modo
319 3570 466 3658 predicto
502 3592 561 3658 per
596 3591 769 3636 censuram
804 3574 1061 3639 eeclesiasticam
1094 3572 1315 3659 appellatione
1350 3569 1533 3657 postposita
1566 3569 1679 3656 previa
1712 3570 1838 3634 ratione

188 3673 378 3763 compellasl

296 3795 373 3861 Dat.
397 3794 559 3880 Anagnia,
583 3793 683 3860 XVII
705 3795 780 3860 Kal.
804 3795 920 3862 Octob.
944 3797 1151 3884 pontificatus
1174 3793 1276 3859 nostri
1300 3813 1385 3857 anno
1408 3797 1516 3857 sexto.

807 4044 1217 4052 ..μ-μ-

970 4288 1059 4361 484.

296 4401 486 4512 (iremus
501 4426 556 4492 IX
573 4447 661 4508 papa
683 4427 832 4510 moqistro
850 4427 995 4494 Conrado
1016 4427 1053 4491 da
1068 4425 1226 4508 Marbarq
1240 4427 1381 4503 inuadat,
1403 4430 1438 4489 at
1459 4425 1611 4506 hospitato
1632 4425 1668 4487 in
1683 4421 1840 4504 Marbarq

188 4536 389 4600 mariaeerat
410 4536 439 4596 ct
460 4531 617 4616 defendat.
1495 4531 1588 4606 1232,
1613 4527 1677 4593 Oct.
1701 4532 1752 4592 14.

293 4656 374 4722 Greq.
392 4652 440 4705 IX
455 4650 521 4718 Rea.
546 4650 602 4703 Vol.
621 4651 679 4714 ΙΙΙ,
697 4652 820 4718 lar-43,-
838 4649 900 4703 Ltb.
926 4651 970 4714 VI,
989 4653 1050 4704 125.

292 4740 428 4803 Portare,
447 4738 516 4808 aeq.
536 4739 617 4790 corr.

420 4932 625 5026 Magistro
652 4929 852 5005 Conrado
879 4931 929 5005 de
956 4931 1170 5019 Marbure,
1198 4929 1463 5022 predicatori
1489 4929 1608 5002 verbi

789 5051 866 5126 Dei
894 5052 936 5125 in
963 5051 1230 5126 Alamannia.

295 5202 468 5289 Hospitale
491 5201 524 5266 in
542 5199 717 5266 Marburch
737 5200 848 5266 favore
867 5201 1021 5265 benivolo
1041 5206 1197 5285 quantum
1217 5219 1290 5263 cum
1306 5197 1379 5262 Deo
1400 5219 1573 5284 possumus
1590 5200 1840 5284 prosequentes,

187 5331 225 5374 ae
248 5307 292 5392 ad
306 5306 532 5372 defensionem
554 5305 659 5391 ipsius
676 5303 886 5370 intendentes
910 5304 1062 5384 sollicite,
1086 5310 1122 5367 ut
1138 5303 1245 5367 valeat
1267 5324 1287 5367 a
1308 5302 1555 5366 malefactorum
1572 5297 1840 5386 oppressionibus

188 5411 362 5498 respirare,
385 5409 533 5473 districte
557 5408 628 5490 tibi,
653 5407 693 5474 de
718 5421 801 5495 quo*¹
823 5408 953 5496 plenam
977 5409 1010 5472 in
1025 5407 1167 5472 Domino
1188 5407 1340 5471 fiduciam
1360 5403 1555 5484 obtinemus,
1578 5425 1638 5490 per
1659 5403 1841 5488 apostoliea

296 5703 319 5773 ·)
338 5721 389 5772 qu
406 5702 439 5756 a
