4448 6420
72 2503 94 2539 lt

47 5554 80 5600 δι

708 305 908 364 EPISTOLAE
925 306 1114 366 SELECTAR
1151 313 1227 368 1224.
1736 319 1792 381 171

141 483 265 550 eisdem
288 483 329 548 de
353 482 502 568 dampnis
525 487 559 546 et
580 480 708 546 iniuriis
731 482 903 566 irrogatis,
926 482 967 546 ab
989 484 1176 551 huiusmodi
1199 486 1432 573 pravitatibus,
1456 508 1529 572 que,
1551 489 1630 556 licet
1652 491 1797 576 presumi

141 586 314 652 videantur
335 586 376 651 ab
397 607 479 666 uno,
503 592 580 649 sunt
601 592 711 649 tamen
734 586 827 651 vobis
852 588 1002 653 omnibus
1026 591 1233 677 imputanda,
1257 589 1331 656 euni
1353 590 1468 656 eadem
1491 593 1603 658 favore
1626 600 1736 660 vestro
1759 616 1797 659 ac

141 690 265 755 viribus
289 695 535 777 perpetrentur,
565 689 676 752 taliter
698 688 738 753 de
763 697 873 754 cetero
897 687 1063 756 abstinere
1087 694 1224 773 curetis,
1258 692 1345 777 quod
1368 695 1491 759 elamor
1513 695 1554 760 ad
1576 718 1636 762 uos
1659 698 1797 763 ulterius

141 815 205 858 non
228 793 385 858 ascendat
407 814 468 858 nec
491 813 551 856 nos
568 799 682 856 contra
704 814 763 857 vos
779 795 929 879 graviora
945 795 1089 880 cogitare
1106 817 1270 882 cogamur.
1314 797 1466 883 Denique
1484 797 1599 864 damus
1614 800 1797 864 venerabili

142 897 233 961 tratri
257 904 369 961 nostro
394 895 643 960 ..Placentino
667 897 823 982 episcopo
848 898 882 960 in
905 897 1077 974 mandatis,
1101 906 1145 980 ut,
1169 899 1232 964 uisi
1255 900 1339 964 infra
1357 907 1597 987 competentem
1621 904 1796 968 terminum

141 1001 233 1065 vobis
258 999 482 1088 prefigendum
504 998 545 1062 ab
570 999 641 1084 ipso
658 1001 849 1064 curaveritis
874 1000 1006 1066 efficere
1030 1003 1116 1087 quod
1139 1003 1341 1084 mandamus,
1365 1004 1436 1090 ipse
1460 1025 1502 1069 ex
1526 1010 1602 1068 tunc
1625 1004 1660 1069 in
1683 1025 1795 1069 omnes

141 1105 338 1191 principales
369 1109 519 1167 auctores
553 1110 587 1167 et
612 1103 758 1168 fautores
785 1105 966 1189 iniquitatis
1001 1105 1186 1170 huiusmodi
1221 1107 1567 1172 excommunicationis
1598 1109 1796 1173 sententiam

141 1207 362 1293 appellatione
384 1211 512 1271 remota
533 1206 727 1291 promulget,
751 1212 918 1292 totamque
942 1214 1062 1272 terram
1078 1208 1318 1274 districtissimo
1343 1211 1483 1274 subiciat
1497 1210 1680 1276 interdicto.
1725 1210 1795 1275 Vos

141 1311 241 1395 igitur
264 1310 348 1374 sieut
369 1307 497 1395 providi
520 1309 581 1372 viri
602 1309 738 1394 provide
762 1311 908 1375 caveatis
931 1311 992 1376 heo
1017 1319 1050 1376 et
1074 1313 1137 1376 alia
1159 1314 1358 1398 gravamina,
1382 1334 1444 1398 qua
1468 1314 1584 1378 merito
1607 1314 1792 1394 incurretis,

143 1413 181 1494 si,
204 1411 291 1498 quod
313 1412 409 1493 absit,
432 1413 466 1476 in
488 1411 617 1498 incepta
641 1414 868 1498 perversitatis
892 1415 1017 1478 malitis
1040 1414 1200 1480 duxeritis
1223 1414 1475 1502 persistendum.

249 1531 326 1599 Dat.
350 1532 503 1597 Latersn.
528 1531 598 1596 1111
620 1531 696 1596 Kal.
720 1532 840 1615 Martii,
865 1555 949 1598 anno
974 1541 1100 1599 octavo.

249 1653 289 1717 In
318 1652 457 1719 eundem
485 1652 617 1717 modum
648 1653 805 1739 seriptum
835 1661 886 1718 est
916 1703 955 1720 ..
988 1656 1143 1741 episeopo
1171 1653 1364 1719 Placentino
1393 1675 1492 1741 super
1519 1654 1652 1736 eodem,
1686 1654 1797 1719 verbis

142 1763 368 1844 competenter
388 1757 532 1822 mutatis.

767 1952 1179 1959 ..Q-m

928 2226 1014 2300 dit.

251 2339 439 2433 Honorius
468 2365 535 2431 III
554 2386 641 2446 papa
672 2365 849 2452 [liudulfo]
875 2368 1077 2448 patriarchae
1099 2368 1385 2450 Hierosolymitono
1412 2369 1547 2449 aliisque
1573 2371 1681 2431 notum
1707 2365 1796 2447 facit,

141 2471 376 2560 F[ridericum]
407 2469 621 2534 Ranmnorum
653 2469 870 2548 imperatorem
902 2471 1063 2535 sollemnes
1095 2473 1224 2535 rruntios
1256 2491 1316 2551 pro
1347 2471 1467 2553 nepotie
1501 2471 1696 2535 matrimonii
1731 2491 1800 2535 eum

140 2577 280 2644 Isabetta
302 2579 380 2640 nata
393 2571 586 2658 [Iohannis]
607 2571 689 2653 rapis
703 2570 986 2657 Hierosolymitoni
1007 2573 1139 2637 ineundi
1160 2574 1195 2635 in
1211 2565 1344 2637 Terram
1358 2572 1509 2638 Sanctum
1530 2574 1701 2638 missurum
1722 2591 1795 2639 esse.

1437 2677 1531 2754 1224,
1554 2675 1656 2743 Mart.
1680 2679 1709 2739 1.

245 2764 319 2819 Hon.
339 2763 394 2816 III
407 2760 475 2829 Rep.
497 2757 556 2814 Vol.
574 2758 626 2824 IV,
645 2762 715 2826 170;
732 2758 796 2814 nto.
820 2759 901 2826 VIII,
921 2763 985 2813 337.

143 2989 473 3085 ..patriarche
499 2987 875 3075 lerosolimitano,
911 3042 920 3059 .
951 3043 959 3060 .
993 2983 1192 3060 Tirensi¹
1226 2992 1268 3061 et
1304 3044 1351 3062 ..
1386 2987 1612 3065 Nazareno
1651 2989 1798 3064 arehi-

512 3109 736 3200 episcopis
764 3112 806 3180 et
833 3163 841 3181 .
870 3163 879 3181 .
909 3108 1119 3200 episeopo
1146 3108 1430 3183 homoeusii

248 3260 493 3340 Intelleximus,
527 3256 615 3343 quod
643 3257 835 3323 karissimus
868 3259 902 3322 in
931 3256 1061 3323 Christo
1095 3259 1181 3324 filius
1209 3264 1322 3324 noster
1349 3257 1386 3324 F.
1415 3258 1552 3323 illustris
1579 3243 1800 3322 Romanorum

143 3365 319 3451 imperator
336 3383 465 3449 semper
481 3368 638 3447 augustus
655 3367 688 3425 et
703 3383 764 3426 rex
781 3361 902 3442 Sicilie,
921 3362 1119 3449 sollempnes
1136 3363 1289 3427 nuntios³
1305 3361 1346 3426 ad
1361 3369 1471 3449 partes
1487 3368 1613 3426 vestras
1634 3360 1799 3426 destinare

144 3467 300 3554 disponit,
335 3471 372 3531 ut
406 3486 602 3531 consensum
635 3485 727 3529 suum
757 3465 791 3528 in
821 3465 1026 3529 karissimam
1060 3467 1093 3530 in
1121 3465 1252 3530 Christo
1283 3466 1384 3530 filiam
1415 3471 1561 3530 nostram
1589 3463 1796 3533 Helissbeth.

144 3580 252 3636 natam
282 3571 417 3636 illustris
446 3571 533 3655 regis
559 3569 832 3650 Ierosolimitani,
867 3570 1030 3655 exprimat
1059 3591 1120 3656 per
1154 3569 1303 3646 eosdem,
1339 3577 1373 3635 et
1402 3570 1476 3656 ipsa
1508 3567 1738 3632 nichilominus
1766 3568 1800 3632 in
1841 3611 1847 3628 .

145 3697 255 3740 eorum
271 3674 438 3761 presentia
461 3695 554 3738 suum
574 3674 738 3759 exprimat
761 3674 793 3737 in
816 3674 923 3760 ipsum
938 3674 1168 3760 imperatorem
1187 3694 1393 3738 eonsensum.
1439 3671 1583 3757 Ideoque
1603 3669 1799 3735 fraternitati

145 3786 251 3844 vestre
275 3798 335 3864 per
356 3777 537 3863 apostolica
559 3778 681 3863 scripta
702 3777 904 3858 mandamus,
929 3779 1092 3862 quatinus,
1117 3799 1190 3840 oum
1213 3777 1345 3841 nuntios
1368 3777 1458 3863 ipsos
1479 3781 1614 3862 propter
1636 3775 1698 3839 hoe
1721 3774 1799 3837 illuc

145 3883 254 3946 venire
278 3880 481 3964 contigerite,
509 3881 570 3945 hec
592 3882 626 3945 in
648 3887 759 3945 vestra
781 3882 948 3966 presentia
970 3881 1041 3945 fieri
1065 3901 1138 3944 eum
1162 3879 1404 3965 sollempnitate
1427 3885 1517 3943 tanto
1541 3877 1641 3962 digna
1663 3877 1798 3961 negotio

146 3985 279 4049 lactatis.
325 3981 420 4056 Quod
443 3985 471 4048 si
493 4005 558 4048 non
581 4005 695 4049 omncs
720 3990 792 4066 sto,
815 3990 882 4048 tres
906 3990 1052 4049 vestrum
1075 3984 1128 4048 vel
1152 3983 1251 4048 etism
1276 3983 1340 4048 duo
1364 4005 1404 4048 es
1427 3981 1658 4048 nichilominus
1682 3985 1744 4044 etc.

249 4104 326 4168 Dat.
349 4103 502 4171 Lateran.
524 4103 599 4168 Kal.
624 4103 744 4187 Martii,
770 4125 856 4168 anno
880 4111 1005 4168 octavo.

768 4401 1073 4410 ——.-.——-—.-.-..-.
1078 4403 1099 4408 ....
1104 4405 1105 4408 .
1110 4403 1123 4408 -.
1129 4403 1146 4408 ..
1159 4401 1178 4408 ..-

930 4677 1016 4750 243.

253 4793 456 4886 Fridericus
476 4817 692 4884 Romanorum
713 4818 883 4900 imperator
903 4815 1046 4881 Honorio
1067 4816 1135 4880 ΙΙΙ
1151 4837 1258 4898 papae
1288 4817 1411 4897 scribit,
1442 4836 1474 4882 sc
1505 4819 1625 4881 centum
1645 4815 1752 4898 pateas
1774 4818 1802 4878 et

149 4927 375 5010 quinquaqinta
395 4925 518 4988 esseio
541 4925 576 4987 in
599 4942 693 5004 repne
714 4941 770 4987 sno
790 4941 848 5003 pro
870 4920 1009 4985 subsidio
1034 4919 1149 4984 Terrae
1172 4919 1308 4985 Sanctae
1325 4921 1444 5001 pareri
1466 4920 1604 4997 iussisse,
1625 4921 1654 4980 et
1675 4937 1745 4980 eum
1765 4916 1801 4979 in

149 5029 257 5095 Sicilie
278 5030 455 5094 detineatur
476 5027 520 5092 ad
540 5025 751 5106 recipiendam
774 5024 1022 5090 Sarraecnomrm
1044 5023 1244 5101 deditionem,
1266 5024 1303 5087 in
1325 5021 1555 5086 Alamannia-m
1576 5019 1620 5084 ad
1635 5017 1803 5100 principes

148 5133 268 5215 imperii
289 5131 509 5196 Hernrannum
536 5131 721 5213 magristrum
747 5127 1004 5192 theutonicorum
1032 5126 1170 5204 misisse;
1202 5125 1416 5207 conqueritur,
1444 5122 1528 5204 quod
1553 5122 1649 5186 nimis
1676 5121 1803 5184 remisse

775 5313 862 5320 ---.-—
1075 5313 1130 5318 .-
1514 5307 1696 5315 ---

250 5444 274 5512 ·)
292 5445 448 5511 contingerit
466 5443 499 5494 R.

250 5581 274 5642 l)
293 5577 406 5633 Simoni.
475 5577 502 5644 2)
521 5577 624 5633 Iacobo
643 5575 676 5630 de
697 5575 829 5630 Vitriaco.
898 5575 925 5643 3)
943 5571 1048 5628 Iacobo
1066 5573 1194 5644 episcopo
1213 5571 1343 5626 Paotensi
1360 5571 1443 5639 duca·
1462 5571 1498 5640 es.
1516 5587 1542 5625 n.
1562 5573 1624 5624 243.

1542 5683 1595 5739 2⁸2*
