4590 6366
1031 415 1079 471 EX
1097 414 1272 472 GREGORII
1292 412 1330 468 IX
1349 411 1529 470 REGISTRO

1270 640 1297 704 Ι.

644 767 901 862 aquilagense
930 774 966 841 et
994 767 1197 842 Gradensr
1227 765 1460 859 patriarchia,
1489 821 1527 836 ..
1556 763 1852 854 Mediolanensi?
1881 820 1923 839 ..

454 887 686 963 Ravennati⁴
723 893 760 962 et
796 945 843 962 ..
880 887 1074 962 lennensi⁵
1110 886 1397 979 archiepiscopis
1433 907 1641 978 eorumque
1676 887 1948 978 suffraganeiS,
1992 909 2039 960 ac
2075 941 2119 960 ..

456 1008 663 1102 Papiensi⁶,
693 1064 731 1081 ..
760 1007 998 1082 Placentino⁷
1027 1014 1063 1081 et
1083 1066 1091 1082 .
1113 1066 1121 1082 .
1150 1005 1396 1082 Ferrariensi⁸
1416 1005 1599 1098 episcopis
1618 1012 1654 1079 et
1673 1007 1884 1094 abhatibus
1913 1007 2121 1100 prioribus,

524 1129 692 1218 decanis,
720 1130 1007 1219 archidiaconis,
1035 1129 1373 1222 archipresbiteris
1402 1127 1601 1220 prepositis
1629 1132 1665 1201 et
1691 1128 1771 1201 aliis
1799 1129 2049 1202 ecclesiarum

732 1251 884 1343 prelatis
910 1273 978 1344 per
1005 1274 1137 1325 eorum
1166 1253 1332 1326 civitates
1360 1255 1397 1324 et
1423 1249 1590 1323 dioceses
1617 1249 1838 1323 const'tutis
2178 1273 2188 1308 ⁵

565 1399 681 1466 Nescit
714 1401 803 1466 circa
830 1401 915 1466 filios
949 1403 1050 1488 patris
1079 1400 1195 1465 utiari⁸
1222 1399 1425 1483 benignitas,
1460 1402 1511 1461 set
1543 1396 1577 1459 in
1610 1417 1721 1461 amore
1752 1418 1884 1484 semper
1911 1399 2122 1464 incrementa

457 1504 595 1590 suscipit
623 1526 662 1569 ac
696 1527 809 1571 eorum
842 1505 1004 1569 continuis
1038 1525 1154 1569 vacare
1185 1502 1386 1589 profectibus
1417 1521 1482 1564 non
1516 1498 1655 1564 desistit.
1706 1499 1760 1564 Sic
1788 1508 1821 1565 et
1849 1523 1937 1566 nunc
1969 1502 2121 1568 conditor

342 1683 359 1702 Α
458 1606 660 1691 singulorum
684 1609 769 1674 sicut
792 1630 811 1673 a
834 1607 951 1672 diebus
976 1608 1128 1691 antiquis,
1153 1608 1181 1671 si
1205 1613 1317 1670 tamen
1339 1604 1460 1668 cineris
1484 1602 1525 1666 ad
1541 1602 1649 1667 Deum
1665 1609 1698 1667 et
1713 1603 1837 1670 lactura
1854 1605 1897 1670 sit
1913 1608 2119 1693 comparatio

457 1709 498 1773 ad
530 1710 703 1792 factorem,
739 1734 820 1799 quos
856 1710 898 1776 ad
921 1712 1108 1797 ymaginem
1142 1718 1176 1776 et
1212 1709 1459 1774 similitudinem
1495 1727 1586 1772 suam
1621 1707 1765 1771 condidit
1798 1729 1835 1772 ac
1870 1711 2039 1795 unigeniti
2068 1711 2118 1774 sni

458 1813 617 1897 sanguine
639 1815 784 1899 pretioso
810 1814 964 1894 redemit,
989 1813 1291 1901 superhabundanti
1313 1811 1543 1877 benedictione
1566 1811 1773 1897 prosequitur
1795 1818 1828 1875 et
1847 1834 1867 1874 a
1891 1815 2118 1899 periculorum

458 1916 643 1981 incursibus
667 1924 849 2004 pretnetur,
872 1919 955 2003 ipsis
978 1917 1112 1983 assidua
1135 1919 1250 1982 salutis
1274 1914 1478 2003 procurando
1501 1913 1661 1994 remedia,
1685 1936 1743 2000 per
1766 1935 1828 1998 que
1854 1923 1887 1980 et
1911 1917 1946 1979 in
1969 1920 2119 2002 presenti

458 2019 577 2104 quietis
610 2022 727 2086 solatio
755 2021 926 2088 foveantur
958 2027 991 2086 et
1019 2022 1220 2107 inposterum
1249 2021 1416 2086 felicitatis
1446 2025 1558 2082 eterne
1589 2016 1763 2081 dulcedine
1798 2019 1972 2084 satientur.
2033 2021 2119 2086 Sane

459 2122 546 2187 idem
570 2145 630 2209 per
653 2125 793 2190 cundem
816 2125 1032 2209 unigenitum,
1056 2126 1111 2209 qui
1135 2147 1208 2189 cum
1231 2131 1320 2189 esset
1343 2124 1376 2188 iu
1399 2121 1494 2186 terris
1517 2143 1575 2207 pro
1598 2120 1730 2185 humani
1754 2123 1857 2186 salute
1881 2125 2018 2207 generis
2042 2147 2119 2189 con-

459 2226 604 2308 stitutus,
617 2228 796 2292 innumeris
811 2227 1055 2292 miserationum
1065 2229 1221 2314 operibus
1234 2229 1427 2314 populorum
1437 2223 1677 2290 multitudinem
1690 2224 1933 2291 multiformiter
1945 2230 2121 2306 recreavit.¹

458 2329 499 2395 de
531 2330 689 2395 ineffabili
720 2332 843 2416 pietate
878 2331 1036 2418 providit,
1066 2338 1102 2396 ut
1130 2333 1206 2417 quia
1235 2332 1307 2418 ipso
1335 2329 1375 2394 ad
1404 2330 1506 2416 patris
1540 2328 1678 2413 gloriam
1712 2326 1870 2392 redeunte
1902 2330 2120 2396 tenebrarum

458 2433 611 2521 princeps
634 2435 746 2498 multis
776 2441 845 2499 erat
876 2436 1093 2500 tentationum
1123 2437 1246 2500 eculeis
1274 2441 1406 2499 renatos
1437 2432 1526 2496 fonte
1555 2431 1761 2516 baptismatis
1785 2432 1995 2514 turbaturus,
2030 2437 2120 2500 vica-

459 2536 561 2601 riumb
582 2537 616 2600 in
640 2543 728 2602 terra
752 2540 952 2623 relinqueret
975 2546 1008 2604 et
1032 2540 1189 2624 singulari
1212 2545 1377 2625 potestate
1401 2536 1563 2624 proditum
1594 2541 1627 2600 et
1658 2534 1876 2601 remediorum
1904 2539 2121 2603 multitudine

459 2640 658 2726 preminenti
681 2640 838 2723 dotatum,
863 2643 955 2706 cuius
979 2647 1013 2706 et
1035 2647 1230 2719 ceterorum,
1254 2662 1335 2727 quos
1349 2639 1529 2726 apostolice
1546 2638 1681 2724 pretulit
1697 2638 1911 2704 excellentiac
1935 2641 2121 2726 dignitatis,

461 2742 682 2808 sollicitudine
711 2744 860 2828 vigilanti
884 2765 948 2830 pax
972 2745 1044 2809 orbi
1066 2753 1154 2810 terre
1177 2746 1272 2810 fieret
1301 2752 1335 2810 et
1363 2743 1403 2808 ad
1427 2743 1489 2807 celi
1513 2741 1704 2829 proficiendi
1727 2743 1865 2828 patriam
1887 2743 1988 2830 plana
2011 2745 2121 2831 possi-

460 2845 570 2911 bilitas
593 2847 789 2932 proveniret.
833 2847 928 2913 Nunc
951 2871 1029 2914 vero
1053 2851 1110 2915 illo
1136 2850 1272 2916 sedente
1304 2849 1346 2914 ad
1368 2848 1538 2913 dexteram
1560 2849 1770 2932 magestatis,
1800 2847 1856 2912 dat
1878 2870 1938 2934 per
1962 2870 2041 2931 eos,
2066 2851 2122 2934 qni

459 2949 675 3035 dispositione
709 2950 818 3014 divina
849 2959 925 3016 sunt
952 2953 993 3017 ad
1030 2976 1150 3039 sponse
1179 2953 1389 3040 precellentis
1418 2951 1627 3035 obsequium,
1664 2950 1817 3016 videlicet
1853 2959 1968 3018 sancte
2006 2955 2122 3018 matris

459 3052 618 3134 ecclesia,
642 3053 810 3139 deputati,
838 3063 875 3120 ut
898 3055 1045 3122 doctrina
1067 3059 1224 3122 virtutum
1248 3057 1373 3122 cunctis
1396 3055 1550 3120 reddatur
1573 3055 1679 3118 amica
1700 3054 1867 3136 fidelibus,
1895 3077 1965 3142 pax
1994 3056 2123 3122 eisdem

460 3155 614 3222 adveniat
637 3163 671 3223 et
693 3159 859 3224 incumbat
882 3159 1081 3227 desiderium
1098 3161 1321 3247 consequendi
1337 3160 1463 3246 premia
1479 3180 1705 3244 supernorum.
1742 3157 1830 3236 Hinc
1846 3166 1908 3238 est,
1932 3160 2024 3244 quod
2049 3183 2122 3225 curn

459 3260 668 3341 Lombardie,
692 3262 837 3328 marchia
860 3264 1034 3329 Tarvisine
1058 3271 1092 3329 et
1115 3265 1310 3330 Romaniole
1333 3263 1499 3350 provincie
1522 3262 1643 3326 fuerint
1665 3262 1761 3327 nobis
1784 3262 1972 3327 dolentibus
1996 3263 2123 3329 dudum

460 3364 493 3428 in
516 3363 643 3430 dissidii
667 3368 843 3432 constitute
867 3367 1072 3448 discrimine,
1105 3389 1205 3453 quare
1235 3369 1330 3454 plura
1358 3388 1453 3451 quam
1483 3365 1599 3430 doceat
1627 3367 1785 3452 explicari
1812 3366 1931 3431 litteris
1955 3367 2122 3432 accidisse

459 3468 609 3553 pericula
637 3468 870 3550 dinoscuntur,
904 3492 983 3550 nos,
1011 3471 1095 3536 sicut
1126 3469 1318 3535 confidimus
1348 3470 1435 3533 illius
1463 3469 1675 3554 inspiratione
1706 3470 1838 3555 spiritus
1868 3469 2033 3552 faciente,
2068 3473 2124 3557 qui

462 3572 586 3636 sanctis
609 3571 699 3637 dedit
724 3575 884 3661 apostulis
908 3573 1065 3638 mundum
1088 3595 1186 3660 posse
1210 3573 1352 3658 dirigere
1375 3574 1409 3638 in
1433 3580 1536 3638 status
1560 3573 1696 3658 gloriam
1721 3573 1888 3654 salutaris,
1917 3572 2020 3657 digne
2046 3597 2123 3660 pro-

459 3673 612 3756 vidimus,
636 3682 672 3740 ut
695 3678 772 3741 illuc
795 3699 895 3742 unum
919 3677 959 3741 de
977 3677 1180 3762 dignioribus
1196 3677 1351 3741 membris
1370 3677 1521 3757 ecclesie,
1545 3675 1699 3741 videlicet
1719 3674 1961 3740 venerabilemd
1984 3676 2124 3744 fratrem

460 3783 606 3842 nostrum
637 3780 826 3867 episcopum
850 3780 1097 3845 Prenestrinum
1130 3781 1309 3867 apostolice
1339 3780 1427 3844 sedis
1460 3781 1618 3865 legatum,
1654 3780 1708 3864 qui
1735 3779 1884 3864 alongis
1912 3786 2003 3844 retro
2036 3787 2123 3845 tem-

458 3881 594 3966 poribus
617 3881 680 3946 sibi
701 3904 760 3969 pro
784 3883 938 3948 thesauro
962 3886 1088 3970 eligens
1112 3907 1174 3971 que
1204 3892 1277 3949 sunt
1308 3884 1414 3949 carnis
1443 3891 1477 3948 ct
1504 3884 1648 3948 seculis
1672 3905 1707 3948 se
1731 3884 1863 3970 penitus
1887 3883 2056 3968 abdicari,
2088 3887 2122 3950 in

460 3983 561 4048 divini
593 3985 711 4050 timore
741 4008 778 4051 ac
810 4009 921 4053 amore
956 3990 1096 4053 nominis
1124 3989 1240 4054 haberi
1268 3988 1392 4053 studuit
1422 4009 1487 4052 non
1523 3988 1696 4066 remissus,
1731 4009 1886 4053 concesso
1923 3988 1989 4051 sibi
2021 3990 2123 4075 plene

459 4087 634 4171 legationis
659 4089 782 4171 officio,
812 4092 1032 4172 mitteremus,
1066 4100 1236 4179 sperantes
1264 4100 1301 4157 ut
1332 4113 1396 4178 quo
1421 4112 1562 4176 superno
1585 4091 1655 4175 regi
1678 4091 1731 4177 pie
1755 4091 1821 4156 vite
1845 4091 1971 4155 meritis
1995 4094 2125 4176 gratior

460 4212 534 4255 esse
558 4191 755 4272 dinoscitur,
788 4216 827 4259 eo
852 4217 913 4280 que
944 4204 1018 4261 sunt
1049 4197 1163 4261 salutis
1187 4204 1220 4261 et
1243 4196 1348 4281 gratie
1371 4195 1500 4259 facilius
1524 4201 1557 4257 ct
1579 4194 1707 4258 felicius
1731 4199 1893 4280 operetur.
1947 4194 2124 4280 Rogamus

460 4293 570 4379 itaque
592 4296 842 4362 universitatem
857 4306 1001 4364 vestram
1025 4307 1058 4364 et
1081 4299 1249 4364 hortamur
1271 4299 1304 4363 in
1329 4298 1459 4362 domino
1475 4299 1553 4364 Iesu
1569 4297 1711 4379 Christo,
1734 4319 1794 4385 per
1816 4300 2001 4385 apostolica
2025 4301 2123 4366 vobis

461 4398 582 4483 scripta
608 4398 814 4478 mandantes,
849 4403 1001 4486 quatinus
1033 4424 1093 4488 per
1121 4425 1222 4490 opera
1249 4400 1457 4487 gratitudinis
1486 4403 1652 4487 explicare
1683 4403 1831 4478 solliciti,
1866 4411 1990 4488 quanta
2023 4406 2121 4470 vobis

461 4501 547 4564 circa
566 4500 675 4565 Deum
699 4503 741 4566 sit
764 4503 839 4568 fidei
863 4506 989 4589 puritas
1013 4527 1050 4570 ac
1075 4505 1257 4570 devotionis
1282 4505 1454 4570 sinceritas
1478 4528 1557 4591 erga
1581 4505 1691 4570 sedem
1716 4507 1926 4592 apostolicam
1953 4510 2123 4574 continuis

460 4603 640 4668 honoribus
664 4626 724 4690 per
746 4606 890 4670 fidelium
915 4608 1155 4673 multitudinem
1185 4607 1414 4690 attollendam,
1441 4609 1624 4696 predictum
1653 4611 1857 4697 episcopum,
1889 4611 1922 4674 in
1952 4633 2017 4696 quo
2043 4636 2122 4700 per-

462 4727 575 4770 sonam
598 4714 744 4771 nostram
768 4711 871 4796 recipi
895 4712 1044 4778 volumus
1075 4719 1108 4776 ct
1135 4712 1226 4775 filiali
1259 4714 1446 4778 reverentia
1473 4715 1681 4800 pertractari,
1716 4714 1809 4799 quasi
1840 4715 1929 4800 pacis
1962 4720 2123 4802 angelum

438 4833 439 4836 ¹
462 4807 579 4873 devote
603 4830 640 4873 ac
664 4810 790 4875 ilariter
813 4812 1032 4894 admittentes,
1056 4815 1162 4900 ipsum
1185 4815 1272 4879 omni
1289 4837 1351 4901 quo
1377 4817 1466 4880 scitis
1484 4823 1516 4880 et
1532 4819 1669 4903 potestis
1687 4817 1810 4883 honore
1828 4821 2002 4904 prosequi⁰
2028 4824 2123 4886 solli-

461 4911 526 4975 cita
542 4911 713 4997 diligentia
735 4917 929 4999 procuretis,
953 4917 1006 4983 ets
1027 4917 1090 4982 sibi
1114 4919 1308 5007 superbiis,
1333 4941 1395 5005 que
1420 4920 1459 4984 ad
1483 4920 1639 4985 honorem
1656 4920 1721 4986 Dei
1737 4928 1770 4986 et
1787 4923 1928 4987 ecclesie
1953 4945 1992 4989 ac
2017 4926 2122 4991 liber-

460 5016 538 5078 tatis
569 5017 793 5083 eeclesiastice
828 5019 953 5085 faciunt
987 5021 1239 5102 incrementum,
1271 5045 1331 5088 nec
1367 5046 1430 5089 non
1465 5024 1505 5088 ad
1535 5046 1574 5089 ea
1599 5046 1658 5110 per
1686 5046 1749 5110 que
1786 5032 1891 5090 status
1924 5027 2060 5115 imperii
2090 5039 2126 5096 et

461 5118 616 5204 precipue
640 5120 801 5186 dictarum
825 5125 1067 5210 provinciarum
1088 5126 1199 5190 valeat
1223 5127 1398 5191 salubriter
1421 5127 1561 5192 faciente
1584 5127 1726 5193 Domino
1750 5129 1931 5209 reformari,
1956 5153 1996 5195 ac
2021 5155 2125 5220 super

556 5378 578 5446 ⁸)
597 5383 613 5432 i.
633 5400 652 5434 c.
671 5385 753 5436 otiari.
836 5385 858 5450 b)
876 5388 913 5436 ito
931 5387 979 5448 Aa
996 5386 1065 5452 qnod
1082 5387 1208 5437 vicarium
1226 5387 1258 5439 R.
1334 5389 1355 5454 ⁰)
1374 5391 1411 5440 ito
1430 5391 1476 5450 al.,·
1494 5399 1520 5442 et
1536 5392 1688 5442 excellentia
1706 5391 1738 5442 n.
1816 5395 1838 5458 i)
1856 5397 2035 5450 venerabilem
2055 5401 2127 5452 deest

459 5468 487 5518 in
500 5468 532 5518 n.
614 5469 636 5534 ⁸)
655 5471 692 5519 ita
710 5472 757 5531 A.;
775 5474 895 5538 prosequi
914 5473 982 5524 ricem
999 5474 1026 5523 in
1045 5472 1076 5525 Il.
1164 5470 1237 5538 r>ito
1257 5475 1305 5538 Λ.,·
1322 5484 1348 5527 et
1366 5477 1434 5527 cicant
1451 5478 1480 5527 io
1498 5477 1530 5529 R.

564 5603 766 5700 1⁴).Bertlroldo.
831 5607 858 5675 2)
877 5609 988 5679 Anpelo.
1053 5611 1081 5680 3)
1102 5612 1254 5669 Gnillcltuo.
1324 5616 1352 5682 4)
1375 5615 1547 5668 llicodcrico.
1614 5617 1641 5683 b)
1661 5615 1755 5670 Ottoni
1772 5617 1833 5671 III.
1896 5619 1924 5688 G)
1942 5619 2127 5680 Rodobaldo.
2178 5664 2205 5704 45

459 5690 486 5757 ‘lt
505 5689 632 5760 Acprdro.
702 5693 728 5762 8)
748 5693 886 5752 Rolcndo.
