<?xml version="1.0" encoding="UTF-8"?>
<!DOCTYPE html PUBLIC "-//W3C//DTD XHTML 1.0 Transitional//EN"
    "http://www.w3.org/TR/xhtml1/DTD/xhtml1-transitional.dtd">
<html xmlns="http://www.w3.org/1999/xhtml" xml:lang="en" lang="en">
 <head>
  <title>
</title>
<meta http-equiv="Content-Type" content="text/html;charset=utf-8" />
  <meta name='ocr-system' content='tesseract 3.04.00' />
  <meta name='ocr-capabilities' content='ocr_page ocr_carea ocr_par ocr_line ocrx_word'/>
</head>
<body>
  <div class='ocr_page' id='page_1' title='image "./monumentagerman00peipgoog/monumentagerman00peipgoog_0313.png"; bbox 0 0 4524 6412; ppageno 0'>
   <div class='ocr_carea' id='block_1_1' title="bbox 1000 382 1496 439">
    <p class='ocr_par' dir='ltr' id='par_1_1' title="bbox 1000 382 1496 439">
     <span class='ocr_line' id='line_1_1' title="bbox 1000 382 1496 439; baseline -0.004 0"><span class='ocrx_word' id='word_1_1' title='bbox 1000 386 1047 439; x_wconf 82' lang='lat' dir='ltr'>EX</span> <span class='ocrx_word' id='word_1_2' title='bbox 1066 384 1241 439; x_wconf 82' lang='lat' dir='ltr'><strong>GREGORII</strong></span> <span class='ocrx_word' id='word_1_3' title='bbox 1260 383 1297 436; x_wconf 88' lang='lat' dir='ltr'>Ill</span> <span class='ocrx_word' id='word_1_4' title='bbox 1316 382 1496 437; x_wconf 81' lang='lat' dir='ltr'>REGISTRO</span> 
     </span>
    </p>
   </div>
   <div class='ocr_carea' id='block_1_2' title="bbox 829 615 1669 709">
    <p class='ocr_par' dir='ltr' id='par_1_2' title="bbox 829 615 1669 709">
     <span class='ocr_line' id='line_1_2' title="bbox 829 615 1669 709; baseline -0.004 -21"><span class='ocrx_word' id='word_1_5' title='bbox 829 617 1051 690; x_wconf 85' lang='lat' dir='ltr'>Friderico</span> <span class='ocrx_word' id='word_1_6' title='bbox 1079 617 1374 689; x_wconf 84' lang='lat' dir='ltr'>Romanorum</span> <span class='ocrx_word' id='word_1_7' title='bbox 1400 615 1669 709; x_wconf 87' lang='lat' dir='ltr'>imperatori.</span> 
     </span>
    </p>
   </div>
   <div class='ocr_carea' id='block_1_3' title="bbox 420 757 2156 2296">
    <p class='ocr_par' dir='ltr' id='par_1_3' title="bbox 420 757 2156 2296">
     <span class='ocr_line' id='line_1_3' title="bbox 529 757 2077 844; baseline -0.008 -11"><span class='ocrx_word' id='word_1_8' title='bbox 529 767 688 833; x_wconf 81' lang='lat' dir='ltr'><strong>Ascendit</strong></span> <span class='ocrx_word' id='word_1_9' title='bbox 716 765 758 830; x_wconf 90' lang='lat' dir='ltr'>ad</span> <span class='ocrx_word' id='word_1_10' title='bbox 786 787 847 829; x_wconf 91' lang='lat' dir='ltr'>nos</span> <span class='ocrx_word' id='word_1_11' title='bbox 876 764 1013 844; x_wconf 89' lang='lat' dir='ltr'>clamor,</span> <span class='ocrx_word' id='word_1_12' title='bbox 1041 764 1186 828; x_wconf 90' lang='lat' dir='ltr'>ululatus</span> <span class='ocrx_word' id='word_1_13' title='bbox 1216 771 1250 828; x_wconf 91' lang='lat' dir='ltr'>et</span> <span class='ocrx_word' id='word_1_14' title='bbox 1280 764 1400 828; x_wconf 91' lang='lat' dir='ltr'>stridor</span> <span class='ocrx_word' id='word_1_15' title='bbox 1430 765 1644 840; x_wconf 90' lang='lat' dir='ltr'>miserabilis,</span> <span class='ocrx_word' id='word_1_16' title='bbox 1674 760 1800 825; x_wconf 87' lang='lat' dir='ltr'>validus</span> <span class='ocrx_word' id='word_1_17' title='bbox 1831 765 1865 823; x_wconf 93' lang='lat' dir='ltr'>et</span> <span class='ocrx_word' id='word_1_18' title='bbox 1892 757 2077 823; x_wconf 89' lang='lat' dir='ltr'>horrendus</span> 
     </span>
     <span class='ocr_line' id='line_1_4' title="bbox 422 860 2076 953; baseline -0.009 -15"><span class='ocrx_word' id='word_1_19' title='bbox 422 873 635 938; x_wconf 88' lang='lat' dir='ltr'>eeclesiarum</span> <span class='ocrx_word' id='word_1_20' title='bbox 663 878 697 935; x_wconf 92' lang='lat' dir='ltr'>et</span> <span class='ocrx_word' id='word_1_21' title='bbox 726 869 917 936; x_wconf 87' lang='lat' dir='ltr'>clericorum</span> <span class='ocrx_word' id='word_1_22' title='bbox 947 869 1041 952; x_wconf 85' lang='lat' dir='ltr'>regni</span> <span class='ocrx_word' id='word_1_23' title='bbox 1066 867 1178 932; x_wconf 83' lang='lat' dir='ltr'>Sicilie</span> <span class='ocrx_word' id='word_1_24' title='bbox 1208 875 1241 931; x_wconf 90' lang='lat' dir='ltr'>et</span> <span class='ocrx_word' id='word_1_25' title='bbox 1264 867 1401 953; x_wconf 84' lang='lat' dir='ltr'>Apulia,</span> <span class='ocrx_word' id='word_1_26' title='bbox 1434 867 1521 953; x_wconf 94' lang='lat' dir='ltr'>quod</span> <span class='ocrx_word' id='word_1_27' title='bbox 1549 868 1582 931; x_wconf 93' lang='lat' dir='ltr'>in</span> <span class='ocrx_word' id='word_1_28' title='bbox 1610 889 1667 932; x_wconf 92' lang='lat' dir='ltr'>eos</span> <span class='ocrx_word' id='word_1_29' title='bbox 1694 865 1899 949; x_wconf 88' lang='lat' dir='ltr'>ultraquam</span> <span class='ocrx_word' id='word_1_30' title='bbox 1923 860 1965 926; x_wconf 91' lang='lat' dir='ltr'>de</span> <span class='ocrx_word' id='word_1_31' title='bbox 1989 861 2076 925; x_wconf 84' lang='lat' dir='ltr'>facili</span> 
     </span>
     <span class='ocr_line' id='line_1_5' title="bbox 420 966 2076 1070; baseline -0.008 -29"><span class='ocrx_word' id='word_1_32' title='bbox 420 977 561 1063; x_wconf 83' lang='lat' dir='ltr'>exprimi</span> <span class='ocrx_word' id='word_1_33' title='bbox 578 977 686 1040; x_wconf 90' lang='lat' dir='ltr'>valeat</span> <span class='ocrx_word' id='word_1_34' title='bbox 708 975 819 1060; x_wconf 90' lang='lat' dir='ltr'>inique</span> <span class='ocrx_word' id='word_1_35' title='bbox 836 973 1022 1054; x_wconf 80' lang='lat' dir='ltr'>deseviens,</span> <span class='ocrx_word' id='word_1_36' title='bbox 1046 974 1136 1059; x_wconf 92' lang='lat' dir='ltr'>ipsos</span> <span class='ocrx_word' id='word_1_37' title='bbox 1160 972 1278 1070; x_wconf 82' lang='lat' dir='ltr'>affligis</span> <span class='ocrx_word' id='word_1_38' title='bbox 1304 973 1502 1038; x_wconf 87' lang='lat' dir='ltr'>cruciatibus</span> <span class='ocrx_word' id='word_1_39' title='bbox 1518 972 1662 1050; x_wconf 91' lang='lat' dir='ltr'>infinitis,</span> <span class='ocrx_word' id='word_1_40' title='bbox 1686 971 1773 1035; x_wconf 85' lang='lat' dir='ltr'>bona</span> <span class='ocrx_word' id='word_1_41' title='bbox 1789 988 1901 1033; x_wconf 87' lang='lat' dir='ltr'>eorum</span> <span class='ocrx_word' id='word_1_42' title='bbox 1917 966 2076 1051; x_wconf 81' lang='lat' dir='ltr'>diripiens</span> 
     </span>
     <span class='ocr_line' id='line_1_6' title="bbox 420 1068 2144 1164; baseline -0.008 -19"><span class='ocrx_word' id='word_1_43' title='bbox 420 1087 454 1145; x_wconf 90' lang='lat' dir='ltr'>et</span> <span class='ocrx_word' id='word_1_44' title='bbox 476 1079 700 1164; x_wconf 87' lang='lat' dir='ltr'>extorquens¹</span> <span class='ocrx_word' id='word_1_45' title='bbox 731 1079 765 1142; x_wconf 94' lang='lat' dir='ltr'>in</span> <span class='ocrx_word' id='word_1_46' title='bbox 793 1078 1000 1142; x_wconf 85' lang='lat' dir='ltr'>manifestam</span> <span class='ocrx_word' id='word_1_47' title='bbox 1024 1077 1256 1141; x_wconf 90' lang='lat' dir='ltr'>contumeliam</span> <span class='ocrx_word' id='word_1_48' title='bbox 1278 1075 1508 1163; x_wconf 87' lang='lat' dir='ltr'>Redemptoris</span> <span class='ocrx_word' id='word_1_49' title='bbox 1532 1083 1566 1140; x_wconf 91' lang='lat' dir='ltr'>et</span> <span class='ocrx_word' id='word_1_50' title='bbox 1588 1082 1735 1139; x_wconf 91' lang='lat' dir='ltr'>atrocem</span> <span class='ocrx_word' id='word_1_51' title='bbox 1758 1071 1909 1136; x_wconf 87' lang='lat' dir='ltr'>iniuriam</span> <span class='ocrx_word' id='word_1_52' title='bbox 1933 1068 2076 1134; x_wconf 80' lang='lat' dir='ltr'>ecclesie</span> <span class='ocrx_word' id='word_1_53' title='bbox 2140 1101 2144 1112; x_wconf 94' lang='lat'>·</span> 
     </span>
     <span class='ocr_line' id='line_1_7' title="bbox 420 1171 2080 1268; baseline -0.008 -21"><span class='ocrx_word' id='word_1_54' title='bbox 420 1182 596 1268; x_wconf 87' lang='lat' dir='ltr'>generalis,</span> <span class='ocrx_word' id='word_1_55' title='bbox 619 1187 656 1245; x_wconf 90' lang='lat' dir='ltr'>ut</span> <span class='ocrx_word' id='word_1_56' title='bbox 671 1187 839 1245; x_wconf 90' lang='lat' dir='ltr'>taceamus</span> <span class='ocrx_word' id='word_1_57' title='bbox 861 1180 1042 1266; x_wconf 90' lang='lat' dir='ltr'>apostolice</span> <span class='ocrx_word' id='word_1_58' title='bbox 1067 1178 1156 1243; x_wconf 90' lang='lat' dir='ltr'>sedis</span> <span class='ocrx_word' id='word_1_59' title='bbox 1173 1185 1407 1264; x_wconf 89' lang='lat' dir='ltr'>contemptum,</span> <span class='ocrx_word' id='word_1_60' title='bbox 1431 1180 1465 1242; x_wconf 94' lang='lat' dir='ltr'>in</span> <span class='ocrx_word' id='word_1_61' title='bbox 1488 1200 1585 1264; x_wconf 91' lang='lat' dir='ltr'>quam</span> <span class='ocrx_word' id='word_1_62' title='bbox 1609 1177 1729 1242; x_wconf 90' lang='lat' dir='ltr'>cadunt</span> <span class='ocrx_word' id='word_1_63' title='bbox 1751 1197 1794 1240; x_wconf 88' lang='lat' dir='ltr'>ex</span> <span class='ocrx_word' id='word_1_64' title='bbox 1816 1175 1878 1238; x_wconf 90' lang='lat' dir='ltr'>hoe</span> <span class='ocrx_word' id='word_1_65' title='bbox 1902 1171 2080 1258; x_wconf 91' lang='lat' dir='ltr'>obprobria</span> 
     </span>
     <span class='ocr_line' id='line_1_8' title="bbox 421 1273 2078 1371; baseline -0.008 -21"><span class='ocrx_word' id='word_1_66' title='bbox 421 1284 700 1371; x_wconf 81' lang='lat' dir='ltr'>exprobrantium.</span> <span class='ocrx_word' id='word_1_67' title='bbox 746 1283 829 1348; x_wconf 85' lang='lat' dir='ltr'>Oum</span> <span class='ocrx_word' id='word_1_68' title='bbox 852 1285 953 1369; x_wconf 84' lang='lat' dir='ltr'>igitur</span> <span class='ocrx_word' id='word_1_69' title='bbox 976 1284 1036 1348; x_wconf 90' lang='lat' dir='ltr'>hee</span> <span class='ocrx_word' id='word_1_70' title='bbox 1059 1303 1261 1368; x_wconf 83' lang='lat' dir='ltr'>nequeamus</span> <span class='ocrx_word' id='word_1_71' title='bbox 1286 1283 1356 1347; x_wconf 91' lang='lat' dir='ltr'>sine</span> <span class='ocrx_word' id='word_1_72' title='bbox 1380 1283 1527 1369; x_wconf 89' lang='lat' dir='ltr'>periculo</span> <span class='ocrx_word' id='word_1_73' title='bbox 1551 1283 1725 1358; x_wconf 90' lang='lat' dir='ltr'>sustinere,</span> <span class='ocrx_word' id='word_1_74' title='bbox 1749 1278 1804 1363; x_wconf 92' lang='lat' dir='ltr'>qui</span> <span class='ocrx_word' id='word_1_75' title='bbox 1822 1275 1945 1340; x_wconf 79' lang='lat' dir='ltr'>Christi</span> <span class='ocrx_word' id='word_1_76' title='bbox 1964 1273 2078 1338; x_wconf 87' lang='lat' dir='ltr'>vicarii</span> 
     </span>
     <span class='ocr_line' id='line_1_9' title="bbox 420 1381 2077 1472; baseline -0.005 -21"><span class='ocrx_word' id='word_1_77' title='bbox 420 1388 499 1453; x_wconf 91' lang='lat' dir='ltr'>licet</span> <span class='ocrx_word' id='word_1_78' title='bbox 520 1388 673 1453; x_wconf 93' lang='lat' dir='ltr'>immeriti</span> <span class='ocrx_word' id='word_1_79' title='bbox 697 1388 876 1466; x_wconf 90' lang='lat' dir='ltr'>constituti,</span> <span class='ocrx_word' id='word_1_80' title='bbox 900 1406 958 1472; x_wconf 92' lang='lat' dir='ltr'>pro</span> <span class='ocrx_word' id='word_1_81' title='bbox 981 1385 1103 1451; x_wconf 91' lang='lat' dir='ltr'>tuenda</span> <span class='ocrx_word' id='word_1_82' title='bbox 1125 1386 1250 1450; x_wconf 91' lang='lat' dir='ltr'>iustitia</span> <span class='ocrx_word' id='word_1_83' title='bbox 1273 1392 1306 1450; x_wconf 90' lang='lat' dir='ltr'>et</span> <span class='ocrx_word' id='word_1_84' title='bbox 1328 1384 1535 1451; x_wconf 87' lang='lat' dir='ltr'>defendenda</span> <span class='ocrx_word' id='word_1_85' title='bbox 1558 1384 1784 1450; x_wconf 85' lang='lat' dir='ltr'>ecclesiastiea</span> <span class='ocrx_word' id='word_1_86' title='bbox 1805 1381 1960 1445; x_wconf 89' lang='lat' dir='ltr'>libertate</span> <span class='ocrx_word' id='word_1_87' title='bbox 1983 1386 2077 1444; x_wconf 92' lang='lat' dir='ltr'>tene-</span> 
     </span>
     <span class='ocr_line' id='line_1_10' title="bbox 421 1483 2077 1577; baseline -0.006 -21"><span class='ocrx_word' id='word_1_88' title='bbox 421 1513 493 1556; x_wconf 90' lang='lat' dir='ltr'>mur</span> <span class='ocrx_word' id='word_1_89' title='bbox 516 1497 550 1556; x_wconf 90' lang='lat' dir='ltr'>ct</span> <span class='ocrx_word' id='word_1_90' title='bbox 572 1492 722 1555; x_wconf 88' lang='lat' dir='ltr'>volumus</span> <span class='ocrx_word' id='word_1_91' title='bbox 746 1489 936 1577; x_wconf 89' lang='lat' dir='ltr'>impendere</span> <span class='ocrx_word' id='word_1_92' title='bbox 959 1490 1196 1576; x_wconf 90' lang='lat' dir='ltr'>nosmetipsos,</span> <span class='ocrx_word' id='word_1_93' title='bbox 1228 1488 1269 1553; x_wconf 92' lang='lat' dir='ltr'>ab</span> <span class='ocrx_word' id='word_1_94' title='bbox 1298 1511 1338 1553; x_wconf 93' lang='lat' dir='ltr'>eo</span> <span class='ocrx_word' id='word_1_95' title='bbox 1369 1489 1463 1554; x_wconf 92' lang='lat' dir='ltr'>nobis</span> <span class='ocrx_word' id='word_1_96' title='bbox 1486 1489 1586 1574; x_wconf 86' lang='lat' dir='ltr'>digna</span> <span class='ocrx_word' id='word_1_97' title='bbox 1607 1486 1832 1553; x_wconf 89' lang='lat' dir='ltr'>vicissitudine</span> <span class='ocrx_word' id='word_1_98' title='bbox 1856 1483 2077 1570; x_wconf 88' lang='lat' dir='ltr'>rependenda,</span> 
     </span>
     <span class='ocr_line' id='line_1_11' title="bbox 421 1587 2078 1679; baseline -0.003 -23"><span class='ocrx_word' id='word_1_99' title='bbox 421 1593 477 1678; x_wconf 95' lang='lat' dir='ltr'>qui</span> <span class='ocrx_word' id='word_1_100' title='bbox 499 1593 667 1658; x_wconf 89' lang='lat' dir='ltr'>beatificat</span> <span class='ocrx_word' id='word_1_101' title='bbox 689 1592 933 1656; x_wconf 82' lang='lat' dir='ltr'>tribulationem</span> <span class='ocrx_word' id='word_1_102' title='bbox 956 1599 1091 1679; x_wconf 90' lang='lat' dir='ltr'>propter</span> <span class='ocrx_word' id='word_1_103' title='bbox 1113 1593 1270 1656; x_wconf 85' lang='lat' dir='ltr'>iustitiam</span> <span class='ocrx_word' id='word_1_104' title='bbox 1294 1593 1459 1678; x_wconf 89' lang='lat' dir='ltr'>patientis,</span> <span class='ocrx_word' id='word_1_105' title='bbox 1484 1592 1687 1678; x_wconf 89' lang='lat' dir='ltr'>imperialem</span> <span class='ocrx_word' id='word_1_106' title='bbox 1710 1587 1939 1654; x_wconf 89' lang='lat' dir='ltr'>celsitudinem</span> <span class='ocrx_word' id='word_1_107' title='bbox 1963 1607 2078 1652; x_wconf 90' lang='lat' dir='ltr'>mone-</span> 
     </span>
     <span class='ocr_line' id='line_1_12' title="bbox 422 1692 2079 1780; baseline -0.004 -20"><span class='ocrx_word' id='word_1_108' title='bbox 422 1717 494 1760; x_wconf 88' lang='lat' dir='ltr'>mus</span> <span class='ocrx_word' id='word_1_109' title='bbox 518 1702 553 1760; x_wconf 91' lang='lat' dir='ltr'>et</span> <span class='ocrx_word' id='word_1_110' title='bbox 575 1695 744 1759; x_wconf 88' lang='lat' dir='ltr'>hortamur</span> <span class='ocrx_word' id='word_1_111' title='bbox 765 1699 902 1776; x_wconf 86' lang='lat' dir='ltr'>attente,</span> <span class='ocrx_word' id='word_1_112' title='bbox 926 1696 1079 1780; x_wconf 86' lang='lat' dir='ltr'>quatinus</span> <span class='ocrx_word' id='word_1_113' title='bbox 1103 1695 1254 1760; x_wconf 89' lang='lat' dir='ltr'>ecclesiis</span> <span class='ocrx_word' id='word_1_114' title='bbox 1278 1702 1312 1759; x_wconf 90' lang='lat' dir='ltr'>et</span> <span class='ocrx_word' id='word_1_115' title='bbox 1334 1697 1485 1780; x_wconf 91' lang='lat' dir='ltr'>personis</span> <span class='ocrx_word' id='word_1_116' title='bbox 1508 1694 1742 1760; x_wconf 89' lang='lat' dir='ltr'>ecclesiasticis</span> <span class='ocrx_word' id='word_1_117' title='bbox 1767 1692 1877 1758; x_wconf 88' lang='lat' dir='ltr'>ablata</span> <span class='ocrx_word' id='word_1_118' title='bbox 1900 1692 2079 1756; x_wconf 88' lang='lat' dir='ltr'>restituens</span> 
     </span>
     <span class='ocr_line' id='line_1_13' title="bbox 422 1796 2080 1884; baseline -0.002 -22"><span class='ocrx_word' id='word_1_119' title='bbox 422 1799 551 1883; x_wconf 84' lang='lat' dir='ltr'>integre</span> <span class='ocrx_word' id='word_1_120' title='bbox 574 1798 739 1879; x_wconf 88' lang='lat' dir='ltr'>universa,</span> <span class='ocrx_word' id='word_1_121' title='bbox 762 1797 804 1862; x_wconf 90' lang='lat' dir='ltr'>ab</span> <span class='ocrx_word' id='word_1_122' title='bbox 828 1799 972 1884; x_wconf 91' lang='lat' dir='ltr'>ipsorum</span> <span class='ocrx_word' id='word_1_123' title='bbox 996 1799 1226 1863; x_wconf 87' lang='lat' dir='ltr'>molestatione</span> <span class='ocrx_word' id='word_1_124' title='bbox 1251 1799 1383 1884; x_wconf 91' lang='lat' dir='ltr'>penitus</span> <span class='ocrx_word' id='word_1_125' title='bbox 1407 1798 1633 1883; x_wconf 88' lang='lat' dir='ltr'>conquiescas,</span> <span class='ocrx_word' id='word_1_126' title='bbox 1657 1798 1743 1862; x_wconf 84' lang='lat' dir='ltr'>lame</span> <span class='ocrx_word' id='word_1_127' title='bbox 1767 1803 1822 1860; x_wconf 91' lang='lat' dir='ltr'>tue</span> <span class='ocrx_word' id='word_1_128' title='bbox 1846 1796 2022 1860; x_wconf 89' lang='lat' dir='ltr'>consulens</span> <span class='ocrx_word' id='word_1_129' title='bbox 2046 1801 2080 1859; x_wconf 92' lang='lat' dir='ltr'>et</span> 
     </span>
     <span class='ocr_line' id='line_1_14' title="bbox 424 1900 2079 1989; baseline 0.001 -25"><span class='ocrx_word' id='word_1_130' title='bbox 424 1901 532 1964; x_wconf 88' lang='lat' dir='ltr'>saluti.</span> <span class='ocrx_word' id='word_1_131' title='bbox 578 1901 749 1986; x_wconf 87' lang='lat' dir='ltr'>Alioquin,</span> <span class='ocrx_word' id='word_1_132' title='bbox 777 1923 818 1967; x_wconf 91' lang='lat' dir='ltr'>ne</span> <span class='ocrx_word' id='word_1_133' title='bbox 849 1908 964 1967; x_wconf 89' lang='lat' dir='ltr'>contra</span> <span class='ocrx_word' id='word_1_134' title='bbox 993 1901 1101 1966; x_wconf 88' lang='lat' dir='ltr'>Deum</span> <span class='ocrx_word' id='word_1_135' title='bbox 1130 1902 1256 1966; x_wconf 91' lang='lat' dir='ltr'>homini</span> <span class='ocrx_word' id='word_1_136' title='bbox 1284 1901 1486 1978; x_wconf 84' lang='lat' dir='ltr'>deferamus,</span> <span class='ocrx_word' id='word_1_137' title='bbox 1517 1923 1617 1987; x_wconf 92' lang='lat' dir='ltr'>super</span> <span class='ocrx_word' id='word_1_138' title='bbox 1644 1901 1706 1965; x_wconf 89' lang='lat' dir='ltr'>hoe</span> <span class='ocrx_word' id='word_1_139' title='bbox 1734 1900 1949 1989; x_wconf 89' lang='lat' dir='ltr'>procedemus</span> <span class='ocrx_word' id='word_1_140' title='bbox 1979 1901 2079 1966; x_wconf 89' lang='lat' dir='ltr'>dante</span> 
     </span>
     <span class='ocr_line' id='line_1_15' title="bbox 422 2003 2078 2092; baseline -0.001 -24"><span class='ocrx_word' id='word_1_141' title='bbox 422 2003 580 2085; x_wconf 92' lang='lat' dir='ltr'>Domino,</span> <span class='ocrx_word' id='word_1_142' title='bbox 615 2006 699 2070; x_wconf 91' lang='lat' dir='ltr'>sicut</span> <span class='ocrx_word' id='word_1_143' title='bbox 727 2006 827 2070; x_wconf 88' lang='lat' dir='ltr'>fuerit</span> <span class='ocrx_word' id='word_1_144' title='bbox 856 2005 1109 2092; x_wconf 89' lang='lat' dir='ltr'>procedendum.</span> <span class='ocrx_word' id='word_1_145' title='bbox 1166 2005 1218 2069; x_wconf 86' lang='lat' dir='ltr'>Ad</span> <span class='ocrx_word' id='word_1_146' title='bbox 1245 2005 1307 2070; x_wconf 90' lang='lat' dir='ltr'>hoe</span> <span class='ocrx_word' id='word_1_147' title='bbox 1339 2011 1450 2070; x_wconf 88' lang='lat' dir='ltr'>autem</span> <span class='ocrx_word' id='word_1_148' title='bbox 1478 2006 1617 2070; x_wconf 90' lang='lat' dir='ltr'>dilectos</span> <span class='ocrx_word' id='word_1_149' title='bbox 1646 2005 1732 2068; x_wconf 88' lang='lat' dir='ltr'>filios</span> <span class='ocrx_word' id='word_1_150' title='bbox 1758 2003 1797 2068; x_wconf 94' lang='lat' dir='ltr'>B.</span> <span class='ocrx_word' id='word_1_151' title='bbox 1828 2011 1862 2068; x_wconf 91' lang='lat' dir='ltr'>et</span> <span class='ocrx_word' id='word_1_152' title='bbox 1889 2005 1930 2068; x_wconf 89' lang='lat' dir='ltr'>R.</span> <span class='ocrx_word' id='word_1_153' title='bbox 1959 2004 2078 2068; x_wconf 85' lang='lat' dir='ltr'>iratres</span> 
     </span>
     <span class='ocr_line' id='line_1_16' title="bbox 423 2107 2156 2186; baseline 0.001 -15"><span class='ocrx_word' id='word_1_154' title='bbox 423 2107 568 2172; x_wconf 89' lang='lat' dir='ltr'>Minores</span> <span class='ocrx_word' id='word_1_155' title='bbox 591 2107 632 2173; x_wconf 89' lang='lat' dir='ltr'>ad</span> <span class='ocrx_word' id='word_1_156' title='bbox 656 2113 688 2173; x_wconf 92' lang='lat' dir='ltr'>te</span> <span class='ocrx_word' id='word_1_157' title='bbox 711 2109 885 2186; x_wconf 78' lang='lat' dir='ltr'>mittimus,</span> <span class='ocrx_word' id='word_1_158' title='bbox 918 2109 945 2172; x_wconf 90' lang='lat' dir='ltr'>si</span> <span class='ocrx_word' id='word_1_159' title='bbox 977 2108 1087 2173; x_wconf 76' lang='lat' dir='ltr'>forsan</span> <span class='ocrx_word' id='word_1_160' title='bbox 1120 2109 1235 2172; x_wconf 91' lang='lat' dir='ltr'>saltem</span> <span class='ocrx_word' id='word_1_161' title='bbox 1266 2131 1339 2173; x_wconf 91' lang='lat' dir='ltr'>sero</span> <span class='ocrx_word' id='word_1_162' title='bbox 1371 2109 1547 2174; x_wconf 88' lang='lat' dir='ltr'>salubriter</span> <span class='ocrx_word' id='word_1_163' title='bbox 1575 2108 1809 2173; x_wconf 89' lang='lat' dir='ltr'>monitionibus</span> <span class='ocrx_word' id='word_1_164' title='bbox 1837 2109 1958 2172; x_wconf 91' lang='lat' dir='ltr'>nostris</span> <span class='ocrx_word' id='word_1_165' title='bbox 1982 2129 2079 2172; x_wconf 87' lang='lat' dir='ltr'>aures</span> <span class='ocrx_word' id='word_1_166' title='bbox 2133 2119 2156 2156; x_wconf 66' lang='lat'>¹³</span> 
     </span>
     <span class='ocr_line' id='line_1_17' title="bbox 422 2211 1394 2296; baseline 0 -22"><span class='ocrx_word' id='word_1_167' title='bbox 422 2211 562 2296; x_wconf 90' lang='lat' dir='ltr'>aperias,</span> <span class='ocrx_word' id='word_1_168' title='bbox 586 2232 666 2296; x_wconf 89' lang='lat' dir='ltr'>quas</span> <span class='ocrx_word' id='word_1_169' title='bbox 689 2212 848 2278; x_wconf 87' lang='lat' dir='ltr'>hactenus</span> <span class='ocrx_word' id='word_1_170' title='bbox 872 2213 1008 2277; x_wconf 90' lang='lat' dir='ltr'>nimium</span> <span class='ocrx_word' id='word_1_171' title='bbox 1033 2212 1214 2276; x_wconf 88' lang='lat' dir='ltr'>inconsulte</span> <span class='ocrx_word' id='word_1_172' title='bbox 1238 2212 1394 2276; x_wconf 89' lang='lat' dir='ltr'>clausisti.</span> 
     </span>
    </p>
   </div>
   <div class='ocr_carea' id='block_1_4' title="bbox 529 2330 1621 2418">
    <p class='ocr_par' dir='ltr' id='par_1_4' title="bbox 529 2330 1621 2418">
     <span class='ocr_line' id='line_1_18' title="bbox 529 2330 1621 2418; baseline 0 -23"><span class='ocrx_word' id='word_1_173' title='bbox 529 2330 617 2396; x_wconf 89' lang='lat' dir='ltr'>Data</span> <span class='ocrx_word' id='word_1_174' title='bbox 638 2330 755 2414; x_wconf 86' lang='lat' dir='ltr'>Reate,</span> <span class='ocrx_word' id='word_1_175' title='bbox 778 2332 861 2399; x_wconf 89' lang='lat' dir='ltr'>Non.</span> <span class='ocrx_word' id='word_1_176' title='bbox 886 2333 975 2412; x_wconf 89' lang='lat' dir='ltr'>Maii,</span> <span class='ocrx_word' id='word_1_177' title='bbox 999 2332 1207 2418; x_wconf 87' lang='lat' dir='ltr'>pontificatus</span> <span class='ocrx_word' id='word_1_178' title='bbox 1231 2333 1335 2396; x_wconf 90' lang='lat' dir='ltr'>nostri</span> <span class='ocrx_word' id='word_1_179' title='bbox 1358 2353 1443 2396; x_wconf 88' lang='lat' dir='ltr'>anno</span> <span class='ocrx_word' id='word_1_180' title='bbox 1467 2332 1621 2398; x_wconf 88' lang='lat' dir='ltr'>seeundo.</span> 
     </span>
    </p>
   </div>
   <div class='ocr_carea' id='block_1_5' title="bbox 1047 2627 1457 2636">
    <p class='ocr_par' dir='ltr' id='par_1_5' title="bbox 1047 2627 1457 2636">
     <span class='ocr_line' id='line_1_19' title="bbox 1047 2627 1457 2636; baseline -0.005 -1"><span class='ocrx_word' id='word_1_181' title='bbox 1047 2629 1126 2635; x_wconf 73' lang='lat'>——.-</span> <span class='ocrx_word' id='word_1_182' title='bbox 1136 2629 1273 2636; x_wconf 45' lang='lat' dir='ltr'>*affl-..n</span> <span class='ocrx_word' id='word_1_183' title='bbox 1286 2629 1384 2635; x_wconf 77' lang='lat'><strong>-.---</strong></span> <span class='ocrx_word' id='word_1_184' title='bbox 1391 2627 1457 2633; x_wconf 60' lang='lat' dir='ltr'>——a</span> 
     </span>
    </p>
   </div>
   <div class='ocr_carea' id='block_1_6' title="bbox 533 2921 2084 3146">
    <p class='ocr_par' dir='ltr' id='par_1_6' title="bbox 533 2921 2084 3146">
     <span class='ocr_line' id='line_1_20' title="bbox 1212 2921 1299 2995; baseline 0 -1"><span class='ocrx_word' id='word_1_185' title='bbox 1212 2921 1299 2995; x_wconf 87' lang='grc'><strong>373.</strong></span> 
     </span>
     <span class='ocr_line' id='line_1_21' title="bbox 533 3033 2084 3146; baseline 0.001 -19"><span class='ocrx_word' id='word_1_186' title='bbox 533 3033 724 3144; x_wconf 68' lang='lat' dir='ltr'>Grcqories</span> <span class='ocrx_word' id='word_1_187' title='bbox 745 3061 802 3126; x_wconf 87' lang='lat' dir='ltr'>IX</span> <span class='ocrx_word' id='word_1_188' title='bbox 817 3081 906 3140; x_wconf 60' lang='lat' dir='ltr'>[rapa</span> <span class='ocrx_word' id='word_1_189' title='bbox 927 3060 1084 3146; x_wconf 62' lang='lat' dir='ltr'>Maroni]</span> <span class='ocrx_word' id='word_1_190' title='bbox 1106 3062 1281 3126; x_wconf 77' lang='lat' dir='ltr'>nearebioai</span> <span class='ocrx_word' id='word_1_191' title='bbox 1301 3062 1431 3127; x_wconf 80' lang='lat' dir='ltr'>Esteasi</span> <span class='ocrx_word' id='word_1_192' title='bbox 1453 3063 1597 3141; x_wconf 72' lang='lat' dir='ltr'>recredet,</span> <span class='ocrx_word' id='word_1_193' title='bbox 1626 3066 1661 3126; x_wconf 84' lang='lat' dir='ltr'>at</span> <span class='ocrx_word' id='word_1_194' title='bbox 1682 3064 1718 3126; x_wconf 82' lang='lat' dir='ltr'>in</span> <span class='ocrx_word' id='word_1_195' title='bbox 1739 3063 1921 3128; x_wconf 81' lang='lat' dir='ltr'>Marebiam</span> <span class='ocrx_word' id='word_1_196' title='bbox 1944 3063 2084 3128; x_wconf 81' lang='lat' dir='ltr'>celeriter</span> 
     </span>
    </p>
   </div>
   <div class='ocr_carea' id='block_1_7' title="bbox 360 3163 2161 3355">
    <p class='ocr_par' dir='ltr' id='par_1_7' title="bbox 360 3163 2161 3355">
     <span class='ocr_line' id='line_1_22' title="bbox 424 3163 2084 3250; baseline 0.005 -24"><span class='ocrx_word' id='word_1_197' title='bbox 424 3167 606 3242; x_wconf 81' lang='lat' dir='ltr'>revertatur,</span> <span class='ocrx_word' id='word_1_198' title='bbox 629 3164 665 3227; x_wconf 83' lang='lat' dir='ltr'>ia</span> <span class='ocrx_word' id='word_1_199' title='bbox 678 3184 774 3244; x_wconf 82' lang='lat' dir='ltr'>qaam</span> <span class='ocrx_word' id='word_1_200' title='bbox 787 3163 909 3227; x_wconf 69' lang='lat' dir='ltr'>inliniri</span> <span class='ocrx_word' id='word_1_201' title='bbox 923 3165 1065 3230; x_wconf 80' lang='lat' dir='ltr'>ecclcsiae</span> <span class='ocrx_word' id='word_1_202' title='bbox 1080 3166 1209 3230; x_wconf 77' lang='lat' dir='ltr'>nuntios</span> <span class='ocrx_word' id='word_1_203' title='bbox 1224 3166 1459 3244; x_wconf 74' lang='lat' dir='ltr'>destinaverint,</span> <span class='ocrx_word' id='word_1_204' title='bbox 1474 3167 1530 3250; x_wconf 82' lang='lat' dir='ltr'>qai</span> <span class='ocrx_word' id='word_1_205' title='bbox 1544 3186 1740 3249; x_wconf 74' lang='lat' dir='ltr'>quoscunque</span> <span class='ocrx_word' id='word_1_206' title='bbox 1748 3167 1874 3246; x_wconf 78' lang='lat' dir='ltr'>possint</span> <span class='ocrx_word' id='word_1_207' title='bbox 1888 3188 2084 3250; x_wconf 78' lang='lat' dir='ltr'>correrapere</span> 
     </span>
     <span class='ocr_line' id='line_1_23' title="bbox 360 3265 2161 3355; baseline 0.005 -25"><span class='ocrx_word' id='word_1_208' title='bbox 360 3265 366 3271; x_wconf 80' lang='grc'><strong>’</strong></span> <span class='ocrx_word' id='word_1_209' title='bbox 424 3267 608 3332; x_wconf 76' lang='lat' dir='ltr'>moliantur.</span> <span class='ocrx_word' id='word_1_210' title='bbox 1718 3274 1811 3351; x_wconf 88' lang='grc'><strong><em>1228,</em></strong></span> <span class='ocrx_word' id='word_1_211' title='bbox 1834 3271 1918 3355; x_wconf 77' lang='lat' dir='ltr'>Sept.</span> <span class='ocrx_word' id='word_1_212' title='bbox 1942 3275 1995 3339; x_wconf 83' lang='lat'>23.</span> <span class='ocrx_word' id='word_1_213' title='bbox 2134 3291 2161 3330; x_wconf 60' lang='grc' dir='ltr'>το</span> 
     </span>
    </p>
   </div>
   <div class='ocr_carea' id='block_1_8' title="bbox 529 3405 1170 3564">
    <p class='ocr_par' dir='ltr' id='par_1_8' title="bbox 529 3405 1170 3564">
     <span class='ocr_line' id='line_1_24' title="bbox 529 3405 1170 3474; baseline 0.003 -15"><span class='ocrx_word' id='word_1_214' title='bbox 529 3406 609 3473; x_wconf 66' lang='lat' dir='ltr'>Grae.</span> <span class='ocrx_word' id='word_1_215' title='bbox 627 3405 678 3457; x_wconf 90' lang='lat' dir='ltr'>IX</span> <span class='ocrx_word' id='word_1_216' title='bbox 694 3405 762 3474; x_wconf 76' lang='lat' dir='ltr'>Req.</span> <span class='ocrx_word' id='word_1_217' title='bbox 788 3405 844 3459; x_wconf 88' lang='lat' dir='ltr'>Vel.</span> <span class='ocrx_word' id='word_1_218' title='bbox 864 3405 889 3468; x_wconf 89' lang='grc' dir='ltr'>Ι,</span> <span class='ocrx_word' id='word_1_219' title='bbox 910 3409 962 3467; x_wconf 76' lang='lat'>82,-</span> <span class='ocrx_word' id='word_1_220' title='bbox 980 3405 1041 3462; x_wconf 78' lang='lat' dir='ltr'>Lib.</span> <span class='ocrx_word' id='word_1_221' title='bbox 1060 3406 1103 3472; x_wconf 89' lang='lat' dir='ltr'>II,</span> <span class='ocrx_word' id='word_1_222' title='bbox 1125 3410 1170 3462; x_wconf 86' lang='grc'>33.</span> 
     </span>
     <span class='ocr_line' id='line_1_25' title="bbox 529 3491 859 3564; baseline 0.006 -18"><span class='ocrx_word' id='word_1_223' title='bbox 529 3492 667 3562; x_wconf 74' lang='lat' dir='ltr'>Potitiost,</span> <span class='ocrx_word' id='word_1_224' title='bbox 685 3491 859 3564; x_wconf 57' lang='lat' dir='ltr'>Rea-8261,</span> 
     </span>
    </p>
   </div>
   <div class='ocr_carea' id='block_1_9' title="bbox 658 3707 1855 3786">
    <p class='ocr_par' dir='ltr' id='par_1_9' title="bbox 658 3707 1855 3786">
     <span class='ocr_line' id='line_1_26' title="bbox 658 3707 1855 3786; baseline 0.003 -5"><span class='ocrx_word' id='word_1_225' title='bbox 658 3707 805 3783; x_wconf 90' lang='lat' dir='ltr'>Nobili</span> <span class='ocrx_word' id='word_1_226' title='bbox 831 3711 928 3784; x_wconf 89' lang='lat' dir='ltr'>viro</span> <span class='ocrx_word' id='word_1_227' title='bbox 956 3711 999 3784; x_wconf 76' lang='lat' dir='ltr'>A.</span> <span class='ocrx_word' id='word_1_228' title='bbox 1026 3712 1268 3786; x_wconf 88' lang='lat' dir='ltr'>marchioni</span> <span class='ocrx_word' id='word_1_229' title='bbox 1295 3712 1573 3786; x_wconf 84' lang='lat' dir='ltr'>Anconitano</span> <span class='ocrx_word' id='word_1_230' title='bbox 1602 3716 1644 3785; x_wconf 88' lang='lat' dir='ltr'>et</span> <span class='ocrx_word' id='word_1_231' title='bbox 1670 3711 1855 3785; x_wconf 87' lang='lat' dir='ltr'>Estensi.</span> 
     </span>
    </p>
   </div>
   <div class='ocr_carea' id='block_1_10' title="bbox 426 3856 2157 5079">
    <p class='ocr_par' dir='ltr' id='par_1_10' title="bbox 426 3856 2157 5079">
     <span class='ocr_line' id='line_1_27' title="bbox 533 3856 2080 3946; baseline 0.001 -26"><span class='ocrx_word' id='word_1_232' title='bbox 533 3856 709 3922; x_wconf 82' lang='lat' dir='ltr'>Memorari</span> <span class='ocrx_word' id='word_1_233' title='bbox 729 3865 761 3924; x_wconf 92' lang='lat' dir='ltr'>te</span> <span class='ocrx_word' id='word_1_234' title='bbox 779 3859 952 3940; x_wconf 89' lang='lat' dir='ltr'>credimus,</span> <span class='ocrx_word' id='word_1_235' title='bbox 969 3861 1056 3945; x_wconf 93' lang='lat' dir='ltr'>quod</span> <span class='ocrx_word' id='word_1_236' title='bbox 1072 3860 1178 3925; x_wconf 89' lang='lat' dir='ltr'>adhuc</span> <span class='ocrx_word' id='word_1_237' title='bbox 1200 3861 1234 3924; x_wconf 91' lang='lat' dir='ltr'>in</span> <span class='ocrx_word' id='word_1_238' title='bbox 1249 3861 1367 3924; x_wconf 91' lang='lat' dir='ltr'>minori</span> <span class='ocrx_word' id='word_1_239' title='bbox 1386 3860 1493 3924; x_wconf 87' lang='lat' dir='ltr'>officio</span> <span class='ocrx_word' id='word_1_240' title='bbox 1511 3860 1680 3925; x_wconf 91' lang='lat' dir='ltr'>constituti</span> <span class='ocrx_word' id='word_1_241' title='bbox 1697 3859 1833 3946; x_wconf 91' lang='lat' dir='ltr'>speciali</span> <span class='ocrx_word' id='word_1_242' title='bbox 1854 3866 1886 3925; x_wconf 90' lang='lat' dir='ltr'>te</span> <span class='ocrx_word' id='word_1_243' title='bbox 1904 3859 2080 3943; x_wconf 89' lang='lat' dir='ltr'>diligentes</span> 
     </span>
     <span class='ocr_line' id='line_1_28' title="bbox 426 3959 2157 4050; baseline -0.001 -27"><span class='ocrx_word' id='word_1_244' title='bbox 426 3959 562 4041; x_wconf 82' lang='lat' dir='ltr'>affectu,</span> <span class='ocrx_word' id='word_1_245' title='bbox 590 3961 725 4025; x_wconf 88' lang='lat' dir='ltr'>honoris</span> <span class='ocrx_word' id='word_1_246' title='bbox 749 3969 783 4050; x_wconf 88' lang='lat' dir='ltr'>et</span> <span class='ocrx_word' id='word_1_247' title='bbox 804 3964 970 4047; x_wconf 84' lang='lat' dir='ltr'>profectus</span> <span class='ocrx_word' id='word_1_248' title='bbox 994 3965 1042 4028; x_wconf 91' lang='lat' dir='ltr'>tui</span> <span class='ocrx_word' id='word_1_249' title='bbox 1065 3964 1209 4029; x_wconf 89' lang='lat' dir='ltr'>libenter</span> <span class='ocrx_word' id='word_1_250' title='bbox 1231 3964 1477 4050; x_wconf 85' lang='lat' dir='ltr'>procuravimus</span> <span class='ocrx_word' id='word_1_251' title='bbox 1501 3964 1718 4035; x_wconf 79' lang='lat' dir='ltr'>incrementa,</span> <span class='ocrx_word' id='word_1_252' title='bbox 1748 3968 1782 4027; x_wconf 92' lang='lat' dir='ltr'>et</span> <span class='ocrx_word' id='word_1_253' title='bbox 1804 3963 1905 4043; x_wconf 90' lang='lat' dir='ltr'>nosti,</span> <span class='ocrx_word' id='word_1_254' title='bbox 1935 3961 2023 4047; x_wconf 93' lang='lat' dir='ltr'>quod</span> <span class='ocrx_word' id='word_1_255' title='bbox 2046 3967 2080 4026; x_wconf 93' lang='lat' dir='ltr'>et</span> <span class='ocrx_word' id='word_1_256' title='bbox 2131 3981 2157 4022; x_wconf 77' lang='lat' dir='ltr'>rs</span> 
     </span>
     <span class='ocr_line' id='line_1_29' title="bbox 426 4063 2081 4152; baseline 0.001 -27"><span class='ocrx_word' id='word_1_257' title='bbox 426 4083 513 4126; x_wconf 91' lang='lat' dir='ltr'>nuno</span> <span class='ocrx_word' id='word_1_258' title='bbox 537 4063 735 4129; x_wconf 89' lang='lat' dir='ltr'>intendimus</span> <span class='ocrx_word' id='word_1_259' title='bbox 765 4064 807 4128; x_wconf 93' lang='lat' dir='ltr'>ad</span> <span class='ocrx_word' id='word_1_260' title='bbox 830 4087 885 4146; x_wconf 90' lang='lat' dir='ltr'>ea,</span> <span class='ocrx_word' id='word_1_261' title='bbox 917 4088 979 4152; x_wconf 91' lang='lat' dir='ltr'>que</span> <span class='ocrx_word' id='word_1_262' title='bbox 1011 4067 1052 4130; x_wconf 90' lang='lat' dir='ltr'>ad</span> <span class='ocrx_word' id='word_1_263' title='bbox 1084 4073 1175 4131; x_wconf 91' lang='lat' dir='ltr'>tuum</span> <span class='ocrx_word' id='word_1_264' title='bbox 1199 4066 1362 4131; x_wconf 92' lang='lat' dir='ltr'>credimus</span> <span class='ocrx_word' id='word_1_265' title='bbox 1391 4067 1595 4131; x_wconf 92' lang='lat' dir='ltr'>commodum</span> <span class='ocrx_word' id='word_1_266' title='bbox 1623 4067 1814 4152; x_wconf 91' lang='lat' dir='ltr'>provenire,</span> <span class='ocrx_word' id='word_1_267' title='bbox 1845 4071 2016 4152; x_wconf 86' lang='lat' dir='ltr'>sperantes</span> <span class='ocrx_word' id='word_1_268' title='bbox 2045 4071 2081 4128; x_wconf 89' lang='lat' dir='ltr'>ut</span> 
     </span>
     <span class='ocr_line' id='line_1_30' title="bbox 427 4165 2081 4255; baseline 0.001 -27"><span class='ocrx_word' id='word_1_269' title='bbox 427 4171 579 4251; x_wconf 89' lang='lat' dir='ltr'>prompta</span> <span class='ocrx_word' id='word_1_270' title='bbox 605 4165 669 4230; x_wconf 91' lang='lat' dir='ltr'>fide</span> <span class='ocrx_word' id='word_1_271' title='bbox 699 4188 864 4252; x_wconf 92' lang='lat' dir='ltr'>pronaque</span> <span class='ocrx_word' id='word_1_272' title='bbox 892 4167 1067 4234; x_wconf 91' lang='lat' dir='ltr'>devotione</span> <span class='ocrx_word' id='word_1_273' title='bbox 1101 4169 1221 4233; x_wconf 89' lang='lat' dir='ltr'>nostris</span> <span class='ocrx_word' id='word_1_274' title='bbox 1244 4170 1327 4232; x_wconf 93' lang='lat' dir='ltr'>velis</span> <span class='ocrx_word' id='word_1_275' title='bbox 1351 4175 1448 4255; x_wconf 92' lang='lat' dir='ltr'>prout</span> <span class='ocrx_word' id='word_1_276' title='bbox 1470 4169 1592 4234; x_wconf 89' lang='lat' dir='ltr'>teneris</span> <span class='ocrx_word' id='word_1_277' title='bbox 1616 4169 1842 4234; x_wconf 89' lang='lat' dir='ltr'>obsecundare</span> <span class='ocrx_word' id='word_1_278' title='bbox 1863 4168 2081 4254; x_wconf 88' lang='lat' dir='ltr'>beneplacitis</span> 
     </span>
     <span class='ocr_line' id='line_1_31' title="bbox 428 4267 2080 4359; baseline 0 -26"><span class='ocrx_word' id='word_1_279' title='bbox 428 4274 462 4333; x_wconf 93' lang='lat' dir='ltr'>et</span> <span class='ocrx_word' id='word_1_280' title='bbox 485 4267 657 4332; x_wconf 90' lang='lat' dir='ltr'>mandatis.</span> <span class='ocrx_word' id='word_1_281' title='bbox 702 4268 826 4333; x_wconf 89' lang='lat' dir='ltr'>Verum</span> <span class='ocrx_word' id='word_1_282' title='bbox 849 4270 927 4335; x_wconf 91' lang='lat' dir='ltr'>licet</span> <span class='ocrx_word' id='word_1_283' title='bbox 942 4272 1105 4356; x_wconf 93' lang='lat' dir='ltr'>colloquio</span> <span class='ocrx_word' id='word_1_284' title='bbox 1123 4271 1209 4357; x_wconf 85' lang='lat' dir='ltr'>apud</span> <span class='ocrx_word' id='word_1_285' title='bbox 1224 4271 1399 4335; x_wconf 91' lang='lat' dir='ltr'>Perusium</span> <span class='ocrx_word' id='word_1_286' title='bbox 1415 4272 1579 4336; x_wconf 85' lang='lat' dir='ltr'>celebrato</span> <span class='ocrx_word' id='word_1_287' title='bbox 1603 4293 1623 4336; x_wconf 87' lang='lat' dir='ltr'>a</span> <span class='ocrx_word' id='word_1_288' title='bbox 1645 4271 1739 4336; x_wconf 90' lang='lat' dir='ltr'>nobis</span> <span class='ocrx_word' id='word_1_289' title='bbox 1762 4272 1898 4359; x_wconf 90' lang='lat' dir='ltr'>petieris</span> <span class='ocrx_word' id='word_1_290' title='bbox 1913 4271 2080 4336; x_wconf 85' lang='lat' dir='ltr'>licentiam</span> 
     </span>
     <span class='ocr_line' id='line_1_32' title="bbox 428 4370 2079 4461; baseline 0.001 -27"><span class='ocrx_word' id='word_1_291' title='bbox 428 4370 469 4435; x_wconf 94' lang='lat' dir='ltr'>de</span> <span class='ocrx_word' id='word_1_292' title='bbox 491 4371 699 4436; x_wconf 85' lang='lat' dir='ltr'>Anconitana</span> <span class='ocrx_word' id='word_1_293' title='bbox 720 4374 865 4438; x_wconf 90' lang='lat' dir='ltr'>marchia</span> <span class='ocrx_word' id='word_1_294' title='bbox 892 4374 1086 4456; x_wconf 88' lang='lat' dir='ltr'>recedendi,</span> <span class='ocrx_word' id='word_1_295' title='bbox 1120 4375 1195 4461; x_wconf 90' lang='lat' dir='ltr'>quia</span> <span class='ocrx_word' id='word_1_296' title='bbox 1223 4382 1335 4440; x_wconf 90' lang='lat' dir='ltr'>tamen</span> <span class='ocrx_word' id='word_1_297' title='bbox 1362 4376 1486 4440; x_wconf 91' lang='lat' dir='ltr'>inimici</span> <span class='ocrx_word' id='word_1_298' title='bbox 1513 4376 1655 4441; x_wconf 85' lang='lat' dir='ltr'>ecclesie</span> <span class='ocrx_word' id='word_1_299' title='bbox 1685 4375 1726 4440; x_wconf 86' lang='lat' dir='ltr'>ad</span> <span class='ocrx_word' id='word_1_300' title='bbox 1755 4374 1980 4461; x_wconf 89' lang='lat' dir='ltr'>occupandum</span> <span class='ocrx_word' id='word_1_301' title='bbox 2008 4393 2079 4437; x_wconf 89' lang='lat' dir='ltr'>eam</span> 
     </span>
     <span class='ocr_line' id='line_1_33' title="bbox 428 4475 2079 4564; baseline 0.001 -26"><span class='ocrx_word' id='word_1_302' title='bbox 428 4475 608 4538; x_wconf 81' lang='lat' dir='ltr'>ferventius</span> <span class='ocrx_word' id='word_1_303' title='bbox 632 4476 834 4561; x_wconf 81' lang='lat' dir='ltr'>aspirantes,</span> <span class='ocrx_word' id='word_1_304' title='bbox 858 4477 935 4541; x_wconf 90' lang='lat' dir='ltr'>illue</span> <span class='ocrx_word' id='word_1_305' title='bbox 958 4479 1107 4564; x_wconf 94' lang='lat' dir='ltr'>proprios</span> <span class='ocrx_word' id='word_1_306' title='bbox 1131 4479 1263 4542; x_wconf 90' lang='lat' dir='ltr'>nuntios</span> <span class='ocrx_word' id='word_1_307' title='bbox 1285 4477 1508 4556; x_wconf 88' lang='lat' dir='ltr'>destinarunt,</span> <span class='ocrx_word' id='word_1_308' title='bbox 1532 4479 1587 4564; x_wconf 93' lang='lat' dir='ltr'>qui</span> <span class='ocrx_word' id='word_1_309' title='bbox 1610 4500 1695 4542; x_wconf 92' lang='lat' dir='ltr'>nunc</span> <span class='ocrx_word' id='word_1_310' title='bbox 1719 4478 1872 4544; x_wconf 89' lang='lat' dir='ltr'>sedentes</span> <span class='ocrx_word' id='word_1_311' title='bbox 1896 4478 1929 4542; x_wconf 93' lang='lat' dir='ltr'>in</span> <span class='ocrx_word' id='word_1_312' title='bbox 1952 4476 2079 4541; x_wconf 92' lang='lat' dir='ltr'>insidiis</span> 
     </span>
     <span class='ocr_line' id='line_1_34' title="bbox 428 4577 2080 4668; baseline 0.002 -28"><span class='ocrx_word' id='word_1_313' title='bbox 428 4577 461 4640; x_wconf 92' lang='lat' dir='ltr'>in</span> <span class='ocrx_word' id='word_1_314' title='bbox 485 4578 630 4657; x_wconf 91' lang='lat' dir='ltr'>occulto,</span> <span class='ocrx_word' id='word_1_315' title='bbox 654 4600 739 4643; x_wconf 91' lang='lat' dir='ltr'>nunc</span> <span class='ocrx_word' id='word_1_316' title='bbox 761 4580 893 4666; x_wconf 90' lang='lat' dir='ltr'>publice</span> <span class='ocrx_word' id='word_1_317' title='bbox 917 4580 1157 4660; x_wconf 76' lang='lat' dir='ltr'>discurrentes,</span> <span class='ocrx_word' id='word_1_318' title='bbox 1187 4603 1408 4666; x_wconf 91' lang='lat' dir='ltr'>quoscumque</span> <span class='ocrx_word' id='word_1_319' title='bbox 1432 4587 1570 4667; x_wconf 92' lang='lat' dir='ltr'>possunt</span> <span class='ocrx_word' id='word_1_320' title='bbox 1592 4603 1801 4668; x_wconf 89' lang='lat' dir='ltr'>corrumpere</span> <span class='ocrx_word' id='word_1_321' title='bbox 1824 4581 2015 4660; x_wconf 92' lang='lat' dir='ltr'>moliuntur,</span> <span class='ocrx_word' id='word_1_322' title='bbox 2039 4600 2080 4644; x_wconf 91' lang='lat' dir='ltr'>ue</span> 
     </span>
     <span class='ocr_line' id='line_1_35' title="bbox 429 4679 2080 4771; baseline 0.002 -28"><span class='ocrx_word' id='word_1_323' title='bbox 429 4687 462 4744; x_wconf 92' lang='lat' dir='ltr'>te</span> <span class='ocrx_word' id='word_1_324' title='bbox 485 4679 561 4744; x_wconf 93' lang='lat' dir='ltr'>inde</span> <span class='ocrx_word' id='word_1_325' title='bbox 593 4681 735 4746; x_wconf 89' lang='lat' dir='ltr'>videaris</span> <span class='ocrx_word' id='word_1_326' title='bbox 765 4704 804 4748; x_wconf 91' lang='lat' dir='ltr'>eo</span> <span class='ocrx_word' id='word_1_327' title='bbox 833 4690 980 4771; x_wconf 90' lang='lat' dir='ltr'>tempore</span> <span class='ocrx_word' id='word_1_328' title='bbox 1011 4685 1204 4764; x_wconf 87' lang='lat' dir='ltr'>absentare,</span> <span class='ocrx_word' id='word_1_329' title='bbox 1235 4706 1298 4770; x_wconf 90' lang='lat' dir='ltr'>quo</span> <span class='ocrx_word' id='word_1_330' title='bbox 1328 4683 1505 4748; x_wconf 90' lang='lat' dir='ltr'>studiosius</span> <span class='ocrx_word' id='word_1_331' title='bbox 1533 4691 1566 4748; x_wconf 91' lang='lat' dir='ltr'>et</span> <span class='ocrx_word' id='word_1_332' title='bbox 1594 4685 1775 4771; x_wconf 87' lang='lat' dir='ltr'>promptius</span> <span class='ocrx_word' id='word_1_333' title='bbox 1802 4684 1924 4749; x_wconf 88' lang='lat' dir='ltr'>teneris</span> <span class='ocrx_word' id='word_1_334' title='bbox 1953 4683 2080 4762; x_wconf 87' lang='lat' dir='ltr'>adesse,</span> 
     </span>
     <span class='ocr_line' id='line_1_36' title="bbox 429 4782 2081 4874; baseline 0.002 -27"><span class='ocrx_word' id='word_1_335' title='bbox 429 4782 635 4848; x_wconf 86' lang='lat' dir='ltr'>nobilitatem</span> <span class='ocrx_word' id='word_1_336' title='bbox 651 4790 740 4848; x_wconf 91' lang='lat' dir='ltr'>tuam</span> <span class='ocrx_word' id='word_1_337' title='bbox 756 4808 927 4852; x_wconf 90' lang='lat' dir='ltr'>monemus</span> <span class='ocrx_word' id='word_1_338' title='bbox 943 4793 1079 4865; x_wconf 90' lang='lat' dir='ltr'>attente,</span> <span class='ocrx_word' id='word_1_339' title='bbox 1096 4809 1156 4874; x_wconf 91' lang='lat' dir='ltr'>per</span> <span class='ocrx_word' id='word_1_340' title='bbox 1171 4788 1354 4873; x_wconf 89' lang='lat' dir='ltr'>apostolica</span> <span class='ocrx_word' id='word_1_341' title='bbox 1370 4787 1491 4873; x_wconf 90' lang='lat' dir='ltr'>scripta</span> <span class='ocrx_word' id='word_1_342' title='bbox 1501 4787 1638 4852; x_wconf 90' lang='lat' dir='ltr'>firmiter</span> <span class='ocrx_word' id='word_1_343' title='bbox 1652 4787 1864 4874; x_wconf 90' lang='lat' dir='ltr'>precipiendo</span> <span class='ocrx_word' id='word_1_344' title='bbox 1877 4787 2081 4864; x_wconf 86' lang='lat' dir='ltr'>mandantes,</span> 
     </span>
     <span class='ocr_line' id='line_1_37' title="bbox 429 4881 2080 4976; baseline 0.002 -26"><span class='ocrx_word' id='word_1_345' title='bbox 429 4886 580 4972; x_wconf 88' lang='lat' dir='ltr'>quatinus</span> <span class='ocrx_word' id='word_1_346' title='bbox 614 4908 740 4952; x_wconf 90' lang='lat' dir='ltr'>memor</span> <span class='ocrx_word' id='word_1_347' title='bbox 772 4889 848 4976; x_wconf 93' lang='lat' dir='ltr'>quid</span> <span class='ocrx_word' id='word_1_348' title='bbox 882 4889 922 4955; x_wconf 89' lang='lat' dir='ltr'>dc</span> <span class='ocrx_word' id='word_1_349' title='bbox 954 4890 1022 4955; x_wconf 92' lang='lat' dir='ltr'>iure</span> <span class='ocrx_word' id='word_1_350' title='bbox 1060 4890 1130 4953; x_wconf 88' lang='lat' dir='ltr'>fieri</span> <span class='ocrx_word' id='word_1_351' title='bbox 1153 4891 1261 4955; x_wconf 88' lang='lat' dir='ltr'>valeat</span> <span class='ocrx_word' id='word_1_352' title='bbox 1288 4890 1329 4956; x_wconf 92' lang='lat' dir='ltr'>de</span> <span class='ocrx_word' id='word_1_353' title='bbox 1358 4890 1454 4955; x_wconf 89' lang='lat' dir='ltr'>feudo</span> <span class='ocrx_word' id='word_1_354' title='bbox 1484 4891 1596 4955; x_wconf 90' lang='lat' dir='ltr'>taliter</span> <span class='ocrx_word' id='word_1_355' title='bbox 1624 4881 1798 4970; x_wconf 83' lang='lat' dir='ltr'>derelicto,</span> <span class='ocrx_word' id='word_1_356' title='bbox 1834 4891 1867 4954; x_wconf 96' lang='lat' dir='ltr'>in</span> <span class='ocrx_word' id='word_1_357' title='bbox 1890 4889 2080 4969; x_wconf 80' lang='lat' dir='ltr'>biarchiam,</span> 
     </span>
     <span class='ocr_line' id='line_1_38' title="bbox 429 4988 2079 5079; baseline 0.002 -26"><span class='ocrx_word' id='word_1_358' title='bbox 429 5010 526 5074; x_wconf 91' lang='lat' dir='ltr'>quam</span> <span class='ocrx_word' id='word_1_359' title='bbox 553 4988 738 5058; x_wconf 89' lang='lat' dir='ltr'>deseruisse</span> <span class='ocrx_word' id='word_1_360' title='bbox 767 4992 888 5056; x_wconf 90' lang='lat' dir='ltr'>videris</span> <span class='ocrx_word' id='word_1_361' title='bbox 917 4992 1067 5056; x_wconf 89' lang='lat' dir='ltr'>manibus</span> <span class='ocrx_word' id='word_1_362' title='bbox 1094 4992 1312 5079; x_wconf 90' lang='lat' dir='ltr'>direptorum,</span> <span class='ocrx_word' id='word_1_363' title='bbox 1342 5015 1416 5059; x_wconf 91' lang='lat' dir='ltr'>cum</span> <span class='ocrx_word' id='word_1_364' title='bbox 1444 4994 1584 5059; x_wconf 84' lang='lat' dir='ltr'>exfortio</span> <span class='ocrx_word' id='word_1_365' title='bbox 1615 4995 1753 5059; x_wconf 92' lang='lat' dir='ltr'>militum</span> <span class='ocrx_word' id='word_1_366' title='bbox 1776 4994 1809 5058; x_wconf 96' lang='lat' dir='ltr'>in</span> <span class='ocrx_word' id='word_1_367' title='bbox 1833 5013 1931 5058; x_wconf 90' lang='lat' dir='ltr'>manu</span> <span class='ocrx_word' id='word_1_368' title='bbox 1952 4993 2079 5079; x_wconf 90' lang='lat' dir='ltr'>potenti</span> 
     </span>
    </p>
   </div>
   <div class='ocr_carea' id='block_1_11' title="bbox 429 5313 2082 5736">
    <p class='ocr_par' dir='ltr' id='par_1_11' title="bbox 429 5313 2082 5736">
     <span class='ocr_line' id='line_1_39' title="bbox 534 5313 2082 5386; baseline 0.005 -21"><span class='ocrx_word' id='word_1_369' title='bbox 534 5314 559 5380; x_wconf 90' lang='lat'>1)</span> <span class='ocrx_word' id='word_1_370' title='bbox 572 5313 665 5366; x_wconf 86' lang='lat' dir='ltr'>Mense</span> <span class='ocrx_word' id='word_1_371' title='bbox 678 5313 783 5382; x_wconf 77' lang='lat' dir='ltr'>Aprilis</span> <span class='ocrx_word' id='word_1_372' title='bbox 795 5313 991 5383; x_wconf 86' lang='lat' dir='ltr'>--imperator</span> <span class='ocrx_word' id='word_1_373' title='bbox 1003 5331 1053 5384; x_wconf 91' lang='lat' dir='ltr'>pro</span> <span class='ocrx_word' id='word_1_374' title='bbox 1065 5316 1189 5370; x_wconf 89' lang='lat' dir='ltr'>subsidio</span> <span class='ocrx_word' id='word_1_375' title='bbox 1203 5316 1286 5370; x_wconf 87' lang='lat' dir='ltr'>Terre</span> <span class='ocrx_word' id='word_1_376' title='bbox 1299 5315 1400 5370; x_wconf 88' lang='lat' dir='ltr'>Sancte</span> <span class='ocrx_word' id='word_1_377' title='bbox 1413 5315 1448 5369; x_wconf 89' lang='lat' dir='ltr'>ab</span> <span class='ocrx_word' id='word_1_378' title='bbox 1461 5316 1582 5370; x_wconf 87' lang='lat' dir='ltr'>ecelesiis</span> <span class='ocrx_word' id='word_1_379' title='bbox 1596 5319 1624 5370; x_wconf 91' lang='lat' dir='ltr'>et</span> <span class='ocrx_word' id='word_1_380' title='bbox 1636 5315 1760 5386; x_wconf 90' lang='lat' dir='ltr'>personis</span> <span class='ocrx_word' id='word_1_381' title='bbox 1772 5316 1966 5372; x_wconf 86' lang='lat' dir='ltr'>ecclesiasticis</span> <span class='ocrx_word' id='word_1_382' title='bbox 1979 5317 2082 5386; x_wconf 88' lang='lat' dir='ltr'>ubique</span> 
     </span>
     <span class='ocr_line' id='line_1_40' title="bbox 429 5399 2082 5474; baseline 0.002 -22"><span class='ocrx_word' id='word_1_383' title='bbox 429 5415 479 5468; x_wconf 90' lang='lat' dir='ltr'>per</span> <span class='ocrx_word' id='word_1_384' title='bbox 496 5416 613 5469; x_wconf 80' lang='lat' dir='ltr'>regnum</span> <span class='ocrx_word' id='word_1_385' title='bbox 637 5401 741 5454; x_wconf 85' lang='lat' dir='ltr'>certam</span> <span class='ocrx_word' id='word_1_386' title='bbox 765 5399 854 5470; x_wconf 82' lang='lat' dir='ltr'>exigit</span> <span class='ocrx_word' id='word_1_387' title='bbox 877 5401 994 5470; x_wconf 87' lang='lat' dir='ltr'>pecunie</span> <span class='ocrx_word' id='word_1_388' title='bbox 1018 5403 1217 5471; x_wconf 75' lang='lat' dir='ltr'>quantitatem.</span> <span class='ocrx_word' id='word_1_389' title='bbox 1243 5434 1275 5442; x_wconf 96' lang='lat'><em>-</em></span> <span class='ocrx_word' id='word_1_390' title='bbox 1298 5401 1401 5457; x_wconf 81' lang='lat' dir='ltr'>Eodem</span> <span class='ocrx_word' id='word_1_391' title='bbox 1425 5420 1518 5458; x_wconf 89' lang='lat' dir='ltr'>mense</span> <span class='ocrx_word' id='word_1_392' title='bbox 1540 5403 1689 5474; x_wconf 82' lang='lat' dir='ltr'>Gregorius</span> <span class='ocrx_word' id='word_1_393' title='bbox 1712 5421 1786 5473; x_wconf 89' lang='lat' dir='ltr'>papa</span> <span class='ocrx_word' id='word_1_394' title='bbox 1808 5420 1857 5474; x_wconf 89' lang='lat' dir='ltr'>per</span> <span class='ocrx_word' id='word_1_395' title='bbox 1879 5421 1943 5458; x_wconf 84' lang='lat' dir='ltr'>suas</span> <span class='ocrx_word' id='word_1_396' title='bbox 1965 5403 2082 5457; x_wconf 89' lang='lat' dir='ltr'>mandat</span> 
     </span>
     <span class='ocr_line' id='line_1_41' title="bbox 429 5484 2082 5559; baseline 0.004 -21"><span class='ocrx_word' id='word_1_397' title='bbox 429 5484 538 5539; x_wconf 82' lang='lat' dir='ltr'>litteras</span> <span class='ocrx_word' id='word_1_398' title='bbox 558 5485 695 5540; x_wconf 85' lang='lat' dir='ltr'>universis</span> <span class='ocrx_word' id='word_1_399' title='bbox 719 5486 896 5541; x_wconf 87' lang='lat' dir='ltr'>ecclesiarum</span> <span class='ocrx_word' id='word_1_400' title='bbox 921 5487 1038 5556; x_wconf 87' lang='lat' dir='ltr'>prelatis</span> <span class='ocrx_word' id='word_1_401' title='bbox 1069 5492 1098 5542; x_wconf 92' lang='lat' dir='ltr'>et</span> <span class='ocrx_word' id='word_1_402' title='bbox 1122 5489 1229 5544; x_wconf 89' lang='lat' dir='ltr'>clericis</span> <span class='ocrx_word' id='word_1_403' title='bbox 1253 5506 1303 5558; x_wconf 89' lang='lat' dir='ltr'>per</span> <span class='ocrx_word' id='word_1_404' title='bbox 1326 5506 1443 5559; x_wconf 84' lang='lat' dir='ltr'>regnum</span> <span class='ocrx_word' id='word_1_405' title='bbox 1466 5490 1561 5545; x_wconf 85' lang='lat' dir='ltr'>Sicilie</span> <span class='ocrx_word' id='word_1_406' title='bbox 1586 5490 1746 5545; x_wconf 86' lang='lat' dir='ltr'>constitutis</span> <span class='ocrx_word' id='word_1_407' title='bbox 1774 5491 1825 5544; x_wconf 84' lang='lat' dir='ltr'>snb</span> <span class='ocrx_word' id='word_1_408' title='bbox 1852 5489 2082 5545; x_wconf 78' lang='lat' dir='ltr'>intaminatione</span> 
     </span>
     <span class='ocr_line' id='line_1_42' title="bbox 429 5571 2081 5652; baseline 0.002 -26"><span class='ocrx_word' id='word_1_409' title='bbox 429 5571 545 5626; x_wconf 86' lang='lat' dir='ltr'>ultionis</span> <span class='ocrx_word' id='word_1_410' title='bbox 564 5571 709 5636; x_wconf 87' lang='lat' dir='ltr'>canonice,</span> <span class='ocrx_word' id='word_1_411' title='bbox 733 5590 768 5627; x_wconf 92' lang='lat' dir='ltr'>ne</span> <span class='ocrx_word' id='word_1_412' title='bbox 792 5573 854 5642; x_wconf 88' lang='lat' dir='ltr'>quis</span> <span class='ocrx_word' id='word_1_413' title='bbox 876 5590 969 5629; x_wconf 85' lang='lat' dir='ltr'>eorum</span> <span class='ocrx_word' id='word_1_414' title='bbox 992 5575 1155 5646; x_wconf 88' lang='lat' dir='ltr'>imperatori</span> <span class='ocrx_word' id='word_1_415' title='bbox 1178 5579 1228 5631; x_wconf 91' lang='lat' dir='ltr'>aut</span> <span class='ocrx_word' id='word_1_416' title='bbox 1249 5575 1352 5630; x_wconf 89' lang='lat' dir='ltr'>baiulis</span> <span class='ocrx_word' id='word_1_417' title='bbox 1371 5575 1427 5629; x_wconf 90' lang='lat' dir='ltr'>suis</span> <span class='ocrx_word' id='word_1_418' title='bbox 1445 5576 1512 5630; x_wconf 86' lang='lat' dir='ltr'>dare</span> <span class='ocrx_word' id='word_1_419' title='bbox 1530 5576 1637 5645; x_wconf 89' lang='lat' dir='ltr'>aliquid</span> <span class='ocrx_word' id='word_1_420' title='bbox 1656 5595 1705 5646; x_wconf 88' lang='lat' dir='ltr'>pro</span> <span class='ocrx_word' id='word_1_421' title='bbox 1723 5575 1928 5652; x_wconf 86' lang='lat' dir='ltr'>redemptione,</span> <span class='ocrx_word' id='word_1_422' title='bbox 1951 5575 2019 5630; x_wconf 84' lang='lat' dir='ltr'>data</span> <span class='ocrx_word' id='word_1_423' title='bbox 2037 5577 2081 5630; x_wconf 86' lang='lat' dir='ltr'>vel</span> 
     </span>
     <span class='ocr_line' id='line_1_43' title="bbox 429 5657 1528 5736; baseline 0 -22"><span class='ocrx_word' id='word_1_424' title='bbox 429 5657 546 5714; x_wconf 85' lang='lat' dir='ltr'>collecta</span> <span class='ocrx_word' id='word_1_425' title='bbox 563 5661 713 5730; x_wconf 83' lang='lat' dir='ltr'>presumat.</span> <span class='ocrx_word' id='word_1_426' title='bbox 749 5657 836 5730; x_wconf 82' lang='lat' dir='ltr'>Rycc.</span> <span class='ocrx_word' id='word_1_427' title='bbox 854 5658 888 5713; x_wconf 78' lang='lat' dir='ltr'>de</span> <span class='ocrx_word' id='word_1_428' title='bbox 904 5659 933 5714; x_wconf 81' lang='lat' dir='ltr'>S.</span> <span class='ocrx_word' id='word_1_429' title='bbox 953 5658 1045 5716; x_wconf 80' lang='lat' dir='ltr'>Germ.</span> <span class='ocrx_word' id='word_1_430' title='bbox 1063 5679 1089 5720; x_wconf 84' lang='lat' dir='ltr'>a.</span> <span class='ocrx_word' id='word_1_431' title='bbox 1108 5666 1188 5728; x_wconf 78' lang='lat'>1228,</span> <span class='ocrx_word' id='word_1_432' title='bbox 1206 5661 1255 5718; x_wconf 80' lang='lat' dir='ltr'>SS·</span> <span class='ocrx_word' id='word_1_433' title='bbox 1273 5666 1293 5718; x_wconf 84' lang='lat' dir='ltr'>t.</span> <span class='ocrx_word' id='word_1_434' title='bbox 1312 5661 1400 5728; x_wconf 88' lang='lat' dir='ltr'>XIX,</span> <span class='ocrx_word' id='word_1_435' title='bbox 1415 5677 1446 5736; x_wconf 81' lang='lat' dir='ltr'>p.</span> <span class='ocrx_word' id='word_1_436' title='bbox 1467 5664 1528 5722; x_wconf 79' lang='grc'><em>349.</em></span> 
     </span>
    </p>
   </div>
   <div class='ocr_carea' id='block_1_12' title="bbox 0 0 2275 6404">
    <p class='ocr_par' dir='ltr' id='par_1_12' title="bbox 0 0 2275 6404">
     <span class='ocr_line' id='line_1_44' title="bbox 0 0 2275 6404; baseline 0 0"><span class='ocrx_word' id='word_1_437' title='bbox 0 0 2275 6404; x_wconf 95' lang='lat' dir='ltr'> </span> 
     </span>
    </p>
   </div>
  </div>
 </body>
</html>
