4590 6366
1045 370 1092 426 EX
1110 369 1285 425 ennoean
1304 369 1342 425 IX
1361 368 1541 425 uuelsruo

866 638 1108 726 Friderico,
1136 637 1434 710 Romanorum
1460 635 1721 728 imperatori

1044 779 1222 848 semper
1248 763 1440 849 augusto
1469 762 1550 830 etc.

576 914 664 979 Dum
701 911 933 998 preteritorum
968 907 1232 972 consideratione
1268 907 1376 971 futura
1413 907 1612 991 colligimus,
1647 906 1724 970 dum
1757 913 1897 971 ventura
1935 906 1970 969 in
2005 911 2128 969 statera

467 1017 715 1106 precedentium
743 1014 979 1101 ponderamus,
1018 1032 1095 1097 spes
1126 1011 1234 1086 firma,
1266 1010 1353 1095 quod
1386 1009 1427 1073 ad
1457 999 1691 1074 exaltationem
1719 1012 1860 1076 ecclesie
1892 1031 1934 1076 ac
1965 1007 2125 1072 catholice

467 1120 544 1186 fidei
568 1119 737 1207 perpetuis
760 1123 894 1204 paratus
917 1116 1122 1201 temporibus
1147 1114 1281 1179 studeas
1310 1115 1467 1207 inveniri,
1498 1114 1532 1177 in
1554 1121 1647 1178 utero
1671 1116 1790 1179 mentis
1817 1135 1900 1200 pure
1931 1112 2125 1197 concipitur,

468 1232 502 1290 et
532 1223 632 1288 fidem
664 1243 778 1287 eorum
811 1220 991 1285 mendaciis
1020 1219 1194 1299 adhibere,
1229 1219 1284 1303 qui
1316 1219 1402 1282 iuter
1433 1218 1610 1282 ecclesiam
1641 1225 1674 1282 et
1707 1219 1881 1304 imperium
1910 1217 2079 1281 unitatem
2109 1235 2127 1277 a

468 1326 647 1392 mediatore
670 1325 735 1390 Dei
757 1331 791 1389 et
811 1324 977 1388 hominum
1001 1322 1182 1386 ordinatam
1202 1321 1374 1386 vulnerare
1400 1322 1546 1407 cupiunt,
1568 1321 1791 1407 prohibemur.
1835 1320 1921 1386 Nam
1948 1341 2027 1384 cum
2052 1318 2127 1382 elim

469 1430 679 1518 presentibus
708 1429 891 1493 venerabili
924 1428 1025 1492 fratre
1056 1477 1063 1490 -
1089 1477 1096 1491 ·
1126 1427 1301 1491 Sabinensi
1329 1427 1507 1512 episcopol
1539 1432 1572 1490 et
1600 1425 1721 1490 dilecto
1756 1425 1823 1489 filio
1851 1432 1968 1489 nostro
1995 1419 2124 1508 Pletro]

470 1534 583 1598 Sancti
606 1533 741 1617 Georgii
764 1530 806 1596 ad
825 1529 947 1595 Velum
969 1531 1116 1594 Aureum
1140 1529 1276 1594 diacono
1309 1529 1480 1610 cardinali,
1513 1529 1569 1613 qui
1592 1529 1632 1593 ob
1655 1527 1689 1592 id
1712 1528 1753 1592 ad
1776 1527 2014 1592 excellentiam
2040 1533 2127 1588 tuam

469 1645 503 1704 te
535 1642 669 1723 petente
704 1635 865 1720 nobisque
899 1632 1130 1699 mandantibus
1167 1639 1380 1698 accesserunt
1390 1633 1414 1712 ²,
1449 1633 1622 1698 nonnullos
1658 1633 1871 1698 subversores
1909 1629 1990 1696 fidei
2027 1629 2126 1712 digna

469 1741 587 1806 feceris
613 1737 896 1803 animadversione
925 1737 1049 1823 puniri,
1079 1758 1154 1801 eum
1182 1737 1311 1823 imperii
1334 1737 1458 1801 viribus
1484 1744 1518 1801 et
1550 1737 1645 1821 regni
1668 1736 1815 1800 collectis
1838 1734 1985 1799 ecclesie
2012 1732 2126 1797 defen·

471 1845 607 1924 sionem,
630 1862 814 1928 superque
839 1841 1013 1926 sepissime
1038 1842 1199 1906 serenitas
1224 1848 1280 1905 tua
1304 1841 1402 1926 digne
1426 1840 1582 1926 preconio
1607 1839 1714 1904 laudis
1738 1839 1909 1918 attollitur,
1935 1839 1970 1900 in
1994 1835 2128 1923 propria

470 1968 612 2034 persona
639 1945 840 2030 susceperis,
872 1951 905 2008 et
931 1951 968 2008 ut
995 1945 1065 2008 eius
1092 1944 1205 2008 hostes
1232 1931 1449 2030 reprimeres,
1483 1951 1516 2008 te
1547 1944 1657 2007 multis
1685 1942 1868 2029 sumptibus
1892 1948 1928 2006 et
1956 1939 2127 2005 laboribus

469 2051 635 2135 fatigaris,
664 2071 737 2114 eum
764 2047 887 2134 pluries
913 2068 972 2133 per
1000 2047 1132 2111 nuntios
1161 2055 1195 2111 et
1222 2048 1350 2112 litteras
1379 2055 1452 2111 tuas
1485 2055 1518 2111 te
1547 2047 1587 2110 de
1612 2047 1748 2110 consilio
1778 2051 1891 2110 nostro
1920 2045 1956 2109 in
1981 2043 2127 2128 negotiis

469 2154 546 2219 fidei
569 2159 603 2218 et
626 2152 788 2217 libertatis
812 2150 1039 2215 ecclesiastice
1070 2172 1108 2214 ac
1138 2151 1390 2236 recuperatione
1413 2151 1533 2215 iurium
1556 2151 1696 2214 ecclesie
1721 2156 1754 2213 et
1776 2149 1906 2235 imperii
1931 2147 2126 2234 promiseris

469 2278 713 2345 processurum:
745 2255 900 2339 cogitatio
927 2261 1017 2319 recta
1050 2276 1116 2319 non
1146 2256 1263 2342 recipit
1286 2261 1319 2320 et
1343 2256 1393 2319 ius
1418 2254 1553 2318 rationis
1577 2254 1712 2318 eredere
1735 2275 1801 2317 non
1823 2252 2003 2339 permittit,
2036 2249 2129 2313 utin

471 2362 575 2426 virum
591 2381 769 2424 conversus
793 2358 893 2422 alium
916 2365 1063 2423 amatre
1087 2364 1143 2424 tua
1166 2358 1310 2423 avellere
1327 2358 1440 2444 cupias
1464 2357 1626 2422 libertatis
1643 2357 1867 2424 ecclesiastice
1884 2356 2129 2422 fulcimentum.

471 2467 530 2532 Set
553 2472 586 2531 et
609 2471 811 2551 argumento,
836 2466 864 2527 si
886 2464 1005 2548 placet,
1029 2464 1075 2527 uti
1098 2465 1224 2549 poteris
1248 2463 1356 2543 simili,
1379 2485 1421 2528 ne
1444 2484 1502 2549 per
1527 2463 1657 2527 sinistre
1682 2460 1879 2547 suspicionis
1902 2461 2130 2526 abscinthium

470 2577 562 2635 tuum
590 2568 631 2633 de
665 2567 759 2631 nobis
797 2567 969 2630 amaricari
998 2568 1170 2652 permittas
1205 2567 1369 2647 auditum,
1404 2567 1459 2652 qui
1491 2567 1551 2630 tibi
1585 2573 1697 2631 contra
1724 2587 1797 2646 eos,
1831 2567 1887 2651 qui
1919 2566 2129 2652 imperialem

470 2674 651 2761 potentiam
682 2671 878 2757 quibusdam
906 2673 1046 2736 versutis
1080 2671 1311 2737 dolositatibus
1346 2694 1412 2736 non
1446 2672 1565 2736 leviter
1597 2671 1708 2736 ledere
1738 2669 1944 2746 nitebantur,
1974 2677 2130 2754 patenter
2174 2721 2182 2732 .

470 2778 652 2856 astitimus,
682 2775 737 2859 qui
764 2774 923 2840 honorem
955 2783 1047 2840 tuum
1075 2782 1141 2840 tam
1168 2779 1202 2842 iu
1230 2777 1356 2841 minore
1386 2797 1483 2860 quam
1519 2777 1552 2840 in
1585 2776 1787 2862 apostolatus
1814 2775 1923 2839 officio
1957 2774 2129 2840 constituti

469 2881 556 2945 bona
582 2879 662 2960 fide,
689 2879 790 2942 etiam
821 2885 854 2942 te
877 2879 1062 2960 nesciente,
1091 2882 1328 2967 promovimus,
1358 2880 1445 2965 quod
1475 2887 1509 2945 et
1540 2880 1649 2945 facere
1680 2901 1765 2944 nunc
1789 2879 1874 2943 sicut
1897 2885 1932 2943 et
1954 2879 2130 2958 hactenus,

386 2985 391 2994 ’
470 2982 549 3047 licet
578 2981 653 3046 inde
682 2981 776 3044 multi
806 2990 1097 3063 summurmurent,
1133 3005 1199 3049 non
1229 3005 1408 3048 cessamus.
1465 2982 1536 3047 Nec
1566 2984 1653 3048 enim
1684 2988 1797 3069 posset
1824 2981 1866 3046 ad
1895 2982 2129 3047 credulitatem

470 3085 534 3149 uisi
556 3084 662 3148 minus
688 3103 766 3149 sane
790 3085 908 3148 mentis
924 3085 1094 3166 accedere,
1117 3093 1154 3151 ut
1176 3087 1232 3172 pia
1255 3094 1360 3151 mater
1383 3085 1535 3166 ecclesia,
1560 3107 1621 3171 que
1646 3092 1679 3151 te
1703 3108 1745 3151 ex
1767 3093 1824 3149 tue
1839 3094 1936 3150 utero
1956 3087 2129 3171 genitricis

471 3189 512 3252 ab
535 3187 615 3269 hiis,
645 3188 699 3272 qui
723 3189 790 3253 vite
814 3194 847 3252 et
869 3195 956 3254 terre
980 3195 1037 3254 tue
1059 3190 1281 3254 moliebantur
1309 3189 1461 3268 insidias,
1492 3196 1644 3275 potenter
1667 3189 1787 3275 eripuit
1810 3196 1843 3253 et
1865 3209 1975 3274 nsque
1998 3188 2044 3253 ad
2068 3189 2127 3253 hec
2173 3219 2184 3254 ε

470 3298 619 3377 tempora
641 3291 682 3355 ad
705 3291 985 3356 conservationem
1007 3292 1139 3357 honoris
1164 3293 1210 3357 tui
1235 3293 1345 3356 multis
1368 3292 1541 3358 sudoribus
1564 3293 1736 3372 laboravit,
1759 3293 1966 3378 prepotentis
1989 3291 2129 3356 dextere

470 3394 639 3459 brachium
667 3392 812 3480 presidio
844 3416 963 3481 sponse
988 3394 1110 3459 Christi
1139 3396 1255 3460 celitus
1288 3395 1477 3482 deputatum
1508 3396 1693 3460 temeritate
1721 3395 1898 3460 cuiuslibet
1927 3395 2130 3481 suspicionis

471 3498 655 3563 ammittere
679 3499 817 3582 attenti
842 3498 921 3563 velit
943 3500 1065 3564 laboris
1089 3500 1243 3564 meritum
1265 3521 1415 3566 vacuare.

577 3601 702 3666 Verum
729 3623 828 3688 super
854 3623 911 3683 eo,
945 3601 1032 3688 quod
1061 3609 1093 3667 te
1128 3603 1287 3688 scripsisti
1317 3603 1437 3668 exinde
1467 3623 1533 3667 nou
1566 3604 1690 3688 absque
1721 3603 1848 3668 ratione
1876 3602 2006 3680 mirari,
2043 3603 2129 3688 quod

472 3705 559 3770 circa
581 3703 703 3770 facturn
725 3706 926 3791 prelatorum
949 3706 1042 3791 regni
1064 3706 1154 3792 prius
1180 3727 1221 3770 ex
1253 3708 1322 3772 solo
1345 3706 1504 3772 fuerimus
1529 3728 1657 3771 rumore
1681 3706 1818 3787 turbati,
1846 3727 1945 3792 quam
1969 3705 2013 3770 ad
2036 3714 2127 3772 tuam
2175 3757 2179 3768 .

471 3809 631 3890 notitiam,
656 3809 739 3873 sicut
762 3828 805 3872 ex
829 3808 977 3874 condicto
1002 3811 1171 3896 sperabas,
1194 3809 1369 3875 fecerimus
1392 3810 1559 3875 insinuata
1580 3809 1727 3896 perduci,
1749 3809 1979 3875 vehementius
2003 3812 2126 3876 amira-

471 3933 558 3992 mur,
589 3912 666 3995 quia
693 3912 736 3991 si,
771 3933 813 3976 an
842 3910 964 3976 dietum
998 3933 1018 3976 a
1046 3913 1131 3978 facto
1161 3914 1214 3977 vel
1245 3913 1366 3978 factum
1392 3937 1412 3978 a
1443 3914 1529 3979 dicto
1560 3913 1769 3979 existentiam
1799 3920 1921 3994 sumat,
1957 3915 2127 4000 inspicias,

470 4021 592 4099 quanta
616 4015 659 4078 sit
688 4015 823 4098 reique
859 4013 987 4078 firmum
1017 4017 1133 4102 prebet
1162 4017 1385 4081 testimonium
1415 4019 1546 4082 veritati
1577 4017 1619 4081 ad
1643 4019 1829 4104 opinionem
1851 4017 2028 4096 distantia,
2062 4039 2127 4084 non

470 4119 613 4202 ignoras.
659 4117 742 4181 Nam
776 4138 853 4182 ecce
889 4117 923 4180 iu
958 4139 1059 4202 regno
1092 4119 1239 4205 predicto
1273 4142 1332 4207 per
1367 4121 1533 4185 ministros
1568 4121 1757 4207 imperiales
1791 4120 1913 4186 nudate
1949 4122 2126 4208 privilegio

471 4220 634 4285 libertatis
658 4221 815 4301 ecclesie,
848 4221 943 4286 bonis
968 4223 1070 4287 sacris
1094 4223 1261 4310 deputatis
1284 4225 1398 4289 usibus
1423 4225 1562 4310 spoliate
1586 4225 1680 4304 flent,
1704 4226 1780 4310 quia
1801 4225 1946 4310 ipsarum
1971 4233 2125 4312 pastores
2188 4251 2197 4286 a

472 4324 571 4388 etiam
595 4331 629 4388 et
650 4324 800 4406 ministri,
824 4331 935 4410 patres
959 4333 992 4390 et
1014 4325 1083 4406 filii,
1109 4329 1244 4392 exulare
1269 4335 1439 4412 coguntur,
1463 4328 1585 4392 carceri
1601 4329 1839 4414 mancipantur,
1863 4336 1897 4393 et
1919 4330 1992 4394 foro
2017 4333 2126 4397 eccle-

472 4427 604 4491 siastico
628 4426 785 4491 derelicto
808 4428 841 4491 in
865 4429 1017 4494 examine
1041 4431 1145 4496 vetito
1175 4433 1324 4496 actiones
1356 4433 1540 4518 suscipere,
1571 4433 1682 4497 tallias
1715 4433 1843 4497 solvere
1867 4439 1901 4497 et
1921 4433 2014 4498 hona
2039 4457 2127 4500 com-

471 4531 640 4616 pelluntur
670 4530 914 4613 ecclesiastiea,
947 4540 984 4597 ut
1015 4557 1050 4599 se
1080 4557 1100 4598 a
1129 4536 1361 4600 vexationibus
1385 4535 1563 4617 redimant,
1593 4537 1764 4614 exaurire;
1794 4542 1828 4600 et
1857 4536 1884 4598 si
1911 4538 2046 4621 qnando
2070 4561 2127 4604 eas

473 4634 642 4717 contingat
663 4634 805 4718 pastoris
829 4634 952 4700 solacio
976 4635 1116 4717 viduari,
1149 4659 1215 4703 nou
1248 4640 1480 4724 permittuntur
1513 4639 1574 4703 sibi
1599 4662 1755 4726 sponsum
1778 4640 1920 4724 eligere,
1955 4640 2126 4707 viduitatis

472 4737 669 4800 vestimenta
696 4735 880 4822 deponere,
912 4737 1016 4804 donee
1046 4740 1240 4805 adulterinis
1270 4743 1409 4807 alicuius
1441 4744 1684 4828 complexibus,
1712 4744 1768 4829 qui
1794 4765 1859 4807 non
1887 4746 2050 4810 canonice
2076 4757 2126 4813 set

473 4860 533 4926 per
564 4840 815 4927 impressionem
850 4841 974 4907 electus
1008 4850 1064 4908 aut
1095 4844 1176 4908 alias
1210 4846 1355 4910 intrusus
1389 4846 1503 4926 fuerit,
1537 4847 1708 4912 extiterint
1741 4847 1903 4933 copulate.
1955 4848 2047 4914 Ecce
2083 4852 2129 4916 ibi

473 4942 636 5008 catholiea
659 4943 740 5008 fides
763 4945 864 5029 perit,
898 4966 940 5009 ex
971 4968 1011 5011 eo
1034 4946 1161 5011 heresis
1186 4948 1267 5013 inibi
1296 4950 1450 5037 precipue
1474 4951 1560 5016 vires
1590 4952 1704 5031 sumit,
1734 4950 1821 5036 quod
1848 4952 1881 5015 in
1905 4954 2073 5020 ecclesias
2097 4964 2131 5021 et

472 5069 630 5133 personas
655 5048 899 5113 ecclesiasticas
923 5052 1137 5136 oppressione
1162 5052 1351 5118 officialium
1374 5056 1538 5135 seviente,
1567 5054 1683 5119 eedem
1706 5055 1959 5140 predicationis,
1992 5081 2036 5124 ex
2067 5082 2132 5146 qua

473 5150 615 5215 maxime
647 5153 856 5217 confutantur
886 5151 1024 5217 heretici
1053 5160 1086 5218 et
1109 5155 1262 5221 catholici
1291 5158 1502 5240 roborantur,
1533 5181 1689 5224 exercere
1718 5181 1783 5223 nou
1805 5167 1946 5246 possunt
1970 5163 2132 5246 officium,

472 5255 549 5339 quia
571 5257 757 5320 necessario
781 5264 892 5322 cetera
921 5279 997 5343 pars
1030 5257 1151 5324 edificii
1175 5262 1312 5344 corruit,
1341 5263 1432 5327 cuius
1457 5265 1641 5328 concutitur
1663 5263 1923 5330 fundamentum.
1972 5265 2067 5334 Ecce
2091 5267 2133 5333 de
2183 5295 2208 5331 c

473 5359 568 5423 ruina
594 5359 777 5426 Ierusalem
800 5361 973 5427 Babilonie
1004 5364 1127 5444 menia,
1159 5363 1200 5430 de
1234 5386 1351 5430 acerve
1384 5366 1531 5452 lapidum
1559 5367 1649 5453 Syon
1681 5367 1912 5452 Agerenorum
1940 5370 2137 5458 gimpnasia

576 5655 601 5722 l)
620 5654 753 5711 Iohanne.
827 5659 855 5724 2)
876 5655 919 5724 Cf.
937 5673 963 5710 a.
984 5660 1050 5712 580.
