4596 6406
781 375 980 430 EPISTULAF,
998 377 1186 432 SELECTAE.
1223 378 1298 432 1237.
1800 383 1863 444 615

211 537 334 624 frctarc
350 543 479 622 puratis
509 545 545 606 iu
573 547 712 628 unru'piis
731 548 865 630 aliisque
887 550 979 614 robus
1004 551 1161 614 arrriliuur
1185 552 1358 632 irrpcudot,
1387 552 1516 616 sollicite
1533 575 1706 636 procurare
1735 555 1866 631 studeat,

215 648 251 707 ut
272 645 314 709 iis
335 646 371 726 iu
393 649 458 714 ulio
475 652 624 732 pussopio
645 654 809 718 stutumrdo
830 655 885 718 troc
900 656 1075 736 promittat.
1530 661 1623 738 1237,
1646 659 1724 726 Nor.
1747 663 1778 724 4.

321 767 403 837 Grep.
423 770 471 823 Ll'
485 769 555 840 Rrp.
578 773 635 826 Vol.
660 773 689 836 V,
710 777 781 837 335}
798 776 860 832 Lilr.
880 777 935 840 XI,
953 780 1018 831 286.

319 855 456 922 Potttrost,
475 857 545 930 ch.
566 863 662 914 rotro.

556 1045 558 1052 ’
677 1117 686 1135 .
718 1117 726 1134 .
755 1047 1094 1155 archiepiscopo
1121 1063 1410 1137 Messanensi.

230 1189 238 1282 '¹
324 1206 532 1304 Accedentcs
564 1209 604 1274 ad
635 1213 846 1297 apostolicum
885 1213 995 1278 sedem
1031 1214 1134 1278 nuntii
1171 1213 1473 1299 crucesignatorum
1501 1212 1640 1280 Francie
1669 1215 1763 1279 nobis
1793 1236 1865 1280 curn

218 1310 374 1375 instantia
404 1315 646 1399 supplicarunt,
680 1321 716 1379 ut
750 1338 822 1381 cum
855 1317 896 1381 ad
924 1316 1159 1382 transeundum
1190 1317 1223 1382 in
1253 1317 1389 1382 Terram
1420 1316 1573 1382 Sanctam
1603 1317 1637 1382 in
1664 1319 1748 1382 festo
1777 1318 1866 1383 beati

218 1415 375 1512 Iohannis
398 1416 550 1506 Baptiste
574 1421 722 1507 proxime
746 1421 854 1486 futuro
878 1443 913 1486 se
938 1420 1060 1507 duplici
1083 1420 1257 1506 obligarint
1276 1422 1404 1486 vinculo
1429 1421 1611 1498 iuramenti,
1634 1419 1675 1486 od
1699 1443 1810 1485 corum
1834 1423 1866 1486 in

220 1520 357 1601 termino
386 1520 533 1606 predicto
561 1524 751 1608 passagium
780 1531 924 1608 nostrum
962 1526 1154 1589 inclinemus
1187 1533 1220 1589 et
1252 1525 1417 1590 karissimi
1448 1527 1480 1588 in
1510 1523 1641 1588 Christo
1670 1524 1728 1588 filii
1764 1525 1867 1590 nostri

220 1622 376 1722 Eriderici
393 1624 613 1690 Romanorum
637 1634 699 1692 etc.
724 1627 876 1713 precibus
899 1628 1089 1694 inducamus
1112 1650 1299 1704 assensum;
1322 1635 1456 1716 propter
1472 1627 1559 1714 quod
1575 1649 1634 1694 nos
1650 1627 1867 1706 attendentes,

219 1726 304 1822 ¹quod
324 1733 447 1820 ⁹quanto
470 1730 575 1815 magis
599 1738 660 1817 otc.
683 1738 839 1818 utsupra
868 1734 901 1796 in
925 1732 1160 1797 chxxxlv
1183 1734 1311 1797 littera¹
1335 1753 1455 1817 usque:
1488 1733 1696 1817 impotentes,
1727 1731 1866 1797 eundem

220 1833 451 1925 imperatorem
474 1832 627 1904 duximus
651 1837 807 1901 attentius
831 1835 1042 1908 exorandum,
1066 1843 1101 1900 ut
1125 1834 1221 1900 idad
1245 1843 1469 1906 examenetc.
1493 1856 1612 1920 usque:
1633 1835 1753 1899 sentiat
1776 1833 1867 1900 adiu-

217 1942 338 2028 imm·
384 1935 527 2030 Ideoque
551 1939 788 2004 fraternitatem
813 1947 902 2004 tuam
925 1938 1102 2024 rogandam
1126 1939 1278 2004 duximus
1307 1947 1341 2003 et
1368 1937 1579 2018 monendam,
1608 1959 1667 2026 per
1689 1939 1869 2025 apostolica

219 2038 278 2114 tibi
309 2041 429 2126 scripta
458 2041 666 2118 mandantes,
692 2044 856 2128 'quatinus
891 2064 989 2130 super
1025 2043 1086 2106 hoc
1121 2042 1208 2130 apud
1239 2043 1361 2107 dictum
1393 2042 1625 2128 imperatorem
1658 2043 1869 2129 interponens

146 2156 170 2194 1⁵
217 2131 403 2209 'efficaciter
425 2152 535 2230 partos
558 2151 642 2224 tuas,
666 2147 773 2232 ipsum
796 2147 837 2211 ad
861 2147 892 2211 id
915 2145 1092 2236 prudenter
1115 2145 1260 2211 inducas.
1307 2146 1400 2221 Quod
1424 2147 1451 2210 si
1475 2145 1601 2211 adhoc
1624 2145 1733 2212 induci
1754 2147 1868 2232 nequi-

220 2237 320 2328 uerit,
344 2247 429 2334 apud
453 2248 609 2328 cundem,
640 2250 726 2336 quod
750 2251 844 2315 nobis
869 2257 902 2314 et
926 2249 1159 2334 crucesignatis
1183 2248 1306 2314 eisdem
1330 2251 1534 2314 voluntatem
1562 2270 1653 2314 suam
1681 2269 1779 2335 super
1807 2249 1868 2313 hoc

222 2373 281 2437 pcr
305 2373 381 2428 suas
404 2358 555 2439 patentes
578 2353 705 2418 litteras
728 2354 825 2440 plene
848 2354 1042 2426 rescribens,
1065 2355 1145 2440 ipsis
1167 2355 1200 2418 in
1223 2354 1288 2419 alio
1313 2354 1467 2441 passagio
1485 2352 1658 2417 statuendo
1682 2353 1716 2416 in
1739 2352 1868 2438 navigio

224 2443 258 2520 et
280 2457 354 2520 aliis
377 2458 545 2542 premissis
569 2461 737 2544 promittat
752 2460 934 2539 consilium,
958 2459 1116 2523 auxilium
1140 2465 1174 2522 et
1197 2458 1353 2536 favorem,
1377 2457 1518 2523 sollicite
1536 2455 1668 2522 studeas
1684 2475 1869 2541 procurare,

217 2547 270 2624 ¹ita
292 2560 380 2646 quod
403 2582 446 2626 ex
468 2561 531 2626 hoc
554 2562 757 2648 diligentiam
780 2571 867 2628 tuam
891 2564 1006 2629 merito
1030 2561 1303 2629 commendemus.

330 2681 406 2747 Dat.
430 2689 597 2771 utsupra.

332 2803 371 2866 In
395 2804 535 2870 eundem
560 2806 689 2872 modum
714 2856 748 2873 ..
772 2809 927 2892 magistro
951 2806 1122 2893 hospitalis
1146 2813 1259 2870 sancte
1282 2805 1385 2870 Mario
1409 2804 1661 2870 Teutonieorum
1673 2804 1696 2868 ².

1007 3363 1092 3437 716.

328 3480 529 3575 Fleuo-ras
559 3505 774 3568 Rauracorum
805 3505 974 3584 imperator
1004 3504 1156 3585 Gregorio
1191 3501 1245 3566 [Χ
1268 3524 1375 3583 popae
1407 3501 1527 3580 scribit,
1563 3523 1630 3564 curu
1664 3499 1874 3580 urucriprrati

225 3612 385 3690 1⁴'ronciao
406 3610 450 3674 ud
471 3609 590 3684 monito
611 3611 691 3672 srm³
713 3610 893 3691 rurssapium
916 3629 937 3672 a
956 3609 1060 3688 primo
1081 3610 1211 3672 reaturo
1239 3607 1320 3671 beuti
1342 3604 1498 3670 Iolrauru's
1528 3625 1624 3685 usquc
1649 3603 1693 3668 ort
1719 3602 1874 3684 sequentis

226 3716 308 3782 curri
324 3715 445 3800 festum
464 3713 659 3790 distulerint,
686 3732 718 3775 so
745 3713 787 3776 iis
807 3713 1003 3793 proruisissc,
1034 3711 1116 3792 qrrod
1141 3731 1191 3775 cos
1220 3710 1257 3774 cte
1279 3709 1501 3792 prorogatione
1522 3707 1669 3791 passagii
1696 3707 1783 3771 ultra
1812 3709 1873 3768 ter·

148 3833 173 3872 2⁵
225 3822 363 3885 mturare
384 3817 598 3898 supradictum
612 3821 778 3900 rogaturus
791 3816 920 3894 nonsit,
944 3817 1022 3896 quia
1036 3816 1140 3896 pretias
1154 3835 1211 3896 per
1225 3833 1354 3896 rcpuum
1377 3811 1562 3876 transituris
1583 3810 1618 3872 iu
1640 3809 1724 3872 oraui
1745 3809 1874 3874 coasilio

226 3931 255 3991 ct
277 3924 399 3989 uumtio
420 3922 526 3986 adosse
548 3921 701 4000 intrudat,
724 3942 787 4003 qun
809 3920 846 3984 dc
867 3943 901 3985 re
922 3921 965 3985 iis
987 3920 1108 3984 litteras
1130 3918 1218 3982 lrullu
1239 3938 1337 3981 aurea
1360 3915 1499 3980 munitas
1519 3913 1715 3978 inuasurus

331 4097 412 4164 Grec·
432 4097 480 4150 lx
497 4096 566 4164 aa.
588 4095 644 4150 ur.
670 4091 1070 4160 r1,cr,·uu.xrr,3ro.s‚
1544 4021 1639 4094 1237,
1661 4015 1733 4082 Dec.
1757 4016 1787 4080 7.

333 4182 573 4246 Borma-ructor,
592 4181 658 4249 Rea.
677 4180 756 4234 rora
775 4180 818 4242 11,
837 4195 863 4232 u.
881 4181 963 4232 2296.

1013 4722 1098 4796 717.

153 4893 179 4930 m
336 4841 526 4952 Gregorius
541 4868 599 4933 IX
609 4887 695 4948 porro
710 4865 951 4930 Itartlrolomaco
972 4868 1000 4928 ct
1015 4863 1162 4928 Andreae
1180 4861 1346 4926 Octauiani
1360 4860 1533 4940 raputtauis
1548 4857 1615 4922 suis
1630 4855 1769 4930 ururrdot,
1793 4858 1825 4917 ut
1840 4856 1875 4916 iu

226 4981 413 5059 rutrstatcur,
426 4973 631 5049 consiliarios
645 4969 919 5036 Aldrtruudiuum
929 4969 1044 5032 dictum
1058 4968 1194 5032 butirum
1206 4965 1394 5047 otpopurtum
1409 4963 1638 5038 Viterbicuscm,
1655 4960 1720 5023 uisi
1730 4958 1823 5022 iidem
1833 4958 1877 5022 od

1192 5127 1196 5130 .
1216 5121 1605 5132 .-.—.....-....-.-—---··—--—
1611 5119 1696 5126 ----—-
1702 5117 1769 5126 -.-.-

331 5240 352 5304 ¹)
371 5240 407 5289 ita
425 5239 467 5302 3.,
484 5245 510 5286 ut
535 5235 562 5284 l'.
583 5235 620 5285 Gt.
640 5234 672 5285 Α.
692 5233 757 5283 Mau
774 5233 847 5282 uoltis
864 5232 978 5296 scripsit·
995 5247 1037 5296 ap.
1057 5230 1142 5297 Rapa.
1167 5248 1190 5280 n.
1211 5231 1289 5292 1238,
1306 5227 1323 5288 ἕ
1341 5229 1375 5278 37
1394 5225 1540 5277 triennium.

335 5359 362 5422 1)
381 5372 408 5410 u.
429 5359 489 5409 713.
558 5353 585 5416 a)
610 5347 645 5406 Ut
663 5351 755 5422 Royu.
773 5367 799 5404 a.
819 5353 898 5410 1237,
915 5353 931 5412 §
950 5350 989 5400 83
1006 5353 1108 5407 mona,
1128 5353 1220 5416 ‘porro
1239 5344 1276 5399 orl
1293 5345 1472 5398 Seuourusem
1488 5343 1512 5394 et
1529 5339 1771 5408 Rotlromuprrurru
1787 5339 1877 5394 oretri-

235 5446 376 5515 rpr'scopor
394 5441 508 5511 scripsit
525 5440 601 5507 [Lib.
612 5439 667 5501 XI,
679 5439 759 5507 28η,
776 5435 974 5490 sttltdericus
992 5433 1030 5486 ad
1047 5433 1230 5487 traiectiourru
1246 5427 1434 5483 instruendam
1448 5425 1552 5480 adduct
1567 5443 1622 5480 uon
1635 5431 1734 5497 posset,
1752 5425 1879 5479 stauros

156 5537 180 5576 ³³
236 5547 315 5585 cruce
332 5527 480 5600 iusipuitos
498 5530 578 5582 etiam
596 5527 763 5579 sacramento
781 5521 909 5576 adeundo
926 5519 1177 5574 itincriolrrtrr'ctos
1193 5517 1399 5584 adsequentur
1417 5530 1519 5568 annum
1535 5531 1593 5569 rem
1609 5514 1722 5582 differre
1738 5513 1879 5566 iuberurt'.

236 5618 262 5684 3)
277 5618 296 5670 i.
315 5633 337 5671 e.
355 5615 545 5686 imperatorin
563 5630 608 5682 ap.
619 5609 859 5670 Bdtmer-Ficter,
876 5607 893 5660 t.
907 5622 929 5661 c.
947 5607 1017 5660 aare
1034 5605 1100 5673 ‘auf
1113 5604 1163 5659 des
1179 5603 1292 5674 petates
1308 5601 1525 5672 vacuamus.
1593 5601 1621 5668 4)
1639 5597 1879 5668 Britan-Fictor,

233 5703 250 5764 l.
269 5717 292 5756 c.
310 5718 338 5758 a.
357 5704 439 5760 2297.
509 5701 536 5770 5)
554 5697 685 5776 Epistola
703 5696 779 5752 circo
795 5711 899 5754 aruum
912 5695 978 5770 post
993 5690 1170 5768 receptionem
1187 5689 1255 5764 req.
1273 5687 1377 5744 iruertu
1394 5694 1442 5743 cat.
