4538 6426
118 1092 129 1126 5

752 356 952 414 EPISTOLAE
969 358 1158 416 SELEOTAE.
1193 363 1266 418 1217.
1791 373 1832 435 29

184 559 428 632 Sanctissimo
456 557 551 648 patri
585 580 628 629 ac
664 557 816 628 domino
853 561 1089 629 sacrosancte
1116 557 1287 631 Romane
1318 559 1469 634 ecclesie
1495 583 1644 635 summo
1673 565 1837 655 pontifici

184 679 355 752 Honorio
383 677 440 749 W.
466 675 664 748 Hollandie
692 698 830 762 comes
868 675 1210 767 crucesignatorum
1238 681 1528 769 comestabulus,
1563 683 1643 756 eius
1678 685 1837 757 devotus

390 797 509 884 milae,
537 794 965 900 debitamndevotionem
994 798 1030 866 ei
1057 796 1103 868 ad
1132 798 1260 869 oscula
1286 799 1425 888 pedum
1451 800 1630 875 humilem

830 913 1098 987 subiectionem
1127 919 1194 988 etc.

296 1063 349 1128 Ad
372 1085 468 1128 aures
492 1071 599 1129 vestre
624 1065 807 1129 sanctitatis
831 1065 926 1149 cupio
950 1065 1072 1142 venire,
1096 1065 1180 1149 quod
1204 1088 1276 1130 curn
1301 1068 1333 1131 in
1355 1069 1523 1134 obsidione
1548 1071 1646 1134 castri
1669 1069 1835 1134 cuiusdam

184 1169 440 1232 Sarracenorum
463 1167 619 1246 Alcanor,
644 1166 840 1232 Christianis
863 1166 957 1231 valde
980 1167 1148 1230 inimicum
1175 1176 1208 1231 et
1230 1168 1441 1250 damnosum,
1471 1194 1593 1237 moram
1624 1194 1684 1258 per
1705 1173 1837 1257 aliquod

183 1280 314 1356 ternpus
338 1292 411 1334 cum
435 1277 565 1335 centum
589 1270 725 1334 navibus
749 1270 945 1344 laceremus,
969 1268 1079 1333 divina
1102 1271 1277 1334 clementia
1292 1273 1495 1356 providente,
1519 1275 1610 1339 cuius
1628 1282 1709 1339 nutu
1729 1276 1837 1339 omnia

183 1373 409 1459 disponuntur,
433 1373 539 1458 ipsum
555 1377 697 1434 castrum
714 1373 974 1457 expugnavimus
987 1373 1007 1449 ¹,
1028 1371 1092 1435 duo
1114 1373 1204 1436 milia
1222 1373 1475 1438 Sarracenorum
1490 1377 1524 1440 in
1544 1378 1616 1463 ipso
1632 1378 1836 1464 captivando,

185 1497 228 1538 ex
251 1474 367 1559 quibus
390 1475 461 1559 ipse
486 1473 634 1538 dominus
659 1475 768 1546 castri,
795 1475 886 1538 abur
900 1475 1041 1552 nomine,
1065 1476 1198 1539 natione
1216 1482 1281 1540 tam
1303 1477 1389 1541 inter
1405 1476 1608 1544 Christianos
1631 1501 1726 1564 quam
1750 1481 1836 1567 apud

122 1605 127 1608 ·
187 1577 384 1641 Sarracenos
407 1576 601 1661 precellens,
625 1584 832 1640 sacrosancto
862 1576 1058 1662 baptismate
1086 1599 1158 1640 cum
1190 1585 1320 1641 centum
1352 1580 1424 1643 aliis
1452 1580 1582 1644 ablutus
1612 1588 1673 1645 est.
1718 1582 1836 1664 Credo,

185 1682 283 1744 immo
307 1679 519 1744 vehementer
542 1680 670 1764 opinor,
702 1680 788 1763 quod
817 1702 876 1766 per
903 1679 1042 1744 eundern
1074 1679 1236 1764 Hispania
1266 1680 1517 1745 Sarracenorum
1546 1684 1579 1746 in
1605 1703 1723 1768 magna
1744 1693 1836 1770 parte

184 1783 262 1847 fidei
285 1781 447 1846 catholice
471 1780 591 1845 debeat
613 1783 793 1847 subiacere,
838 1782 974 1846 Noverit
998 1784 1154 1847 sanctitas
1177 1789 1302 1861 vestra,
1333 1783 1418 1868 quod
1450 1784 1621 1848 occasione
1652 1789 1756 1850 nostri
1778 1809 1837 1852 rex

184 1884 426 1969 Legionensis²
449 1891 483 1947 et
503 1883 682 1962 Gallorum,
705 1906 765 1947 rex
787 1884 954 1948 Navarre³
978 1891 1011 1947 et
1033 1885 1088 1948 alii
1110 1905 1204 1969 quam
1227 1886 1367 1970 plurimi,
1391 1893 1457 1950 tam
1480 1887 1717 1975 archiepiscopi
1740 1910 1837 1973 quam

185 1987 347 2073 episcopi,
376 2007 450 2050 cum
480 1987 682 2073 principibus
720 1988 821 2050 totius
849 1987 1009 2073 Hispanis
1035 1989 1162 2072 signum
1186 1989 1291 2052 crucis
1321 2010 1420 2074 super
1450 1989 1647 2053 Sarracenos
1676 1991 1836 2078 Hispania

120 2115 132 2150 a
187 2095 419 2174 susceperunt,
443 2096 476 2152 et
499 2095 632 2174 treguas
652 2110 725 2153 cum
754 2090 833 2174 ipsis
858 2089 1047 2154 Sarracenis
1077 2089 1131 2153 diu
1158 2089 1285 2153 habitas
1309 2090 1527 2174 infregerunt,
1555 2099 1775 2177 proponentes
1803 2094 1836 2157 in

182 2193 332 2279 proximo
353 2191 442 2256 bella
465 2213 537 2255 cum
559 2192 639 2276 ipsis
664 2191 852 2256 Sarracenis
870 2194 1084 2257 committere.
1128 2192 1340 2276 Rogaverunt
1356 2193 1454 2256 etiam
1474 2213 1534 2256 nos
1550 2198 1583 2257 et
1600 2214 1673 2258 cum
1695 2197 1838 2260 maxima

184 2295 341 2359 instantia
368 2300 579 2372 monuerunt,
614 2295 766 2377 quatinus
790 2295 823 2356 in
846 2294 1009 2380 Hispania
1031 2315 1090 2381 per
1112 2294 1288 2358 instantem
1312 2300 1450 2358 estatem
1486 2293 1619 2378 dignum
1643 2294 1837 2361 duceremus

184 2418 353 2463 remanere
383 2418 456 2461 cum
485 2397 566 2482 ipsis
593 2417 692 2482 supra
724 2395 923 2461 Sarracenos
961 2398 1176 2482 omnipotenti
1206 2396 1279 2460 Deo
1313 2395 1454 2460 fideliter
1481 2397 1704 2461 ministraturi.
1754 2397 1838 2470 Quia

183 2501 298 2584 igitur,
331 2505 424 2586 pater
458 2499 682 2580 sanctissime,
717 2521 794 2584 spes
817 2506 944 2578 nostra,
969 2500 1140 2563 consilium
1163 2520 1201 2562 ac
1224 2499 1311 2562 salus
1339 2503 1408 2562 tota
1435 2500 1467 2563 in
1489 2505 1600 2564 vestra
1629 2499 1839 2586 dependenta

103 2624 121 2659 a
184 2603 400 2688 paternitate,
423 2623 485 2686 ego
512 2608 665 2686 tanquam
697 2601 781 2665 filius
812 2602 997 2666 obedientie
1026 2601 1177 2666 mandato
1209 2607 1318 2664 vestro
1345 2609 1477 2687 paratus
1501 2624 1573 2665 sum
1596 2603 1835 2689 obtemperare,

185 2712 220 2768 et
243 2727 315 2768 cunr
331 2724 426 2768 omne
443 2704 642 2769 desiderium
660 2725 767 2768 meum
784 2704 825 2768 ad
840 2711 982 2768 vestram
998 2703 1140 2791 pendeat
1156 2704 1357 2768 voluntatem
1374 2711 1408 2768 et
1422 2704 1676 2789 beneplacitum,
1693 2707 1837 2792 paterni-

185 2808 245 2872 tati
268 2815 377 2872 vestre
400 2807 581 2871 humillima
605 2808 763 2893 supplico,
787 2808 940 2891 quatinus
955 2808 1165 2892 perlatorem
1185 2807 1388 2890 presentium
1404 2808 1484 2871 mihi
1507 2807 1686 2892 dignemini
1701 2808 1834 2873 deman-

184 2911 283 2990 dare,
314 2911 370 2975 ubi
395 2917 428 2973 et
451 2909 578 2994 quando
603 2931 661 2995 per
683 2910 826 2994 aliquem
851 2911 1042 2973 nunciorum
1073 2916 1255 2973 vestrorum
1292 2910 1495 2974 voluntatem
1532 2917 1675 2975 vestram
1708 2912 1836 2998 plenius

184 3013 373 3100 percipiam,
397 3035 456 3099 per
478 3013 617 3077 cundem
641 3014 745 3097 gratie
768 3019 877 3077 vestre
901 3013 1085 3096 largitatem
1109 3013 1241 3077 uberius
1265 3018 1467 3096 accepturus.

804 3239 1213 3246 .......,-.-.---.---..--.

989 3497 1049 3568 37.

300 3609 488 3705 Honorias
509 3640 576 3705 ΙΙΙ
591 3664 677 3723 papa
698 3640 874 3726 [Otolcaro]
895 3643 962 3724 rapi
983 3642 1153 3706 Bohcmc'ae
1176 3643 1283 3708 scirbit
1309 3662 1341 3705 sc
1368 3649 1441 3707 uate
1463 3645 1629 3709 allocutam
1656 3646 1838 3709 nuntioram

181 3747 252 3810 eius
273 3745 355 3808 nihil
376 3749 485 3809 contra
506 3764 575 3806 cum
597 3745 645 3808 val
668 3749 785 3807 terram
810 3745 877 3807 cias
897 3744 1056 3823 factu-ram
1078 3763 1151 3811 csso.
1500 3751 1594 3825 1217,
1616 3747 1697 3812 Noc.
1719 3750 1749 3810 2.

290 3863 362 3916 Hoa.
376 3865 429 3915 ΙΙΙ
439 3862 509 3932 Reg.
522 3863 585 3916 Lib.
604 3865 643 3924 II,
658 3869 716 3916 697,
746 3862 864 3916 Edimus
881 3861 951 3914 hanc
970 3864 1110 3930 epistolam
1129 3881 1163 3916 cr
1177 3865 1270 3934 Rapa.
1284 3864 1357 3917 Ana.
1376 3863 1437 3916 cccl.
1456 3881 1482 3916 c.
1501 3870 1572 3928 1217,
1590 3867 1606 3928 §
1624 3872 1667 3928 44,
1685 3865 1839 3932 suppletam

183 3957 273 4004 tomen
292 3955 317 4002 et
335 3953 482 4002 correctam
501 3966 536 4002 ca
553 3949 656 4012 Erdca,
676 3948 744 4018 Ray.
764 3948 875 4002 Belem.
896 3951 919 4012 I,
937 3966 965 4017 p.
987 3955 1037 4002 274
1055 3966 1079 4003 a.
1102 3957 1163 4003 583.

288 4035 422 4096 Potllnst,
441 4033 509 4103 ch.
529 4040 605 4088 5⁶12.

841 4196 957 4288 Regi
983 4196 1180 4270 Boemie.

294 4341 438 4406 Litteras
466 4341 651 4407 screnitatis
684 4347 739 4406 tue
767 4343 969 4428 benignitate
1000 4345 1185 4428 recepimus
1214 4349 1369 4408 consueta
1402 4349 1435 4406 et
1465 4362 1576 4406 earum
1606 4341 1839 4405 continentiam

186 4443 410 4508 intelleximus
433 4443 617 4529 diligenter,
649 4443 831 4528 gaudentes
855 4445 986 4530 quidem
1009 4447 1042 4509 in
1065 4445 1205 4509 Domino
1235 4453 1268 4509 et
1290 4445 1497 4509 devotionem
1520 4444 1611 4528 regie
1636 4441 1839 4507 celsitudinis

187 4545 472 4626 commendantes,
507 4545 592 4630 quod
627 4549 712 4610 sicut
743 4548 894 4633 princeps
931 4548 1109 4613 catholicus
1145 4547 1406 4632 redargutionem
1440 4547 1670 4633 apostolicam,
1710 4565 1774 4630 qua
1805 4550 1839 4609 te

187 4657 323 4736 paterno
346 4649 482 4728 affectu,
517 4655 613 4735 prout
636 4649 677 4714 ad
700 4657 847 4714 nostrum
871 4658 998 4738 spectat
1021 4651 1174 4732 officium,
1198 4651 1427 4737 corripuimus,
1459 4669 1525 4713 non
1548 4649 1653 4713 solum
1676 4648 1841 4733 patienter

106 4777 117 4813 ε
188 4751 247 4817 sed
270 4757 437 4837 gratanter
459 4752 559 4816 ctiam
582 4752 751 4838 recepisti,
781 4753 866 4816 sicut
892 4754 986 4818 nobis
1016 4753 1131 4820 eedem
1155 4761 1210 4819 tue
1232 4754 1342 4818 littere
1366 4752 1588 4829 declararunt,
1622 4757 1711 4814 tuam
1734 4748 1839 4812 nichi-

188 4855 330 4920 lominus
359 4875 521 4920 excusans
551 4854 718 4920 humiliter
744 4856 964 4920 innocentiam
993 4879 1092 4943 super
1119 4857 1175 4936 iis,
1206 4877 1268 4940 que
1296 4861 1408 4919 contra
1435 4855 1593 4918 ecclesias
1623 4859 1657 4916 et
1684 4872 1840 4938 personas

186 4959 430 5024 ecclesiasticas
463 4958 661 5022 venerabilis
696 4957 797 5023 frater
836 4965 948 5023 noster
983 4959 1160 5044 Pragensis
1199 4959 1394 5045 episcopua*
1428 4964 1460 5021 te
1498 4955 1617 5020 asserit
1650 4973 1839 5038 usurpasse.

187 5063 386 5127 Potitionem
409 5081 500 5145 ergo,
523 5081 620 5144 quam
642 5060 738 5124 nobis
754 5060 864 5125 fecisti
886 5082 947 5147 per
968 5061 1095 5125 litteras
1112 5060 1305 5130 antedictas,
1329 5067 1366 5123 ut
1388 5059 1542 5123 videlicet
1564 5062 1640 5121 ante
1664 5054 1839 5118 adventum

188 5166 384 5228 solemnium
406 5163 598 5227 nunciorum
621 5169 764 5246 tuorum,
793 5183 874 5248 quos
897 5163 929 5226 in
953 5163 1046 5228 brevi
1068 5163 1189 5227 asseris
1213 5169 1246 5226 te
1269 5162 1460 5242 missurum,
1492 5159 1573 5224 nihil
1597 5162 1709 5221 contra
1730 5161 1764 5219 te
1786 5156 1839 5220 vel

297 5423 318 5486 ¹)
336 5423 475 5488 dependeat
494 5423 525 5472 Ji.

294 5555 320 5622 1)
348 5555 405 5608 Oct.
434 5561 472 5608 21.
500 5556 537 5622 cs.
567 5555 666 5609 caron.
692 5571 748 5622 req.
778 5555 833 5609 Col.
860 5572 890 5624 p.
922 5561 976 5607 242
1003 5559 1028 5607 ct
1055 5559 1116 5606 342.
1209 5551 1237 5618 2)
1264 5550 1401 5618 alfonsus
1429 5551 1483 5604 IX.
1574 5549 1602 5616 3)
1631 5547 1762 5602 ilaactias
1794 5546 1840 5599 VI.

186 5645 215 5710 l)
235 5641 373 5696 Andreas.
