4596 6406
433 414 495 476 686
1014 403 1062 458 EX
1081 401 1256 458 GREGORII
1274 401 1312 456 IX
1332 402 1511 457 RRGIS'I'RO

433 606 520 666 mus,
552 583 592 648 de
621 583 757 646 fratrum
787 586 972 645 nostrorum
1006 577 1143 642 consilio
1173 597 1232 662 per
1261 576 1443 660 apostolica
1466 578 1525 642 tibi
1550 578 1672 663 scripta
1703 576 1912 660 mandamus,
1937 578 2095 664 quatinus

433 710 536 774 usque
559 687 601 752 ad
623 686 744 750 dictum
768 685 889 750 festum
912 683 953 747 ad
978 705 1037 748 nos
1062 681 1167 748 rcdirc
1191 701 1359 766 procures,
1383 687 1415 744 ct
1432 702 1505 744 cum
1522 689 1657 767 propter
1672 683 1922 768 persecutiones
1940 683 2095 746 eiusdem

433 791 591 856 Friderici
615 791 756 856 ecclesia
780 790 821 853 sit
844 788 1000 873 gravibus
1024 786 1144 851 debitis
1168 785 1331 869 obligata,
1361 783 1402 848 dc
1426 786 1566 870 pecunia
1595 806 1653 871 pro
1679 784 1821 850 ecclesie
1846 786 1989 850 collecta
2013 787 2093 850 sub-

434 896 517 959 sidio
541 915 645 980 usquc
668 893 709 957 ad
721 893 950 979 quantitatem,
973 913 1069 976 quam
1085 889 1171 953 idem
1189 888 1368 973 Gregorius
1388 889 1455 953 suis
1471 889 1530 953 tibi
1547 888 1678 953 duxerit
1694 890 1811 954 litteris
1829 892 2094 977 exprimendam,

433 999 555 1062 nuntiis
580 998 795 1062 Ianucnsium
819 1019 917 1084 super
934 997 996 1060 hoc
1015 996 1084 1059 eius
1101 995 1227 1087 litteras
1244 991 1468 1057 deferentibus
1492 1014 1551 1079 pro
1576 993 1661 1056 dicto
1683 995 1779 1057 naulo
1797 995 1899 1059 facias
1916 995 2093 1080 assignari.
2157 1021 2169 1056 a

543 1118 619 1184 Dat.
642 1127 679 1183 ut
702 1140 811 1204 supra.

540 1238 580 1303 Iu
604 1241 744 1304 cundem
767 1238 899 1303 modum
916 1234 1058 1324 O[ttoni]
1077 1235 1189 1299 Sancti
1204 1233 1331 1299 Nicolai
1354 1235 1387 1299 in
1411 1234 1552 1300 Oarccre
1576 1235 1726 1301 Tulliano
1751 1237 1888 1302 diacono
1919 1238 2094 1316 cardinali,

434 1344 614 1428 apostolice
639 1343 727 1407 sedis
751 1345 861 1427 legato
874 1344 895 1422 ¹,
919 1347 981 1405 etc.
1004 1361 1109 1424 usquc
1133 1337 1253 1402 debitis
1277 1336 1432 1422 obligata,
1457 1360 1555 1425 super
1572 1339 1757 1424 colligendo
1776 1343 1916 1407 ecclesie
1940 1342 2095 1406 subsidio

434 1447 568 1531 plenum
597 1447 737 1511 studium
766 1446 923 1510 adhibere
955 1464 1149 1530 procurans,
1173 1442 1366 1528 pecuniam,
1391 1463 1488 1527 quam
1511 1465 1569 1528 pro
1594 1445 1711 1508 eodem
1742 1445 1887 1511 subsidio
1912 1448 2095 1533 receperis,

435 1549 476 1613 ad
498 1550 629 1613 domum
652 1550 781 1636 Templi
809 1548 1022 1626 Parisiensis,
1052 1545 1242 1610 solvendam
1272 1545 1488 1610 creditoribus
1519 1548 1574 1632 qni
1598 1570 1697 1633 super
1721 1549 1781 1612 hoc
1805 1555 1935 1614 nostras
1959 1551 2093 1615 litteras
2147 1569 2172 1606 ¹⁰

436 1650 623 1734 detulerint,
646 1675 687 1717 ne
710 1675 768 1740 pro
793 1652 946 1715 dilatione
972 1650 1141 1714 solutionis
1165 1649 1299 1733 aliquod
1321 1649 1497 1735 dampnum
1515 1652 1697 1736 apostolica
1721 1652 1817 1717 sedes
1841 1654 1997 1734 incurrat,
2022 1655 2097 1718 sine

439 1758 612 1844 dispendio
635 1780 725 1822 moro
750 1757 964 1821 transmittas.

549 1880 626 1944 Dat.
649 1887 686 1945 ut
709 1901 817 1967 supra.
890 1895 892 1900 ’
1244 1962 1278 2027 Π

548 2087 720 2169 Grcporr‘as
733 2087 789 2151 IX
796 2107 887 2167 popa
909 2083 1085 2169 [loborat]
1107 2082 1335 2164 orclrtcptccopo
1358 2084 1513 2148 locrensi
1535 2085 1678 2163 amadal,
1700 2106 1739 2148 nc
1755 2107 1817 2166 pro
1839 2089 1938 2152 aorrlo
1959 2090 2097 2154 nardum

439 2211 471 2254 sc
493 2196 523 2254 ct
543 2193 702 2256 ecclesiam
723 2211 814 2256 saara
837 2189 973 2271 obliporc
996 2189 1122 2253 dabitat.
1745 2193 1838 2270 1240,
1864 2189 1928 2254 oa.
1952 2196 2006 2260 13.
2150 2205 2173 2242 a

925 2457 933 2474 .
963 2454 972 2473 .
1000 2398 1347 2490 archiepiscopo
1375 2397 1600 2472 lennensi.

547 2549 715 2614 Dilectum
745 2550 847 2613 filium
877 2548 1012 2612 fratrem
1042 2547 1082 2611 N.
1107 2546 1337 2610 Oistcrcicnsis
1368 2545 1490 2610 ordinis
1514 2547 1555 2610 ad
1579 2553 1611 2611 te
1644 2570 1701 2635 pro
1733 2549 1927 2634 quibusdam
1951 2554 2098 2619 ecclesie

438 2656 584 2720 Romane
608 2655 747 2739 negotiis
772 2653 984 2732 destinantes,
1007 2652 1247 2715 fraternitatem
1271 2657 1362 2713 tuam
1385 2672 1538 2735 rogamus
1570 2658 1604 2714 et
1628 2652 1797 2717 hortamur
1820 2657 1977 2718 attentius
2001 2679 2097 2721 man-

439 2759 566 2840 dantes,
590 2761 741 2843 quatinus
765 2759 897 2843 plenam
922 2756 983 2820 sibi
1006 2756 1040 2818 in
1062 2755 1125 2818 hiis
1149 2775 1211 2839 quc
1236 2752 1295 2816 tibi
1320 2775 1362 2817 ex
1390 2760 1482 2840 parte
1514 2761 1626 2819 nostra
1649 2756 1769 2820 dixerit
1796 2757 1894 2822 fidem
1919 2760 2097 2840 adhibens,

440 2885 498 2948 pro
523 2864 663 2949 pecunia
685 2863 775 2927 nauli
799 2862 940 2942 navium,
964 2861 1133 2944 galearum
1156 2864 1190 2921 ct
1212 2857 1426 2938 usceriorum,
1447 2879 1544 2942 quam
1560 2857 1698 2923 dilectus
1715 2861 1799 2924 lilius
1817 2860 1856 2925 G.
1873 2862 1913 2926 dc
1931 2863 2098 2929 Romania
2150 2886 2176 2923 ro

442 2965 660 3030 subdiaconus
684 2972 717 3030 et
739 2967 928 3052 capellanus
952 2969 1074 3044 noster,
1097 2963 1277 3049 apostolice
1302 2960 1390 3025 sedis
1417 2962 1568 3046 legatus,
1597 2969 1652 3027 tue
1681 2963 1852 3050 prudentie
1876 2965 2009 3032 duxerit
2032 2991 2094 3034 ex-

440 3069 651 3153 primendam,
675 3075 707 3133 te
732 3076 764 3132 ct
787 3069 961 3133 ecclesiam
976 3067 1173 3132 Ianuenscm
1196 3087 1262 3130 non
1285 3065 1414 3128 dubites
1438 3072 1549 3129 nostro
1574 3073 1607 3129 ct
1630 3068 1769 3132 ecclesie
1786 3069 1934 3133 Romane
1961 3074 2099 3136 nomino

442 3172 599 3256 obligare.
645 3172 713 3237 Nos
736 3173 825 3237 enim
847 3171 923 3250 illis,
948 3170 1065 3256 quibus
1090 3191 1163 3234 cam
1186 3170 1329 3255 persolvi
1353 3169 1476 3233 debere
1494 3171 1686 3248 constiterit,
1711 3172 1807 3258 plene
1831 3173 1872 3236 de
1896 3175 1969 3261 ipsa
1995 3179 2098 3240 satis-

440 3273 511 3338 fieri
543 3275 719 3357 facientes,
758 3297 857 3362 super
890 3275 1090 3359 obligatione
1124 3271 1309 3337 huiusmodi
1340 3279 1372 3334 lc
1404 3278 1437 3334 et
1467 3275 1642 3338 ecclesiam
1676 3283 1765 3339 tuam
1797 3277 1921 3362 absque
1952 3279 2100 3367 dampno

442 3378 629 3443 curabimus
653 3399 859 3444 conservare.
2152 3411 2176 3449 2⁵

549 3498 626 3563 Dat.
648 3499 801 3565 Lateran.
825 3505 865 3563 ut
888 3519 995 3584 supra.

549 3621 590 3685 In
613 3620 753 3685 eundem
777 3619 909 3685 modum
934 3668 967 3684 ..
991 3618 1104 3683 abbati
1127 3618 1239 3683 Sancti
1263 3618 1349 3703 Syri.

549 3725 589 3789 In
614 3726 754 3790 cundem
777 3725 908 3790 modum
933 3772 966 3790 ..
990 3723 1101 3788 abbati
1125 3723 1236 3787 Sancti
1259 3722 1443 3786 Fructuosi.

548 3829 588 3892 In
612 3829 753 3894 cundem
775 3829 906 3892 modum
930 3877 965 3894 ..
989 3827 1101 3891 abbati
1125 3826 1237 3891 Sancti
1261 3825 1429 3910 Stephani.

551 3933 589 3997 In
614 3935 754 3999 cundem
777 3931 908 3996 modum
933 3980 966 3996 ..
990 3931 1101 3995 abbati
1124 3931 1235 3994 Sancti
1258 3928 1481 3994 Bartholomci
1504 3930 1545 3994 dc
1569 3931 1719 4000 Fossato.

1236 4166 1298 4232 ΙΠ.

551 4291 722 4373 crearas
744 4291 801 4356 IX
817 4313 904 4373 papa
928 4289 1113 4376 G[rcpcra'o]
1135 4291 1172 4354 dc
1195 4289 1354 4360 &amaia
1375 4290 1523 4370 mandat,
1549 4311 1588 4354 ce
1613 4245 1675 4372 pro)
1698 4295 1796 4357 anulo
1822 4295 1953 4358 navium
1974 4316 2102 4376 papam

441 4398 470 4457 ct
491 4395 648 4458 eccles-iam
669 4393 847 4458 Romanum
870 4395 1006 4477 obliqarc
1027 4394 1152 4458 dubitet.
1749 4400 1842 4476 1240,
1868 4398 1932 4464 Oct.
1957 4405 2009 4468 13.

520 4603 563 4676 G.
592 4604 642 4677 dc
669 4605 886 4680 Romania
913 4604 1196 4678 subdiacono
1224 4608 1266 4677 et
1291 4602 1522 4693 capellano
1551 4611 1733 4694 nostro,
1764 4609 2019 4698 apostolice

1115 4723 1233 4796 sedis
1259 4723 1423 4816 legato.

549 4870 715 4937 Dilectum
744 4871 846 4936 filiurn
875 4871 1008 4939 fratrem
1035 4874 1076 4941 N.
1100 4872 1328 4938 Cistercicnsis
1360 4873 1481 4939 ordinis
1511 4873 1552 4937 ad
1583 4880 1616 4938 te
1645 4897 1705 4961 pro
1734 4877 1928 4961 quibusdam
1952 4881 2098 4948 ecclesie
2152 4908 2179 4946 rs

440 4975 588 5040 Romane
610 4977 753 5062 negotiis
778 4975 990 5058 destinantes,
1014 4979 1244 5043 discretionem
1268 4984 1358 5042 tuam
1382 4999 1552 5042 monemus
1577 4983 1610 5042 et
1632 4979 1803 5052 hortamur
1819 4983 1975 5046 attentius
1999 5005 2095 5050 mau-

440 5080 566 5162 dantes,
590 5082 742 5166 quatinus
766 5082 904 5168 plenam,
921 5083 983 5146 sibi
1007 5083 1040 5146 in
1062 5082 1125 5146 hiis
1149 5103 1212 5166 quc
1236 5082 1297 5146 tibi
1320 5104 1363 5148 ex
1386 5088 1479 5168 parte
1510 5089 1623 5146 nostra
1652 5083 1773 5149 dixerit
1803 5085 1899 5149 fidem
1923 5085 2098 5170 adhibens,

439 5206 497 5270 pro
521 5185 660 5270 pecunia
683 5186 771 5249 nauli
793 5186 942 5264 navium,
971 5188 1139 5270 galearum
1169 5193 1203 5250 ct
1232 5187 1451 5268 usceriorum,
1475 5207 1573 5272 quam
1596 5195 1652 5252 tue
1683 5189 1856 5273 prudentie
1880 5190 2011 5256 duxerit
2035 5214 2097 5257 cx-

440 5286 652 5372 primcndam,
675 5309 735 5351 nos
759 5294 792 5352 et
815 5288 996 5352 Romanam
1020 5289 1195 5352 ecclesiam
1218 5312 1283 5355 non
1306 5290 1437 5354 dubites
1461 5291 1620 5376 obligare.
1665 5291 1735 5355 Nos
1760 5294 1846 5357 enim
1871 5293 1946 5372 illis,
1971 5297 2092 5380 quibus

440 5413 512 5455 eam
536 5392 680 5477 persolvi
702 5391 824 5455 debere
848 5393 1039 5475 constiterit,
1062 5394 1161 5479 plene
1187 5393 1227 5458 de
1251 5395 1324 5481 ipsa
1347 5395 1498 5458 satisfieri
1522 5395 1692 5459 faciemus.
1780 5396 1786 5399 ”
2151 5423 2180 5462 ro

549 5510 625 5578 Dat.
648 5518 684 5576 ut
708 5535 816 5599 supra.

545 5637 1462 5649 ——--—--—..-—--—-——-0-.--.—-.....—.—--..——.—.—.—--.-
1470 5641 1648 5649 ....——.-.-—-...-.-
1662 5643 1743 5650 ..--.-
1755 5643 1792 5648 .-
1800 5643 1986 5652 --0—-fflq

545 5701 571 5768 1)
589 5701 618 5753 in
636 5701 749 5772 Amplia.
