4604 6420
410 379 472 440 342
773 331 774 334 Ἴ
992 376 1039 430 EX
1058 375 1233 430 GREGORII
1250 375 1290 429 lX
1308 374 1488 432 uuelsrrto

408 545 669 626 supersedendum
699 546 842 626 ducerit;
870 547 1000 611 nuntiat
1023 551 1189 628 praetereo
1218 567 1250 612 se
1277 546 1321 610 ad
1345 546 1550 632 cohibendam
1571 545 1726 610 iustitium
1748 549 1902 626 peratum
1927 564 2005 625 ease,
2034 547 2064 610 si

408 647 491 713 idem
513 649 681 730 imperator
701 668 797 730 super
822 649 954 716 Ciuitate
979 649 1110 715 Oratelli
1131 651 1182 714 us
1204 649 1286 730 quod
1300 648 1490 729 praetendat
1505 647 1656 730 prosequi
1669 648 1760 752 ¹colit.

514 871 596 938 Ores·
613 869 662 922 IX
677 871 744 940 uer.
767 872 824 926 Vor.
843 875 884 937 11,
905 875 952 942 aa,
971 874 1022 939 ea·
1040 870 1102 926 zuo.
1121 873 1172 935 JV,
1193 875 1255 926 77³.
1710 787 1804 864 1230,
1826 784 1900 854 ΠΜ·
1924 790 1974 851 ²⁰·

514 956 649 1022 Pedicat,
669 958 738 1028 ch.
758 961 841 1012 8634.

1012 1151 1258 1240 Friderico,
1285 1151 1457 1225 illustri

717 1280 1017 1353 Romanorum
1051 1279 1316 1370 imperatori
1352 1300 1526 1371 semper
1562 1284 1755 1373 augusto
1850 1363 1853 1370 .

1070 1412 1112 1482 et
1137 1408 1230 1500 regi
1256 1407 1421 1482 Sicilie.

520 1554 754 1622 Venerabilem
777 1555 910 1622 fratrem
933 1562 1078 1621 nostrum
1103 1554 1434 1642 ..archiepiscopum
1451 1555 1666 1643 Capuanum¹
1689 1556 1730 1622 ad
1753 1577 1813 1622 uos
1835 1557 1877 1622 ab
1900 1557 2064 1644 imperiali

413 1657 606 1725 celsitudine
621 1658 821 1725 destinatum
832 1659 1029 1747 recipientes
1043 1659 1216 1724 affectione
1229 1659 1371 1744 gratanti
1384 1665 1417 1724 et
1429 1657 1678 1726 honorificentia
1690 1659 1803 1725 debita
1813 1667 2063 1746 prosequentes,
2156 1741 2158 1746 Ι

414 1784 477 1850 qne
500 1762 595 1826 nobis
618 1768 775 1848 exparte
798 1763 1062 1849 tuaproposuit,
1090 1761 1316 1827 intelleximus
1346 1760 1532 1847 diligenter.
1583 1762 1736 1829 Ceterum
1768 1785 1868 1849 super
1898 1763 1962 1828 hiis
1992 1784 2068 1828 cum

413 1865 567 1931 fratribus
590 1865 710 1930 nostris
734 1886 879 1951 congrua
901 1865 1138 1931 deliberatione
1162 1864 1344 1950 prehabito,
1367 1865 1447 1930 licet
1469 1865 1553 1930 forte
1570 1866 1719 1932 videatur
1733 1873 1909 1951 utcumque
1932 1865 2068 1931 difficile

414 1969 522 2050 alicui,
545 1970 687 2034 maxime
710 1968 764 2054 qui
786 1956 896 2035 rerum
919 1968 1181 2033 circumstantias
1205 1989 1269 2032 non
1293 1966 1450 2050 attendit,
1473 1967 1559 2054 qnod
1582 1989 1668 2034 nunc
1692 1968 1840 2034 ducimus
1863 1967 2068 2055 respondeu-

414 2072 501 2154 dum,
524 2071 785 2157 intelligentibus
808 2077 918 2136 tamen
933 2071 1036 2136 nostri
1059 2071 1159 2136 animi
1181 2070 1357 2157 puritatem
1381 2077 1414 2136 et
1436 2072 1628 2156 qualitatem
1643 2073 1801 2158 temporis
1822 2072 2068 2138 attendentibus

414 2175 584 2260 responsio
616 2195 681 2239 non
709 2175 832 2260 poterit
860 2195 926 2239 non
954 2176 1101 2260 placere,
1130 2173 1182 2238 cui
1213 2174 1459 2239 evidentissima
1490 2176 1573 2240 ratio
1605 2175 1812 2261 suffragatur.
1870 2174 1956 2239 Sane
1991 2194 2067 2238 cum
2135 2206 2146 2242 n

415 2283 572 2342 statutum
595 2276 694 2342 fuerit
715 2278 748 2342 in
765 2278 903 2342 concilio
926 2278 1083 2362 generali,
1106 2282 1143 2341 ut
1165 2281 1252 2342 terre
1268 2277 1389 2342 infecte
1405 2277 1553 2344 heretica
1567 2279 1739 2364 pravitate,
1763 2278 1829 2342 nisi
1845 2299 1904 2364 per
1919 2277 2068 2342 dominos

414 2386 641 2466 purgarentur,
664 2387 775 2446 essent
799 2381 1035 2466 crucesignatis
1066 2381 1233 2468 exposite,
1262 2383 1353 2446 salvo
1381 2380 1452 2446 iure
1477 2382 1705 2468 principalium
1728 2379 1948 2462 dominorum,
1970 2379 2068 2444 modo

415 2504 515 2571 super
542 2484 605 2549 hoo
636 2483 700 2569 ipsi
727 2485 851 2548 nullum
880 2490 1068 2570 prestarent
1091 2484 1295 2548 obstaculum
1317 2505 1379 2548 nec
1402 2483 1533 2570 aliquod
1560 2483 1830 2570 impedimentum
1854 2489 2068 2571 opponerent,

414 2587 492 2651 licet
515 2587 657 2651 ecclesia
678 2586 825 2651 Romana
849 2593 953 2652 terras
976 2588 1010 2651 in
1032 2587 1227 2652 Provincia²
1251 2587 1444 2652 constitutas
1468 2593 1502 2651 et
1528 2587 1610 2652 alias
1633 2593 1709 2672 post
1731 2586 1875 2651 infinitas
1898 2585 2069 2672 angustias

415 2697 449 2754 et
470 2709 636 2776 expensas
651 2690 839 2755 innumeras
861 2691 895 2754 in
911 2690 1171 2756 Christianorum
1195 2691 1353 2776 sanguine
1372 2689 1553 2775 profligatis
1575 2689 1730 2755 hereticis
1749 2690 1925 2774 acquisitas
1943 2688 2070 2776 ceperit
2122 2731 2150 2767 2,

415 2793 568 2876 retinere,
591 2815 633 2858 ne
656 2793 788 2880 reprobi
811 2813 927 2878 repere
943 2794 996 2858 vel
1011 2793 1137 2859 irruere
1153 2795 1284 2858 valeant
1306 2793 1339 2856 in
1363 2792 1510 2874 eandem,
1534 2792 1626 2857 novit
1643 2799 1754 2858 tamen
1771 2793 1838 2874 ille,
1862 2793 1918 2877 qui
1940 2792 2070 2877 fingens

154 2915 162 2924 ··
260 2913 319 2955 esu.
334 2917 402 2965 sau.
417 2897 516 2961 corda
537 2897 706 2962 hominum
729 2896 937 2981 singillatim,
961 2897 1179 2982 cogitationes
1203 2896 1358 2981 intelligit
1381 2896 1601 2980 singulorum,
1631 2894 1717 2981 quod
1748 2916 1915 2982 nunquam
1943 2916 1986 2960 cx
2007 2895 2070 2959 hoc

417 2999 618 3065 intendimus
633 2999 759 3065 iuribus
773 2999 904 3086 imperii
917 2998 1087 3085 derogare,
1111 3021 1174 3086 que
1189 3001 1299 3086 potius
1319 3021 1514 3066 conservare
1530 3000 1741 3086 proponimus
1763 3000 1901 3064 illibata.
1945 2998 2071 3064 Verum

418 3124 493 3168 cum
523 3103 693 3169 conversio
721 3109 809 3168 terre
841 3103 929 3168 illins
958 3102 1064 3168 adhuc
1092 3103 1175 3169 adeo
1200 3095 1251 3168 'sit
1273 3124 1388 3169 recens
1413 3108 1447 3169 et
1469 3108 1598 3182 tenera,
1621 3102 1707 3189 quod
1731 3124 1773 3169 ex
1802 3103 1868 3168 levi
1890 3101 2071 3166 mutatione

418 3207 599 3272 aversionis
621 3211 735 3292 posset
757 3206 923 3271 incurrere
946 3205 1043 3272 facile
1067 3206 1262 3290 recidivum,
1292 3214 1326 3272 et
1349 3207 1397 3271 sio
1421 3214 1511 3272 esset
1534 3227 1624 3272 error
1652 3207 1746 3293 peior
1767 3207 1890 3293 priore,
1915 3205 2014 3270 saluti
2036 3209 2071 3269 et
2123 3252 2150 3290 „

418 3309 534 3374 honori
557 3317 614 3375 tuo
636 3331 702 3376 non
726 3316 778 3376 est
800 3309 936 3375 dubium
959 3310 1127 3396 expedire,
1150 3317 1186 3375 ut
1208 3310 1402 3398 petitionem
1417 3317 1506 3375 tuam
1524 3310 1557 3374 in
1571 3317 1701 3396 tempus
1717 3308 1850 3374 differas
1867 3315 2073 3396 oportunum,

418 3432 482 3497 quo
505 3419 539 3478 et
561 3434 621 3478 uos
645 3433 744 3500 super
770 3434 810 3478 ea
840 3434 913 3478 cum
938 3413 1078 3479 ecclesie
1101 3413 1225 3480 honore
1249 3435 1287 3479 ac
1310 3420 1366 3478 tuo
1391 3414 1561 3480 intendere
1583 3415 1769 3494 valeamus,
1793 3415 1869 3500 quia
1891 3434 1965 3478 eum
1987 3433 2074 3476 nova

418 3535 504 3580 nunc
526 3516 560 3580 in
583 3522 671 3581 terra
693 3516 750 3580 illa
771 3516 915 3582 turbatio
946 3516 989 3581 sit
1018 3523 1134 3581 exorta
1160 3538 1221 3582 nec
1252 3517 1387 3602 antiqua
1418 3518 1549 3582 omnino
1573 3518 1696 3603 sopita,
1720 3515 1827 3600 siquid
1849 3514 1925 3581 inde
1949 3515 2073 3581 sinistri

418 3617 505 3702 quod
528 3618 614 3683 absit
636 3617 809 3701 accideret,
832 3619 927 3684 multi
949 3618 1045 3683 nobis
1069 3625 1102 3683 et
1124 3619 1185 3683 tibi
1206 3619 1432 3705 principaliter
1451 3620 1661 3705 imputarent.
1698 3619 1843 3704 Ideoque
1859 3619 2074 3684 serenitatem

417 3727 508 3786 tuam
524 3743 676 3807 rogamus
700 3729 734 3788 et
755 3743 926 3788 monemus
950 3722 984 3787 in
999 3720 1152 3801 Domino,
1176 3722 1329 3808 quatinus
1353 3742 1430 3807 egre
1453 3743 1494 3786 ne
1518 3721 1615 3802 feras,
1639 3722 1726 3808 quod
1748 3721 1789 3786 ad
1812 3743 1950 3807 presens
1972 3741 2074 3809 super
2126 3767 2153 3804 ,0

419 3824 578 3909 petitione
601 3832 658 3890 tua
680 3846 745 3891 non
768 3827 921 3891 duximus
944 3824 1202 3913 procedendum,
1224 3847 1287 3892 nec
1310 3826 1492 3912 suspitione
1515 3827 1626 3911 aliqua
1648 3826 1821 3906 movearis,
1845 3824 1930 3911 quod
1953 3826 1987 3889 in
2009 3825 2073 3890 hoc

419 3927 507 3992 aliud
529 3949 626 4014 quam
648 3929 736 4013 quod
759 3929 967 4015 premisimus
990 3929 1209 3995 intendamus.
1253 3928 1306 3993 Ad
1329 3929 1391 3994 hec
1414 3929 1490 4015 quia
1514 3928 1655 3994 Ciuitate
1679 3927 1839 3993 Castelli³
1862 3935 1896 3992 ta
1919 3949 2073 3993 asserens

419 4031 613 4116 spoliatum,
650 4031 711 4096 tibi
745 4052 845 4117 super
878 4053 918 4096 ea
949 4033 1108 4098 iustitiam
1138 4033 1285 4119 postulas
1316 4031 1482 4114 exhiberi,
1513 4032 1600 4097 absit
1630 4031 1716 4116 quod
1744 4053 1816 4097 eam
1840 4030 1901 4095 tibi
1923 4031 1976 4095 rel
1998 4031 2073 4095 aliis

361 4163 383 4190 ·.
420 4132 636 4219 denegemus,
664 4135 699 4200 in
730 4155 794 4220 qua
824 4156 935 4200 sumus
963 4137 1114 4202 omnibus
1143 4136 1321 4202 debitores.
1375 4134 1435 4200 Set
1460 4134 1541 4199 illud
1572 4140 1605 4200 te
1627 4136 1731 4200 latere
1756 4155 1821 4200 non
1843 4134 1962 4216 debet,
1985 4133 2074 4217 quod

421 4238 592 4302 castellum
614 4238 806 4321 Felicitatis,
830 4238 916 4324 quod
938 4260 1025 4305 nuno
1047 4240 1167 4306 dicitur
1187 4238 1311 4304 Civitas
1332 4237 1373 4303 de
1390 4237 1546 4319 Castello,
1570 4245 1696 4326 spectat
1718 4237 1758 4303 ad
1782 4237 1896 4303 sedem
1913 4237 2072 4325 apostoli·
2125 4281 2151 4318 3,

419 4360 491 4404 cam
513 4341 611 4425 pleno
635 4340 716 4421 iure,
740 4342 825 4406 sicut
842 4349 979 4430 apparet
1001 4365 1045 4410 ex
1066 4344 1177 4408 multis
1194 4342 1334 4428 publicis
1350 4341 1571 4423 munimentis,
1594 4347 1628 4406 et
1649 4341 1921 4427 predecessorum
1943 4347 2073 4406 tuorum

418 4441 592 4527 priuilegia
613 4450 852 4528 protestantur,
874 4467 1003 4512 necnon
1032 4448 1264 4534 imperatorum
1287 4453 1525 4531 recognoscunt
1547 4447 1677 4510 aliatus.
1720 4445 1815 4510 Unde
1838 4443 1951 4509 audias
1975 4466 2082 4530 super.

420 4545 483 4609 hoc
516 4565 579 4630 que
613 4545 719 4611 dictus
754 4547 1020 4637 archiepiscopus
1052 4550 1112 4614 tibi
1141 4549 1280 4631 dixerit,
1317 4555 1354 4614 nt
1387 4571 1407 4613 a
1439 4550 1534 4615 nobis
1565 4547 1706 4629 audivit,
1742 4555 1774 4614 ct
1807 4549 1834 4612 si
1867 4547 1983 4613 honori
2016 4554 2073 4611 tuo

421 4668 600 4732 congruere
624 4647 745 4714 videris
773 4651 824 4715 ius
855 4655 1010 4740 prosequi
1033 4652 1119 4739 qnod
1151 4652 1312 4734 intendis,
1340 4674 1400 4718 nos
1428 4659 1559 4738 paratos
1590 4653 1739 4718 invenies
1768 4650 1809 4716 ad
1837 4652 1964 4716 iustitie
1988 4671 2072 4716 com·

421 4752 632 4837 plementum.
1365 4761 1373 4786 ⁸
2125 4793 2152 4831 ro

528 4887 616 4954 Data
637 4889 791 4956 Lateran.
814 4891 863 4955 IV
885 4891 934 4956 Id.
957 4891 1132 4957 Decembr.
1155 4893 1363 4979 pontificatus
1386 4893 1490 4957 nostri
1513 4914 1598 4957 anno
1622 4899 1745 4979 quarto.

526 5217 548 5282 ¹)
566 5219 639 5286 apud
660 5218 959 5285 Battara-Breuem,
985 5221 1002 5273 l.
1025 5238 1046 5272 c.
1069 5230 1086 5272 t.
1112 5220 1178 5286 m,
1198 5239 1229 5288 p.
1254 5222 1321 5272 248:
1349 5221 1407 5272 Lib.
1430 5221 1474 5285 IV,
1500 5218 1534 5272 78
1551 5229 1577 5273 at
1593 5219 1640 5286 95,
1662 5238 1693 5273 ca
1711 5222 1809 5288 duplici
1832 5223 1906 5291 copia
1923 5223 1950 5272 in
1971 5222 2073 5274 Collect.

421 5305 535 5372 Lopcrte
553 5307 590 5358 du
606 5307 680 5360 Their
691 5307 759 5360 Bibl.
773 5307 873 5370 Patiar
892 5308 920 5358 in
938 5309 1095 5375 regreditur
1112 5325 1210 5375 quoque
1227 5309 1339 5375 epistolia
1356 5307 1432 5358 huius
1450 5308 1511 5359 libri
1527 5309 1629 5360 numeri
1647 5327 1665 5358 o
1681 5310 1776 5361 uostris
1793 5309 1937 5376 differ-eules
1957 5309 2075 5358 annotati

421 5401 492 5455 errem
509 5401 574 5445 certe
591 5395 841 5458 minuscularum
858 5395 940 5447 nostri
958 5413 1014 5446 cum
1032 5395 1116 5462 Repu.
1134 5397 1300 5448 communae.

526 5565 551 5629 1)
569 5541 708 5618 suasim.
833 5564 860 5632 a)
877 5565 915 5632 cf.
932 5581 960 5619 a.
982 5569 1036 5620 322
1053 5571 1079 5621 e
1099 5571 1163 5621 sos.
1287 5567 1313 5635 a)
1332 5567 1469 5636 quonum
1493 5567 1643 5634 uscue-m,
1662 5563 1742 5619 noete
1761 5565 1835 5619 coa
1854 5564 1883 5618 rr
1903 5564 2020 5618 caereus
2037 5581 2072 5617 ee
2125 5587 2151 5628 a

421 5649 602 5716 septentrione
620 5649 746 5717 Perusii;
764 5649 800 5718 os.
820 5667 847 5703 u.
868 5654 932 5708 387.
