4590 6366
768 371 968 428 EPIS'I'OLAE
985 368 1174 427 salmonis.
1212 367 1286 424 1236.
1791 360 1847 425 571

201 547 388 611 rationema
409 544 488 611 boni
504 553 609 612 status
626 547 720 633 regni
736 548 800 612 iam
817 549 897 613 dicti
912 554 945 613 et
967 547 1248 634 indemnitatem,
1270 547 1426 629 quantum
1442 541 1476 605 in
1492 561 1531 606 eo
1547 538 1656 620 fuerit,
1678 535 1855 602 cuiuslibet

200 642 380 715 Christiani
402 650 436 714 in
458 671 578 735 regn03
607 650 694 735 quod
724 652 796 737 ipse
828 651 985 736 magister
1007 673 1072 716 non
1096 650 1202 716 solum
1224 648 1326 714 verbo
1349 653 1401 712 set
1423 645 1523 710 etiam
1544 663 1605 730 per
1625 643 1753 708 litteras
1777 662 1853 706 suas

203 755 236 818 in
260 762 438 842 conspectu
461 760 573 818 nostro
596 755 764 841 promisit,
797 761 830 819 et
857 755 959 820 frater
981 754 1105 819 ordinis
1128 753 1241 832 vestri,
1265 773 1362 838 quem
1384 750 1533 836 posuerit
1556 747 1597 812 ad
1621 746 1720 812 castri
1743 751 1853 810 custo·

202 859 300 940 diam,
323 880 499 944 persuum
523 859 671 924 ordinem
693 859 727 922 in
749 859 850 924 verbo
875 860 1023 924 veritatis
1045 858 1108 923 hec
1130 878 1262 922 servare
1284 854 1464 942 promittet.
1509 851 1634 916 Verum
1657 869 1731 914 cum
1755 868 1854 935 super

138 1005 143 1018 ι
202 964 264 1027 hoc
286 964 414 1027 litteras
437 969 564 1028 vestras
587 963 726 1027 velimus
750 961 836 1026 adici
858 962 900 1026 ad
923 963 1096 1042 cautelam,
1118 960 1325 1025 universitati
1348 964 1456 1022 vestre
1479 951 1693 1042 precipiendo
1716 952 1851 1017 manda-

202 1091 289 1150 mus,
322 1068 474 1154 quatinus
506 1069 579 1132 illas
610 1068 681 1133 sine
711 1066 914 1132 difficultatis
945 1067 1115 1131 obstaculo
1143 1064 1377 1144 concedentes,
1407 1061 1583 1148 premissa,
1611 1080 1675 1144 que
1704 1058 1852 1145 predicto

200 1174 357 1257 magistro
387 1171 536 1236 facienda
567 1171 783 1250 iniunximus,
811 1171 888 1255 quia
917 1170 989 1234 lieri
1016 1191 1076 1256 per
1107 1170 1214 1255 ipsum
1244 1174 1428 1253 nequeunt,
1460 1185 1532 1229 oum
1562 1184 1627 1229 non
1649 1164 1755 1252 possit
1776 1185 1852 1248 par-

201 1277 358 1342 sonaliter
384 1277 567 1355 iuteresse,
595 1297 654 1339 vos
684 1275 842 1360 perlicere
867 1274 1016 1358 diligenti
1040 1272 1147 1337 studio
1175 1272 1375 1358 procuretis3
1405 1268 1595 1334 mandatum
1618 1273 1766 1331 nostrum
1789 1272 1852 1332 eto.

200 1386 236 1444 ut
259 1379 388 1466 supral.

308 1499 385 1564 Dat.
408 1500 560 1582 Viterbii,
586 1499 636 1564 XI
659 1499 735 1566 Kal.
759 1499 879 1580 Martii,
903 1519 988 1563 anno
1010 1519 1108 1564 nono.

822 1763 1233 1771 -———.-..-———-——

986 2023 1074 2096 674.

308 2153 498 2266 &reportas
520 2181 576 2247 IX
592 2201 680 2262 propa
701 2181 866 2246 Fridcrr'co
887 2179 1103 2245 Rormnonsm
1125 2181 1308 2262 imperatori
1329 2181 1447 2262 scribit,
1469 2201 1550 2262 quoe
1571 2180 1747 2262 compositio
1768 2179 1853 2242 inter

199 2291 304 2370 ipsam
328 2308 368 2352 cx
384 2291 478 2368 parte
500 2305 567 2350 aaa
589 2289 619 2349 et
642 2284 722 2350 ciues
742 2285 935 2348 Accoaenscs
963 2288 992 2348 ct
1017 2285 1099 2350 ulios
1126 2286 1164 2350 dc
1191 2305 1285 2368 ropac
1308 2285 1593 2368 Hierosolymilorro
1615 2304 1654 2348 ea
1674 2284 1777 2348 alara
1792 2302 1854 2362 per

200 2391 457 2478 [Hennensem]
480 2390 665 2474 magristrum
683 2388 920 2452 Teutonicorum
934 2393 963 2453 et
977 2387 1153 2452 Hearicam
1167 2389 1204 2453 dc
1219 2389 1382 2454 Nasorctls
1400 2393 1429 2452 et
1444 2387 1665 2473 Phlilrirpum]
1685 2387 1723 2451 de
1747 2386 1853 2450 Trecr's

199 2497 314 2582 milites
335 2496 528 2560 Accoaeases
544 2495 718 2572 procurata
741 2491 792 2568 sit,
814 2511 943 2572 eamque
964 2491 1119 2571 hortatur,
1141 2497 1177 2554 at
1198 2513 1265 2556 eam
1287 2492 1432 2556 observet.

1479 2598 1573 2671 1236,
1595 2593 1689 2659 Febr.
1712 2597 1765 2657 21.

304 2684 388 2753 Grep.
406 2682 456 2735 IX
472 2680 541 2749 Ray.
564 2679 623 2734 Vol.
644 2678 677 2742 V,
698 2677 840 2744 1115L1'o.
859 2680 915 2742 IX,
935 2682 1000 2732 390.

301 2767 439 2832 Pcttbost,
458 2766 529 2837 Bep.
548 2769 647 2820 10100.

233 2982 476 3069 Friderioo,
504 2979 805 3054 Romanorum
832 2983 1096 3075 imperatori
1123 3004 1298 3075 semper
1327 2987 1539 3076 auguste,
1566 2979 1812 3055 Ierusalem

752 3108 794 3176 et
820 3102 971 3176 Sicilie
998 3103 1089 3195 regi
1117 3103 1299 3178 illustri.

306 3251 467 3318 Mediator
489 3252 555 3318 Dei
578 3261 611 3319 et
635 3252 813 3336 homiuum,
837 3254 929 3319 Deus
952 3255 1049 3320 homo
1074 3255 1225 3319 Christus
1247 3255 1352 3335 Iesus,
1376 3261 1462 3320 terre
1487 3258 1593 3321 celum
1616 3251 1793 3318 humilians
1816 3255 1852 3313 ut

197 3362 285 3420 terra
306 3356 470 3422 levaretur
496 3358 530 3420 in
559 3359 681 3437 celum,
711 3359 745 3422 in
767 3358 945 3443 peculiaris
975 3358 1169 3424 hereditatis
1200 3381 1257 3424 sue
1280 3359 1424 3424 funiculo
1451 3360 1537 3424 inter
1564 3365 1738 3441 utrumque
1761 3354 1852 3440 pacis
1871 3373 2023 3428 restrum.

197 3459 310 3524 federa
331 3460 512 3546 reparavit,
542 3466 576 3525 et
603 3461 703 3525 fibula
730 3462 836 3526 faetus
865 3462 1039 3526 concordie
1063 3463 1096 3526 in
1126 3485 1162 3528 se
1189 3464 1360 3550 utriusque
1389 3464 1479 3528 salvo
1503 3463 1574 3526 iure
1603 3466 1721 3524 nature
1744 3457 1853 3522 Deum

195 3563 321 3628 homini
344 3565 495 3630 counivit.
542 3563 629 3629 Sane
660 3586 734 3629 cum
763 3565 851 3629 illius
881 3565 961 3629 licet
992 3566 1148 3630 immeriti
1171 3568 1278 3631 loourn
1301 3575 1472 3631 teneamus
1498 3567 1532 3629 in
1562 3564 1674 3644 terris,
1704 3567 1741 3626 ut
1763 3561 1853 3625 vices

197 3669 269 3733 eius
292 3668 448 3748 vicarius,
479 3667 542 3731 etsi
564 3688 630 3731 non
653 3674 809 3753 qnantum
832 3669 913 3732 velit
935 3675 970 3733 et
998 3668 1114 3751 debet,
1143 3670 1260 3734 saltem
1284 3675 1440 3754 quantum
1462 3669 1551 3732 valet
1580 3673 1614 3732 et
1641 3664 1851 3752 permittitur,

120 3792 132 3829 ·.›
199 3771 349 3857 impleat,
377 3770 418 3835 de
447 3777 536 3835 terra
568 3770 716 3856 predicta
748 3771 842 3855 quasi
878 3771 918 3836 de
952 3793 1054 3857 regno
1081 3772 1215 3837 Domini
1250 3772 1410 3838 debemus
1441 3771 1598 3856 colligere
1631 3767 1785 3833 scandala
1818 3771 1852 3830 et
1871 3782 2025 3838 naastan.

197 3893 308 3938 serere
332 3893 395 3957 que
420 3880 496 3938 sunt
517 3875 619 3960 pacis.

305 3978 392 4043 Hinc
415 3986 475 4060 est,
498 3977 584 4064 quod
606 3977 728 4043 dilecto
751 3978 818 4041 filio
842 4026 874 4042 ..
897 3980 1054 4063 magistro
1079 3980 1193 4045 domus
1217 3979 1473 4046 Teutonicorum
1496 4003 1554 4068 pro
1577 3988 1611 4046 te
1635 4002 1674 4045 ac
1699 3977 1850 4044 Conrado

196 4089 273 4146 nato
296 4088 352 4145 tuo
376 4103 419 4146 ex
440 4088 533 4168 parte
556 4102 622 4146 una
644 4088 677 4146 et
699 4080 828 4146 dilectis
851 4082 927 4146 filiis
947 4082 1094 4147 Henrico
1112 4083 1152 4149 de
1174 4083 1341 4148 Nazareth
1365 4093 1398 4149 et
1420 4083 1480 4150 Ph.
1497 4084 1537 4150 de
1554 4083 1668 4150 Trecis
1691 4083 1851 4148 militibus

195 4184 447 4249 Acconensibus
477 4206 537 4273 pro
559 4183 725 4248 nobilibus
749 4190 782 4248 et
808 4185 935 4249 civibus
957 4185 1207 4256 Acconensibus
1235 4209 1274 4252 ac
1304 4189 1377 4252 aliie
1406 4189 1500 4273 regni
1523 4187 1779 4253 Ierosolimitani
1808 4208 1851 4251 ex

119 4332 124 4344 -
197 4289 302 4354 altera
324 4290 496 4354 occasione
528 4295 599 4353 orte
626 4286 789 4352 discordie
817 4289 850 4352 in
879 4295 994 4352 nostra
1015 4291 1182 4375 presentia
1210 4293 1411 4372 constitutis,
1445 4293 1541 4358 nobis
1567 4291 1851 4380 interponentibus

195 4399 307 4478 partes
329 4399 459 4457 nostras
488 4392 564 4458 talis
592 4393 744 4479 provenit
772 4393 946 4458 concordia
975 4394 1061 4459 iuter
1089 4395 1215 4481 ipsos¹:
1246 4396 1400 4461 videlicet
1428 4395 1515 4482 quod
1543 4403 1575 4462 te
1606 4403 1639 4463 et
1664 4396 1850 4460 Conradum

195 4501 307 4560 natum
330 4502 422 4560 tuum
444 4495 487 4560 ad
509 4496 618 4560 omnia
640 4497 712 4561 iura
734 4497 827 4581 regni
850 4497 1006 4583 predicti,
1036 4505 1192 4582 quantum
1216 4499 1258 4562 ad
1279 4500 1526 4584 possessionem
1548 4508 1582 4565 et
1604 4501 1850 4586 proprietatem,

194 4598 292 4683 plene
320 4599 494 4665 restituent
523 4599 557 4663 in
585 4620 624 4664 eo
654 4605 756 4680 statu,
784 4601 818 4664 in
847 4621 911 4685 quo
943 4605 1020 4664 ante
1049 4600 1245 4665 discordiam
1274 4602 1445 4683 extitistis,
1473 4610 1507 4668 et
1537 4603 1656 4668 balivis
1684 4602 1849 4684 obedient,

196 4722 278 4786 quos
302 4701 347 4766 ibi
375 4724 434 4789 pro
457 4709 605 4788 tempore
629 4709 684 4766 tuo
709 4708 743 4766 et
766 4701 914 4767 eiusdem
937 4702 1006 4768 nati
1028 4704 1159 4770 nomine
1183 4703 1317 4770 duxeris
1341 4705 1551 4789 statuendos,
1580 4708 1614 4772 in
1644 4707 1848 4772 ordinatione

133 4823 144 4858 ⁵
197 4811 378 4870 castrorum
403 4813 436 4872 et
458 4807 662 4887 officialium,
685 4807 898 4893 perceptione
922 4805 1108 4872 reddituum
1131 4814 1165 4873 et
1187 4809 1306 4880 iuriam
1329 4809 1484 4891 aliorum,
1508 4832 1571 4896 que
1594 4812 1723 4898 inipso
1746 4831 1848 4896 regno

195 4906 237 4971 ad
260 4929 372 4994 regem
395 4908 436 4974 de
460 4911 595 4995 antiqua
617 4917 650 4975 et
673 4911 809 4976 obtenta
831 4911 1069 4976 consuetudine
1099 4919 1249 4999 spectare
1272 4921 1468 4996 noscuntur,
1498 4915 1598 4980 salvis
1621 4916 1747 4980 assiriis
1770 4937 1849 4979 nec-

195 5032 261 5075 non
288 5013 430 5098 antiquis
459 5021 492 5078 et
517 5014 708 5101 approbatis
737 5014 1029 5079 consuctudinibus
1057 5017 1150 5101 regni
1178 5017 1329 5102 predicti.
1373 5015 1533 5084 Preterea
1555 5017 1738 5082 dissolvent
1760 5039 1849 5082 com·

195 5115 352 5195 muniam,
380 5115 546 5202 deponent
575 5139 779 5204 campanam,
809 5118 1007 5183 amovebunt
1036 5119 1189 5184 consules
1218 5127 1252 5186 et
1279 5121 1468 5207 capitaneos
1494 5121 1536 5186 ab
1565 5122 1613 5187 eis
1641 5127 1717 5207 post
1745 5127 1849 5186 ortam

194 5217 391 5284 discordiam
431 5220 616 5302 ordinatos,
657 5229 690 5287 et
730 5221 961 5287 nichilominus
996 5223 1057 5288 tibi
1096 5245 1134 5288 ac
1172 5224 1279 5290 eidem
1316 5232 1393 5290 nato
1432 5231 1489 5290 tuo
1529 5225 1646 5291 iterato
1680 5223 1849 5289 fidelitatis

116 5518 144 5556 ⁴⁰
306 5517 328 5578 ¹)
347 5517 540 5569 conservatione
559 5517 592 5568 Il.
671 5517 694 5581 b)
712 5518 769 5570 vide
786 5517 833 5568 aab
850 5535 877 5568 a.
897 5523 955 5581 674,
973 5518 1037 5568 εἰσιν(
1054 5521 1177 5586 αιααὶνινο
1194 5529 1218 5571 el
1228 5523 1362 5588 frob-idae
1381 5524 1527 5590 Hospitalis
1543 5523 1666 5606 scriptam
1683 5529 1727 5571 eal.

297 5652 323 5720 1)
345 5651 388 5718 Cf.
407 5651 549 5706 Beraordr'
573 5651 648 5707 Thes.
670 5651 745 5706 Corra
765 5653 850 5708 Grrill.
875 5653 938 5722 Tyr.
957 5652 996 5708 ed.
1019 5651 1128 5718 (ἴαινον,
1147 5657 1166 5708 l.
1185 5655 1271 5725 XIX,
1285 5678 1316 5730 p.
1335 5665 1389 5714 484
1407 5668 1433 5714 ct
1451 5663 1520 5724 loa·
1538 5661 1563 5712 et
1579 5673 1606 5711 α.
1626 5661 1688 5711 656.

1590 5755 1641 5808 it*
