4560 6420
988 425 1035 486 EX
1054 427 1230 488 GREGORH
1248 425 1286 486 ix
1305 427 1485 486 REGISTRO

1193 734 1281 806 803⁴
1321 753 1323 756 ’

523 826 714 939 Graecina
736 857 793 921 IX
809 878 896 939 papa
912 857 1068 942 [Belem]
1089 878 1189 940 nepem
1218 856 1378 939 Unparr'ac
1399 855 1605 936 reprehendit,
1627 854 1710 936 qnod
1725 856 1886 936 praetatis
1907 855 2001 937 rcpni
2024 853 2079 918 sai

414 960 572 1025 licentiam
593 959 637 1023 ad
658 961 822 1024 concilium
844 961 940 1024 eundi
961 962 1171 1045 denepaeere't,
1200 961 1354 1042 qncrsdane
1374 960 1576 1041 difficultates
1602 963 1631 1023 et
1661 961 1786 1023 emnam
1812 960 1958 1040 periendo
1975 979 2078 1039 [erac-

414 1069 529 1143 icecnS,
552 1065 640 1146 cique
662 1063 771 1128 scribit
792 1064 829 1128 de
851 1065 904 1129 eice
926 1069 995 1129 tnta
1016 1065 1081 1131 iares
1100 1066 1263 1146 prensans
1285 1083 1358 1128 esse.
1697 1065 1790 1139 1241,
1813 1062 1906 1126 Febr.
1930 1066 1985 1126 26.

519 1183 602 1252 (ἔτερ.
622 1184 670 1237 IX
687 1184 754 1252 Rep.
775 1184 835 1238 Vol.
858 1185 925 1253 VII,
946 1190 990 1252 51;
1008 1185 1038 1239 in
1055 1185 1206 1255 appendice
1224 1185 1274 1238 snb
1293 1201 1319 1237 n.
1340 1188 1393 1237 781
1410 1189 1616 1236 conterremorata
1629 1189 1695 1252 post
1712 1199 1738 1236 n.
1758 1187 1823 1236 785.
1860 1183 1982 1236 Edinrns
1999 1183 2077 1236 hanc

415 1271 559 1338 epistolam
577 1287 611 1323 ea
629 1269 724 1340 Rapa.
742 1269 813 1325 dnn.
833 1272 894 1324 eccl.
913 1288 939 1325 a.
959 1276 1033 1333 1:241,
1051 1275 1067 1336 §
1086 1277 1200 1338 50-51,
1217 1271 1343 1324 collatam
1360 1287 1420 1323 enar
1436 1269 1559 1335 Tireiner,
1577 1269 1653 1322 Mon.
1670 1269 1737 1337 Unp.
1754 1272 1771 1321 t.
1790 1268 1817 1334 I,
1831 1286 1861 1336 p.
1881 1274 1939 1331 181,
1956 1288 1985 1322 n.
2006 1273 2077 1334 333,

415 1357 463 1424 qni
482 1357 552 1427 Ray.
572 1355 724 1426 exscripsit.

522 1442 656 1507 Petthast,
675 1442 747 1513 Rep.
765 1447 863 1497 10995.

943 1609 951 1626 .
982 1550 1187 1626 ‚illustri
1216 1549 1311 1642 regi
1337 1549 1542 1642 Ungarie.

526 1701 561 1765 Si
583 1702 669 1766 filius
694 1723 730 1766 es
754 1703 912 1782 ecclesie,
945 1703 1044 1765 immo
1075 1701 1152 1785 quia
1179 1701 1250 1764 eius
1283 1722 1320 1765 es
1342 1701 1429 1764 filius
1453 1701 1619 1787 specialis,
1649 1701 1734 1764 sicut
1762 1701 1949 1765 infallibili*
1971 1723 2072 1785 argu·

285 1815 333 1862 10¹1·
347 1819 402 1866 aa.
417 1813 528 1869 mento
556 1813 724 1886 tenemus,
755 1827 820 1870 nou
849 1811 960 1891 potest
986 1812 1019 1870 te
1049 1827 1114 1870 nou
1144 1805 1317 1869 comedere
1349 1806 1440 1869 zelus
1470 1807 1540 1870 eius
1570 1826 1631 1870 nec
1660 1807 1836 1890 opprobria
1857 1807 1926 1869 ulla
1950 1821 2074 1892 expro-

417 1909 579 1973 brantium
596 1917 629 1975 et
651 1911 876 1996 usurpantium
901 1911 972 1974 iura
996 1911 1066 1974 eius
1090 1909 1307 1993 equanimiter
1330 1909 1506 1982 sustinere;
1536 1930 1640 1993 usque
1670 1909 1753 1972 adeo
1784 1909 1927 1972 enimin
1953 1909 2075 1971 timore

418 2012 519 2077 divini
542 2015 682 2077 nominis
707 2020 740 2078 et
763 2015 987 2078 ecclesiastice
1011 2012 1180 2098 dignitatis
1211 2013 1396 2076 reverentia
1424 2019 1457 2075 te
1486 2010 1648 2075 credimus
1678 2011 1873 2092 radicatum,
1903 2018 1940 2075 ut
1969 2011 2076 2075 nichil

418 2137 438 2178 a
461 2117 597 2181 caritate
621 2138 659 2180 ac
682 2117 856 2181 devotione
886 2117 990 2201 ipsius
1019 2123 1051 2179 tc
1074 2117 1184 2179 valeat
1213 2135 1376 2200 separare.
1430 2114 1513 2178 Cum
1539 2115 1638 2198 igitur
1667 2114 1759 2178 cuius
1789 2115 1830 2178 sit
1858 2135 1974 2192 causa,
2009 2136 2075 2198 que

418 2220 460 2284 ad
490 2241 626 2305 presens
659 2221 755 2284 matri
792 2228 847 2285 tue
877 2219 1025 2285 Romane
1065 2221 1205 2284 ecclesie
1240 2219 1410 2284 imminere
1447 2220 1640 2298 dinoscitur,
1682 2219 1842 2284 celsitudo
1877 2220 1972 2303 regia
2006 2239 2073 2281 non

418 2324 557 2408 ignoret,
584 2345 657 2388 eum
681 2324 724 2387 sit
746 2324 878 2410 proprie
901 2325 1044 2410 propria,
1068 2345 1134 2387 nou
1158 2331 1223 2388 tam
1247 2345 1367 2410 sponse
1391 2324 1532 2386 ecclesie
1556 2343 1652 2407 quam
1677 2323 1789 2408 sponsi
1811 2324 1892 2402 eius,
1916 2321 2075 2384 videlieet

418 2427 495 2492 Iesu
519 2426 659 2507 Christi,
683 2427 776 2491 cuius
799 2448 933 2508 nomen,
958 2428 1115 2512 sineque
1139 2429 1264 2491 nullum
1288 2449 1407 2491 nomen
1429 2426 1518 2490 aliud
1541 2434 1592 2491 est
1616 2428 1676 2491 sub
1701 2427 1786 2508 celo,
1809 2427 1842 2491 in
1865 2448 1929 2511 quo
1954 2426 2075 2489 salvari

420 2537 587 2618 oporteat,
615 2530 729 2594 hostes
753 2531 823 2596 eius
847 2532 1041 2616 extinguere
1072 2532 1265 2612 moliuntur,
1293 2537 1428 2616 propter
1455 2529 1541 2615 quod
1570 2537 1660 2595 tanto
1684 2530 1798 2594 lortius
1822 2529 1961 2614 quilibet
1983 2530 2075 2614 prin-

420 2657 498 2720 ceps
522 2635 702 2699 catholicus
725 2635 759 2697 in
782 2635 979 2699 adiutorium
1009 2635 1079 2700 eius
1109 2635 1246 2700 deberet
1274 2656 1467 2719 assurgere,
1498 2643 1618 2721 quanto
1646 2634 1723 2698 fidei
1751 2656 1808 2698 sue
1839 2634 2020 2697 munimina
2043 2633 2077 2696 iu

419 2739 632 2803 fundamento
656 2744 689 2802 et
711 2737 885 2803 fundatore
909 2739 1051 2803 ecclesie
1075 2739 1222 2803 stabilita
1245 2739 1349 2802 cernit
1372 2738 1518 2824 apertius
1542 2739 1666 2820 vitiari,
1695 2744 1728 2803 et
1750 2759 1810 2801 nos
1834 2759 1900 2800 non
1922 2743 1992 2800 tam
2015 2757 2075 2821 pro

420 2843 530 2927 quiete
559 2841 707 2906 Romane
739 2842 879 2906 ecclesie
914 2863 1009 2926 quam
1042 2863 1101 2928 pro
1131 2843 1306 2927 tranquillo
1335 2849 1421 2906 statu
1449 2849 1638 2907 cunctorum
1673 2842 1816 2906 fidelium
1845 2840 1922 2905 Iesu
1953 2840 2075 2904 Christi

420 2947 592 3012 concilium
624 2944 863 3031 providerimus
888 2946 1105 3011 evocandum:
1135 2968 1201 3010 uon
1229 2945 1444 3011 credebamus
1474 2968 1536 3011 nee
1558 2946 1665 3010 adhue
1689 2944 1822 3010 credere
1845 2943 2009 3028 volumus,
2036 2944 2078 3006 ab

420 3050 529 3134 aliquo
553 3049 691 3112 filiorum
716 3050 857 3114 ecclesie
881 3041 915 3114 et
937 3051 1112 3136 presertim
1134 3073 1154 3114 a
1176 3057 1220 3132 te,
1244 3072 1342 3135 quem
1366 3052 1450 3114 inter
1473 3058 1602 3115 eeteros
1624 3072 1721 3134 reges
1745 3049 1924 3113 catholicos
1941 3049 2078 3112 sinceri-

420 3154 499 3217 tatis
520 3152 665 3216 braehiis
694 3153 933 3238 amplexamur,
967 3154 1195 3218 difficultatem
1226 3155 1368 3239 aliquam
1396 3154 1626 3238 ingerendam,
1658 3161 1709 3218 set
1736 3175 1796 3238 per
1817 3159 1850 3218 te
1874 3151 2022 3237 tepidos,
2051 3150 2080 3214 si

421 3257 476 3341 qui
495 3262 608 3320 essent
622 3254 738 3335 lorteb,
762 3255 804 3319 ad
827 3256 888 3320 hoe
911 3258 1019 3343 potius
1043 3257 1281 3322 accendendos.
1325 3256 1419 3320 Licet
1441 3263 1551 3319 autem
1573 3277 1632 3341 pro
1650 3257 1862 3321 excusatione
1875 3255 2079 3339 prelatorum

423 3360 517 3445 regni
540 3358 689 3443 Ungarie
712 3381 829 3446 preces
859 3368 892 3425 et
920 3362 1047 3426 litteras
1077 3362 1172 3425 nobis
1204 3361 1339 3424 duxeris
1369 3359 1598 3441 destinandas,
1629 3367 1662 3425 et
1685 3382 1759 3440 nos,
1790 3360 1865 3443 quia
1887 3358 1948 3421 tibi
1971 3365 2006 3421 et
2028 3358 2078 3421 eis

421 3460 579 3547 expedire
603 3483 668 3526 non
691 3461 847 3542 vidimus,
877 3465 1121 3549 magnificentie
1155 3465 1246 3549 regie
1277 3470 1373 3549 prout
1395 3462 1506 3526 decuit
1528 3463 1718 3528 duxerimus
1741 3461 2021 3548 respondendum,
2053 3461 2079 3522 si

420 3572 530 3630 tamen
560 3566 601 3631 ad
632 3573 665 3631 te
694 3574 805 3633 nostre
834 3570 941 3634 littere
970 3575 1210 3656 pervenerunt:
1242 3569 1319 3652 quia
1341 3574 1451 3632 tamen
1475 3567 1591 3632 eadem
1614 3588 1719 3652 nuper
1746 3587 1806 3652 per
1837 3565 1920 3628 alias
1949 3565 2080 3629 litteras

420 3674 504 3750 tuas,
529 3691 608 3755 quas
626 3670 770 3756 benigne
789 3674 984 3759 recepimus,
1007 3674 1129 3737 nostris
1149 3673 1279 3736 auribus
1296 3673 1478 3752 inculcasti,
1501 3671 1658 3756 quasdam
1675 3672 1885 3736 difficultates
1902 3677 1936 3733 et
1951 3671 2079 3734 viarum

420 3774 567 3858 pericula
588 3773 621 3836 iu
650 3773 774 3839 eisdem
806 3776 924 3841 litteris
954 3774 1184 3861 exprimendo,
1214 3776 1361 3860 regalem
1392 3776 1622 3840 excellentiam
1651 3796 1819 3860 rogamus,
1847 3795 2022 3839 monemus
2046 3780 2082 3837 et

420 3875 588 3941 hortamur
611 3884 747 3958 attente,
771 3885 930 3962 quatenus
955 3879 1032 3963 quid
1056 3880 1164 3961 saluti,
1188 3879 1266 3962 quid
1288 3879 1385 3959 lame,
1410 3879 1487 3964 quid
1511 3879 1626 3943 honori
1649 3885 1705 3943 tuo
1728 3878 1882 3963 expediat
1897 3878 2081 3963 prudenter

421 3979 610 4063 attendens,
642 4003 720 4067 egre
751 4004 816 4047 uon
846 3983 953 4064 ieras,
985 3985 1013 4048 si
1042 3991 1156 4048 contra
1188 3984 1346 4048 honorem
1380 3991 1447 4048 tarn
1474 3989 1620 4046 nostrum
1652 4003 1748 4066 quam
1778 3990 1870 4044 tuum
1904 3982 2083 4066 nequimus

422 4105 567 4148 annuere
591 4086 781 4170 postulatis,
814 4107 887 4150 eum
910 4088 1056 4173 iamper
1079 4085 1144 4150 Dei
1167 4088 1305 4171 gratiam
1329 4087 1376 4150 ita
1398 4086 1438 4150 de
1463 4086 1528 4167 via,
1560 4106 1623 4170 qua
1652 4091 1721 4148 tute
1744 4084 1785 4148 ad
1809 4083 1921 4148 sedem
1945 4091 2083 4170 aposte-

422 4187 517 4251 licam
545 4188 703 4253 accedere
727 4191 875 4270 valeant,
905 4210 1050 4274 congrue
1080 4189 1123 4252 sit
1150 4190 1332 4275 provisum,
1363 4189 1448 4273 quod
1477 4210 1536 4273 per
1558 4190 1630 4252 loca
1658 4189 1854 4252 discriminis
1885 4210 1945 4251 seu
1974 4194 2083 4252 terras

423 4291 627 4355 inimicorum
651 4293 791 4356 ecclesie
815 4293 905 4378 ipsos
929 4293 1052 4357 habere
1076 4295 1250 4357 transitum
1273 4294 1460 4357 nullatenus
1477 4294 1651 4377 oportebit,
1675 4314 1852 4379 superque
1869 4314 1930 4378 per
1945 4295 2082 4358 nuntios

422 4402 552 4458 nostros
576 4397 673 4479 plene
698 4403 851 4480 poterunt
875 4397 1016 4462 edoceri.

531 4513 608 4579 Dat.
632 4515 784 4580 Lateran.
808 4515 877 4578 llll
899 4515 975 4582 Kal.
999 4515 1120 4598 Martii,
1142 4517 1350 4603 pontificatus
1373 4516 1476 4578 nostri
1500 4538 1584 4580 anno
1608 4516 1722 4580 Xllll.

1044 4753 1457 4761 ..Q—..w

1206 4979 1293 5051 804.

531 5071 724 5181 Greporins
747 5100 803 5164 IX
817 5121 907 5180 papa
929 5099 1127 5186 [Matthiae]
1148 5103 1288 5182 episcopo
1312 5103 1538 5185 Striponicnsi,
1567 5104 1622 5185 qni
1645 5103 1768 5168 obtenta
1795 5105 1864 5168 ciac
1885 5105 2086 5186 periculosae

424 5200 468 5265 ad
488 5203 654 5266 conciliant
675 5203 781 5266 venire
802 5205 1005 5282 recusaverit,
1028 5206 1157 5268 nuntiat
1179 5205 1215 5269 dc
1238 5207 1291 5269 eia
1313 5211 1382 5271 tnta
1404 5210 1469 5271 ram
1485 5209 1649 5288 provisam
1670 5229 1749 5286 csse,
1772 5209 1860 5289 ciqrcc
1881 5210 2024 5288 attendat,
2049 5216 2087 5274 nt

424 5306 517 5368 insta
533 5305 636 5385 prirni
658 5305 804 5369 mandati
826 5309 961 5370 tenorem
982 5308 1096 5374 veneat.
1704 5315 1798 5390 1241,
1821 5313 1915 5376 Febr.
1938 5315 1993 5379 26.

529 5423 612 5495 (ἕπῃ.
631 5423 680 5478 IX
698 5425 766 5492 Rep.
784 5425 838 5480 Vol.
854 5426 921 5490 VII,
935 5431 987 5487 52,·
1006 5426 1035 5480 in
1053 5428 1204 5498 appendice
1222 5428 1273 5483 snb
1292 5446 1318 5484 n.
1339 5436 1391 5484 731
1409 5435 1615 5486 commemorata
1629 5441 1695 5502 post
1712 5451 1739 5488 n.
1758 5438 1822 5488 803.

528 5512 667 5578 Potthast,
684 5513 749 5581 ch.
770 5516 866 5568 meat.

527 5722 552 5790 δ)
576 5725 601 5775 Τ.
608 5744 617 5786 ,·
634 5725 756 5775 ineffabili
775 5724 860 5792 Rapa.
965 5724 991 5792 ¹¹)
1015 5729 1042 5778 Τ.
1048 5747 1057 5790 ,·
1075 5731 1165 5781 lortius
1184 5729 1268 5798 Rapa.
