4604 6420
421 404 483 466 346
1006 399 1052 452 EX
1072 399 1247 454 GREGORII
1265 398 1304 452 Ill
1323 395 1504 452 REGISTRO

422 574 612 661 properanti
634 573 687 637 via
709 572 877 638 uideretur
906 572 1004 636 latior
1026 571 1213 658 preparari,
1242 577 1278 634 ut
1305 575 1500 654 assequatur
1528 569 1656 633 facilius
1680 567 1766 652 quod
1789 567 1938 632 intendit.
1982 566 2079 630 Licet

422 678 523 763 igitur
549 698 592 741 ex
623 696 663 741 eo
695 675 781 760 quod
809 675 959 739 inimicos
983 673 1103 738 Christi
1133 673 1302 740 desideras
1330 672 1513 752 debellare,
1545 672 1590 737 sis
1623 670 1710 758 apud
1732 669 1841 736 Deum
1865 677 1899 735 et
1926 671 2077 734 homines

423 781 542 846 merito
575 777 868 860 commendandus,
903 779 979 863 quia
1011 785 1121 844 tamen
1149 779 1211 842 hoc
1240 778 1396 863 temporis
1428 777 1569 863 qualitas
1602 795 1667 840 non
1699 775 1849 860 exposcit
1881 781 1932 841 set
1966 774 2077 861 potius

423 883 598 961 interdicit,
621 882 769 949 districte
794 889 827 948 te
849 903 1018 948 monemus
1042 888 1076 947 et
1092 883 1261 947 hortamur
1276 887 1412 962 attente,
1436 901 1496 966 per
1511 880 1693 966 apostolica
1715 878 1774 942 tibi
1796 877 1918 964 scripta
1940 877 2078 942 firmiter

422 986 634 1074 precipiendo
662 986 871 1066 mandantes,
903 986 1054 1072 quatinus
1085 986 1186 1050 uiehil
1215 1006 1294 1070 agas
1323 985 1468 1082 omnino,
1501 1005 1560 1070 per
1588 981 1675 1067 quod
1703 981 1808 1068 possit
1829 979 1931 1045 Terre
1955 979 2076 1045 Sancte
2143 1023 2149 1037 .

321 1099 323 1106 ’
423 1091 476 1154 vel
498 1089 707 1154 visitantibus
735 1111 808 1154 eam
835 1089 968 1174 aliquod
997 1089 1179 1175 periculum
1206 1089 1392 1169 imminere,
1424 1108 1497 1152 oum
1525 1085 1558 1150 id
1587 1086 1684 1150 facile
1714 1083 1912 1150 redundaret
1942 1083 1976 1147 in
1999 1104 2078 1147 con-

421 1194 585 1259 fusionem
619 1191 719 1256 totius
754 1191 867 1278 populi
901 1191 1088 1256 Christiani.
1148 1191 1304 1277 Alioquin
1339 1191 1367 1255 si
1401 1195 1515 1254 eontra
1548 1187 1737 1253 mandatum
1771 1192 1918 1251 nostrum
1953 1185 2077 1270 aliquid

424 1300 649 1382 attemptares,
672 1316 738 1359 nou
761 1315 933 1381 possemus
957 1294 1174 1380 equanimiter
1190 1295 1363 1374 sustinere,
1387 1294 1465 1377 quin
1488 1313 1663 1358 excessum
1686 1297 1778 1355 tuum
1795 1289 2077 1354 animadversione

423 1399 537 1465 debita
558 1399 758 1484 puniremus.

534 1516 622 1584 Data
642 1518 797 1583 Lateran.
818 1516 887 1580 ΠΠ
909 1515 985 1584 Kal.
1008 1517 1129 1600 Martii,
1153 1517 1361 1605 pontificatus
1384 1515 1488 1581 nostri
1510 1537 1595 1580 anno
1618 1520 1742 1601 quarto.

1045 1812 1455 1821 Μ...-

1206 2103 1312 2175 4989

528 2216 719 2326 Greyorius
733 2242 790 2307 IX
805 2264 897 2337 papo
917 2243 1119 2308 Fridericum
1134 2241 1349 2306 Romanorum
1372 2215 1588 2322 imperatorem
1609 2245 1719 2319 moreat,
1741 2244 1777 2304 at
1798 2240 2028 2320 Hospitalariis
2048 2242 2079 2302 et

424 2346 631 2428 Tmurloriis,
670 2347 739 2410 siae
770 2345 884 2427 quibus
923 2345 1024 2410 Terra
1056 2333 1176 2411 Sancta
1209 2365 1408 2426 nequaquam
1448 2344 1594 2409 credatur
1623 2363 1712 2425 posse
1743 2343 1929 2427 pudentem,
1967 2341 2078 2407 ablata

421 2450 575 2528 rarescat,
598 2448 753 2530 muamus
774 2448 818 2514 ed
838 2469 909 2514 eom
929 2449 967 2514 ⁶²³
989 2449 1047 2514 ¹¹⁰⁶
1069 2469 1104 2514 ’Β
1125 2448 1266 2514 “llam''
1291 2448 1496 2517 (mm
1708 2536 1792 2598 1231
1823 2531 1908 2598 Fur
1938 2534 1983 2595 26

526 2655 607 2722 Grep.
625 2653 675 2707 IX
690 2653 759 2724 aeq.
782 2652 839 2706 Vol.
856 2652 901 2721 11,
921 2653 1049 2721 5151At.
1067 2653 1121 2719 IV,
1139 2659 1211 2710 111⁵.
2135 2657 2160 2696 1⁵

524 2739 659 2807 Potitust,
678 2738 748 2810 Ray.
767 2740 852 2793 8663.

615 2983 862 3073 Friderico,
889 2984 1188 3060 Romanorum
1211 2987 1478 3078 imperatori
1504 3007 1677 3078 semper
1704 2988 1891 3078 augusto

1076 3111 1117 3180 et
1143 3105 1238 3197 regi
1265 3106 1423 3180 Sicilie.

537 3250 572 3315 Si
595 3273 672 3318 vere
696 3251 864 3318 desideras
888 3253 971 3319 sicut
994 3254 1100 3335 decet,
1125 3261 1162 3319 ut
1184 3252 1285 3318 Teme
1303 3253 1423 3319 Sancte
1446 3254 1614 3339 negotium
1637 3275 1701 3318 non
1724 3253 1875 3318 turbetur
1897 3259 1948 3317 set
1970 3252 2079 3339 potius

426 3353 595 3440 dirigatur,
619 3356 755 3442 expedit
776 3361 813 3420 ut
834 3356 1077 3443 Hospitalarios
1101 3363 1135 3422 et
1157 3357 1374 3443 Templarios,
1397 3379 1457 3443 per
1480 3378 1561 3442 quos
1584 3363 1673 3422 terra
1695 3357 1752 3421 illa
1775 3362 1826 3422 est
1849 3357 1936 3422 inter
1956 3356 2078 3420 multas
2132 3376 2160 3414 so

426 3457 594 3542 augustias
625 3458 783 3524 hactenus
811 3460 1009 3545 gubernata,
1046 3467 1079 3524 et
1109 3459 1181 3525 sine
1212 3460 1330 3545 quibus
1359 3480 1565 3546 nequaquam
1593 3482 1692 3546 posse
1720 3461 1865 3526 creditur
1890 3459 2078 3546 gubernari,

427 3561 517 3625 nulla
540 3562 769 3628 molestatione
792 3562 928 3648 fatiges,
961 3570 1013 3628 set
1036 3564 1145 3649 potius
1170 3563 1400 3629 beneficientie
1424 3565 1530 3649 gratia
1551 3565 1780 3650 prosequaris,
1806 3566 1853 3629 sio
1876 3585 1977 3650 agens
1999 3585 2078 3649 pro-

426 3664 535 3750 prium
556 3665 729 3746 interesse,
751 3673 789 3731 ut
810 3667 897 3754 apud
912 3667 1022 3733 Deum
1038 3667 1294 3754 incomparabile
1316 3666 1377 3732 tibi
1399 3669 1553 3732 meritum
1570 3689 1740 3755 compares
1764 3675 1798 3735 et
1821 3669 1906 3756 apud
1928 3668 2079 3732 homines

428 3788 548 3832 nomen
574 3768 706 3834 bonurn.
761 3769 848 3836 Sane
875 3778 912 3835 ut
940 3777 1108 3836 taceamus
1141 3771 1227 3856 quod
1256 3772 1352 3837 nobis
1382 3772 1579 3837 mordaciter
1606 3771 1839 3859 exprobratur,
1870 3770 1957 3856 quod
1984 3770 2079 3857 quasi

426 3877 656 3936 momentanea
679 3871 807 3938 videtur
829 3873 931 3939 luisse
953 3876 1120 3960 possessio
1143 3874 1184 3940 de
1207 3875 1288 3956 illis,
1311 3895 1373 3960 que
1395 3896 1456 3961 per
1477 3896 1537 3940 nos
1561 3875 1624 3939 sibi
1647 3874 1799 3940 restituta
1822 3875 1969 3954 fuerunt,
1991 3895 2078 3939 nunc
2131 3891 2158 3931 ²⁵

425 3972 557 4038 illorum
584 3995 761 4060 gravamen
789 3983 822 4041 et
849 3976 1065 4042 amaritudine
1094 3978 1226 4063 plenam
1253 3998 1317 4041 non
1348 3997 1525 4064 possumus
1556 3976 1712 4042 obaudire
1742 3977 1924 4062 querelam,
1952 3978 2077 4042 lamen-

428 4077 566 4141 tantium
590 4079 676 4163 quod
698 4101 803 4167 nuper
826 4087 902 4145 sunt
927 4087 960 4144 et
981 4081 1055 4144 aliis
1085 4081 1228 4166 spoliati,
1252 4101 1324 4145 cum
1347 4101 1408 4145 nec
1430 4080 1554 4144 vellent
1575 4101 1637 4144 nec
1660 4081 1808 4146 valerent
1830 4080 1908 4145 iuris
1932 4079 2079 4147 ordinem

428 4179 603 4246 declinare.
649 4180 758 4255 Quare
781 4204 847 4247 non
870 4189 921 4248 est
943 4183 1088 4264 dubium,
1111 4184 1188 4268 quin
1212 4182 1330 4248 exinde
1355 4183 1469 4268 gravia
1490 4183 1618 4268 possint
1640 4183 1742 4248 Terre
1764 4183 1884 4248 Sancte
1907 4181 2080 4270 dispendia

427 4282 612 4363 imminere,
643 4305 716 4348 cum
744 4284 928 4370 indigentia
954 4286 1142 4351 laborantes
1165 4306 1231 4351 non
1257 4285 1415 4366 babeant,
1444 4283 1532 4350 unde
1559 4292 1681 4351 terram
1704 4287 1809 4373 ipsam
1830 4285 1962 4350 valeant
1986 4306 2078 4351 more

428 4385 525 4449 solito
549 4385 731 4453 defensare.
775 4387 821 4452 Ut
850 4388 951 4474 igitur
981 4388 1182 4455 conscientie
1211 4387 1342 4475 proprie
1371 4408 1432 4453 nee
1460 4409 1529 4452 nou
1557 4387 1644 4454 fame
1674 4395 1742 4454 tam
1768 4395 1879 4454 nostre
1901 4409 1998 4475 quam
2020 4395 2078 4454 tue
2131 4415 2158 4456 ao

427 4487 562 4573 provide
587 4490 748 4570 consulas,
771 4490 975 4577 imperialem
999 4490 1228 4557 celsitudinem
1250 4511 1413 4576 rogamus,
1437 4511 1607 4556 monemus
1630 4498 1665 4556 et
1686 4492 1855 4556 hortamur
1876 4492 1910 4556 in
1925 4491 2079 4572 Domino,

428 4590 581 4676 quatinus
604 4591 730 4676 eligens
752 4595 862 4678 potius
885 4595 973 4659 vinci
994 4593 1218 4660 misericordie
1240 4593 1384 4680 pietate,
1415 4593 1468 4659 eui
1498 4599 1609 4660 cetere
1632 4594 1772 4659 uirtutes
1801 4593 1919 4660 cedere
1946 4595 2079 4661 minime

428 4692 656 4778 dedignantur,
680 4715 775 4781 quam
799 4697 926 4764 iustitia
949 4704 1147 4784 exasperata
1170 4697 1293 4778 notari,
1316 4695 1412 4761 dictis
1435 4696 1670 4783 Hospitalariis
1693 4704 1728 4762 et
1750 4696 1946 4784 Templariis
1969 4697 2080 4762 ablata

429 4797 557 4861 restitui
580 4795 681 4862 facias
703 4799 866 4883 universa,
890 4801 937 4866 ita
959 4799 1045 4886 quod
1062 4798 1206 4864 divinam
1231 4799 1335 4864 evites
1359 4799 1519 4864 offensam
1544 4805 1577 4864 et
1599 4821 1660 4866 nos
1682 4798 1967 4866 mansuetudinem
1988 4807 2080 4865 tuam

407 4895 591 4986 'possimus
622 4902 737 4966 merito
773 4903 1019 4984 commendare,
1058 4924 1131 4968 curn
1165 4903 1247 4967 alias
1279 4902 1471 4988 patientiam
1505 4909 1651 4968 nostram
1688 4903 1786 4968 variis
1821 4904 2078 4970 detractionibus
2131 4929 2158 4968 ss

428 5024 595 5090 exponere
623 5005 792 5072 videreris.
836 5005 883 5070 Ut
913 5011 1022 5070 autem
1052 5027 1152 5092 super
1178 5006 1241 5071 hoc
1272 5006 1402 5093 plenius
1433 5006 1494 5071 tibi
1515 5013 1664 5073 nostrum
1687 5008 1891 5073 insinuemus
1913 5007 2078 5088 affectum,

427 5106 462 5171 in
493 5127 550 5173 ore
580 5106 692 5173 dilecti
722 5110 781 5176 filii
811 5111 1004 5176 ..abbatis
1033 5111 1214 5177 Oasemarii
1242 5112 1412 5199 posuimus
1442 5111 1544 5177 verba
1571 5118 1701 5195 nostra,
1731 5111 1849 5198 quibus
1880 5117 1913 5177 te
1943 5111 2080 5179 credere

427 5209 576 5275 volumus
598 5210 834 5279 incunctanter.

534 5328 622 5396 Data
642 5332 795 5400 Lateran.
817 5334 868 5400 IV
891 5334 966 5442 Kal.
989 5335 1111 5418 Martii,
1132 5337 1342 5424 pontificatus
1365 5337 1468 5404 nostri
1492 5357 1577 5402 anno
1600 5343 1725 5422 quarto.
1759 5395 1765 5410 ,

535 5523 664 5530 --—.-

532 5658 555 5725 ¹)
573 5661 629 5714 Lib.
648 5661 694 5724 IV,
713 5659 851 5714 1131113.
865 5681 895 5730 p.
915 5667 982 5726 aaa·
999 5661 1035 5730 es.
1052 5681 1079 5716 a.
1097 5669 1160 5732 423,
1176 5673 1228 5719 not.
1246 5685 1272 5720 a.
