4596 6406
795 371 996 428 EPISTOLAE
1014 370 1204 429 sathanan.
1241 373 1317 429 1238.
1407 431 1408 434 ,

1014 674 1098 746 793.

332 785 529 882 Arbitrium
552 816 708 880 Iohannis
731 815 816 879 titali
832 814 967 878 Sanctae
983 813 1140 880 Praaedis
1157 814 1333 896 presbyteri
1355 813 1530 879 cardinalis
1550 815 1588 878 de
1607 815 1750 895 personia,
1772 835 1868 898 qnam

225 925 383 1008 Hesp-ericio
407 921 560 986 Iohannis
582 919 647 984 Icto
668 923 697 982 el
711 918 774 982 Leo
792 917 924 1003 sioelres,
946 918 1026 982 eires
1047 917 1194 994 Romani,
1216 917 1373 999 qnondam
1398 916 1618 1003 Tffiooderioo]
1639 918 1868 1000 archiepiscopo

229 1026 407 1096 Coloniensi
430 1027 536 1088 rnnleeo
557 1023 718 1088 dederant.
1517 1024 1610 1100 1238,
1632 1021 1733 1087 Mart.
1757 1025 1787 1087 5.

332 1145 414 1217 Grep.
434 1146 483 1199 IX
500 1143 569 1212 Rep.
591 1143 649 1198 Vol.
674 1144 703 1208 V,
723 1146 887 1209 eor-36&
905 1142 967 1196 Lih.
987 1142 1042 1210 XI,
1062 1146 1124 1196 462.

354 1323 623 1417 Huguicioni
650 1322 864 1396 Iohannis
890 1324 981 1396 Iete
1009 1328 1052 1396 et
1077 1321 1214 1396 Leoni
1242 1320 1478 1411 IratrihuS,
1505 1321 1747 1396 Romanis.

312 1474 351 1538 In
374 1473 504 1538 nomine
521 1471 664 1536 Domini.
709 1471 779 1536 Nos
795 1472 958 1537 Iohannes
982 1471 1193 1536 miseratione
1216 1469 1326 1534 divina
1349 1471 1434 1534 tituli
1458 1469 1579 1535 Sancte
1602 1469 1761 1535 Praxedis
1784 1491 1877 1556 pres-

223 1581 319 1665 byter
342 1576 517 1642 cardinalis
541 1583 654 1640 notum
682 1575 753 1639 fieri
776 1577 926 1640 volumus
954 1576 1115 1640 universis
1147 1565 1334 1660 presentem
1363 1575 1515 1660 pagiuam
1549 1574 1756 1661 inspecturis,
1792 1574 1876 1660 quod

224 1705 297 1748 cum
332 1702 445 1760 causa,
483 1700 545 1765 que
580 1700 678 1766 super
710 1678 848 1764 quadam
879 1681 1017 1766 pecunie
1041 1679 1223 1764 quantitate
1246 1678 1332 1742 inter
1355 1677 1600 1763 Huguicionem
1624 1678 1780 1742 Iohannis
1803 1676 1874 1741 Icto

224 1793 257 1852 et
271 1787 417 1850 Leonem
442 1785 576 1848 fratrem
599 1804 704 1861 suurn,
728 1784 816 1848 cives
840 1791 873 1848 et
896 1789 1095 1874 mercatores
1120 1781 1296 1862 Romanos,
1324 1803 1367 1846 ex
1389 1803 1455 1847 una
1478 1789 1571 1868 parte
1595 1789 1628 1847 et
1650 1780 1873 1846 venerabilem

225 1897 352 1977 patrem
376 1887 606 1953 Coloniensem
635 1887 917 1974 arehiepiscopum
941 1908 983 1951 ex
1007 1887 1111 1950 altera
1133 1885 1331 1966 vertebatur,
1361 1884 1456 1950 nobis
1480 1893 1569 1951 esset
1591 1906 1611 1949 a
1633 1884 1764 1950 domino
1787 1906 1874 1972 papa

224 1993 407 2073 commissa,
442 1991 589 2079 predicto
614 1989 824 2078 Huguiciope
858 2013 916 2077 pro
942 2014 977 2056 se
1013 1997 1046 2055 et
1068 1990 1286 2076 procuratoris
1315 1990 1445 2054 nomine
1467 2011 1526 2076 pro
1548 1989 1661 2055 Leone
1684 1991 1812 2076 prefato
1835 2011 1873 2054 ac

224 2095 428 2161 Theoderico
459 2101 671 2181 procuratore
699 2095 939 2182 archiepiscopi
968 2095 1140 2159 memorati
1170 2095 1204 2158 in
1226 2101 1340 2158 nostra
1362 2094 1532 2180 presentia
1554 2094 1752 2172 constitutis,
1784 2093 1872 2158 idem

223 2197 389 2285 Huguicio
407 2199 556 2264 libellum
570 2199 656 2285 parti
672 2197 810 2263 adverse
833 2199 867 2263 in
890 2198 950 2263 hae
972 2198 1077 2263 forma
1104 2198 1265 2284 porrexit:
1294 2195 1429 2278 ‘Coram
1451 2198 1555 2277 vobis,
1578 2197 1764 2264 venerande
1780 2204 1876 2285 pater

224 2303 354 2368 domine
375 2301 564 2382 cardinalis,
588 2323 683 2388 quem
708 2302 858 2368 dominus
886 2324 972 2389 papa
1000 2302 1091 2367 dedit
1121 2303 1267 2388 partibus
1296 2301 1488 2382 auditorem,
1517 2309 1593 2388 peto
1623 2324 1684 2388 ogo
1707 2302 1874 2387 Huguicio

223 2408 378 2473 Iohannis
400 2407 470 2472 Icto
504 2429 563 2494 pro
598 2429 649 2484 me
685 2413 718 2470 et
740 2407 840 2470 fratre
870 2427 943 2471 meo
967 2405 1096 2486 Leone,
1130 2407 1222 2470 euius
1250 2428 1322 2470 sum
1352 2413 1561 2492 procurator,
1596 2406 1681 2492 quod
1711 2428 1784 2471 eum
1814 2427 1874 2470 nos

212 2489 354 2577 ‘domino
378 2510 415 2575 Τ.
442 2508 631 2575 Coloniensi
654 2511 901 2597 archiepiscopo
924 2511 958 2574 in
981 2511 1130 2574 Romana
1154 2511 1243 2576 curia
1272 2511 1450 2576 existenti²
1473 2518 1596 2576 tantam
1619 2512 1874 2576 mutuaverimus

221 2615 361 2702 pecunie
386 2615 613 2700 quantitatem,
652 2613 738 2700 quod
760 2613 846 2678 idom
871 2615 1042 2679 confessus
1067 2623 1117 2679 est
1147 2636 1182 2679 se
1206 2614 1301 2679 nobis
1325 2616 1430 2680 teneri
1458 2616 1492 2679 in
1514 2616 1603 2680 mille
1627 2623 1757 2682 centum
1781 2615 1875 2700 quin-

222 2719 376 2804 quaginta
391 2717 509 2781 marcis
529 2716 699 2798 bonorum,
724 2739 882 2782 uovorum
904 2725 937 2783 ct
960 2720 1114 2804 legalium
1138 2719 1401 2804 sterlinguorum,
1425 2719 1583 2784 tredecim
1607 2719 1720 2784 solidis
1744 2726 1777 2783 et
1793 2739 1872 2803 qua-

223 2828 297 2886 tuor
332 2820 498 2906 storliugis
532 2843 590 2908 pro
625 2843 734 2886 marca
767 2822 912 2907 qualibet
948 2823 1160 2908 computatis,
1194 2829 1226 2887 et
1261 2822 1399 2887 eandem
1434 2822 1572 2888 reddere
1606 2823 1700 2888 nobis
1734 2828 1790 2885 aut
1817 2822 1874 2886 uni

145 2959 151 2970 ·
224 2930 369 2988 nostrum
392 2932 449 2989 aut
472 2933 560 2988 certo
585 2933 695 2990 nostro
724 2926 837 2991 nuntio
861 2932 938 2990 tunc
961 2928 993 2991 in
1015 2927 1174 3013 proximis
1197 2927 1350 2992 nundinis
1380 2928 1485 2992 sancti
1512 2927 1635 3012 aigulfi
1658 2926 1873 3014 promiserim

222 3033 362 3112 quatuor
383 3027 500 3091 diebus
523 3037 698 3114 antequam
724 3030 934 3096 clamaretur:
960 3030 1063 3095 Here!
1087 3030 1223 3110 Hare!³,
1247 3031 1305 3095 tali
1321 3041 1434 3098 tenore
1459 3031 1611 3097 adiuncto
1626 3029 1714 3117 quod
1731 3031 1759 3094 si
1776 3029 1872 3094 dictis

222 3131 295 3195 loco
319 3137 352 3194 et
375 3131 514 3196 termino
536 3154 599 3197 non
617 3133 769 3213 solveret,
793 3141 961 3199 teneretur
976 3134 1017 3199 de
1034 3135 1172 3218 singulis
1188 3134 1342 3198 nundinis
1359 3137 1391 3199 in
1408 3135 1568 3200 nundinas
1585 3136 1713 3200 solvere
1729 3155 1888 3200 marcam.

222 3256 319 3300 unam
353 3257 411 3322 pro
446 3237 582 3321 singulis
611 3237 726 3302 decem
757 3239 875 3302 mareis
905 3260 977 3302 curn
1007 3239 1162 3324 expensis
1190 3239 1287 3302 unius
1311 3241 1512 3320 mercatoris,
1544 3261 1618 3303 cum
1640 3260 1705 3304 uuo
1729 3259 1814 3325 equo
1838 3244 1872 3302 et

222 3361 287 3404 uno
311 3341 475 3405 serviente
498 3363 603 3426 usque
628 3341 669 3405 ad
692 3342 888 3406 solutionem
911 3344 1011 3407 totius
1035 3342 1148 3424 debiti,
1172 3365 1246 3408 cum
1268 3329 1426 3430 dampno,
1462 3344 1615 3429 expensis
1640 3351 1673 3407 et
1695 3343 1873 3407 interesse:

223 3442 310 3507 uude
334 3451 425 3528 peto,
454 3454 490 3510 ut
513 3466 586 3509 cum
610 3445 644 3508 in
665 3443 752 3509 dicto
776 3446 915 3510 termino
938 3467 999 3511 nee
1023 3453 1138 3532 postea
1161 3448 1259 3512 fuerit
1282 3447 1398 3513 eadem
1426 3468 1552 3511 summa
1580 3449 1700 3528 soluta,
1734 3465 1871 3512 venera·

221 3543 321 3612 bilem
344 3554 469 3633 patrem
493 3598 500 3612 .
525 3599 532 3614 .
557 3571 641 3614 nunc
666 3548 898 3613 Coloniensem
921 3550 1235 3637 archiepiscopum⁴,
1259 3552 1314 3637 qui
1345 3551 1450 3617 eidem
1475 3551 1635 3617 suecessit
1658 3551 1691 3615 iu
1714 3571 1814 3614 onere
1837 3555 1870 3613 et

222 3649 357 3730 honore,
380 3650 422 3714 ad
443 3651 639 3716 solutionem
664 3652 843 3738 plenariam
866 3652 1024 3718 dictarum
1048 3655 1137 3719 mille
1169 3663 1300 3721 eentum
1323 3654 1557 3741 quinquaginta
1579 3675 1761 3719 marearum
1784 3673 1873 3717 oom-

222 3753 362 3838 pellatis,
387 3760 420 3818 et
442 3761 520 3840 peto
540 3755 646 3844 ipsum
676 3757 907 3843 condempnari
934 3758 1026 3822 iuxta
1054 3761 1303 3824 conventionem
1319 3759 1359 3824 ad
1377 3759 1631 3824 satisfactionem
1649 3757 1872 3844 dampnorum,

222 3878 444 3945 expensarum
460 3865 493 3923 et
510 3859 683 3936 interesse,
707 3883 770 3946 que
793 3863 902 3926 omnia
926 3863 1048 3927 extimo
1072 3862 1244 3927 duodecim
1262 3864 1351 3928 milia
1367 3884 1557 3942 marcarum,
1576 3863 1664 3927 saluo
1693 3862 1762 3926 iure
1786 3859 1874 3926 etc.¹¹’

225 3960 283 4025 Set
306 3960 412 4026 dictus
435 3971 627 4048 procurator
650 3965 742 4029 litem
773 3965 987 4030 contestando
1011 3966 1143 4051 negavit
1171 3988 1249 4032 vera
1276 3989 1350 4032 esse
1382 3967 1415 4030 in
1445 3967 1558 4031 libello
1581 3972 1713 4030 narrata
1735 3971 1769 4030 et
1790 3963 1875 4029 dixit

221 4066 326 4151 petita
357 4066 430 4130 fieri
465 4088 529 4131 non
564 4066 696 4134 debere.
742 4066 816 4132 Lite
847 4069 945 4154 igitur
976 4090 1084 4133 eoram
1107 4068 1201 4134 nobis
1223 4071 1383 4155 legittime
1408 4075 1591 4134 contestata
1614 4077 1646 4134 et
1669 4069 1710 4134 ab
1733 4075 1873 4152 utraque

221 4177 313 4255 parte
348 4171 485 4255 prestito
521 4171 704 4258 calumpnia
739 4172 933 4250 iuramento,
969 4173 1075 4238 dietus
1099 4173 1265 4259 Huguicio
1303 4196 1393 4240 suam
1421 4175 1636 4239 intentionem
1660 4192 1760 4258 super
1783 4177 1871 4235 sorte

221 4274 325 4360 petito
347 4279 413 4338 tam
436 4296 495 4361 per
512 4276 639 4340 litteras
655 4277 734 4341 dicti
751 4277 787 4341 T.
808 4277 1014 4341 Coloniensis
1038 4277 1279 4364 archiepiscopi
1301 4298 1396 4363 quam
1420 4300 1479 4366 per
1501 4276 1634 4364 publiea
1656 4275 1874 4341 instrumenta

222 4379 255 4442 in
284 4376 439 4442 iudicium
470 4401 579 4444 eoram
610 4381 705 4445 nobis
730 4380 889 4466 producta
912 4380 1073 4458 fundauit,
1103 4383 1318 4466 exceptiones
1344 4382 1500 4466 quasdam
1523 4389 1617 4469 parte
1640 4383 1744 4447 altera
1766 4400 1868 4466 oppo-

222 4489 335 4562 nente,
371 4481 403 4545 in
433 4504 568 4569 quarum
597 4483 789 4570 probatione
821 4485 853 4548 in
883 4484 1021 4549 dirersis
1061 4485 1306 4567 sibiPruvini0,
1344 4484 1492 4551 Bononio
1533 4495 1566 4552 at
1588 4486 1692 4550 Rome
1724 4483 1872 4549 terminis

221 4585 397 4668 assignatis
421 4586 552 4654 defecit.
596 4588 665 4652 Nos
698 4589 799 4674 igitur
820 4587 940 4652 auditis
964 4588 1039 4654 hino
1065 4587 1187 4676 [inde]d
1209 4590 1400 4676 propositis,
1431 4591 1506 4676 quia
1535 4591 1682 4677 prefatus
1705 4587 1870 4674 Huguieio

222 4688 392 4754 confessus
415 4697 466 4755 est
490 4692 522 4754 in
546 4690 666 4754 iudicio
691 4711 800 4754 coram
823 4692 929 4772 uobis,
952 4691 1039 4777 quod
1062 4692 1252 4778 principalis
1276 4701 1309 4756 et
1332 4714 1409 4757 vera
1433 4715 1504 4758 sors
1520 4693 1659 4780 predicti
1678 4693 1781 4757 mutui
1797 4701 1869 4756 tau·

328 4951 350 5014 Ι)
377 4953 491 5016 promisit
517 4950 547 5002 R.
648 4951 671 5017 Ι’)
694 4951 864 5002 aedicationem
889 4953 926 5002 ita
946 4954 1007 5018 sere
1029 4954 1175 5018 perrarisce
1192 4953 1303 5004 cicietur:
1329 4953 1450 5014 addendi,
1477 4955 1499 5004 si
1517 4955 1611 5004 maiora
1637 4954 1732 5003 inerint
1755 4953 1872 5018 dampna,

220 5051 331 5102 expenso
354 5045 379 5086 ot
401 5037 535 5100 interessm
562 5039 596 5102 rs.
615 5056 653 5116 ep..
676 5056 701 5088 a.
726 5042 803 5100 1240,
826 5039 911 5104 April.
933 5043 963 5090 21
985 5049 1008 5090 et
1026 5040 1129 5105 Ficler,
1151 5041 1213 5091 Ital.
1232 5040 1338 5092 Forsrlr.
1358 5049 1374 5090 t.
1395 5039 1411 5089 1
1418 5039 1446 5103 V,
1464 5059 1492 5106 p.
1512 5043 1574 5092 32⁸.
1679 5043 1700 5102 ο)
1724 5038 1820 5089 Prurin
1839 5037 1871 5087 II.

223 5121 249 5188 ὖ)
268 5124 326 5175 inde
345 5123 412 5174 sleeet
430 5125 457 5174 in
475 5124 506 5175 Il.

325 5225 351 5292 1)
380 5224 482 5278 Formo
514 5224 706 5294 inscriptionis
740 5227 865 5281 indicare
895 5228 1005 5282 ridetur
1033 5228 1181 5282 arbitrium
1213 5247 1230 5284 a
1258 5245 1337 5298 papa
1370 5229 1561 5297 confirmatam
1590 5243 1653 5281 esse.
1758 5225 1785 5290 ⁴2)
1815 5223 1871 5278 Hic

221 5315 334 5363 a.121:.’
358 5313 423 5379 post
449 5310 648 5380 depositionem
672 5329 750 5366 snam
770 5313 886 5368 Romam
907 5315 1051 5384 profectus
1072 5319 1140 5380 erat,
1170 5315 1219 5368 ahi
1241 5322 1272 5369 at
1288 5315 1489 5380 restitueretur,
1511 5313 1624 5382 frustra
1647 5312 1791 5368 laborarit.
1828 5310 1872 5364 De

219 5396 320 5450 ‹lehitis
342 5395 377 5450 ab
404 5412 435 5450 eo
456 5400 606 5454 contractis
632 5399 670 5467 cf.
689 5399 796 5464 Fictor,
827 5402 977 5472 Erryelhert
1003 5402 1052 5455 der
1080 5402 1202 5469 Heilipe,
1226 5418 1256 5470 p.
1281 5405 1326 5455 58.
1431 5403 1458 5468 3)
1485 5399 1633 5454 Nundinoe
1657 5399 1747 5453 sancti
1767 5397 1872 5466 Aipulp'

220 5483 342 5536 Prnoini
359 5481 504 5552 [Pron-ins,
523 5486 583 5554 clip.
601 5484 682 5539 Scine
700 5492 726 5540 et
744 5487 858 5556 Marna]
877 5505 964 5542 mense
982 5489 1055 5556 Sept.
1073 5487 1252 5543 liniebantur.
1289 5487 1386 5541 I'inern
1409 5504 1503 5542 rarum
1527 5487 1666 5541 indicebat
1681 5500 1796 5555 praeco,
1824 5485 1873 5554 qai

142 5593 168 5632 45
222 5573 327 5624 stratas
341 5587 511 5640 percurrens
530 5573 622 5627 llere!
640 5571 735 5626 Horo!
761 5573 904 5628 clamabat.
942 5575 962 5628 1
965 5573 1122 5640 ahainoille,
1153 5573 1227 5628 IIist.
1246 5572 1293 5627 dre
1318 5573 1385 5628 duce
1406 5580 1431 5628 et
1449 5573 1498 5628 des
1519 5576 1615 5628 comtes
1638 5571 1671 5626 ele
1691 5571 1872 5640 Chanrpaprrc,

219 5659 238 5711 i.
257 5655 318 5718 111,
336 5675 363 5725 p.
382 5663 440 5709 2:1³
458 5662 483 5710 et
504 5663 562 5712 rsit.
668 5661 696 5722 4)
718 5659 875 5716 ilenrionrn.
