4560 6420
445 426 506 487 720
1015 415 1063 472 EX
1082 415 1257 472 GREGOltIl
1276 415 1314 469 IX
1333 414 1514 470 REGISTRO

442 597 535 661 vobis
570 595 737 659 licentiam
769 591 949 658 concedere
982 611 1180 656 curaremus.
1235 588 1304 654 Nos
1333 589 1434 676 igitur
1464 591 1584 658 vestris
1619 588 1917 680 supplicationibus
1954 589 2107 656 inclinati

443 699 610 766 licentiam
633 699 726 763 vobis
750 696 959 762 concedimus
982 695 1189 782 postulatam.

549 820 626 888 Dat.
648 821 801 887 Lateran.
825 817 874 884 VI
895 817 973 885 Idus
997 817 1092 900 Iunii,
1116 819 1200 882 anuo
1224 815 1477 904 decimoquinto.

1062 1066 1475 1075 ——o—-u—-w—-u

547 1372 737 1485 Grauius
759 1401 815 1466 IX
829 1421 921 1482 papa
941 1398 1090 1484 [Iacobo]
1111 1399 1249 1478 episcopo
1272 1397 1481 1462 Praenestino
1502 1402 1531 1462 et
1553 1398 1661 1462 ceteris
1687 1398 1723 1462 in
1751 1398 1933 1478 captivitate
1964 1398 2106 1478 inspera-

437 1508 516 1570 tora's
542 1505 746 1569 calcantibus
775 1505 897 1569 litteras
923 1501 1148 1567 ccmolatorics
1177 1501 1290 1578 metria·
1317 1500 1529 1582 conqueritur,
1560 1500 1642 1581 quod
1672 1501 1844 1584 Gregorius
1873 1501 1910 1564 de
1939 1499 2105 1564 Roraarrr'a

439 1607 647 1693 sufficientem
660 1609 823 1691 palearum
839 1625 1002 1670 nullarum
1017 1625 1081 1668 aaa
1090 1606 1266 1686 paraverit,
1290 1609 1319 1669 et
1338 1608 1432 1686 optat,
1454 1609 1490 1668 ut
1511 1607 1595 1670 circo
1618 1606 1882 1687 tranquillitatem
1906 1603 2055 1668 ccclesiae
2078 1605 2108 1666 et

435 1733 543 1794 pacem
567 1711 651 1776 orbis
671 1709 833 1791 procidere
851 1711 961 1791 possit.
1011 1707 1061 1788 Cf.
1086 1727 1118 1772 n.
1142 1711 1217 1774 812.
1746 1711 1840 1786 1241,
1862 1707 1937 1772 Iun.
1962 1710 2016 1770 14.

545 1829 627 1901 Grep.
648 1830 698 1884 IX
714 1830 782 1898 Rea.
800 1830 863 1885 Lib.
882 1829 948 1896 XV,
967 1833 1012 1883 85.
1048 1828 1168 1882 Edr'mus
1186 1845 1221 1882 ex
1240 1829 1334 1898 Rapa.
1353 1829 1425 1882 Anu.
1445 1828 1507 1882 eccl.
1526 1846 1552 1882 a.
1571 1832 1648 1895 1241,
1665 1831 1681 1894 §
1701 1831 1820 1881 68-70.

544 1916 765 1986 Patansana.
784 1921 884 1971 11030.

439 2111 623 2205 Episcopo
656 2111 898 2200 Penestriuo,
945 2110 1085 2185 Othoni
1122 2110 1247 2183 Sancti
1281 2108 1422 2182 Nicolai
1458 2108 1496 2181 in
1535 2109 1692 2183 Carcere
1729 2107 1902 2182 Tulliano
1939 2106 2104 2179 diacono

440 2233 636 2322 cardinali,
679 2233 887 2323 AuxitanO,
930 2231 1196 2324 Burdegalensi
1231 2235 1267 2304 et
1307 2229 1604 2322 Rothomagensi
1639 2227 1964 2321 archiepiscopis¹,
2004 2227 2106 2300 Neu·

439 2353 616 2444 masensi,
644 2353 948 2442 Carcassonensi,
977 2351 1195 2445 Agathensi,
1213 2349 1401 2441 Papieusi,
1420 2351 1570 2424 Astansi
1593 2355 1630 2424 et
1647 2348 1882 2424 Terdoneusi
1902 2348 2106 2440 episcopie,

440 2472 709 2563 cluniacensi²‚
752 2472 1019 2559 Cisterciensi³,
1061 2469 1363 2560 Cla1·evalleusi‘,
1405 2472 1451 2545 de
1493 2471 1634 2546 Pietate
1669 2471 1754 2546 Dei⁵
1791 2477 1829 2544 et
1863 2469 2107 2543 Fiscanensi⁶

440 2594 670 2684 abbatibus,
707 2595 887 2688 Gregorio
915 2596 961 2669 de
988 2593 1174 2667 Romania
1202 2592 1433 2666 subdiacono
1462 2597 1499 2666 et
1525 2594 1719 2684 capellano
1747 2596 1899 2679 nostro,
1934 2592 2103 2678 decania,

836 2715 1047 2808 prepositis
1076 2713 1285 2806 ceterisque
1312 2713 1445 2786 vinctis
1471 2713 1508 2786 in
1536 2714 1709 2788 Domino.

546 2865 615 2929 vix
638 2864 755 2928 diebus
778 2865 848 2928 istis
871 2863 912 2928 de
939 2864 1033 2928 vobis
1061 2864 1170 2949 aliqua
1198 2863 1362 2950 potuisset
1391 2864 1569 2949 contigisse
1598 2864 1814 2950 prosperitas,
1845 2884 1909 2948 que
1933 2865 1962 2928 si
1986 2863 2105 2928 fuisset

439 2976 533 3055 grata
571 2969 707 3053 singulis
744 2969 798 3032 rel
834 2968 1048 3053 acceptabilis
1082 2968 1258 3048 universis,
1304 2969 1380 3053 quin
1416 2969 1527 3056 plures
1564 2969 1655 3033 varia
1688 2967 1729 3033 de
1766 2969 1839 3053 ipsa
1875 2967 2026 3034 dicerent
2070 2974 2103 3033 ct

440 3073 570 3137 diversa
593 3073 763 3137 sentirent.
809 3071 1023 3156 Consequens
1054 3079 1104 3138 est
1133 3073 1245 3158 igitur,
1270 3079 1306 3137 ut
1335 3065 1375 3138 de
1400 3072 1598 3139 adversitate
1622 3072 1769 3157 lugubri,
1797 3093 1860 3157 que
1884 3073 2104 3158 permissione

440 3176 552 3241 diviua
578 3173 671 3238 vobis
706 3197 810 3262 nuper
843 3175 1004 3242 accidisse
1040 3176 1236 3256 dinoscitur,
1274 3177 1481 3241 multiformis
1511 3177 1673 3261 opinionis
1708 3182 1742 3240 et
1771 3181 1931 3240 tractatus
1962 3177 2103 3241 materia

441 3281 534 3343 iuxta
566 3279 744 3343 varietates
772 3280 948 3344 affectuum
981 3280 1067 3368 apud
1101 3281 1228 3366 aliquos
1262 3281 1441 3358 habeatur,
1477 3301 1575 3366 super
1609 3301 1673 3365 quo
1708 3300 1769 3344 nec
1799 3278 1974 3344 admiratio
2008 3279 2102 3344 vobis

388 3431 389 3434 η
442 3381 631 3447 incumbere
657 3403 719 3446 uec
747 3389 857 3446 vestra
883 3383 983 3448 debet
1014 3383 1139 3448 turbari
1172 3383 1344 3448 sinceritas
1374 3391 1431 3448 aut
1471 3383 1595 3448 moveri
1624 3383 1826 3463 constantis,
1854 3404 1929 3447 cum
1959 3383 2040 3448 licet
2071 3391 2107 3448 ut

442 3485 532 3550 scitia
555 3484 601 3549 sic
626 3482 786 3571 disposita
809 3487 850 3550 sit
872 3486 1004 3551 humani
1027 3494 1144 3551 natura
1166 3487 1314 3573 generis,
1344 3486 1430 3574 quod
1461 3487 1587 3551 cunctis
1617 3508 1724 3551 sermo
1754 3487 1912 3552 tribuitur
1934 3493 1968 3552 et
1992 3488 2106 3573 paucis

441 3591 541 3655 animi
571 3589 732 3674 sapientia
757 3588 960 3676 indulgetur,
991 3591 1033 3655 sit
1064 3591 1160 3656 nobis
1189 3597 1222 3655 et
1251 3592 1508 3676 intelligentium
1536 3592 1638 3656 menti
1669 3592 1894 3679 perspicuum,
1929 3590 2018 3677 quod
2047 3612 2107 3655 ros

441 3694 506 3760 Dei
531 3701 563 3760 et
585 3693 764 3779 apostolice
789 3694 876 3760 sedis
905 3695 1063 3761 honorem
1090 3717 1128 3760 ac
1159 3697 1298 3760 salutem
1328 3696 1521 3761 universalis
1559 3698 1700 3761 ecclesie
1732 3718 1793 3761 nec
1820 3717 1886 3759 non
1916 3696 2107 3762 obedientie

441 3799 604 3876 meritum,
628 3796 689 3863 sub
712 3819 776 3883 qua
799 3799 943 3863 omnium
967 3800 1116 3864 consistit
1139 3821 1265 3865 summa
1287 3801 1453 3882 virtutum,
1477 3799 1634 3866 habendo
1657 3822 1716 3886 pre
1740 3799 1854 3880 oculis,
1877 3799 1918 3864 de
1942 3799 2106 3864 veniendo

441 3922 581 3989 propere
612 3923 685 3966 cum
716 3901 871 3965 adiuncta
898 3902 992 3972 vobis
1023 3902 1231 3968 multitudiue
1261 3903 1454 3970 devotorum
1491 3904 1533 3969 ad
1572 3905 1678 3968 sinum
1706 3903 1819 3967 matris
1847 3903 1990 3968 ecclesie
2019 3905 2107 3968 omni

443 4006 612 4091 diligentia
634 4004 830 4085 desudastis,
854 4027 1038 4092 quanquam
1062 4007 1095 4072 id
1118 4007 1221 4073 luisse
1245 4010 1465 4095 postpositum
1481 4008 1581 4094 digne
1606 4009 1714 4094 possit
1738 4013 1771 4073 et
1793 4005 1915 4072 debeat
1930 4006 2106 4092 deplorari,

444 4109 530 4195 quod
554 4108 594 4174 G.
619 4109 659 4174 de
683 4109 859 4190 Romania,
883 4110 1075 4176 informatus
1098 4133 1158 4199 per
1180 4113 1307 4178 litteras
1331 4114 1484 4178 nostras⁸
1508 4112 1548 4178 de
1578 4112 1681 4199 partis
1704 4111 1842 4176 adverse
1865 4112 2029 4197 potentia,
2059 4118 2109 4176 tot

443 4235 516 4279 cnm
539 4213 683 4300 potuerit
704 4213 796 4277 iuxta
817 4213 1005 4278 mandatum
1022 4222 1169 4280 nostrum
1184 4215 1296 4301 galeas
1321 4237 1385 4281 non
1403 4216 1530 4296 habuit,
1556 4216 1642 4302 quod
1660 4216 1803 4280 hostium
1820 4214 1911 4279 elisis
1926 4213 2106 4278 insultibus

444 4317 599 4382 transitus
634 4322 745 4381 vester
778 4315 909 4382 Christo
937 4319 1049 4406 presio
1083 4319 1124 4384 ab
1152 4321 1242 4384 omni
1279 4319 1464 4384 discrimine
1495 4320 1589 4384 fieret
1620 4319 1804 4405 expeditus.
1864 4317 1947 4382 Oum
1982 4318 2106 4404 itaque,

287 4434 429 4486 numam.
443 4420 562 4485 fratres
577 4419 794 4500 venerabiles,
819 4428 1001 4486 vestrarum
1022 4423 1157 4487 lucerna
1172 4424 1328 4488 virtutum
1351 4444 1416 4488 non
1440 4423 1501 4487 sub
1526 4422 1635 4487 modio
1659 4423 1762 4487 lateat
1786 4429 1837 4486 set
1860 4442 1958 4506 super
1983 4421 2106 4488 caude-

443 4523 570 4588 labrum
598 4543 708 4586 coram
737 4523 889 4589 omnibus
916 4526 1113 4606 relucescet,
1143 4548 1216 4608 vos,
1248 4528 1281 4590 in
1311 4532 1537 4613 contemptum
1570 4526 1749 4591 vanitatem
1778 4532 1812 4590 et
1834 4525 1938 4590 falsas
1957 4525 2107 4590 insanias

288 4641 436 4693 uacuum.
448 4625 694 4712 obloquentium
717 4625 918 4694 deducentes
941 4650 979 4694 ac
1001 4631 1200 4716 respirantes
1223 4631 1257 4694 iu
1279 4631 1354 4710 illo,
1386 4630 1442 4717 qui
1469 4629 1566 4696 corde
1590 4631 1680 4695 mitis
1704 4637 1738 4696 et
1760 4629 1892 4694 humilis
1916 4629 2006 4694 circa
2028 4651 2107 4695 suos

548 4852 574 4918 1)
592 4851 694 4906 mara
712 4851 942 4907 Bartholomaeus
959 4853 1067 4910 ordinis
1086 4855 1316 4910 Praedicatorum
1336 4857 1366 4908 s'n
1391 4856 1508 4926 epistola
1530 4857 1658 4926 epismpo
1684 4859 1710 4910 et
1725 4853 1866 4910 canonicis
1884 4853 2107 4907 Brier'neum'bus

443 4938 541 5004 missu,
560 4937 857 5000 Budare-ereneus,
876 4940 893 4994 l.
910 4955 932 4994 c.
950 4944 968 4994 t.
985 4940 1016 5004 V,
1032 4959 1062 5010 p.
1081 4949 1154 5008 1146,
1170 4942 1251 4995 etiam
1269 4943 1381 4995 electum
1400 4942 1633 4996 Mediolanensem
1653 4945 1764 5012 captum
1781 4957 1838 4996 esse
1855 4945 1968 5004 nomm,
1988 4944 2107 5010 propter
2155 4943 2180 4984 ⁸³

445 5023 520 5094 quod
536 5023 770 5079 Benna-Eleler
788 5026 804 5079 l.
824 5042 845 5081 e.
864 5043 891 5081 u.
911 5031 988 5082 3200
1005 5045 1023 5082 a
1040 5027 1144 5097 aliique
1162 5045 1222 5082 eum
1240 5029 1312 5083 inter
1329 5029 1454 5099 captiuos
1473 5035 1707 5085 enumeraveram.
1736 5028 1790 5083 Sed
1801 5045 1887 5096 neque
1898 5027 1955 5080 ullo
1973 5026 2033 5080 alio
2049 5027 2109 5080 leco

445 5111 505 5165 eius
528 5111 628 5165 mentio
655 5111 696 5176 fit,
717 5117 743 5167 et
761 5129 833 5180 quae
846 5113 959 5168 aliunde
976 5115 1076 5170 scimus
1094 5116 1236 5170 contraria
1253 5115 1357 5171 deceat.
1397 5117 1472 5170 Nam
1496 5115 1644 5170 secundum
1660 5115 1826 5185 ,Octalcpum
1847 5113 1968 5182 archiep.
1989 5111 2110 5179 Medtot,

445 5196 522 5251 Mau.
544 5196 635 5252 aean.
653 5195 705 5251 SS.
724 5203 742 5251 t.
764 5197 852 5265 VIII,
865 5217 896 5269 p.
916 5204 986 5264 108,
1001 5203 1067 5269 post
1083 5207 1194 5255 mortem
1211 5200 1349 5255 erlelms'
1366 5201 1569 5271 archiepiscopi
1587 5217 1613 5254 α.
1631 5205 1711 5269 1241,
1739 5200 1827 5255 Mart.
1848 5203 1887 5254 28
1903 5198 1981 5253 sedes
2001 5197 2109 5252 Medic·

445 5283 567 5337 lauerssis
589 5299 691 5337 mermes
714 5281 785 5338 duos
802 5289 828 5339 et
846 5285 905 5340 dies
922 5285 1002 5339 XIX
1018 5287 1126 5340 vacam
1143 5289 1168 5340 et
1186 5286 1251 5340 Iun.
1265 5291 1300 5340 15
1317 5287 1376 5340 Leo
1396 5287 1490 5356 frater
1508 5286 1651 5340 Minor-um
1669 5301 1811 5342 srmeessor
1829 5287 1929 5340 suctus
1951 5291 2002 5338 est.
2043 5284 2108 5348 Hic,

446 5370 473 5424 sr'
492 5367 630 5424 Galraaei
648 5369 792 5423 Flammae
803 5369 951 5440 Manipulo
969 5371 1095 5436 Florum,
1115 5389 1160 5441 ap.
1179 5371 1333 5437 Muratcrr,
1350 5373 1405 5429 SS.
1428 5390 1481 5428 rer.
1501 5375 1565 5428 Ital.
1583 5379 1601 5428 l.
1620 5374 1676 5439 XI,
1694 5375 1744 5427 ecl.
1764 5376 1820 5427 678
1838 5373 1876 5438 D,
1887 5371 1963 5440 fides
1980 5371 2111 5426 adbiberi
2158 5375 2183 5414 ⁴⁰

446 5453 539 5521 debet,
562 5471 580 5508 a
598 5454 743 5509 canonius
764 5455 881 5525 capituli
905 5455 939 5510 de
956 5456 1081 5526 elipendc
1100 5458 1307 5527 archiepiscopo
1324 5457 1397 5512 inter
1416 5476 1444 5513 se
1465 5457 1664 5513 dissidentibus
1680 5458 1788 5512 arbiter
1805 5464 1921 5512 vocatus
1937 5457 2001 5528 ipse
2018 5457 2111 5512 creli-

446 5541 603 5610 epr'accpum
621 5557 650 5595 se
669 5540 829 5595 declaravit.
921 5541 949 5610 ἲ)
970 5541 1085 5612 Hupoar'
1101 5543 1147 5598 VI.
1238 5543 1266 5610 3)
1291 5543 1432 5598 Wslnelmo
1458 5545 1521 5599 111.
1604 5545 1633 5613 4)
1656 5545 1796 5599 ll'r'lleelrao
1818 5547 1860 5598 11.
1932 5545 1961 5613 5)
1980 5545 2112 5610 latensi,

444 5625 638 5681 monasterium
652 5642 743 5696 prope
760 5627 801 5681 Le
819 5627 904 5682 Mans
922 5629 1005 5684 adnm
1024 5635 1072 5686 est.
1163 5631 1190 5699 6)
1215 5628 1358 5684 Willselmo
1375 5633 1434 5684 ΙΙΙ.
1523 5632 1549 5701 l)
1568 5634 1603 5686 In
1625 5649 1666 5708 ep.
1683 5631 1734 5690 aut
1753 5634 1809 5692 not.
1828 5641 1841 5686 1
1858 5631 1903 5693 cr't.
1922 5631 2005 5692 ettam
2024 5631 2113 5689 atter

402 5777 405 5782 ¹
446 5714 731 5769 Praemonstrateusr'a
750 5714 821 5768 iuter
839 5718 962 5786 captivos
980 5719 1210 5771 courmemoratua
1297 5717 1324 5788 8)
1343 5733 1369 5772 a.
1390 5719 1455 5773 806.
