4576 6390
423 387 485 499 tab
1001 431 1049 486 EX
1067 430 1242 486 GREGORII
1262 431 1301 485 IX
1319 427 1500 485 andranno

531 606 571 670 In
594 605 732 671 eundem
762 604 893 669 modum
923 606 996 670 aliis
1025 606 1136 693 probis
1160 605 1238 669 viris
1267 604 1530 691 predicatoribus
1562 624 1621 688 per
1643 585 1885 686 Maguntinam‚
1917 599 1991 662 aliis
2025 620 2087 686 per

426 710 668 790 Coloniensem,
692 710 765 774 aliis
788 731 848 796 per
871 708 1166 794 salzeburgensem
1190 717 1223 774 et
1246 709 1326 773 alias
1350 708 1534 795 provincias
1557 705 1764 771 Alamannis.

532 812 572 877 Iu
597 811 736 877 cundem
765 813 897 877 modum
925 814 998 877 aliis
1029 836 1088 900 per
1109 813 1426 897 Rothomagensem,
1459 812 1533 875 aliis
1560 831 1620 897 per
1643 809 1883 889 senonensem,
1915 807 1990 871 aliis
2024 829 2086 894 per

424 916 625 982 Trecensem
657 923 691 982 et
721 917 794 981 aliis
822 916 960 981 diversis
988 938 1049 1003 per
1077 918 1159 981 alias
1190 917 1361 981 universas
1393 916 1577 1002 provincias
1606 913 1757 980 Francis.
1803 912 1888 978 Item
1916 911 1992 974 aliis
2023 931 2086 996 per

425 1019 658 1085 Lombardiam
683 1028 716 1086 et
738 1021 820 1085 alias
843 1022 1037 1108 provincias.
1945 1013 1948 1018 ’
2151 1029 2163 1067 ⁵

1045 1265 1457 1274 m

1209 1526 1296 1598 607.

538 1638 728 1749 Gregorius
743 1666 800 1730 IX
814 1686 903 1746 popo
925 1665 1129 1750 [Eberlrerrlo
1145 1664 1204 1748 Π]
1224 1665 1453 1745 archiepiscopo
1467 1663 1704 1745 Selisburpensi
1726 1662 1864 1740 mandet,
1889 1666 1924 1726 ut
1946 1662 1991 1726 ad
2011 1661 2084 1726 sub-

426 1771 601 1834 ventionem
628 1771 770 1834 ccclesiae
797 1770 941 1850 proximo
965 1769 1080 1853 futuro
1101 1767 1226 1832 Martio
1254 1772 1311 1833 aut
1339 1789 1408 1831 cunr
1439 1767 1557 1831 decenti
1586 1766 1702 1830 militia
1729 1766 1796 1846 ipse
1821 1766 1927 1828 veniet
1953 1770 2026 1841 oet,
2055 1765 2085 1828 si

427 1874 532 1937 venire
553 1872 741 1954 nequiverit,
771 1893 840 1937 eam
862 1873 972 1936 nrittet.
999 1909 1037 1919 -
1062 1871 1105 1936 In
1127 1872 1257 1936 cundem
1279 1871 1402 1935 mortam
1423 1871 1531 1934 ocultis
1552 1870 1630 1934 altis
1646 1868 1846 1948 principibus
1867 1868 2084 1932 ecclesiasticis

427 1977 653 2041 Alamanniae.
1723 1975 1818 2051 1234,
1841 1971 1918 2036 Nov.
1939 1973 1995 2036 25:

533 2111 615 2181 (ἔτερ.
633 2113 683 2166 IX
702 2113 770 2181 neo.
792 2113 850 2168 Vol.
868 2111 923 2178 IV,
940 2117 1009 2178 2343
1028 2110 1090 2165 Lib.
1112 2111 1198 2175 VllI,
1219 2116 1285 2168 330.

532 2200 668 2267 Poturae,
687 2199 758 2271 aeq.
778 2203 862 2253 9773.

867 2434 876 2450 .
905 2434 914 2451 .
943 2376 1284 2468 archiepiscopo
1312 2376 1642 2466 Salzburgensi.

539 2528 665 2593 Cuncta
699 2528 866 2612 sapienter
900 2527 940 2591 ab
975 2526 1069 2589 initio
1104 2511 1281 2611 disponens
1316 2526 1478 2611 sapientia
1512 2525 1576 2589 Dei
1605 2526 1713 2590 Patris
1748 2531 1954 2589 sacrosancte
1987 2522 2085 2587 matri

430 2632 571 2697 ecclesie
603 2653 722 2717 sponse
750 2652 809 2694 sue
841 2629 983 2715 providit
1007 2637 1095 2693 certa
1125 2629 1285 2710 remedia,
1317 2650 1376 2715 per
1398 2650 1460 2714 que
1484 2629 1555 2716 ipso
1578 2629 1710 2694 favente
1732 2650 1752 2692 a
1774 2630 2009 2692 necessitatum
2033 2627 2084 2690 in-

430 2734 578 2799 cursibus
602 2733 757 2798 reddatur
780 2734 922 2798 feliciter
945 2732 1109 2819 expedita.
1154 2732 1242 2797 Hinc
1266 2741 1331 2812 est,
1360 2733 1446 2818 quod
1469 2756 1541 2797 cum
1564 2735 1638 2819 ipsa
1660 2733 1771 2796 multis
1795 2733 1956 2796 excitetur
1978 2731 2082 2796 Terre

431 2838 550 2902 Sancte
575 2837 788 2916 clamoribus,
812 2842 847 2901 ut
871 2837 942 2900 eius
966 2837 1150 2902 miserando
1175 2839 1274 2902 statui
1298 2857 1488 2901 succursum
1512 2836 1654 2900 celerem
1678 2835 1809 2900 studeat
1832 2835 2007 2921 impertiri,
2033 2834 2086 2897 cui

431 2940 600 3028 prestandi
629 2941 810 3005 subsidium
843 2943 1046 3027 oportunitas
1077 2944 1218 3022 tollitur,
1249 2941 1325 3026 quin
1353 2941 1444 3025 prius
1474 2941 1507 3002 in
1537 2939 1663 3004 dissidii
1695 2939 1880 3004 discrimine
1905 2939 2086 3017 constituti,

432 3064 568 3128 quorum
584 3064 700 3128 pressa
715 3044 875 3108 molestiis
891 3045 1018 3128 cogitur
1040 3046 1181 3108 ecclesia
1202 3043 1352 3128 suspiriis
1368 3042 1536 3122 inundare,
1561 3043 1593 3106 in
1617 3044 1706 3128 pacis
1727 3042 1841 3107 federa
1855 3042 2086 3120 reformentur,

432 3168 492 3210 nos
517 3145 557 3211 de
580 3152 613 3210 tc
637 3147 753 3211 merito
782 3154 1027 3233 presumentes,
1059 3147 1173 3231 utqui
1203 3146 1418 3232 dispositione
1449 3144 1559 3210 divina
1589 3169 1625 3211 es
1657 3147 1697 3212 de
1727 3145 1906 3210 maioribus
1935 3143 2085 3210 eiusdem

433 3250 587 3315 membris
612 3251 771 3328 ecclesie,
804 3250 866 3314 sibi
896 3251 1039 3315 letanter
1066 3249 1189 3313 debeas
1213 3251 1250 3312 in
1275 3251 1483 3314 necessitatis
1507 3251 1644 3314 articulo
1669 3250 1859 3330 subvenire,
1887 3247 2085 3312 fraternitati

433 3361 487 3418 tue
512 3375 571 3439 per
594 3354 775 3439 apostolica
791 3354 914 3440 scripta
929 3353 1065 3417 firmiter
1080 3353 1290 3439 precipiendo
1308 3353 1510 3434 mandamus,
1534 3355 1686 3439 quatinus
1710 3353 1888 3438 prudenter
1910 3351 2087 3416 advertens

433 3456 519 3542 quod
543 3456 576 3519 id
598 3456 674 3520 filiis
696 3455 816 3521 debeat
839 3458 948 3521 inesse
970 3457 1189 3543 potissimum,
1212 3464 1249 3520 ut
1272 3465 1377 3521 mater
1399 3479 1511 3522 eorum
1535 3459 1663 3521 intenta
1685 3456 1884 3542 profectibus
1907 3454 2029 3539 vigoris
2054 3459 2088 3517 et

432 3560 578 3646 potentie
602 3560 750 3624 obtineat
772 3560 1013 3640 fulcimentum,
1043 3567 1076 3623 et
1105 3560 1191 3644 quod
1215 3561 1370 3625 membris
1395 3560 1521 3624 roboris
1544 3561 1714 3624 munimen
1739 3558 1912 3638 addicitur,
1943 3558 1971 3621 si
1994 3557 2089 3622 firma

432 3663 604 3749 dispositio
641 3664 757 3749 capitis
791 3663 966 3743 habeatur,
1001 3662 1043 3726 ad
1077 3663 1327 3728 subventionem
1363 3664 1520 3744 ecclesie,
1556 3685 1615 3749 pro
1653 3664 1745 3727 cuius
1779 3663 1930 3727 libertate
1964 3660 2089 3725 tuenda

431 3767 624 3831 karissimus
648 3767 682 3831 in
706 3765 835 3831 Christo
857 3767 944 3832 filius
967 3774 1080 3831 noster
1095 3767 1292 3847 Fridericus,
1316 3765 1539 3831 Romanorum
1562 3768 1741 3852 imperator
1764 3786 1894 3852 semper
1916 3771 2086 3848 augustus,
2143 3793 2169 3833 a

431 3869 614 3934 ierusalem
648 3876 682 3934 et
714 3870 825 3934 Sicilie
862 3892 920 3934 rex
957 3871 1111 3950 illustris,
1146 3877 1279 3956 paratus
1314 3877 1365 3933 est
1399 3869 1571 3954 magnifice
1605 3870 1775 3956 prosequi,
1807 3891 1867 3955 per
1899 3867 1985 3953 quod
2019 3875 2089 3931 tam

434 3973 574 4037 ecclesie
600 3994 696 4058 quam
720 3973 848 4060 imperii
870 3975 942 4037 iura
965 3974 1095 4039 favente
1118 3973 1261 4039 Domino
1285 3975 1417 4038 valcant
1440 3974 1597 4054 obtineri,
1621 3981 1781 4060 apparatu
1804 3979 1936 4038 strenuo
1959 3979 1992 4035 tc
2016 3979 2087 4035 stu-

433 4075 513 4140 deas
543 4076 757 4156 communire,
793 4078 839 4140 ita
875 4077 961 4161 quod
991 4078 1132 4142 ecclesia
1159 4079 1308 4163 proximo
1341 4075 1451 4140 futuro
1483 4075 1602 4139 Martio
1636 4086 1669 4140 te
1704 4063 1922 4162 personaliter
1954 4073 2089 4138 decenti

433 4178 550 4242 militia
572 4179 776 4255 comitatum,
807 4200 869 4264 que
893 4181 927 4243 in
950 4181 1105 4266 expensis
1128 4181 1194 4243 tuis
1218 4201 1277 4264 per
1300 4187 1366 4243 tres
1391 4200 1522 4244 menses
1545 4187 1656 4264 preter
1678 4187 1808 4266 tempus
1832 4199 1895 4263 quo
1918 4177 2030 4242 veniet
2054 4185 2089 4242 et

432 4282 566 4348 recedet
589 4281 630 4345 ad
659 4281 806 4346 eiusdem
830 4284 988 4368 obsequia
1012 4291 1244 4364 commoretur,
1276 4283 1329 4347 vei
1353 4283 1471 4346 saltem
1494 4283 1557 4346 iam
1582 4281 1701 4347 dictam
1725 4284 1890 4362 militiam,
1921 4282 1948 4346 si
1971 4281 2086 4345 venire
2143 4313 2171 4350 so

433 4386 630 4471 nequiveris,
655 4407 728 4449 cum
751 4387 952 4451 exultatione
976 4388 1122 4472 recipiat,
1146 4407 1183 4449 ac
1206 4386 1271 4449 tuis
1295 4392 1328 4449 et
1350 4386 1488 4449 aliorum
1506 4385 1662 4471 expedita
1685 4386 1840 4451 subsidiis
1863 4383 2087 4469 adRedemp-

433 4490 514 4552 toris
536 4489 673 4572 gloriam
697 4489 730 4551 in
753 4490 843 4573 pacis
868 4489 987 4574 gaudio
1011 4491 1213 4562 reflorescat;
1243 4488 1431 4552 mandatum
1455 4497 1602 4553 nostrum
1626 4491 1736 4553 taliter
1759 4490 1968 4574 impleturus,
1999 4487 2089 4572 quod

434 4592 499 4655 tuis
523 4597 556 4655 et
579 4592 719 4655 ecclesie
743 4598 799 4656 tue
823 4593 979 4674 comodis,
1003 4614 1076 4657 cum
1101 4598 1295 4678 oportunum
1318 4592 1428 4674 fuerit,
1452 4593 1681 4658 favorabiliter
1703 4592 1920 4658 intendamus.

542 4710 619 4774 Dat.
642 4712 781 4790 Perusii,
804 4713 871 4776 VII
893 4712 968 4781 Kal.
991 4713 1150 4778 Deccmb.
1174 4713 1381 4797 pontificatus
1406 4715 1510 4778 nostri
1534 4735 1618 4778 anno
1642 4720 1767 4778 octavo.

542 4831 581 4894 In
604 4830 745 4896 eundern
769 4832 900 4896 modum
923 4831 1107 4919 patriarche
1131 4831 1348 4917 Aquilegensi
1361 4835 1380 4896 ¹.

540 4934 580 4998 In
604 4933 744 4999 eundem
768 4936 898 5000 modum
922 4937 1078 5022 episcopo
1101 4935 1384 5021 Babcmbergensi
1395 4937 1419 5000 ².

541 5037 580 5103 In
604 5038 746 5107 cundem
769 5041 901 5105 modum
925 5040 1080 5126 episeopo
1104 5039 1342 5125 Frisingensi³.

536 5297 563 5364 1)
581 5296 738 5354 Bertboldo.
809 5299 836 5364 2)
855 5297 988 5368 Eyberto.
1026 5298 1093 5352 Cum
1115 5298 1180 5352 boio
1197 5296 1316 5351 eusdem
1334 5299 1441 5352 terroris
1465 5297 1581 5368 epistola
1602 5299 1658 5352 iam
1677 5296 1735 5352 Oct.
1752 5301 1789 5351 24
1811 5297 1916 5352 directo
1939 5299 1977 5352 sit
1994 5299 2090 5367 [602],

433 5383 507 5438 credi
529 5383 577 5438 cia
594 5391 697 5455 potest,
723 5384 838 5439 eiNoo.
856 5389 893 5438 25
917 5384 954 5439 ad
976 5385 1086 5438 verbam
1109 5384 1178 5438 idem
1195 5385 1329 5453 scriptum
1356 5400 1427 5451 esse,
1452 5385 1501 5439 sed
1517 5399 1611 5439 errore
1628 5383 1722 5453 aliquo
1740 5383 1800 5438 ciue
1817 5399 1912 5437 acmen
1929 5384 1973 5437 tic
1989 5384 2090 5438 imm

433 5471 588 5526 caramerarr‘
601 5471 746 5541 probabile
764 5476 817 5534 est,·
836 5471 874 5538 cs.
889 5488 919 5538 p.
939 5474 1000 5536 317,
1018 5477 1073 5524 aot.
1091 5475 1117 5524 2.
1153 5470 1203 5524 Ea
1221 5486 1274 5540 quo
1293 5470 1435 5540 suspicari
1448 5469 1543 5540 possis
1561 5486 1617 5524 aon
1635 5486 1724 5524 ornnes
1741 5471 1792 5524 lies
1809 5470 1941 5539 epistolas
1960 5471 2031 5524 Noa.
2048 5475 2087 5524 25
2140 5479 2169 5517 ⁴⁰

433 5558 607 5621 detestare,
628 5557 795 5628 praesertim
812 5572 873 5610 cum
890 5556 1014 5610 ordinem
1032 5557 1204 5626 aliquantum
1222 5556 1367 5624 confusum
1390 5555 1602 5610 animadvertes.
1648 5559 1708 5609 lam
1730 5571 1817 5625 supro
1839 5555 1890 5610 cub
1907 5573 1936 5609 a.
1956 5559 2009 5611 531
2033 5557 2090 5625 epi·

433 5644 532 5697 stolam
553 5644 677 5713 aqimus,
701 5662 771 5715 quea
793 5644 824 5697 in
846 5641 965 5696 eundem
987 5642 1101 5696 modum
1118 5643 1225 5712 arrepto
1243 5641 1387 5707 asscitus,
1409 5643 1488 5696 cuius
1512 5645 1579 5696 noto
1600 5640 1792 5710 etronotoqica
1811 5643 1937 5711 apriorr'
1960 5641 2092 5710 differens

433 5734 570 5783 annotate
586 5744 642 5783 noa
659 5736 706 5784 est.
776 5730 804 5797 3)
825 5727 961 5783 Conrado.
