4448 6420
680 331 881 391 EPISTOLAE
899 332 1088 392 SELEO'I'AE.
1125 336 1201 392 1224.

403 635 412 653 .
441 636 451 655 .
478 582 687 675 magistro
716 589 757 657 et
782 583 1000 657 fratribus
1026 584 1267 678 hospitalis
1293 587 1337 660 in
1363 607 1477 659 novo

723 704 937 776 suburbio
964 705 1166 779 Metensi.

223 847 305 911 Cum
328 870 348 912 a
370 849 465 914 nobis
488 851 612 936 petitur
634 857 698 916 etc.
728 874 848 938 usque:
878 853 1040 918 effectum.
1095 853 1148 918 Ex
1177 855 1295 919 litteris
1325 875 1404 920 sane
1427 855 1626 920 Metensium
1649 856 1772 921 civium

114 947 346 1032 intelleximus,
370 953 456 1038 quod
480 975 553 1018 oum
575 956 684 1020 nullus
708 964 797 1020 esset
818 957 1051 1043 hospitalitatis
1075 958 1109 1021 in
1132 958 1263 1022 civitate
1278 958 1421 1023 Metensi
1442 959 1545 1038 loeus,
1569 959 1633 1045 ipsi
1656 959 1767 1024 divina

53 1071 64 1107 a
113 1051 293 1137 inspirante
317 1056 424 1138 gratia
450 1055 612 1142 hospitale
636 1065 839 1122 vestrumst
868 1058 980 1123 domos
1008 1060 1111 1146 ipsius
1139 1060 1304 1126 infundis
1334 1063 1401 1126 suis
1432 1067 1466 1125 et
1495 1060 1535 1126 de
1567 1062 1661 1126 bonis
1692 1084 1768 1148 pro-

114 1155 194 1238 priis
218 1155 259 1219 ad
281 1178 360 1222 usus
383 1180 564 1244 pauperum
583 1167 846 1242 construxerunt,
869 1162 925 1226 ubi
949 1183 1037 1241 oum,
1067 1164 1152 1227 siout
1177 1171 1346 1245 asserunt,
1371 1186 1414 1230 ex
1435 1164 1531 1228 bonis
1556 1165 1619 1228 sibi
1642 1165 1769 1230 collatis

114 1257 155 1321 ab
177 1258 258 1343 ipsis
275 1263 504 1346 temporalium
519 1263 634 1328 floreat
649 1263 811 1342 ubertate,
836 1265 1039 1349 recipluntur
1061 1272 1127 1329 tam
1143 1266 1296 1351 indigens
1319 1287 1415 1352 quam
1431 1267 1582 1332 extranei
1597 1287 1770 1354 pauperes,

115 1365 148 1424 et
180 1360 229 1424 eis
264 1364 343 1426 satis
378 1362 515 1428 honeste
551 1365 585 1428 in
619 1367 816 1430 necessariis
850 1365 1049 1453 providetur.
1105 1363 1200 1434 Unde
1231 1369 1397 1454 provideri
1428 1390 1448 1432 a
1477 1369 1571 1433 nobis
1603 1369 1772 1434 humiliter

114 1464 335 1548 postularunt,
365 1471 402 1529 ut
423 1466 587 1554 hospitale
620 1470 726 1555 ipsum
758 1475 792 1534 et
819 1471 890 1534 eius
923 1471 1010 1535 bona
1037 1473 1238 1558 pauperibus
1268 1473 1424 1559 deputata
1452 1473 1485 1536 in
1515 1494 1595 1537 usus
1624 1474 1770 1538 converti

42 1593 65 1630 ro
113 1566 195 1630 alios
225 1588 291 1631 non
318 1569 494 1654 contingat.
547 1571 616 1635 Nos
645 1593 723 1656 ergo
754 1594 866 1637 eorum
893 1574 956 1658 piis
985 1575 1138 1660 precibus
1170 1575 1316 1639 inclinati
1345 1575 1539 1640 auctoritate
1567 1576 1770 1661 presentium

113 1669 259 1735 districte
290 1671 491 1754 inhibemus,
527 1695 568 1738 ne
596 1674 744 1759 predicta
775 1683 888 1740 contra
920 1677 952 1741 id
984 1677 1070 1762 quod
1101 1677 1310 1742 observatum
1339 1685 1390 1743 est
1418 1679 1597 1760 hacteuus,
1632 1678 1770 1742 aliorum

114 1793 210 1858 quam
233 1795 412 1861 pauperum
434 1776 551 1840 usibus
575 1775 783 1862 deputentur.

219 1893 296 1960 Dat.
319 1897 471 1961 Lateran.
494 1896 527 1961 X
549 1896 625 1962 Kal.
648 1896 853 1981 Decembris,
878 1921 963 1964 anno
986 1921 1082 1964 nouo.

735 2177 1147 2187 ma-

895 2437 982 2509 eol.

220 2549 414 2641 Benedicta
442 2575 597 2640 donicalia
623 2575 826 2639 marchisaaa
857 2575 982 2640 Massae
1011 2580 1041 2640 ct
1069 2577 1220 2642 iudicissa
1246 2575 1435 2643 Oebaritaaa
1462 2597 1565 2642 coram
1590 2578 1763 2660 Gottisrido

49 2707 71 2744 a
113 2682 316 2758 subdiacono,
350 2676 522 2743 Sardiniae
551 2681 581 2741 et
610 2678 753 2744 Corsicae
782 2679 895 2759 tcaato,
929 2681 1107 2760 coafitetur,
1142 2699 1174 2744 se
1205 2699 1334 2762 repetam
1360 2678 1581 2745 Calaritaaam
1608 2703 1646 2747 ac
1673 2687 1768 2747 totam

113 2791 243 2862 terram
271 2804 367 2866 qaam
387 2783 499 2846 babeat
520 2783 556 2844 ia
579 2781 750 2860 Sardinia,
780 2782 820 2845 ab
849 2783 976 2847 ecclesaie
998 2781 1145 2848 Raaaaa
1167 2783 1341 2864 possedisse
1369 2783 1517 2848 hactenus
1547 2805 1585 2850 ac
1609 2785 1768 2866 possidere

114 2889 147 2952 ia
165 2889 322 2969 saturata,
345 2889 375 2950 et
395 2905 539 2950 annuam
562 2904 686 2949 ceasam
708 2885 824 2949 solvere
840 2886 1008 2966 promittit.
1436 2889 1530 2966 2224,
1551 2885 1626 2953 Dec.
1649 2892 1681 2955 3.

214 3007 289 3061 Han.
307 3008 363 3059 ΙΙΙ
377 3005 447 3075 Περ.
470 3003 528 3058 Vol.
552 3004 582 3068 V,
602 3007 654 3065 64,·
672 3003 735 3057 Lib.
754 3005 810 3070 IX,
831 3008 892 3059 344.

214 3092 366 3161 Maeotia,
385 3090 522 3160 Adiacet.
541 3090 608 3144 Ital.
627 3095 645 3144 t.
667 3089 717 3154 VI,
731 3107 763 3159 p.
783 3094 810 3145 8.

579 3304 744 3376 Littere
771 3304 824 3376 ad
852 3304 1076 3376 dominum
1104 3301 1295 3395 papam¹.

217 3451 257 3516 In
288 3451 419 3516 nomine
453 3450 587 3516 Domini
620 3473 727 3517 amen.
794 3451 867 3537 Ego
902 3451 1085 3518 Benedicta
1123 3451 1302 3530 donicella,
1343 3452 1548 3517 marchissae
1581 3452 1691 3517 Messe
1734 3459 1767 3517 et

112 3556 266 3621 iudicissa
287 3554 496 3636 Kalaritaua,
527 3556 709 3641 persistens
732 3556 765 3619 in
788 3556 885 3642 pleno
909 3561 997 3619 statu
1021 3561 1054 3619 et
1084 3576 1184 3619 sensu
1205 3576 1295 3636 meo,
1324 3577 1389 3619 non
1411 3557 1444 3620 vi
1467 3562 1580 3621 coacta
1603 3577 1664 3620 neo
1689 3555 1764 3619 dolo

111 3660 194 3723 malo
218 3658 359 3738 inducta,
384 3665 434 3723 set
457 3679 531 3722 mea
548 3659 679 3744 propria
703 3664 735 3722 et
753 3659 921 3722 voluntate
946 3667 1136 3742 spontanea,
1159 3658 1252 3721 vobis
1276 3656 1406 3722 domino
1425 3656 1601 3722 Gottifrido
1625 3659 1764 3744 prefecti

113 3761 225 3842 Urbis,
257 3761 380 3825 domini
402 3781 487 3847 pape
512 3760 710 3825 subdiacono
735 3768 768 3825 et
790 3761 981 3847 capellano,
1014 3761 1114 3824 totius
1138 3759 1287 3824 Sardinia
1313 3766 1346 3825 et
1370 3759 1502 3824 Corsiae
1526 3760 1652 3846 legato,
1680 3761 1763 3825 reci-

15 3873 24 3906 '·
114 3866 214 3950 pleuti
241 3865 373 3929 nomine
396 3863 544 3927 Romane
574 3864 713 3928 ecclesie
743 3864 783 3928 ab
812 3863 873 3928 hoo
903 3864 984 3927 hora
1013 3864 1047 3927 in
1076 3869 1173 3928 antea
1203 3864 1319 3948 viginti
1347 3864 1448 3928 libras
1480 3864 1609 3949 argenti
1631 3865 1762 3929 nomine

112 3989 226 4032 census
249 3988 307 4053 pro
330 3988 432 4052 regno
455 3988 529 4031 meo
552 3957 747 4030 Kalaritano
771 3968 840 4031 sive
864 3966 1009 4031 iudicatu
1031 3988 1069 4031 ao
1092 3973 1162 4030 tota
1183 3973 1271 4031 terra
1293 3988 1390 4052 quam
1412 3967 1517 4032 habeo
1541 3968 1575 4030 in
1599 3967 1761 4048 Sardinia,

111 4091 170 4156 que
194 4072 304 4135 omnia
326 4091 378 4134 ms
402 4069 559 4134 confiteor
582 4069 623 4134 ab
648 4071 721 4156 ipsa
742 4070 883 4133 ecclesia
904 4069 1093 4156 possedisse
1122 4069 1279 4134 hactenus
1302 4077 1335 4134 et
1358 4069 1528 4157 possidere
1552 4070 1762 4152 infuturum,

111 4174 142 4238 in
164 4173 249 4239 sesto
273 4173 418 4238 omnium
442 4174 650 4237 sanctorum²
680 4173 835 4259 promitto
860 4173 987 4237 solvere
1011 4174 1186 4237 annuatim.
1231 4173 1317 4237 Item
1339 4173 1512 4258 promitto,
1544 4172 1630 4259 quod
1652 4174 1763 4238 nullus

110 4278 148 4344 de
171 4299 256 4344 novo
281 4277 442 4343 efficietur
469 4277 569 4344 iudex
591 4279 644 4342 vel
673 4277 830 4342 iudicissa
857 4278 986 4363 inipso
1010 4298 1112 4362 regno
1142 4277 1211 4340 sivo
1235 4275 1393 4353 iudicatu,
1425 4273 1503 4359 quin
1527 4275 1635 4340 iurent
1657 4275 1763 4341 fideli-

111 4389 212 4448 tatem
244 4382 309 4467 ipsi
337 4381 478 4445 ecclesie
513 4387 546 4445 et
581 4380 703 4445 facient
736 4401 850 4444 omnes
886 4380 1009 4445 liberos
1038 4387 1125 4444 terre
1155 4379 1224 4444 sive
1257 4386 1345 4443 terre
1376 4397 1574 4462 magnenses
1603 4378 1762 4444 habentes

110 4485 240 4550 seudum
264 4485 305 4548 ab
329 4485 377 4548 eis
401 4484 435 4547 in
456 4483 616 4570 principio
640 4505 698 4548 sue
722 4483 893 4568 dignitatis
925 4483 1032 4547 iurare
1056 4482 1247 4547 fidelitatem
1271 4481 1411 4546 ecclesie
1434 4487 1625 4546 memorate.
1677 4481 1763 4547 Item

110 4587 207 4654 iudex
235 4593 270 4652 et
295 4586 451 4651 iudicissa
478 4586 700 4672 procurabunt
727 4587 874 4671 legatum
904 4586 992 4652 sedis
1021 4586 1200 4672 apostolice
1231 4584 1315 4648 siout
1341 4583 1609 4671 archiepiscopus
1632 4583 1763 4649 Kalari-

110 4697 219 4772 tanus,
251 4696 284 4755 et
310 4711 384 4754 cum
412 4689 517 4776 primo
547 4691 654 4776 ipsum
684 4691 860 4777 recipient,
890 4690 989 4754 iudex
1020 4688 1231 4753 Kalaritanus
1260 4685 1469 4751 addextrabit
1502 4708 1579 4752 eum
1607 4685 1765 4772 pedester

111 4813 166 4878 per
187 4793 350 4860 decimam
377 4799 505 4878 partem
532 4793 667 4876 miliario
690 4794 798 4858 unius.
844 4792 928 4859 Item
950 4793 1051 4857 iudex
1073 4799 1107 4856 et
1130 4790 1287 4855 iudicissa
1308 4789 1502 4854 Kalaritaua
1532 4792 1641 4854 omnia
1665 4791 1761 4877 spiri-

111 4898 211 4962 tualia
232 4897 399 4961 dimittent
420 4895 525 4960 libere
549 4896 613 4981 ipsi
636 4897 795 4978 ecclesie,
827 4917 892 4961 non
921 4895 1127 4961 obstantibus
1157 4892 1395 4959 consuetudine
1426 4893 1535 4978 aliqua
1565 4893 1619 4959 vel
1649 4892 1764 4958 abusu.

110 4998 191 5065 Item
215 4999 317 5064 index
337 4998 550 5064 Kalaritanus
572 5020 638 5064 non
660 5001 797 5086 recipiet
818 5021 956 5065 uxorem
977 5021 1039 5064 neo
1063 4998 1221 5063 iudicissa
1244 4997 1397 5061 maritum
1420 4995 1491 5060 sine
1515 4995 1650 5081 speciali
1674 4997 1761 5060 eius-

111 5101 181 5168 dem
211 5103 353 5168 ecolesie
382 5103 517 5168 licentia
545 5111 579 5168 et
610 5103 773 5168 mandato.
818 5104 903 5168 Item
935 5104 963 5168 si
993 5103 1092 5168 iudex
1116 5104 1169 5167 vel
1199 5101 1354 5166 iudicissa
1375 5097 1569 5164 Kalaritaua
1602 5097 1764 5163 decedent

112 5207 178 5270 sine
206 5205 283 5270 filiis
313 5204 466 5269 masculis
496 5206 549 5270 vel
577 5206 760 5288 femininis,
794 5212 896 5271 totam
923 5213 1043 5271 terram
1075 5212 1108 5270 et
1135 5206 1285 5270 absolute
1312 5203 1375 5290 ipsi
1407 5201 1548 5266 ecclesie
1578 5201 1763 5286 relinquere

113 5315 291 5388 teneamur,
315 5309 407 5372 salvo
424 5314 534 5373 tamen
551 5307 638 5394 quod
654 5310 784 5374 tertiam
801 5316 929 5395 partem
945 5308 1113 5373 mobilium
1128 5330 1187 5394 pro
1202 5307 1311 5371 anima
1332 5326 1391 5370 sua
1406 5305 1510 5370 libore
1527 5302 1764 5389 derelinquant.

16 5585 46 5628 ⁴⁰
210 5605 235 5674 1)
254 5602 469 5658 damnaveras
487 5603 597 5658 aeaeae
614 5601 816 5674 septimiam,
838 5617 898 5656 cum
915 5601 967 5655 aaa
983 5617 1039 5655 noa
1056 5600 1112 5655 aa
1130 5599 1237 5653 reama
1255 5597 1292 5652 aa
1305 5614 1419 5668 papam.
1489 5595 1517 5664 a)
1536 5595 1608 5652 aaa.
1628 5600 1651 5651 1.

1505 5697 1559 5754 24*
