4590 6366
125 5565 150 5605 ³⁵

509 433 537 476 θ
764 366 965 422 EPISTOLAE
983 367 1172 422 suadentia.
1209 369 1284 424 1235.
1789 377 1848 438 dll

196 559 283 602 mare
309 539 463 605 studeant.
488 579 529 587 —
551 541 713 620 Epistolae
742 539 852 605 addita
882 542 928 602 est
954 539 1063 604 aeduis
1090 540 1127 603 de
1154 542 1356 605 matrimonio
1385 543 1469 606 inter
1492 543 1699 630 [Alfonsarn]
1717 545 1854 628 fratrem

197 643 279 724 repis
301 647 329 706 et
351 642 565 728 [Iohannem]
584 645 688 724 filiam
709 645 828 708 comitis
853 642 1002 706 Tolosam·
1023 643 1214 707 celebrando.
1471 649 1572 728 1235,
1594 649 1688 714 Febr.
1714 653 1764 712 13.

302 762 383 830 Grae.
404 763 452 816 IX
468 764 537 835 Ray.
561 762 860 830 Vot.1V,256;Ltt.
886 763 971 830 VIII,
989 766 1042 816 446
1059 769 1086 816 et
1104 767 1164 816 447.

1011 952 1037 1016 Ι.

340 1081 553 1172 Magistro
580 1079 621 1152 P.
650 1081 701 1152 de
729 1077 1017 1166 Collemedio,
1045 1057 1274 1171 preposito
1302 1081 1452 1152 Sancti
1477 1081 1710 1156 Andomari

551 1199 817 1272 Morinensis
844 1199 1047 1287 diocesis,
1076 1199 1309 1290 capellano
1336 1207 1499 1275 nostra.

305 1347 481 1412 Deuotioni
505 1356 560 1413 tue
577 1349 780 1435 presentium
795 1349 989 1412 auctoritate
1006 1348 1207 1427 mandamus,
1232 1351 1384 1434 quatinus
1409 1352 1437 1414 si
1460 1352 1649 1416 carissimus
1672 1353 1705 1415 in
1721 1352 1851 1418 Christo

198 1453 284 1516 filius
313 1459 425 1516 noster
450 1453 640 1518 ..illustris
670 1474 731 1516 rex
753 1452 892 1516 Francis
923 1451 1032 1515 induci
1059 1453 1245 1536 nequiverit
1272 1452 1312 1516 ad
1340 1461 1461 1518 terram
1484 1455 1687 1520 Venusinam
1714 1457 1852 1520 ulterius

196 1555 417 1636 retinendam,
447 1562 483 1619 tu
507 1555 548 1618 ab
573 1577 611 1619 eo
641 1556 771 1618 nomine
794 1562 907 1618 nostro
931 1555 1020 1618 illius
1043 1555 1299 1638 resignationem
1323 1558 1501 1642 recipiens,
1532 1560 1690 1642 requisito
1715 1559 1851 1622 consilio

197 1659 397 1744 prelatorum
420 1666 507 1722 terre
530 1657 676 1744 predicte
701 1659 793 1722 iuxta
812 1657 1018 1744 prudentiam
1041 1658 1100 1721 tibi
1124 1657 1233 1720 datam
1257 1658 1433 1722 aDomino
1457 1659 1497 1724 de
1521 1661 1603 1746 ipsa,
1627 1661 1711 1724 sicut
1733 1662 1851 1725 melius

196 1761 318 1826 videris
343 1761 514 1848 expedire,
546 1761 717 1847 disponas,
752 1759 984 1824 committendo
1009 1781 1080 1822 earn
1104 1761 1160 1837 uni
1184 1762 1238 1823 vel
1262 1762 1411 1846 pluribus
1435 1764 1585 1847 personis
1608 1763 1753 1839 idoneis,
1788 1783 1850 1847 que

196 1865 238 1928 ad
271 1864 427 1928 honorem
464 1866 604 1929 ecclesie
632 1873 665 1928 et
700 1864 888 1928 mandatum
918 1872 952 1928 et
980 1863 1182 1926 voluntatem
1215 1872 1359 1928 nostram
1394 1867 1498 1951 ipsam
1532 1866 1674 1931 fideliter
1708 1866 1851 1930 debeant

197 1969 327 2032 nomine
351 1967 498 2032 Romane
523 1968 662 2032 ecclesie
686 1967 867 2040 custodire;
896 1966 938 2029 ad
968 1967 1214 2050 inquisitionem
1243 1968 1488 2049 nichilominus,
1519 1969 1678 2055 quamde
1706 1970 1763 2033 illa
1792 1991 1851 2054 per

197 2079 229 2135 te
253 2071 286 2134 in
308 2071 382 2134 aliis
406 2072 524 2136 litteris
541 2071 767 2135 mandavimus
791 2072 862 2135 fieri
873 2072 894 2150 ¹,
919 2071 989 2134 sine
1013 2091 1103 2134 more
1120 2069 1292 2156 dispendio
1316 2093 1539 2156 processurus.
1584 2072 1636 2136 Ad
1659 2073 1720 2137 hec
1743 2074 1851 2158 ipsum

198 2195 309 2257 regem
334 2183 368 2238 et
390 2175 597 2238 karissimam
620 2174 653 2236 in
677 2173 808 2237 Christo
831 2173 932 2236 filiam
955 2180 1100 2237 nostram
1123 2174 1270 2258 reginam
1293 2174 1506 2254 Francorum,
1530 2177 1691 2240 illustrem
1713 2184 1850 2240 matrem

199 2296 305 2357 suam,
335 2298 469 2342 moneas
493 2283 526 2341 et
555 2275 705 2356 inducas,
733 2284 770 2340 ut
797 2275 838 2340 ad
867 2297 983 2361 pacem
1013 2277 1099 2340 inter
1124 2276 1252 2341 nobiles
1275 2278 1362 2342 viros
1386 2327 1418 2343 ..
1442 2278 1614 2343 Provincie
1638 2287 1672 2343 et
1694 2329 1728 2344 ..
1752 2278 1850 2342 Tolo-

197 2401 311 2444 sanum
348 2381 485 2444 comites
520 2378 702 2443 laciendam
740 2379 932 2466 impendant
967 2400 1100 2464 operam
1140 2379 1339 2459 efficacem,
1381 2382 1555 2467 presertim
1590 2404 1662 2446 oum
1696 2403 1756 2468 per
1789 2381 1851 2445 hoe

197 2482 349 2546 credatur
371 2483 539 2566 negotium
562 2484 652 2569 pacis
678 2490 711 2546 et
733 2482 810 2546 fidei
839 2483 962 2545 firmius
987 2481 1203 2549 solidandum.
1249 2483 1335 2548 Sane
1360 2485 1487 2548 litteras
1509 2487 1578 2569 regi
1604 2485 1767 2550 directas³
1791 2485 1850 2548 tibi

198 2586 258 2649 sub
288 2586 377 2650 bulla
406 2593 517 2650 nostra
546 2587 730 2667 mittentes,
764 2593 841 2650 tunc
873 2585 1003 2649 demum
1038 2585 1145 2650 eidem
1181 2589 1346 2672 assignes,
1381 2610 1452 2652 aum
1487 2588 1578 2652 nullo
1610 2588 1705 2652 modo
1740 2588 1851 2652 induci

198 2690 342 2774 potuerit
365 2689 406 2753 ad
430 2688 603 2753 tenendam
627 2688 807 2753 custodiam
832 2689 919 2753 dicte
942 2696 1040 2754 terre.

306 2809 380 2874 Dat.
403 2810 542 2890 Perusii,
567 2810 650 2875 Idib.
674 2811 769 2875 Febr.
794 2811 1002 2898 pontificatus
1025 2811 1129 2874 nostri
1153 2831 1237 2882 anno
1262 2818 1385 2878 octavo.

1002 3013 1046 3083 Π.

649 3141 934 3234 Rescriptum
962 3141 1120 3214 eedule
1147 3141 1401 3215 intercluse.

308 3291 390 3355 Cum
414 3294 500 3356 inter
522 3341 529 3354 .
548 3341 555 3355 .
572 3312 763 3378 germanum
787 3291 947 3354 carissimi
970 3290 1002 3353 in
1028 3290 1158 3354 Christo
1181 3290 1241 3352 filii
1266 3291 1371 3353 nostri
1394 3291 1579 3358 ..illustris
1602 3294 1691 3378 regis
1713 3293 1851 3358 Francis

200 3403 233 3460 et
256 3395 354 3458 filiam
387 3397 515 3460 comitis
539 3396 717 3460 Tholosani
745 3396 810 3458 iam
842 3394 1010 3480 sponsalia
1039 3394 1103 3457 sint
1132 3400 1314 3470 contracta,
1349 3393 1489 3458 eundem
1515 3415 1643 3479 regem,
1672 3403 1709 3459 ut
1738 3396 1850 3459 matri-

199 3499 344 3562 monium
366 3500 452 3563 inter
475 3520 532 3564 eos
556 3500 714 3565 celebrari
737 3504 901 3585 procuret,
924 3498 1082 3562 attentius
1106 3518 1240 3562 moneas
1264 3505 1297 3561 et
1319 3497 1463 3562 inducas.

984 4068 1071 4142 625.

308 4185 498 4297 (atropatus
513 4211 568 4276 IX
584 4231 673 4292 papa
696 4208 916 4294 [Ladaroieam
938 4207 1011 4293 IX]
1032 4227 1133 4291 repam
1154 4206 1316 4271 Franar'ae
1337 4209 1434 4288 rapat,
1457 4208 1628 4269 ulterram
1650 4203 1851 4282 Venusinam,

201 4338 295 4400 quam
317 4317 472 4397 lineasque
490 4336 549 4396 pro
570 4315 696 4379 eeclesia
717 4312 932 4389 custodiverit,
960 4311 997 4375 de
1019 4316 1117 4376 cetero
1137 4309 1235 4374 eidem
1257 4315 1425 4387 conservat,
1455 4308 1549 4373 darec
1570 4309 1608 4373 de
1635 4309 1705 4372 iare
1726 4308 1852 4389 imperii

199 4425 228 4485 et
249 4422 385 4485 aliorum
413 4419 475 4484 siti
504 4419 690 4496 eonstiterit;
722 4417 879 4480 numiano
907 4416 1091 4498 capistrum
1120 4413 1285 4498 P[ctram]
1311 4413 1348 4477 de
1379 4411 1562 4478 Oollcmedia
1588 4411 1625 4476 de
1653 4411 1711 4477 hac
1740 4431 1774 4476 re
1801 4411 1852 4474 in-

200 4525 396 4605 quisitionem
415 4520 580 4607 saetarum
602 4539 674 4587 esse.
1479 4517 1572 4596 1235,
1593 4516 1688 4583 Febr.
1712 4520 1763 4580 14.

305 4641 387 4710 (ἔτερ.
407 4641 455 4695 IX
471 4641 541 4708 Rea.
563 4639 622 4694 Vol.
639 4638 694 4706 IV,
710 4641 780 4698 256,·
800 4637 863 4691 Lib.
884 4637 972 4703 VIII,
990 4641 1050 4690 444.

735 4890 744 4906 .
774 4890 782 4906 .
810 4834 976 4908 illustri
1004 4833 1096 4924 regi
1123 4831 1326 4906 Francia
1365 4799 1370 4806 ³

309 4983 504 5048 Serenitatis
527 4990 583 5047 tue
606 4984 733 5047 litteras
757 5005 856 5068 super
877 4990 965 5047 terra
982 4982 1186 5063 Venusina4,
1210 5004 1270 5068 per
1292 4980 1448 5046 dilectum
1470 4979 1572 5042 filium
1595 4978 1787 5063 magistrum
1809 4977 1851 5041 D.

201 5088 297 5154 nobis
320 5087 546 5168 transmissas,
570 5107 634 5171 qua
656 5087 766 5152 decuit
789 5086 963 5152 affectione
987 5086 1172 5171 recepimus
1197 5093 1231 5150 et
1252 5085 1349 5171 plena
1373 5081 1594 5146 intelleximus
1618 5081 1851 5146 continentiam

203 5190 390 5258 earundem.
437 5190 523 5254 Sane
556 5212 654 5277 super
683 5212 722 5255 eo
753 5190 838 5274 quod
869 5190 1110 5254 terramillam
1144 5209 1164 5252 a
1198 5188 1318 5252 dilecto
1353 5187 1419 5250 lilio
1451 5191 1563 5248 nostro
1592 5183 1650 5249 R!
1676 5183 1851 5248 Portuensi

203 5301 325 5380 electo,
356 5306 431 5362 tuno
462 5296 642 5382 apostoliae
665 5295 754 5360 sedis
777 5295 904 5378 legato,
934 5295 1068 5359 nomine
1093 5300 1149 5357 tuo
1173 5295 1363 5358 senescalco
1385 5287 1582 5355 Belliaadri⁰
1606 5285 1852 5352 custodiendam

308 5557 333 5624 1)
355 5555 397 5623 Os.
414 5573 443 5608 n.
463 5559 524 5609 625.
576 5556 603 5620 2)
623 5553 765 5621 Apebatar
783 5552 816 5605 de
834 5552 946 5606 ciritae
964 5548 1144 5604 Massiliensi.
1196 5548 1222 5614 3)
1240 5564 1266 5602 n.
1287 5551 1342 5601 625
1360 5549 1384 5600 et
1403 5549 1464 5600 626.
1511 5546 1539 5614 4)
1560 5546 1603 5612 Cf.
1621 5561 1648 5598 n.
1669 5547 1725 5598 576
1742 5549 1768 5597 et
1787 5547 1850 5597 577.

203 5647 231 5720 5)
250 5645 381 5716 Romane,
404 5649 488 5702 antea
505 5641 602 5696 Sancti
620 5641 719 5710 Anpeli
737 5639 853 5696 diacono
872 5637 1018 5692 cardinali.
1089 5638 1116 5704 6)
1137 5635 1170 5688 de
1188 5634 1351 5698 Beroeam,
1370 5633 1521 5702 Pereyrino
1538 5633 1655 5686 nomine.
